4006 6348
267 358 355 415 50]
988 350 1466 410 FRAGMENTUM
1507 347 1870 408 EPISTOLAE
1909 347 1968 405 S.
2015 344 2290 410 CYRILLI
2328 352 2821 413 ALEXANDRINI.

3428 360 3537 419 602

270 469 377 544 aliis
402 466 519 544 ejus
547 466 914 544 ad_Romanos
941 465 1229 544 pontiﬁces
1259 464 1774 544 litteris_leguntu_r._
1813 463 1921 518 Has
1965 479 2096 521 vero
2142 482 2335 544 omnes
2387 468 2646 525 formulas
2690 471 2757 544 ab
2807 483 2872 525 eo
2916 470 3005 539 qui
3039 470 3143 529 hoc
3175 472 3535 544 fragmentum

270 536 503 610 epistola:
524 540 589 594 ad
616 540 803 613 Patres
816 536 1044 613 concilii
1076 536 1513 613 Carthaginensis
1543 537 1739 603 adjecit
1762 536 2069 613 imtnu‘tat‘as
2093 540 2314 595 credere
2341 552 2573 611 Oportet.
2606 542 2710 596 Sed
2746 544 2858 598 hzrc
2882 536 2991 611 ipsa
3018 536 3360 613 interpolatio
3381 548 3537 605 nobis

267 608 527 684 persuasit
560 627 629 666 ne
656 610 757 665 hoc
809 610 1166 676 fragmentum
1214 610 1462 684 absolute
1506 612 1869 684 insereremus
1927 608 2049 684 huic
2094 613 2277 679 operi,
2322 608 2391 667 in'
2417 630 2523 682 quo
2566 615 2711 669 solas
2749 608 3004 683 epistolas
3040 608 3262 672 omnino
3296 618 3538 675 sinceras

268 681 642 740 describendas
673 684 995 750 putavimus.
1022 684 1155 758 Cum
1180 697 1308 734 vero
1332 681 1674 758 interpolatio
1704 681 1878 758 inesse
1909 681 2241 758 videaturin
2294 681 2444 739 solis
2468 686 2713 758 vocibus.
2762 681 2820 741 re
2853 697 3031 742 autem
3066 691 3177 758 ipsa
3223 697 3391 744 totum
3437 692 3537 749 hoc

269 758 619 825 fragmentum
644 762 911 831 cohaereat
939 770 1060 831 cum
1095 753 1493 831 characteribus
1520 750 1798 831 Paschalis
1823 766 1913 831 an.
1943 753 2069 831 444,
2098 755 2184 823 qui
2214 756 2262 807 in
2292 758 2453 831 certis
2486 757 2791 831 Pascliasini
2814 760 3004 813 litteris
3032 750 3536 831 deprehenduntur,

266 824 490 883 necnon
519 844 641 882 cum
675 828 840 897 ipsius
860 826 1047 896 Cyrilli
1074 825 1383 897 sententiis,
1433 840 1565 897 quae
1612 825 1665 897 in
1693 824 1813 897 aliis
1852 825 2092 891 ejusdem
2133 827 2408 894 opusculis
2439 829 2781 897 paschalibus
2821 832 3206 897 continentur;
3251 833 3379 887 illud
3423 824 3535 891 non

264 900 475 954 omnino
504 894 886 964 omittendum,
910 894 1012 952 sed
1035 897 1157 951 huic
1194 896 1399 950 monito
1430 894 1851 966 subjiciendum,
1883 903 1940 951 et
1965 896 2165 966 aliquot
2192 898 2358 953 etiam
2395 894 2762 958 natationibus
2783 900 3157 959 illustrandum
3184 894 3534 963 credidimus.

707 1036 867 1107 θοι
909 1033 1385 1091 FRAGMENTUM

343 1127 597 1198 Epistolis
621 1128 683 1185 S.
706 1130 924 1183 CratLLt
956 1128 1293 1183 Alexandrini
1317 1127 1385 1180 ad
1410 1126 1472 1182 S.
1507 1126 1747 1183 Lsousu.

312 1264 327 1276 ο
374 1267 388 1278 ο
436 1261 451 1275 0
496 1263 511 1277 0
556 1262 569 1278 0
616 1264 631 1276 ι
679 1265 691 1277 ο
738 1261 756 1278 ο
798 1261 814 1277 0
858 1264 873 1277 ο
921 1263 934 1277 0
980 1263 993 1277 0
1042 1274 1049 1277 ,
1102 1262 1115 1277 0
1159 1264 1177 1280 ο
1220 1262 1235 1275 0
1283 1261 1297 1276 0
1342 1260 1357 1276 0
1404 1261 1418 1277 0
1462 1262 1474 1275 0
1521 1259 1535 1275 0
1580 1261 1594 1275 0
1641 1261 1654 1275 ο
1702 1261 1715 1274 ο
1761 1261 1774 1275 0
1818 1260 1833 1276 ο

318 1409 491 1465 Simul
525 1407 732 1465 Pascha
774 1409 1110 1466 celebremus
1141 1421 1163 1445 υ
1196 1408 1301 1464 kal.
1335 1424 1409 1463 ιχ.
1464 1407 1586 1463 Maii
1620 1418 1838 1479 propter

316 1601 342 1628 ι
370 1591 636 1656 Loquitur
663 1590 730 1643 de
758 1589 1021 1644 Paschate
1048 1604 1138 1643 an.
1170 1587 1299 1651 444,
1327 1586 1477 1655 juxta
1507 1585 1720 1657 cyclum
1748 1586 1843 1641 de-

256 1666 727 1717 cemnovennalctn
762 1662 1270 1723 Alexandrinorum,
1308 1661 1357 1712 in
1391 1675 1499 1727 quo
1535 1659 1620 1711 hic
1666 1673 1839 1713 annus

255 1736 506 1803 ogdoatlis
536 1747 758 1788 oetnvns
791 1742 908 1785 erat
943 1731 1355 1793 emhnltSmalis,
1405 1744 1457 1783 ut
1502 1746 1567 1803 ex
1609 1729 1841 1803 Pasrha-

255 1801 345 1860 sini
372 1807 607 1867 epistola
636 1804 875 1873 liquebit.
932 1803 993 1856 Et
1019 1814 1229 1874 prapter
1272 1806 1407 1855 hanc
1434 1802 1658 1874 quidem_
1678 1801 1841 1855 ratio-

254 1895 357 1931 nem
382 1878 668 1931 embolismi
694 1870 814 1929 enni
838 1870 1184 1929 Alexandrini
1209 1870 1604 1929 contendebant
1627 1870 1836 1927 Pascha

254 1949 345 2004 hoc
373 1966 523 2003 anno
550 1948 932 2003 celebrandum
962 1962 1016 2000 tx
1047 1944 1154 2002 kal.
1201 1945 1348 2011 Maii,
1402 1960 1507 1999 non
1540 1959 1672 1998 vero
1712 1958 1835 1998 cum

252 2020 448 2076 Latinis
477 2036 550 2074 vtt
574 2019 684 2075 kal.
711 2019 931 2086 Aprilis,
964 2034 1025 2070 ac
1054 2019 1098 2071 si
1137 2032 1309 2070 annus
1340 2026 1483 2070 esset
1516 2031 1619 2068 non
1652 2016 1838 2069 embo-

253 2092 487 2152 lismatis.
518 2092 613 2144 Sed
646 2094 966 2143 communis.
991 2088 1047 2143 ln
1082 2094 1182 2143 hoc
1226 2088 1435 2143 scilicet
1466 2097 1597 2148 tota,
1630 2088 1710 2141 vel
1746 2102 1840 2156 po-

254 2164 345 2217 tior
372 2163 710 2217 discriminis
740 2163 878 2216 ratio
909 2163 1009 2215 sita
1042 2169 1159 2215 erat
1192 2162 1331 2214 inter
1361 2158 1756 2213 Alexandrinos
1785 2168 1840 2214 et

252 2234 518 2289 Romanos
548 2239 689 2289 circa
722 2232 923 2287 Pascha
959 2231 1117 2300 hujus
1147 2233 1272 2286 anni
1304 2228 1431 2284 ιιι.
1466 2230 1619 2297 Quod
1650 2240 1705 2283 ut
1727 2231 1837 2285 cui-

254 2309 324 2358 vis
363 2306 587 2374 planum
629 2306 739 2367 fiat,
785 2305 1063 2359 sciendum
1105 2310 1191 2357 est
1235 2304 1451 2374 Innart-_s
1489 2317 1658 2355 annos
1703 2302 1837 2374 alios

251 2372 377 2431 esse
392 2391 735 2440 communes,
780 2378 915 2430 alios
946 2375 1362 2429 emholismales.
1402 2372 1730 2430 Communes
1758 2373 1838 2427 di-

250 2463 472 2515 cuntur,
516 2450 605 2517 qui
648 2456 902 2503 constant
942 2462 1006 2501 ex
1052 2445 1329 2500 mensibus
1365 2445 1643 2517 lunaribus
1682 2444 1839 2517 lﬁAet

251 2520 436 2574 diehus
462 2514 589 2576 55L
620 2519 864 2575 Lunares
911 2520 1055 2572 enim
1090 2533 1303 2572 menses
1344 2532 1483 2569 nunc
1523 2514 1714 2570 diebus
1742 2514 1836 2585 29,

252 2607 385 2645 nunc
434 2592 626 2647 diebus
658 2592 748 2654 50,
791 2590 1097 2643 alternatim
1146 2596 1549 2658 computantur.
1601 2587 1841 2658 Emboli—

252 2665 447 2717 smales
474 2679 603 2717 vero
634 2662 758 2715 anni
788 2660 1131 2730 appellantur
1158 2660 1215 2721 ii,
1256 2657 1449 2729 Quibus
1490 2669 1609 2729 post
1638 2657 1841 2711 duode-

251 2734 343 2787 cim
380 2748 600 2787 menses
628 2734 843 2787 lunares
874 2732 1088 2785 additur
1120 2732 1256 2785 alios
1290 2730 1489 2783 mensis
1527 2732 1653 2783 item
1689 2730 1840 2783 Inna-

251 2805 317 2858 ris
341 2803 557 2859 dierum
591 2805 664 2857 29
690 2805 825 2868 (sive
866 2804 912 2857 is
953 2808 1154 2857 tnens's
1182 2802 1425 2857 decimus
1458 2802 1650 2855 tertius
1676 2815 1839 2857 voce-

253 2885 352 2939 tur,
379 2879 497 2929 sive
524 2877 659 2930 alter
682 2874 1080 2942 duodecitnus),
1113 2875 1182 2928 ita
1210 2886 1265 2927 ut
1290 2888 1464 2927 annus
1492 2874 1842 2926 etnnnlisma-

252 2946 309 2999 lis
363 2957 583 3001 constet
624 2963 689 3001 ex
748 2946 938 3000 diebus
990 2948 1119 3000 585.
1167 2946 1260 3000 llic
1302 2946 1651 2998 embolismus
1698 2958 1841 2999 anno

252 3020 423 3071 lunari
472 3018 766 3072 identidem
801 3018 1078 3082 inseritur,
1112 3026 1168 3070 ut
1208 3018 1434 3070 aliorum
1466 3030 1729 3069 annorum
1762 3016 1843 3069 lu-

254 3092 464 3143 narium
498 3089 740 3144 delectus
770 3090 833 3142 ad
878 3088 1075 3142 solaris
1101 3089 1227 3142 anni
1260 3091 1523 3142 rationem
1557 3087 1659 3140 hoc
1699 3086 1843 3140 addi-

253 3171 492 3215 tamento
524 3162 858 3230 suppleatur,
903 3170 956 3213 et
998 3157 1066 3213 ita
1103 3161 1315 3214 lunares
1344 3160 1468 3212 anni
1497 3174 1616 3230 cum
1650 3157 1842 3230 solari-

254 3234 343 3287 hus
372 3233 557 3303 aliqua
597 3228 804 3286 ratione
851 3238 1202 3301 comquentur
1237 3250 1248 3282 :
1282 3230 1422 3301 quod
1455 3229 1521 3283 ad
1566 3228 1843 3303 invenien-

254 3303 368 3357 dam
408 3301 720 3373 paschalem
751 3304 928 3358 lunam
963 3304 1122 3371 primi
1171 3304 1392 3365 mensis,
1428 3316 1546 3371 qua:
1577 3303 1644 3353 ab
1671 3301 1840 3369 tequi-

253 3375 435 3429 noctio
461 3376 594 3429 solis
637 3374 921 3441 plurimum
956 3375 1170 3442 pendet,
1205 3375 1569 3427 necessarium
1597 3379 1697 3425 cst.
1735 3374 1842 3426 tlac

254 3455 430 3501 autem
458 3448 528 3501 de
558 3461 719 3500 causa
752 3456 859 3499 tam
887 3444 1026 3511 apud
1064 3444 1477 3505 Alexandrinos,
1510 3458 1669 3511 quam
1702 3444 1841 3511 apud

255 3516 529 3571 Romanos
575 3517 974 3571 enthnlismales
1022 3518 1145 3570 anni
1194 3516 1399 3579 recepti
1447 3514 1690 3577 fuerunt;
1745 3514 1841 3569 sed

254 3590 511 3643 methndo
539 3588 779 3653 diversa,
820 3596 877 3641 ut
916 3587 1161 3641 diversus
1212 3588 1449 3652 ipsorum
1495 3585 1679 3657 cyclus
1705 3584 1845 3640 fere-

257 3661 356 3713 bat.
394 3661 453 3714 In
482 3662 639 3730 cyclo
682 3659 1158 3714 det'einnovennali
1194 3658 1675 3711 Alexandrinorum
1718 3657 1842 3711 anni

257 3734 465 3798 tertius,
496 3743 707 3793 sextus,
753 3742 991 3796 octavus,
1037 3731 1371 3793 undecimus,
1424 3730 1663 3783 decimus
1692 3744 1844 3798 quar-

1868 1036 1924 1098 Α
1947 1037 2209 1093 rationem
2239 1038 2543 1093 embolismi
2581 1039 2731 1094 anni.
2762 1039 2912 1109 Quod
2940 1042 3101 1114 602
3122 1042 3165 1097 si
3193 1043 3398 1101 faciatis
3416 1044 3439 1083 δ
3464 1062 3537 1105 vtt

1948 1128 2057 1185 kal.
2100 1130 2325 1199 Aprilis,
2368 1130 2492 1185 luna
2524 1147 2655 1198 xxtt,
2688 1140 2747 1187 ut
2772 1132 2882 1203 jam
2914 1135 3251 1205 praeparatis,
3287 1151 3535 1195 commu-

1948 1236 2070 1277 nem
2104 1238 2303 1277 annum
2345 1222 2518 1279 facitis
2565 1224 2633 1279 de
2676 1224 3019 1292 embolismo,
3065 1226 3192 1281 dum
3235 1228 3536 1286 observatis

1952 1325 1974 1354 ο
2008 1316 2189 1371 lunam
2239 1316 2511 1372 incensam
2560 1317 2610 1371 in
2639 1332 2697 1371 tn
2742 1333 2912 1373 nonas
2944 1318 3158 1374 Martias
3178 1319 3331 1389 juxta
3375 1336 3537 1393 regu-

1947 1408 2055 1464 lam
2084 1408 2400 1465 Latinorum
2428 1407 2536 1467 kal.
2566 1408 2807 1466 Januarii
2826 1406 2878 1477 δ,
2904 1410 3177 1474 Dominica
3208 1412 3332 1469 luna
3360 1430 3535 1481 xxvn;

1947 1586 2286 1653 septimanae,
2318 1593 2370 1641 et
2396 1592 2608 1642 aetatem
2645 1586 2806 1654 lunae,
2840 1594 2898 1641 ut
2925 1602 3101 1655 palam
3135 1590 3194 1645 lit
3220 1604 3287 1646 ex
3309 1590 3536 1651 Victorii

1944 1658 2120 1727 cyclo,
2168 1673 2266 1712 twc
2311 1673 2416 1711 non
2460 1672 2523 1740 ex
2569 1660 2731 1740 (ένοις.
2764 1660 3243 1740 anonymiFastis
3291 1677 3535 1740 annexo,

1943 1744 2102 1799 quem
2136 1737 2319 1783 noster
2362 1729 2650 1783 cardinalis
2688 1729 2931 1785 Norisius
2961 1731 3151 1796 edidit,
3184 1735 3339 1789 sicuti
3365 1729 3532 1792 etiam

1942 1817 2007 1855 ex
2052 1802 2224 1872 cyclo.
2258 1801 2344 1870 qui
2380 1801 2430 1854 itt
2458 1800 2748 1855 Anecdotis
2774 1801 2972 1855 Latinis
3004 1804 3272 1859 Muratorii
3304 1814 3437 1863 tom.
3466 1806 3534 1863 Ill

1942 1872 2162 1939 legitur.
2182 1872 2256 1926 Ex
2287 1881 2442 1926 aetate
2472 1873 2617 1925 lunae
2648 1873 3110 1929 determinabatur
3138 1876 3418 1931 noemenia
3447 1878 3537 1934 Ja-

1942 1944 2140 2004 nuarii,
2172 1951 2226 1998 et
2245 1956 2639 2013 consequenter
2663 1945 2822 1999 etiam
2852 1943 3024 1998 Martii
3056 1964 3068 1999 :
3094 1955 3211 2001 erat
3237 1948 3379 2003 enim
3404 1964 3538 2005 con-

1941 2023 2091 2091 stans
2122 2015 2434 2091 Latinorum
2462 2014 2639 2091 regula
2660 2032 2690 2091 _:
2729 2014 2912 2091 Qualis
2934 2016 3057 2070 [una
3078 2026 3154 2071 est
3176 2017 3535 2091 inAJanuario,

1943 2086 2060 2140 talis
2088 2102 2285 2156 quoque
2316 2094 2387 2139 est
2416 2088 2471 2139 t'u
2510 2085 2722 2156 Martio.
2755 2088 2830 2140 Ex
2858 2086 2987 2141 feria
3019 2098 3195 2144 autem
3228 2088 3390 2148 facile
3418 2085 3539 2148 erat

1941 2155 2563 2232 colligerepominicatn
2589 2155 3034 2232 Pgasrltatistlloc
3047 2175 3218 2232 porro
3243 2176 3384 2217 anno
3406 2164 3536 2232 ιιι,

1941 2227 1995 2283 in
2026 2232 2175 2300 cycln
2204 2228 2517 2284 Latinorum
2549 2228 2583 2282 k
2603 2230 2657 2282 Il.
2693 2228 2929 2283 Januarii
2961 2229 3091 2286 feria
3112 2233 3398 2288 notabatur
3418 2227 3537 2289 sab;

1943 2300 2134 2367 bulum,
2190 2315 2319 2354 {Bias
2352 2316 2481 2355 vero
2525 2303 2665 2355 Iunre
2717 2316 2881 2366 xxvn,
2921 2310 2979 2356 ut
3022 2304 3268 2371 sequenti
3310 2315 3538 2361 annotao-

1946 2375 2091 2426 tione
2129 2371 2502 2431 ostendemus.
2549 2374 2675 2427 Erat
2718 2387 2846 2441 ergo
2882 2376 3167 2428 neomenia
3206 2374 3443 2431 Januarii
3480 2385 3536 2433 et

1947 2444 2120 2499 Murtii
2152 2445 2239 2498 die
2277 2446 2330 2509 5,
2371 2458 2433 2499 ac
2471 2457 2751 2511 propterea
2779 2445 2895 2498 dies
2932 2444 3211 2501 Dominica
3257 2446 3537 2505 Paschatis

1945 2515 2016 2570 26
2051 2515 2242 2578 Martii,
2282 2517 2406 2569 luna
2438 2531 2570 2569 χιιι.
2619 2515 2750 2569 Nam
2783 2530 2903 2569 cum
2936 2516 3025 2570 ille
3058 2532 3231 2572 annus
3257 2529 3402 2575 esset
3433 2520 3538 2575 bis-

1945 2588 2174 2655 sextilis,
2207 2587 2477 2640 Dominica
2504 2587 2719 2657 quidem
2745 2586 3014 2641 incidebat
3044 2588 3099 2643 iit
3133 2590 3273 2644 diem
3311 2592 3377 2646 19
3404 2592 3539 2646 Mar-

1947 2660 2027 2722 tii,
2060 2657 2181 2713 luna
2209 2674 2298 2712 xv.
2334 2659 2399 2712 At
2433 2674 2553 2711 cum
2588 2658 2791 2713 Pascha
2822 2658 3208 2715 celebrandum
3256 2675 3362 2716 non
3391 2669 3539 2718 esset

1944 2740 2069 2783 ante
2113 2729 2519 2796 a-quinoctium,
2566 2729 2878 2783 Latinorum
2932 2745 3061 2784 vero
3103 2732 3285 2800 regula
3330 2740 3539 2789 vetaret

1945 2802 2210 2855 celeltrari
2243 2813 2367 2854 ante
2400 2802 2581 2854 lunam
2614 2816 2724 2865 xvt,
2754 2800 3112 2856 diﬂ'erendum
3144 2802 3244 2857 fuit
3271 2804 3325 2859 in
3355 2803 3539 2860 Domi-

1946 2872 2120 2943 nicam
2141 2882 2454 2943 sequentem
2485 2874 2557 2927 26
2590 2873 2783 2940 Martii,
2816 2873 2937 2926 luna
2969 2888 3101 2928 xxn.

2018 2942 2043 2980 ἀ
2071 2942 2378 3013 Legendum
2411 2951 2495 2998 est
2520 2944 2750 3001 sabbato.
2778 2960 2883 2997 non
2912 2943 3204 3013 Dominica,
3238 2954 3297 3000 ut
3322 2960 3388 3001 ex
3421 2960 3539 3002 om-

1946 3014 2102 3087 nibus
2127 3017 2296 3087 cyclis
2332 3015 2643 3069 Latinorum
2690 3016 2873 3085 liquet.
2905 3015 3059 3087 llttnc
3091 3018 3295 3086 lapsum
3329 3019 3443 3072 sive
3474 3017 3539 3072 li-

1945 3085 2311 3149 brario,‘sive,
2336 3098 2394 3141 ut
2418 3087 2506 3141 alii
2530 3088 2896 3155 suspicantur,
2924 3086 3128 3158 Cyrillu
3149 3085 3377 3154 tribuas,
3404 3087 3540 3145 nihil

1945 3158 2133 3213 refert.
2165 3159 2332 3214 Porro
2364 3159 2415 3211 in
2443 3158 2595 3229 cyclu
2624 3159 2876 3229 anonymi
2902 3157 3040 3229 apud
3065 3157 3337 3215 Norisium
3358 3160 3423 3214 ad
3447 3175 3538 3214 an.

1945 3231 2082 3301 cycli
2117 3232 2204 3295 65,
2236 3231 2289 3285 in
2321 3228 2693 3296 quem’ineidit
2718 3228 2890 3283 annus
2914 3228 3118 3283 Christi
3145 3229 3269 3296 Mt,
3305 3246 3406 3286 nec
3428 3246 3539 3287 non

1946 3302 1999 3355 in
2033 3311 2248 3373 vetusto
2270 3302 2426 3373 cyclo
2457 3301 2595 3370 apud
2632 3302 3003 3373 Muratorium,
3039 3310 3169 3373 tom.
3202 3302 3266 3357 Ill
3297 3302 3537 3357 Aneedo-

1947 3380 2121 3427 torum
2156 3371 2464 3428 Latinorum
2500 3388 2618 3439 pag.
2652 3372 2759 3425 204
2784 3382 2839 3426 et
2867 3386 3043 3444 seqq.,
3088 3371 3153 3427 ad
3195 3388 3284 3428 an.
3322 3373 3412 3438 62,
3449 3373 3541 3444 qui

1945 3459 2043 3512 per
2065 3448 2300 3499 auctoris
2328 3446 2533 3513 lapsum
2561 3443 2948 3512 correspondet
2984 3458 3126 3498 anno
3149 3444 3239 3509 65,
3262 3454 3324 3500 ut
3354 3443 3541 3502 videre

1945 3525 2027 3569 est
2056 3518 2193 3585 apud
2225 3516 2487 3571 Joannem
2522 3514 2733 3569 Vander
2779 3515 2992 3585 Haagen
3026 3525 3302 3571 auctorem
3333 3514 3539 3573 Obsero

1945 3589 2219 3641 vationum
2261 3589 2313 3642 in
2360 3588 2611 3655 anonymi
2663 3587 2869 3656 cyclum
2917 3602 2945 3638 a
3000 3586 3295 3642 Mttratorio
3331 3588 3538 3644 editum

1946 3673 2066 3727 pag.
2115 3658 2239 3714 278.
2291 3659 2347 3715 In
2390 3661 2471 3712 his
2501 3701 2516 3725 ,
2556 3658 2820 3728 inquam,
2856 3656 3023 3729 cyclis
3073 3668 3288 3713 notatur
3342 3657 3541 3714 Janua-

1945 3732 2011 3784 rii
2058 3729 2165 3785 kal.
2198 3730 2315 3785 Sat.
2361 3731 2413 3785 id
2459 3740 2539 3785 est
2570 3730 2784 3785 Saturni
2819 3730 2937 3784 dies
2976 3744 3071 3784 seu
3104 3730 3419 3795 sabbatum,
3454 3731 3541 3785 vel

255 3811 356 3866 tns,
400 3794 464 3856 et
484 3803 731 3857 decimus
784 3816 955 3855 nonus
978 3794 1152 3855 erant
1198 3801 1630 3865 etnbolistnales;
1663 3794 1844 3855 caueri
1871 3794 1915 3859 C
1950 3801 2082 3855 feria
2114 3802 2165 3856 7.
2200 3802 2347 3856 Lttna
2390 3810 2567 3856 autem
2594 3816 2779 3865 xxvnt,
2820 3816 2926 3855 non
2977 3815 3110 3857 vero
3138 3816 3308 3856 xxvtt.
3341 3794 3451 3858 Sed
3484 3801 3539 3857 hi

255 3884 435 3928 autem
483 3883 642 3927 erant
682 3888 1015 3927 communes.
1064 3873 1137 3927 Ita
1169 3881 1287 3942 post
1316 3872 1452 3925 duos
1494 3886 1665 3925 annos
1695 3886 1848 3925 com-

256 3960 449 3999 munes
494 3943 637 4012 apud
686 3946 831 4013 ipsos
879 3943 1202 4009 sequi-batur
1253 3958 1388 3997 unus
1437 3942 1848 4009 embolisntalis,

256 4019 500 4083 exceptis
548 4023 740 4071 octavo
791 4024 845 4067 et
882 4014 1091 4069 decimo
1138 4029 1302 4076 nono,
1346 4016 1435 4083 qui
1477 4023 1596 4081 post
1633 4016 1849 4069 unicum

256 4102 457 4139 annum
511 4102 854 4141 Communem
907 4086 1350 4153 subjiciebantur.
1406 4088 1458 4137 in
1489 4085 1640 4154 cyclo
1669 4095 1848 4139 autem

255 4158 625 4212 Romanorum
672 4172 937 4241 annorum
996 4156 1065 4210 84
1112 4158 1235 4239 anni
1283 4156 1682 4241 embolismales
1718 4165 1850 4241 ‘pust

256 4232 388 4282 duos
412 4244 730 4283 communes
753 4229 894 4283 nulla
917 4229 1234 4297 exceptione
1261 4228 1683 4281 collocabantur.
1714 4228 1847 4281 Cum

256 4315 419 4367 purro
452 4302 505 4355 in
539 4303 639 4355 hoc
674 4298 1040 4353 Romanorum
1073 4300 1225 4370 cyclo
1271 4314 1442 4351 annus
1483 4298 1849 4370 sexagesimus

256 4375 473 4438 tertius,
521 4373 576 4425 in
625 4386 790 4440 quem
832 4372 1058 4425 cadebat
1088 4368 1259 4424 annus
1288 4372 1525 4439 vulgaris
1568 4383 1691 4440 terte
1720 4368 1846 4435 444,

257 4453 403 4496 esset
443 4458 617 4497 annus
645 4439 979 4507 communis;
1030 4442 1082 4495 in
1120 4444 1274 4512 cyclo
1306 4452 1482 4512 autem
1522 4439 1847 4494 Alexandri-

258 4529 450 4568 nurum
490 4530 662 4568 annus
712 4526 930 4567 octavus
976 4510 1169 4566 eidem'
1194 4528 1335 4565 anno
1368 4510 1474 4565 444
1514 4514 1846 4577 reSpondens

257 4594 403 4639 esset
448 4584 877 4649 embolismalis;
928 4583 1103 4652 palam
1155 4583 1215 4637 lit
1264 4583 1495 4651 primum
1541 4582 1847 4648 paschalem

258 4670 501 4711 mensem
545 4657 683 4725 apud
732 4656 1023 4725 ltomanus,
1054 4653 1431 4709 Alexandrinis
1476 4652 1545 4707 ob
1584 4655 1846 4708 rationem

258 4724 754 4781 embolismiluisse
783 4724 1051 4779 decimum
1076 4728 1316 4787 tertium,
1341 4740 1433 4777 seu
1464 4724 1694 4778 alterum
1717 4725 1849 4779 duo-

258 4796 528 4854 decimum
561 4813 799 4853 mensem
829 4796 959 4851 anni
990 4797 1189 4851 lunaris
1213 4796 1592 4866 prrrcedentis,
1621 4795 1710 4863 qui
1740 4795 1845 4849 Pa-

258 4868 442 4924 schati
471 4886 574 4924 non
605 4876 816 4941 paterat
844 4868 1136 4941 convenire
1166 4877 1263 4941 :_et
1292 4869 1390 4941 hac
1418 4868 1753 4941 potissimum
1778 4868 1848 4941 de

258 4954 426 4994 causa
468 4943 519 4997 in
559 4936 845 4994 statuendo
876 4938 1152 4993 Paschatis
1176 4937 1265 4994 die
1296 4936 1565 5007 ejns’anni
1594 4938 1746 4991 alteri
1780 4939 1846 4993 ab

259 5012 449 5065 alteris
485 5026 671 5065 mense
714 5012 920 5079 integro
945 5009 1298 5063 dissidebant.
1336 5010 1576 5079 Diximus
1607 5023 1736 5061 vero
1764 5018 1845 5061 to-

184 5122 195 5135 .
258 5092 382 5149 tam,
418 5084 491 5135 vel
534 5086 777 5151 potiorem
806 5078 1116 5135 discriminis
1159 5080 1410 5151 rationem
1458 5081 1512 5133 in
1549 5078 1651 5134 hoc
1686 5078 1845 5135 sitam

257 5167 400 5209 esse.
446 5154 563 5209 Alia
604 5154 747 5207 enim
792 5151 997 5206 Latinis
1046 5151 1274 5207 accessit
1324 5150 1632 5212 dtl‘licultas,
1682 5166 1750 5205 ne
1790 5153 1842 5206 in

258 5224 743 5278 Alexandrinorum
776 5224 1098 5278 sententiam
1135 5222 1449 5286 transirent,
1492 5225 1742 5275 nimirum
1771 5225 1842 5276 ob

1954 3874 2267 3927 Latinorum
2308 3874 2441 3946 cycli
2492 3887 2753 3946 annorum
2786 3873 2854 3946 $4
2892 3875 3185 3946 constructi
3217 3871 3435 3928 fuerunt
3472 3886 3541 3928 eo

1955 3952 2197 4013 tempore
2239 3943 2355 4015 qno'
2392 3945 2558 3999 saltus
2609 3943 3105 4015 lunaeduodecimu
3144 3958 3355 4015 quoque
3397 3958 3542 4000 anno

1952 4016 2241 4081 admissus,
2262 4014 2340 4071 ab
2370 4016 2523 4068 initio
2549 4015 2683 4085 cycli
2711 4014 2777 4068 ad
2807 4030 3006 4069 annum
3041 4016 3130 4081 65,
3166 4017 3404 4086 quinque
3423 4016 3534 4069 sal-

1955 4096 2037 4139 tus
2056 4086 2193 4139 lunae
2222 4086 2492 4141 :tllerebat.
2522 4086 2717 4141 Leonis
2738 4096 2914 4141 autem
2948 4096 3189 4152 tempore
3217 4085 3539 4142 emendante

1957 4157 2221 4226 Prospero
2249 4158 2521 4211 inductum
2555 4161 2725 4211 luerat
2768 4167 2826 4210 ut
2859 4158 3001 4212 luna:
3038 4157 3205 4212 saltus
3226 4167 3419 4222 quarto
3445 4157 3541 4214 de-

1952 4230 2093 4281 cimo
2124 4244 2336 4298 quoque
2375 4243 2516 4282 anno
2546 4228 2937 4294 admitteretur,
2987 4239 3041 4281 ut
3072 4228 3316 4295 probavit
3348 4227 3530 4282 lauda-

1952 4306 2037 4352 tus
2073 4298 2280 4354 Vander
2304 4300 2519 4368 Haagen
2542 4314 2663 4369 pag.
2692 4300 2796 4354 ΞΠ
2827 4308 2880 4353 et
2903 4313 3052 4369 seqq.
3088 4299 3538 4355 Observationum

1953 4371 2004 4424 in
2043 4370 2348 4425 Chronicon
2384 4370 2635 4439 Prosperi
2668 4389 2679 4423 :
2716 4370 2856 4424 unde
2895 4381 3129 4437 quatuor
3161 4381 3363 4425 tantum
3396 4370 3539 4426 luna:

1952 4441 2123 4495 saltus
2150 4442 2217 4494 ab
2249 4442 2398 4495 initio
2425 4444 2558 4510 cycli
2589 4442 2654 4496 ad
2685 4456 2882 4495 annum
2916 4442 2986 4496 65
3015 4441 3341 4498 inciderunt.
3372 4442 3542 4508 Quili-

1950 4512 2042 4566 bet
2066 4524 2242 4565 autem
2275 4515 2444 4567 saltus
2468 4513 2612 4566 aetati
2638 4515 2774 4565 lunae
2802 4527 2959 4566 unam
2988 4514 3129 4568 diem
3158 4513 3326 4567 addit.
3359 4513 3543 4583 Itaque

1956 4584 2007 4655 in
2061 4584 2166 4638 illis
2206 4586 2394 4655 cyclts,
2437 4584 2525 4652 qui
2576 4584 2891 4655 astruebant
2928 4587 3161 4655 quinque
3207 4584 3394 4651 saltus,
3436 4599 3542 4641 una

1951 4654 2067 4709 dies
2097 4654 2406 4709 tetatilunze
2428 4654 2716 4709 accedebat
2742 4670 2912 4724 usque
2940 4655 3004 4710 ad
3028 4654 3225 4710 annum
3258 4656 3349 4717 65.
3380 4670 3541 4725 supra

1952 4741 2075 4779 eum
2120 4727 2349 4796 cyclum,
2393 4728 2482 4796 qui
2529 4741 2593 4779 ex
2646 4729 2985 4781 correctione
3027 4726 3277 4796 Prosperi
3313 4736 3544 4796 quatuor

1954 4805 2159 4869 tantum
2184 4797 2361 4869 saltus
2385 4798 2726 4869 recipiebat:
2759 4812 2823 4851 ac
2847 4807 3129 4867 propterea
3158 4799 3209 4851 in
3237 4797 3345 4852 illis
3372 4796 3546 4869 cyclis

1953 4868 2004 4941 in
2036 4868 2143 4922 kal.
2174 4868 2413 4922 Januarii
2442 4870 2564 4941 anni
2589 4867 2659 4922 65
2684 4867 2826 4922 luna!
2858 4878 2988 4923 tetas
3008 4877 3126 4924 erat
3145 4883 3345 4933 xxvnt;
3378 4867 3431 4924 in
3455 4884 3547 4941 cy-

1953 4938 2038 5010 clo
2067 4946 2243 4994 autem
2291 4950 2513 5006 recepto
2542 4939 2741 4994 Leonis
2783 4947 3046 5009 tempore,
3081 4955 3248 4995 xxvn.
3282 4941 3397 5010 ipsa
3427 4938 3547 5010 qui-

1952 5009 2072 5063 dem
2102 5011 2226 5081 luna
2251 5015 2479 5074 incensa,
2512 5026 2607 5065 seu
2633 5012 2914 5065 neomenia
2942 5011 3233 5081 paschalis,
3268 5009 3429 5081 quam
3448 5009 3547 5066 au-

1951 5090 2069 5135 ctor
2099 5080 2202 5136 hoc
2228 5098 2369 5135 anno
2411 5082 2557 5150 ponit
2588 5096 2643 5135 tn
2679 5096 2847 5136 nonas
2877 5082 3118 5147 Martias,
3149 5080 3293 5137 sicut
3318 5083 3370 5138 in
3410 5081 3548 5137 Mar-

1953 5151 2031 5217 tii,
2068 5152 2137 5207 ita
2186 5163 2240 5207 et
2282 5154 2332 5206 itt
2374 5150 2612 5206 Januarii
2654 5152 2902 5208 kalendis
2949 5156 3115 5221 exigit
3142 5163 3353 5209 zetatem
3400 5152 3547 5208 luna:

1952 5238 2118 5281 xxvn.
2172 5224 2266 5278 llic
2314 5238 2445 5278 vero
2476 5224 2770 5278 notandum
2813 5233 2897 5279 est
2936 5227 3145 5279 cardiu.
3192 5224 3463 5279 Norisium
3493 5224 3546 5279 in

259 5295 458 5376 limites
486 5296 771 5376 paschales
793 5295 1057 5376 diversos,
1078 5305 1138 5376 ut
1168 5304 1282 5347 not.
1318 5294 1382 5346 17
1409 5292 1537 5364 (col.
1567 5292 1767 5359 608,n.
1790 5291 1843 5363 ιι)
1903 5336 1919 5362 .
1953 5293 2293 5376 Diagramate
2331 5295 2467 5376 cycli
2510 5296 2834 5376 anni-84,in
2863 5310 2973 5376 quo
2996 5296 3061 5350 ad
3094 5310 3179 5351 an.
3215 5294 3284 5351 65
3313 5294 3423 5350 kal.
3455 5293 3547 5349 Ja-

259 5366 338 5434 ad,
359 5365 670 5419 Paschasini
692 5364 971 5434 epistolam
1004 5366 1231 5420 dicetur.

331 5433 357 5474 δ
393 5436 583 5490 Sermo
608 5445 694 5490 est
721 5433 786 5489 de
812 5435 1073 5489 Paschate
1094 5435 1244 5504 juxta
1272 5434 1583 5489 Latinorum
1604 5434 1840 5505 cyclum,

260 5506 312 5560 in
343 5522 473 5576 quo,
506 5517 563 5561 ut
601 5506 854 5572 diximus,
889 5505 976 5559 hic
1022 5522 1195 5561 annus
1234 5513 1351 5560 erat
1391 5508 1730 5570 communis;
1780 5522 1843 5562 ac

260 5586 544 5646 propterea
582 5593 707 5632 cum
747 5577 1027 5631 neomenia
1073 5577 1341 5645 paschalis
1390 5576 1523 5641 ipsis
1552 5587 1696 5632 esset
1726 5576 1842 5632 dies

260 5650 293 5702 5
318 5649 515 5715 Martii,
551 5649 754 5703 Pascha
779 5648 1002 5703 cadebat
1030 5649 1082 5702 in
1109 5648 1251 5703 dietn
1276 5648 1606 5702 Dotninicam
1635 5663 1706 5702 vn
1729 5647 1839 5703 kal.

262 5718 481 5788 Aprilis,
516 5722 640 5774 luna
674 5735 805 5782 χχιι,
836 5721 909 5773 uti
946 5723 1105 5774 etiam
1139 5719 1499 5773 I‘aschasinus
1529 5722 1751 5787 notavit,
1776 5735 1839 5775 ac

262 5793 502 5859 sequenti
527 5792 871 5845 annotatione
901 5791 1273 5859 explicabitur.

335 5874 355 5898 ί
390 5861 559 5917 Latini
592 5864 645 5917 in
676 5878 773 5920 suo
802 5862 949 5924 cyclo
973 5862 1223 5919 notabant
1250 5860 1356 5916 kal.
1387 5862 1624 5919 Januarii
1652 5862 1835 5919 feriam

1952 5365 2147 5432 nuarii,
2182 5368 2387 5420 notavit
2416 5382 2481 5420 ex
2512 5365 2686 5421 Fastis
2713 5365 2927 5422 atatem
2961 5369 3100 5422 luna:
3144 5380 3313 5420 xxvm
3356 5379 3547 5435 perpe-

1951 5450 2064 5508 ram
2110 5437 2351 5508 signasse
2394 5438 2733 5493 neomeniam
2790 5438 3098 5508 paschalem
3137 5436 3377 5508 ejusdem
3418 5437 3546 5492 antti

1951 5505 2037 5559 die
2068 5508 2101 5562 5
2128 5507 2325 5572 Martii,
2352 5522 2445 5561 seu
2478 5523 2535 5562 tit
2570 5523 2759 5573 nonas,
2791 5505 2920 5564 cum
2954 5514 3005 5563 in
3040 5505 3320 5577 hypotbesi
3364 5508 3543 5562 aetatis

1954 5576 2285 5649 lunzexxvtn
2312 5580 2475 5649 Veteri
2504 5579 2645 5649 stylo
2673 5579 2847 5633 Fastis
2868 5576 3435 5649 appositéelneomenia
3460 5577 3544 5633 in-

1951 5647 2143 5702 ciderit
2181 5649 2234 5704 in
2267 5650 2407 5704 diem
2440 5648 2473 5702 4
2502 5647 2672 5703 Martii
2711 5665 2806 5704 seu
2837 5647 3056 5703 tv'non.
3091 5647 3286 5703 Martii.
3334 5647 3391 5701 ld
3420 5650 3545 5717 qui-

1946 5719 2064 5772 dem
2116 5720 2205 5775 ille
2248 5722 2452 5775 induxit
2483 5721 2799 5788 cogentibus
2844 5721 2967 5773 hinc
3008 5719 3172 5773 certis
3203 5718 3429 5774 testibus
3472 5720 3543 5779 de

1945 5790 2036 5845 die
2070 5789 2345 5846 Paschalis
2384 5808 2471 5846 an.
2508 5790 2637 5855 444,
2692 5791 2813 5843 hinc
2842 5804 2969 5845 vero
3010 5792 3164 5860 cyclo
3208 5790 3320 5844 suis
3352 5789 3541 5850 Fastis

1944 5864 2212 5932 apposito,
2242 5880 2400 5931 quem
2433 5862 2620 5919 eodem
2651 5875 2789 5917 anno
2818 5861 3118 5919 obtinuisse
3146 5862 3496 5932 praesumpsit
3524 5883 3539 5923 ε
