4006 6348
255 385 331 446 σος
1285 359 1288 368 ³
1584 368 1911 426 EPISTOLA
1952 368 2042 424 ιιι.

3338 349 3444 414 606

261 507 460 557 illhOl‘lllll
485 504 569 560 per
593 485 1139 541 decemnovennalem
1171 483 1406 554 cyclum,
1435 494 1494 539 ιιι
1522 498 1626 539 ηοιι
1651 483 1753 538 fal-
1785 478 1835 552 Α
1862 491 2106 539 mortuus
2134 492 2216 537 est
2240 482 2408 537 Adam
2434 479 2486 535 in
2513 479 2688 533 anima
2723 489 2818 545 pro
2847 481 3066 547 peccato
3095 473 3148 530 in
3174 472 3443 544 paradiso,

259 594 388 650 lamur
412 585 456 639 in
485 581 597 636 luna
628 595 717 634 xtv
745 595 864 633 cum
892 577 1093 634 Judteis
1131 588 1185 633 et
1228 577 1517 643 haereticis,
1558 579 1646 644 qui
1677 574 1761 629 di—

260 686 640 743 cunturtessares
673 669 1036 728 kmdecatitae.
1093 670 1161 724 Et
1206 671 1552 724 constitutum
1597 677 1678 722 est
1711 667 1765 721 in

258 773 452 836 omnibus
489 765 723 840 synodis,
769 774 965 836 praeter
1001 763 1266 834 synodum
1307 763 1671 829 Gangrensem
1712 769 1767 816 et

258 866 597 926 Caesariensem,
628 872 685 913 ut
727 876 828 912 non
859 858 1054 913 faceret
1090 859 1194 912 ulla
1227 857 1484 922 Ecclesia,
1512 856 1597 911 vel
1635 855 1765 910 civi-

259 972 332 1024 tas,
356 968 399 1014 et
421 956 582 1012 omnis
607 953 753 1023 regio
775 955 1044 1008 contraria
1072 955 1153 1009 his
1185 967 1303 1025 quae
1330 961 1529 1009 statuta
1555 959 1680 1008 sunt
1700 950 1768 1007 de

259 1053 410 1109 Pascha
437 1049 484 1103 in
510 1047 724 1101 Nicaano
760 1047 1010 1102 concilio.

309 1142 481 1198 Credite
509 1137 796 1207 miliiqnod
825 1138 871 1193 si
899 1153 1002 1192 non
1051 1137 1359 1206 scripsisset
1384 1135 1626 1210 synodus
1673 1134 1770 1192 Ni-

259 1249 365 1291 cena
383 1231 568 1304 cyclum
600 1230 840 1284 lunarem
864 1228 1024 1297 primi
1051 1229 1273 1294 mensis,
1303 1227 1572 1284 sufficeret
1591 1229 1772 1299 cycltts

260 1325 404 1394 lapidis
449 1322 680 1379 Silenitis
740 1323 794 1376 in
843 1321 1062 1376 Perside
1103 1321 1168 1375 ad
1201 1322 1506 1392 exemplum
1548 1321 1773 1376 rationis

258 1415 483 1490 paschalis,
512 1413 663 1484 cujus
685 1414 885 1469 candor
906 1413 1127 1470 interior
1149 1429 1268 1469 cum
1292 1415 1418 1469 luna
1442 1416 1596 1484 primi
1627 1429 1776 1468 men-

258 1513 310 1567 sis
333 1509 495 1565 crescit
522 1518 578 1564 et
604 1508 886 1563 decrescit.
914 1507 1040 1565 Ideo
1070 1509 1310 1563 nuntiavi
1345 1508 1497 1562 vobis
1524 1510 1638 1564 haec
1661 1522 1778 1564 om-

1867 586 1919 630 et
1949 574 2001 628 in
2029 574 2219 628 eodem
2250 572 2385 627 obiit
2405 571 2460 626 in
2491 585 2735 638 corpore.
2757 567 3093 638 Responsum
3119 575 3223 634 est,
3253 577 3310 621 ut
3332 563 3449 637 epi-

1869 681 1987 735 nor,
2018 665 2266 721 omnibus
2294 663 2488 736 quibus
2518 661 2888 733 interrogastis
2933 675 3018 716 me
3041 656 3094 714 ι.

2269 799 2429 871 σοι]
2463 809 2483 836 ε
2513 795 2850 853 EPISTOLA
2889 793 2918 833 ιι
2953 794 3044 851 ιιι.

1938 930 2243 974 ρλεαιιιιειιιι
2263 931 2494 972 BPISCOPI
2518 928 2830 970 ιιιηιιτλιιι
2860 929 2928 970 AD
2953 927 3164 971 ιιεοιιῑι
3181 927 3376 970 ΡΔΡΔΙ.

2327 1009 2407 1064 De
2439 1009 2690 1063 Paschate
2719 1009 2840 1063 anni
2865 1008 2991 1064 444.

1870 1126 2136 1184 SmOPSIS.
2161 1157 2231 1168 —-
2262 1124 2609 1180 Paschasinus
2649 1125 2716 1197 de
2752 1125 2893 1197 cyclo
2937 1125 3166 1194 paschali
3214 1144 3246 1181 α
3289 1124 3457 1182 Leone

1944 1201 2228 1262 consultus,
2265 1209 2375 1266 post
2420 1211 2582 1266 pauco
2625 1195 2688 1248 de
2737 1194 2934 1250 Sicilire
2979 1197 3125 1252 clade
3170 1199 3453 1267 praemissa,

1942 1269 2346 1324 Alexandrinam
2372 1269 2806 1335 supputationem,
2854 1268 3085 1322 Romana
3138 1267 3449 1337 posthabita,

1944 1343 2266 1396 retinendam
2295 1357 2399 1393 esse
2447 1341 2647 1411 prohat,
2708 1349 2936 1411 tum};
2969 1337 3305 1394 Hebraeorum
3349 1338 3460 1391 cal-

1944 1411 2082 1478 culo,
2116 1423 2224 1465 tum
2245 1426 2309 1465 ea:
2336 1405 2590 1464 miraculo
2641 1409 2778 1478 quod
2816 1405 3012 1464 Zosimi
3057 1425 3206 1483 papae
3233 1420 3457 1480 tempore

1945 1485 2174 1552 contigit.

256 1606 335 1669 nia,
359 1618 414 1658 eo
435 1603 569 1671 quod
596 1601 884 1658 dubitastis
910 1601 980 1657 de
1004 1602 1132 1656 lund
1162 1602 1319 1672 primi
1360 1605 1563 1659 mensis
1589 1603 1639 1655 in
1673 1601 1779 1658 hoc
1876 1596 2106 1672 Domino
2131 1611 2257 1651 vere
2288 1605 2478 1672 sancto
2505 1603 2671 1672 atque
2702 1595 3012 1672 beatissimo
3040 1609 3111 1672 ac_
3144 1595 3458 1672 apostolico,

258 1710 378 1751 anno.
405 1693 515 1748 ldeo
545 1699 573 1730 ⁸
623 1695 874 1764 praecipio
917 1693 1071 1749 vobis
1118 1711 1187 1750 ne
1216 1693 1423 1750 faciatis
1473 1693 1678 1749 Pascha
1722 1694 1778 1748 in

255 1801 396 1842 mense
422 1785 588 1841 Martii
618 1785 669 1838 in
703 1799 842 1840 anno
871 1784 1199 1853 etnbolismi,
1233 1787 1326 1841 sed
1359 1787 1412 1841 in
1437 1803 1484 1840 ιι
1514 1784 1620 1841 kal.
1655 1784 1777 1840 Maii

1951 1669 2190 1734 mihique
2231 1680 2345 1736 post
2378 1665 2660 1720 Dominum
2705 1667 2990 1734 plurimum
3029 1665 3256 1722 colendo
3312 1679 3461 1736 papa)

1949 1739 2113 1795 Lnom
2147 1739 2502 1794 Psscsstsus
2527 1737 2834 1807 episcopus.

255 1879 292 1932 in
313 1878 482 1930 unitate
508 1876 764 1932 Ecclesia:
818 1877 1118 1932 Catholicae.
1166 1877 1360 1932 Verum
1406 1876 1616 1946 Agnnm
1668 1876 1780 1932 veri
1810 1869 1859 1941 Β
1956 1873 2086 1931 CAP.
2117 1873 2252 1931 1.-
2273 1872 2622 1943 Apostolatus
2649 1873 2814 1927 vestri
2843 1881 2866 1910 ε
2895 1872 3091 1944 scripta
3123 1869 3347 1928 diacono
3369 1870 3469 1927 Pa-

252 1967 455 2023 lsraelita:
477 1969 874 2023 immaculatum
897 1968 1224 2023 itntuaculati
1243 1969 1588 2024 comedamus
1614 1987 1626 2022 :
1657 1968 1782 2038 quia

253 2063 290 2117 in
307 2078 388 2118 una
415 2063 568 2116 domo
590 2064 756 2135 606
778 2076 1102 2132 pra-ceptum
1130 2072 1211 2118 est
1237 2059 1421 2118 lsraeli
1457 2063 1654 2118 carnali
1686 2078 1782 2133 ag-

250 2169 342 2209 num
365 2155 662 2209 anniculunt
694 2155 1001 2209 eomedere.
1033 2155 1108 2211 De
1137 2172 1244 2226 quo
1274 2171 1410 2224 agno
1437 2155 1784 2211 immaculato

251 2245 537 2301 veracissitne
587 2254 911 2316 praeceptum
953 2255 1037 2301 est
1070 2262 1083 2300 :
1132 2245 1253 2301 Non
1288 2247 1486 2300 occides
1515 2263 1704 2317 agnum
1732 2247 1785 2301 in

249 2337 346 2391 lacte
368 2339 533 2392 matris
566 2353 697 2401 siue,
726 2337 828 2392 hoc
858 2339 1015 2392 estin
1047 2338 1292 2408 proximo
1316 2341 1510 2408 pascha
1549 2353 1784 2407 concep-

248 2429 371 2486 tionis
388 2446 489 2486 sua:
511 2431 565 2486 in
592 2442 744 2488 utero
768 2433 954 2486 matris
979 2447 1110 2488 suae.
1140 2434 1264 2490 Ideo
1289 2443 1649 2503 pra-gnantem
1675 2432 1785 2487 Ma-

243 2523 363 2587 riam,
386 2538 445 2578 ne
473 2526 620 2578 sicut
649 2534 891 2592 stuprata
922 2532 977 2578 et
1031 2523 1273 2579 adultera
1322 2524 1587 2593 lapidibus
1619 2526 1786 2578 inter-

243 2612 468 2681 ﬁceretur,
499 2617 643 2671 clam
673 2617 841 2670 voluit
875 2616 1074 2687 .loseph
1103 2617 1390 2673 dimittere.
1426 2615 1497 2673 Ut
1518 2633 1644 2671 vero
1677 2632 1785 2672 non

240 2707 527 2763 occideretur
556 2724 733 2779 agnus
762 2708 814 2762 in
840 2708 978 2764 lacte
1010 2708 1198 2763 matris
1226 2724 1360 2774 suae,
1389 2709 1440 2762 in
1474 2711 1669 2779 pascha
1691 2725 1787 2764 na-

197 2853 201 2858 _
242 2800 422 2854 tititatis
448 2815 559 2856 suae
601 2802 844 2871 proximo
871 2802 1003 2872 fugit
1027 2801 1228 2871 loseph
1262 2803 1313 2856 in
1329 2801 1646 2874 Egyptum,
1675 2801 1787 2857 An-

237 2892 327 2962 gela
351 2894 718 2964 praecipiente,
752 2895 804 2950 in
838 2910 1022 2950 mense
1047 2895 1254 2962 Martio,
1286 2911 1429 2950 anno
1460 2905 1784 2966 revertente,

237 2985 277 3040 in
300 3003 388 3057 quo
417 3004 610 3046 mense
639 2989 822 3045 eduxit
845 2988 974 3044 Cain
1005 2990 1140 3044 Abel
1177 2989 1386 3058 justum
1420 2992 1471 3045 in
1513 3005 1784 3059 campum,

238 3087 278 3132 ut
297 3081 540 3136 occideret
565 3097 696 3137 eum
721 3082 773 3136 in
799 3093 924 3154 typo
943 3081 1144 3136 Christi
1173 3082 1348 3137 educti
1380 3082 1446 3136 ad
1477 3085 1786 3150 praetorium

238 3171 426 3228 Pilatiiu
457 3187 616 3230 sexta
657 3177 784 3230 feria
823 3194 836 3229 :
878 3177 1001 3247 quia
1030 3176 1216 3231 eodem
1250 3177 1339 3232 die
1389 3186 1684 3247 conceptus
1734 3179 1788 3233 in

237 3275 355 3322 utero
376 3278 470 3336 est,
499 3280 555 3326 et
582 3281 827 3325 mortuus
853 3272 904 3326 in
932 3286 1128 3340 cruce;
1173 3271 1302 3326 dum
1350 3271 1401 3326 in
1447 3281 1598 3326 sexta
1651 3271 1783 3327 feria

1892 1971 2210 2024 norniitanre
2236 1968 2492 2023 Ecclesia:
2514 1967 2712 2023 διωΝο
2741 1965 3013 2022 deferente
3064 1966 3297 2036 percepi,
3352 1981 3471 2036 quae

1888 2065 2117 2121 nuditati
2144 2078 2277 2118 mete
2309 2073 2469 2133 atque
2493 2061 2769 2128 aerumnis,
2796 2061 2962 2133 608
2987 2075 3119 2131 quas
3139 2059 3471 2115 amarissima

1886 2158 2194 2230 captivitate
2225 2157 2458 2212 faciente
2482 2157 2706 2223 incurri,
2736 2156 2990 2210 solatiqu
3025 2157 3076 2210 in
3117 2155 3364 2209 omnibus
3393 2163 3474 2209 at-

1886 2270 1989 2324 que
2019 2251 2311 2307 remedium
2340 2250 2660 2308 attulerunt.
2709 2248 2917 2304 caelesti
2964 2262 3087 2302 rore
3137 2261 3313 2301 meum
3354 2247 3473 2300 ani-

1887 2360 2032 2398 mum
2062 2351 2393 2410 recreantes,
2425 2351 2588 2412 atque
2615 2355 2775 2394 omne
2802 2339 2946 2410 quod
2980 2340 3131 2394 triste
3159 2339 3351 2404 fuerat,
3382 2338 3477 2396 ab-

1886 2446 2212 2506 stergentes,
2244 2435 2460 2490 domine
2487 2433 2812 2488 venerabilis
2842 2447 2995 2502 papa.
3027 2431 3224 2487 lubere
3261 2432 3476 2500 dignata

1886 2540 1971 2586 est
1997 2543 2194 2584 corona
2227 2537 2427 2592 vestra,
2469 2534 2524 2580 ut
2558 2523 2579 2564 ί
2612 2524 2739 2595 quid
2770 2524 3038 2595 paschalis
3079 2525 3478 2594 supputationis

1888 2625 2087 2680 veritas
2117 2629 2142 2671 ε
2172 2621 2297 2677 anni
2331 2630 2453 2692 post
2483 2619 2624 2674 hunc
2653 2618 2815 2674 futuri
2845 2619 3088 2682 haberet,
3114 2617 3478 2675 sacrosanctis

1889 2717 2111 2772 auribus
2136 2715 2334 2770 vestris
2364 2713 2632 2783 exiguitas
2663 2727 2778 2766 mea
2807 2713 3102 2766 intimaret.
3138 2708 3237 2766 Cui
3279 2725 3480 2778 praece-

1900 2819 1995 2881 pto
2025 2807 2054 2847 ¹ι
2083 2808 2173 2877 pio
2194 2806 2513 2862 inobediens
2539 2805 2770 2860 existere
2801 2817 2903 2858 llOll
2933 2803 3080 2873 potui
3109 2801 3348 2868 omnino,
3381 2814 3480 2858 nec

1891 2900 2073 2958 debui.
2103 2901 2323 2956 Diutino
2364 2899 2545 2970 itaque
2576 2905 2826 2964 tractatu,
2858 2897 2938 2951 vel
2987 2893 3396 2952 ratiocinatione
3427 2894 3479 2951 id

1893 3012 2083 3053 verum
2113 2996 2438 3062 invenimus,
2489 2991 2630 3062 quod
2681 2992 2747 3046 ab
2797 2990 3174 3045 Alexandrinas
3223 2989 3480 3044 Ecclesia

1897 3087 1916 3128 ί
1953 3089 2192 3144 antistite
2241 3086 2558 3141 beatitudini
2597 3094 2792 3140 vestrae
2840 3084 3156 3151 rescriptum
3197 3091 3302 3138 est.
3347 3081 3479 3138 Nam

1893 3196 2012 3237 cum
2045 3179 2289 3234 Romana
2320 3179 2650 3248 supputatio,
2684 3192 2801 3246 qua:
2823 3175 2973 3248 cyclo
3003 3173 3361 3238 concluditur,
3389 3187 3481 3228 cu-

1889 3274 1978 3346 jus
2001 3274 2135 3344 ipse,
2177 3272 2245 3328 de
2275 3287 2384 3342 quo
2426 3271 2624 3342 agitur,
2672 3270 2776 3325 erit
2817 3266 2832 3320 i
2892 3268 3256 3338 sexagesimus
3293 3267 3482 3322 tertius

236 3401 288 3452 illi
311 3401 644 3478 decreverint
665 3415 722 3478 ut
752 3406 1117 3478 Alexandrina
1138 3405 1403 3478 Ecclesia,
1439 3422 1556 3474 quae
1580 3423 1786 3464 memo-
1813 3410 1858 3474 C
1891 3409 2078 3466 confer
2107 3406 2482 3464 annotationes
2511 3407 2563 3462 in
2596 3407 2932 3478 prtemjssutn
2983 3405 3163 3478 Cyrilli
3203 3403 3476 3478 fragmen-

231 3481 368 3548 ra‘tiim
396 3476 608 3548 cycluin
639 3475 943 3542 adhibebat,
986 3487 1039 3533 et
1069 3477 1371 3532 calculandi
1405 3490 1520 3532 arte
1548 3488 1666 3532 erat
1696 3497 1786 3536 ce-

232 3541 541 3622 lebris,_d'iem
569 3547 852 3601 Paschalis
884 3541 1212 3622 ineejusdem
1249 3552 1434 3622 utique
1473 3551 1608 3622 cycli
1660 3566 1785 3605 nor-

233 3628 339 3666 mam
368 3615 616 3690 Enniano
639 3622 893 3690 episcOpo
921 3615 1276 3688 significaret,
1324 3621 1458 3674 unde
1503 3615 1787 3690 apostolica

229 3688 485 3760 canorique
514 3690 822 3742 universalis
857 3689 1087 3743 Ecclesia
1140 3707 1227 3753 per
1255 3701 1415 3744 totum
1457 3688 1626 3746 orbem
1658 3694 1788 3760 deﬁ-

231 3758 360 3808 nitum
390 3757 614 3832 Pascha:
642 3763 776 3813 diem
805 3761 912 3813 sine
958 3762 1066 3815 ulla
1106 3763 1472 3830 disceptatione
1514 3757 1785 3832 cognosce-

233 3836 374 3903 ret,ut_
400 3829 540 3885 idem
563 3831 809 3901 Cyrillus
840 3834 891 3884 in
921 3840 1138 3903 pro'ogo
1167 3829 1402 3902 paScltali
1452 3829 1650 3901 tradit;
1684 3837 1788 3891 hoc

229 3899 566 3975 sanedeereto
605 3899 723 3954 eum
757 3899 963 3973 cycium
995 3899 1122 3958 satis
1163 3899 1515 3974 approbasse,
1568 3899 1787 3975 etquo-

231 3967 478 4044 daminodo
506 3967 915 4042 praescripsisse
942 3976 1046 4029 dici
1077 3967 1298 4044 queunt.
1329 3967 1634 4030 Notandum
1655 3967 1784 4032 vero

228 4049 290 4111 est
311 4039 395 4094 hoc
409 4039 695 4098 decretum
723 4045 1014 4106 Nicmnuut.
1039 4039 1140 4099 non
1166 4047 1427 4111 Romano,
1447 4047 1538 4100 sed
1558 4046 1789 4102 Alexan-

227 4109 349 4164 drino
370 4115 635 4184 episcopo
661 4120 1003 4185 praecepisse,
1037 4125 1093 4171 ut
1137 4117 1200 4170 ad
1243 4109 1543 4171 Romanum
1575 4119 1785 4174 antisti-

227 4187 306 4231 lein
338 4185 383 4236 in
414 4197 778 4239 memoratam
810 4191 1074 4241 rationem
1109 4190 1376 4252 scribens,
1431 4189 1548 4254 ejus
1600 4205 1789 4244 assen-

224 4263 313 4331 sum
351 4260 841 4331 auctoritatemque
876 4263 1166 4326 excitaret,
1212 4276 1312 4331 qua
1349 4260 1547 4313 Pascha
1596 4261 1786 4316 eodem

224 4321 334 4394 diea
363 4337 470 4380 toto
500 4321 824 4384 Christiano
873 4332 1002 4384 orbe
1050 4321 1166 4385 sine
1210 4321 1598 4394 disreptaiione
1647 4331 1791 4386 cele-

227 4388 457 4452 braretur.
491 4401 636 4452 Cum
678 4415 809 4453 vero
859 4401 973 4453 hanc
1025 4400 1241 4456 Nicmna
1282 4388 1790 4458 decenmovennalis

222 4467 328 4541 cycli
358 4473 687 4539 approbatio
718 4471 874 4526 valde
921 4472 1175 4541 implicita
1219 4483 1274 4526 et
1325 4473 1551 4526 obseura
1607 4477 1787 4540 fuerit,

222 4537 443 4610 nulloque
478 4557 699 4596 canone
731 4537 1011 4607 exiiressa,
1047 4543 1178 4598 nihil
1209 4546 1426 4604 mirum,
1471 4543 1514 4598 si
1559 4537 1787 4600 Romani

220 4610 488 4676 pootitices,
525 4615 622 4680 qui
655 4618 982 4683 cateroquin
1005 4615 1278 4670 Nic-aenum
1302 4613 1586 4669 Concilium
1616 4615 1788 4671 niaxi-

219 4692 286 4732 me
309 4685 738 4758 venerabantur,
765 4701 869 4758 non
894 4685 1251 4758 deseruerunt
1277 4702 1429 4758 suum
1455 4689 1662 4758 cyclum
1695 4703 1790 4742 an-

221 4763 380 4826 t_torn_m
407 4751 478 4809 84
522 4756 621 4826 qni
670 4757 857 4824 primis
900 4757 1232 4826 temporibus
1274 4757 1325 4810 in
1377 4751 1788 4815 determinando

219 4817 498 4879 Paschatea
535 4817 1026 4882 decc-innovenuali
1076 4843 1179 4882 ιιοη
1223 4828 1562 4897 discrepabat
1611 4849 1622 4883 :
1664 4834 1788 4897 etsi,

219 4904 314 4946 cum
345 4897 623 4969 posterius
655 4899 981 4967 quaestiones
1008 4899 1287 4964 paschales
1315 4909 1598 4969 coeperunt
1647 4916 1796 4956 com-

221 4968 414 5033 moveri,
441 4983 558 5022 non
588 4970 691 5022 nisi
716 4971 888 5024 serius
911 4971 1335 5026 Alexandrinum
1378 4968 1588 5042 cyclutn
1647 4988 1796 5030 rece-

218 5045 341 5101 pere.

221 5173 232 5183 ι
273 5113 295 5141 α
315 5105 367 5183 l_n
390 5109 542 5165 hunc
563 5111 771 5178 pariter
789 5110 965 5166 locum
987 5111 1272 5181 irrepsisse
1284 5112 1498 5183 aliquod
1517 5113 1792 5181 mendum,

220 5178 260 5226 in
286 5178 662 5235 admonitione
694 5178 1113 5237 observavimus
1131 5199 1276 5245 num.
1311 5183 1362 5239 6.

271 5245 292 5284 δ
321 5251 620 5305 Adduotttr
651 5253 704 5306 itt
747 5252 849 5307 flne
903 5254 1222 5321 exemplaris
1267 5253 1672 5310 S:rmondiani:
1723 5253 1793 5310 Et

217 5321 362 5372 omnia
395 5324 606 5396 scripta
636 5323 930 5396 authentico
960 5326 1141 5394 synodi
1171 5324 1403 5396 Nicanor
1426 5327 1634 5396 protuli.
1669 5325 1796 5382 Haec

216 5399 368 5466 autem
398 5395 686 5466 glossema
725 5404 851 5448 sunt
881 5395 949 5447 ab
986 5409 1052 5449 eo
1083 5395 1347 5466 additum,
1392 5395 1478 5465 qui
1513 5408 1792 5465 postquam

216 5458 330 5516 hanc
357 5458 659 5538 epistolam
694 5466 921 5534 subjecit
950 5466 1139 5520 litteris
1162 5458 1347 5538 Cyrilli
1378 5458 1442 5523 ad
1489 5458 1791 5531 Africanos,

217 5541 269 5606 eo
293 5537 425 5601 quod
451 5536 585 5604 ejus
610 5548 834 5605 partem,
860 5537 944 5591 vel
967 5536 1318 5606 appendicem
1359 5539 1624 5603 crederet,
1660 5544 1795 5596 hanc

214 5598 518 5682 clausulam]
555 5598 676 5678 qua:
713 5608 779 5662 ad
813 5598 1277 5664 easdem'litteras
1303 5611 1554 5678 refertur,
1600 5598 1794 5682 perpe-

213 5684 309 5726 ram
335 5679 544 5743 posuit.

278 5756 301 5822 ξ
329 5747 477 5804 Hauc
499 5751 793 5822 epistolam
825 5753 1109 5821 relegimus
1133 5766 1256 5808 cum
1290 5767 1392 5808 ms.
1424 5752 1548 5810 Vat.
1583 5751 1800 5819 Reginae

212 5811 303 5894 εβθ
327 5823 519 5876 saeculi
541 5811 610 5876 ὶι
634 5839 752 5894 pag.
786 5823 884 5879 115
913 5811 1331 5893 βιιςριιιιιίυρειοί
1362 5827 1638 5881 insertam.
1661 5811 1799 5882 Vide

213 5839 303 5872 ὓδῠ
327 5839 519 5876 saecutl
548 5839 610 5876 XI
634 5839 694 5894 p3
743 5865 752 5874 .
786 5839 884 5879 HD
913 5839 1331 5893 PascnaltUpen
1362 5839 1638 5881 Insertatn.
1670 5839 1796 5882 Vide

213 5889 643 5950 observationem
672 5839 945 5962 (fuesnelli
970 5906 1100 5951 tom.
1126 5895 1168 5951 ll
1201 5904 1404 5952 nostrae
1434 5896 1704 5962 editionis,
1741 5905 1796 5952 ct

1820 4793 1868 4852 D

1891 3492 2107 3546 tum,ac
2131 3479 2429 3550 praesertim
2450 3476 2634 3533 annot.
2665 3480 2685 3533 Ι
2715 3477 2852 3548 (σοι.
2881 3479 3004 3544 υοι,
3029 3476 3084 3531 ιι.
3119 3479 3192 3547 η),
3224 3476 3310 3533 ubi
3334 3493 3482 3548 qua:-

1893 3552 2087 3622 stionis
2119 3553 2397 3622 potissima
2432 3552 2571 3622 ratio
2609 3554 2914 3622 exponitur.

1889 3621 2002 3750 ut;
2022 3617 2284 3693 Alfpost.
2313 3637 2402 3692 ep.
2433 3619 2491 3678 2.
2514 3622 2643 3690 Quae
2667 3617 2784 3678 erat
2809 3620 2863 3690 5,
2899 3633 3039 3676 nunc
3063 3619 3119 3674 4.
3152 3617 3358 3690 Scripta
3388 3633 3476 3673 an.

1967 3775 1991 3803 ⁸
2022 3765 2295 3823 indicatur
2336 3766 2533 3821 Leonis
2561 3761 2783 3833 epistola
2815 3762 2880 3816 ad
2923 3761 3331 3827 Paschasinum,
3359 3775 3481 3830 qua:

1890 3833 2253 3903 desideratur,
2279 3839 2346 3892 de
2379 3838 2640 3891 Paschate
2687 3833 2886 3903 scripta
2941 3833 3044 3887 hoc
3095 3833 3285 3886 eodem
3337 3847 3480 3903 autne

1892 3907 2021 3972 433,
2059 3913 2109 3963 in
2151 3901 2250 3978 qua
2283 3908 2486 3963 mentio
2517 3901 3004 3978 fiebatlittéqarum
3032 3903 3218 3978 Cyrilli
3248 3904 3313 3978 ad
3343 3901 3483 3959 Leo-

1891 3995 2036 4044 nem,
2054 3974 2282 4050 quarum
2309 3979 2664 4047 fragmentum
2685 3976 2794 4050 jam
2820 3974 3100 4050 dedimus._
3119 3975 3268 4040 Quod
3300 3985 3476 4050 autem

1891 4047 2121 4118 traditur
2175 4051 2234 4106 S.
2289 4050 2556 4117 pontiticis
2602 4048 2825 4118 epistola
2882 4047 3100 4100 nuditati
3140 4047 3482 4118 ethrutnnis

1891 4107 2203 4174 Pascliasini
2234 4107 2480 4176 solatium
2507 4123 2558 4173 in
2588 4107 2818 4172 omnibus
2839 4130 2992 4188 atque
3027 4116 3302 4171 remedium
3333 4126 3476 4169 attu-

1891 4192 2030 4253 lisse,
2065 4193 2286 4259 reSpicit
2315 4193 2510 4247 Siciliae
2535 4204 2780 4257 magnam
2833 4198 3034 4259 partem
3082 4198 3394 4252 occupatam
3445 4203 3474 4241 a

1888 4257 2272 4318 Vandalis'au.
2292 4261 2415 4321 440.
2440 4277 2540 4330 qua
2561 4261 2843 4315 occasione
2869 4257 3226 4330 Paschasinus
3253 4273 3358 4313 non
3375 4269 3480 4314 tam

1890 4334 2259 4402 captivitatem
2290 4329 2741 4402 quatn’bonoruin
2772 4346 2902 4402 sine
2933 4331 3188 4402 Ecclesiae,
3208 4329 3474 4402 jacturant

1892 4399 2085 4470 passus
2116 4399 2437 4459 lneratIBes
2466 4404 2680 4471 quidem
2740 4401 3102 4456 Ecclesiarum
3145 4399 3473 4470 aliquamdiu

1893 4474 2027 4529 fisco
2061 4475 2302 4530 addictus
2324 4479 2485 4530 fuisse
2507 4489 2534 4526 a
2564 4473 2830 4535 barbaris,
2862 4473 3041 4542 colligi
3074 4472 3284 4525 videtur
3305 4488 3368 4526 ex
3397 4487 3485 4539 pa-

1891 4561 2027 4615 pyro
2074 4547 2333 4602 Ecclesia:
2388 4547 2715 4615 Ravennatis
2764 4556 2980 4615 exarata
3021 4545 3184 4615 paulo
3232 4552 3354 4615 post
3390 4558 3480 4597 an.

1889 4611 2019 4681 144,
2051 4631 2103 4672 et
2136 4635 2164 4672 a
2190 4618 2500 4672 maichione
2531 4611 2741 4670 Maffeio
2764 4614 2904 4667 edita
2941 4616 2992 4667 ιιι
3027 4611 3166 4667 Hist.
3211 4614 3477 4680 diploma-

1892 4690 1994 4742 tica
2030 4706 2150 4758 pag.
2188 4687 2306 4744 132.
2344 4691 2432 4744 ubi
2461 4685 2878 4758 conductoribus
2906 4683 3208 4752 patrimonii
3239 4685 3481 4758 ejusdem

1894 4755 2151 4815 necesse
2182 4764 2230 4812 ιιι
2256 4761 2438 4816 Sicilia
2473 4757 2794 4828 degentibus
2825 4757 3226 4828 inter‘cteteras
3271 4755 3486 4824 pensio-

1898 4847 1993 4886 nes
2023 4831 2268 4888 solvendi
2299 4826 2582 4885 traduntur
2618 4829 2766 4882 aurei
2799 4827 2955 4880 solidi
2984 4826 3052 4881 75
3075 4897 3079 4898 ν
3101 4842 3193 4891 pro
3243 4829 3484 4898 pensione

1897 4903 2074 4967 tritici,
2104 4903 2206 4956 sive
2232 4903 2433 4967 hordei,
2459 4901 2597 4972 quod
2618 4911 2738 4972 ante
2760 4898 3025 4952 barbarico
3042 4897 3176 4972 ﬁsco
3197 4897 3482 4972 praestabat

1898 4982 2000 5026 tur.
2038 4973 2177 5028 lnter
2202 4973 2298 5027 has
2329 4967 2597 5026 aerumnas
2618 4971 2728 5025 Leo
2760 4985 2860 5023 una
2893 4984 3014 5023 cum
3041 4968 3238 5023 litteris
3263 4967 3483 5038 aliquod

1896 5039 2229 5099 Pascliasino
2255 5044 2548 5098 subsidium
2583 5040 2776 5096 attulit.
2808 5039 2927 5094 Mox
2951 5055 3047 5110 pro
3073 5038 3258 5094 Silano
3281 5040 3482 5108 Quesu.

1900 5113 1956 5171 in
1989 5119 2267 5184 margine:
2310 5115 2408 5181 al.,
2443 5114 2674 5169 Silvano.

1973 5184 1995 5223 ί
2031 5179 2196 5250 Ειιῖιί,
2227 5179 2606 5254 ιμιοάζΜθΙίιις
2634 5199 2699 5238 ex
2733 5192 2918 5237 nostro
2939 5179 3198 5236 Vaticano
3239 5179 3372 5250 Reg.

1976 5264 2002 5305 Β
2032 5257 2180 5312 Erae
2206 5257 2525 5311 Christianae
2552 5254 2680 5310 444.

1973 5323 2002 5396 β
2026 5329 2170 5382 Idem
2211 5328 2380 5381 codex
2405 5327 2606 5380 omittit
2635 5326 2741 5396 pio.

1981 5395 1996 5434 ί
2033 5397 2258 5454 Scilicet
2285 5397 2516 5469 Cyrillo,
2562 5390 2654 5469 qui
2693 5397 2781 5469 die
2811 5393 2844 5450 9
2871 5392 3014 5451 Junii
3044 5391 3168 5469 anni
3197 5390 3304 5447 444
3333 5391 3484 5447 obiit.

1899 5467 2283 5537 Fragmentum
2315 5466 2469 5534 hujus
2495 5467 2739 5533 rescripti
2761 5467 2867 5536 jam
2893 5466 3268 5537 praemisimus.

1978 5533 2090 5594 i'ln
2124 5533 2520 5609 antiquioribus
2556 5533 2782 5601 vulgatis
2819 5533 3047 5591 erronee
3083 5535 3371 5609 legebatur
3396 5533 3486 5590 64.

1902 5607 2072 5667 Recte
2098 5603 2405 5665 emendavit
2434 5609 2730 5664 Buchcrius
2771 5623 2838 5662 ex
2883 5621 2982 5659 ms.
3017 5607 3202 5661 codice
3233 5605 3287 5660 in
3333 5603 3490 5662 Com-

1901 5693 2070 5738 ment.
2100 5683 2165 5737 ad
2205 5683 2419 5738 Victorii
2447 5683 2738 5736 (lationem.
2771 5676 2916 5732 Idem
2942 5676 3166 5731 habetur
3193 5677 3244 5732 itt
3277 5679 3492 5737 duobus

1905 5768 2036 5809 mss.
2065 5755 2255 5824 quibus
2279 5769 2401 5809 usus
2429 5751 2782 5824 est._Usset'itts
2806 5748 3120 5824 iu‘Britattu.
3144 5749 3350 5806 Eccles.
3381 5754 3491 5808 An-

1904 5819 2162 5895 tiquit.‘et
2193 5827 2242 5879 iu
2275 5835 2456 5880 nostro
2489 5822 2744 5895 Vaticano
2773 5819 2959 5876 codice
2993 5836 3007 5875 :
3043 5824 3187 5877 enim
3220 5838 3345 5879 vero
3379 5837 3491 5880 ser-

1903 5893 1994 5954 mo
2023 5907 2104 5954 est
2129 5897 2195 5953 de
2238 5897 2547 5952 Latinorum
2598 5893 2750 5962 cyclo
2782 5907 3048 5948 annorum
3097 5895 3187 5960 84,
3241 5895 3332 5967 qui
3370 5910 3489 5952 cum
