4006 6348
390 750 419 861 l

412 867 417 885 1

379 909 388 915 ·
411 890 419 958 l

462 348 570 406 60'?

1586 343 1644 400 S.
1686 339 1936 399 LEONIS
1974 339 2189 400 MAGNI
2228 341 2611 403 EPISTOUE.

3636 352 3739 414 608

462 476 658 533 annus,
699 462 791 535 qui
819 461 1003 535 cyclus
1028 459 1192 531 cmpit
1232 471 1261 513 a
1305 457 1589 514 consulatu
1618 464 1645 495 ι
1690 457 1954 513 Auratum
1998 464 2053 513 et
2077 460 2134 523 Α
2225 458 2356 516 Car.
2386 458 2453 514 ll.
2482 487 2555 499 ——
2579 457 2651 514 Et
2679 471 2749 516 ne
2774 470 2879 517 noc
2898 460 3043 532 quod
3076 459 3091 513 i
3131 461 3480 535 exposuimus
3508 465 3737 528 beatituc

461 559 686 625 SIAGRII,
711 556 867 617 nobis
888 556 1219 611 dubietatem
1240 553 1479 620 alierret,
1505 566 1571 608 eo
1598 552 1740 622 quod
1765 550 1794 591 δ
1817 554 2048 624 septimo

461 649 816 707 kalendarum
856 648 1121 718 Aprilium
1150 658 1173 686 ο
1221 647 1308 702 die
1343 647 1459 702 dies
1512 647 1793 703 Dominica
1830 657 1886 704 et
1924 649 2051 705 luna

460 743 715 813 vigesima
744 739 977 797 secunda
1005 740 1327 807 incurreret,
1360 748 1416 795 et
1439 738 1634 794 iterum
1686 756 1827 796 nono
1866 738 2050 796 kalen-

460 838 647 892 darum
674 835 930 891 Maiarum
953 834 1042 890 die
1088 835 1170 907 (ut
1194 836 1274 890 rei
1302 835 1502 889 veritas
1533 834 1719 906 habet)
1773 836 2049 890 Dominica

458 931 573 986 dios
605 939 659 986 et
686 930 808 989 luna
838 929 1192 986 decimanona
1220 929 1503 985 obveniret
1532 946 1547 983 :
1582 928 1636 985 in
1668 929 1771 985 hoc
1798 930 2049 1000 ambiguo

456 1020 800 1087 ﬂuctuantes,
824 1017 851 1057 ἀ
868 1022 935 1076 ad
966 1021 1337 1089 Hebraeorum,
1372 1020 1476 1076 hoc
1498 1028 1582 1077 est
1606 1021 1831 1091 legalem
1851 1035 2052 1092 suppu-

456 1114 715 1172 tationem
743 1128 841 1170 nos
864 1115 1254 1183 convertimus,
1285 1129 1405 1184 quae
1426 1128 1545 1169 cum
1568 1129 1598 1169 a
1618 1113 1879 1170 Romanis
1900 1116 2049 1186 igno-

454 1217 627 1276 ratur,
659 1206 816 1264 facile
841 1224 1081 1265 errorem
1114 1209 1417 1264 incurrunt.
1437 1206 1613 1278 Cmpit
1636 1222 1766 1279 ergo
1796 1218 1819 1245 ε
1847 1208 2049 1279 ogdoas

454 1316 485 1356 a
515 1302 797 1357 consulatu
823 1303 989 1374 609
1012 1302 1252 1357 virorum
1282 1301 1707 1358 clarissimorum
1754 1300 1888 1357 ΑΞιὶἱ
1938 1302 2046 1357 ite-

453 1410 573 1451 rum
602 1404 658 1451 et
697 1393 719 1434 τ
768 1395 1089 1465 Sigesvulti,
1146 1410 1264 1465 quae
1318 1394 1589 1449 clauditur
1634 1407 1778 1449 anno
1826 1393 1895 1449 de
1940 1407 2047 1465 quo

452 1488 681 1558 quastio
708 1486 923 1543 videtur
953 1496 1166 1543 exorta.
1198 1487 1346 1542 Talis
1367 1487 1504 1542 ratio
1531 1487 1647 1543 haec
1672 1494 1756 1543 est
1785 1504 1799 1540 :
1828 1496 1854 1534 8
1893 1487 2046 1543 Prio-

456 1596 545 1637 res
569 1580 677 1636 duo
713 1589 839 1635 sunt
864 1581 990 1635 anni
1022 1594 1360 1651 communes,
1389 1580 1583 1636 tertius
1633 1580 2041 1649 embolismalis,

452 1680 675 1742 quartus
712 1679 767 1727 et
793 1672 1011 1741 quintus
1036 1686 1372 1739 communes,
1406 1680 1590 1727 sextus
1633 1671 2041 1738 embolismalis,

449 1768 709 1836 septimus
738 1764 1062 1831 communis,
1097 1775 1322 1821 octavus
1352 1766 1764 1823 embolismalis.
1791 1767 2045 1824 Pervidet

2155 552 2268 611 dini
2300 562 2496 609 vestrae
2535 552 2923 611 obscuritatem
2968 555 3204 628 aliquam
3243 557 3452 627 alierat,
3491 564 3737 635 suggeri-

2154 660 2276 703 mus
2328 659 2643 702 communes
2703 659 2899 713 annos,
2951 647 3091 718 apud
3146 648 3403 706 Hebraeos
3449 651 3737 713 duodecim

2155 746 2363 794 tantum
2408 738 2586 806 lunas,
2627 736 2730 794 hoc
2777 746 2861 795 est
2901 738 3023 796 dies
3066 739 3172 797 554
3216 741 3453 810 habere;
3483 746 3738 805 embolis-

2153 847 2271 889 mos
2308 846 2438 888 vero
2466 831 2620 887 lunas
2662 830 2922 888 tredecim
2965 830 3188 901 habere,
3220 832 3324 890 hoc
3352 844 3437 891 est
3460 836 3577 893 dies
3606 838 3737 896 584.

2153 925 2489 983 Necessitate
2519 938 2649 997 ergo
2676 925 2983 981 embolismi
3006 927 3246 998 cogimur
3277 927 3330 983 id
3354 936 3562 997 tenere,
3593 931 3740 1004 quod

2151 1017 2178 1057 ¹ι
2210 1020 2420 1089 longius
2449 1026 2552 1086 est,
2580 1033 2648 1075 ne
2670 1032 2699 1073 a
2723 1033 2853 1075 vero
2875 1018 3091 1075 deviare
3114 1019 3417 1078 videamur.
3441 1021 3624 1096 Neque
3641 1040 3740 1084 no-

2151 1111 2237 1167 bis
2256 1120 2351 1167 aut
2368 1127 2564 1167 novum
2582 1120 2673 1167 aut
2689 1112 2979 1168 erraticum
3001 1110 3021 1150 1
3042 1112 3312 1183 videatur,
3333 1129 3455 1170 cum
3476 1116 3596 1174 dies
3616 1132 3740 1189 pas.

2149 1204 2319 1260 sionis
2345 1203 2631 1260 undecimo
2658 1202 2920 1260 kalendas
2950 1204 3076 1261 Maii
3105 1214 3376 1277 occurrat,
3400 1222 3431 1263 a
3455 1223 3559 1278 qua
3582 1209 3741 1279 (sicut

2150 1304 2189 1333 m
2217 1295 2423 1352 Graecis
2453 1297 2691 1368 videtur)
2732 1296 2939 1353 Pascha
2968 1312 3166 1355 nomen
3194 1300 3435 1371 accepit;
3472 1302 3603 1360 licet
3631 1303 3740 1361 He-

2149 1390 2311 1447 braeae
2358 1391 2554 1463 linguae
2584 1393 2909 1464 interpretes
2952 1393 3165 1449 tradant
3193 1393 3398 1450 Pascha
3448 1398 3738 1455 transitum

2149 1484 2276 1551 dici,
2306 1485 2450 1555 quod
2494 1494 2673 1541 tamen
2702 1485 2844 1541 idem
2874 1494 2929 1541 et
2957 1485 3181 1542 Joannis
3211 1487 3559 1559 evangelista:
3588 1490 3741 1549 dicto

2149 1578 2417 1645 ﬁrmatur,
2446 1592 2554 1649 quo
2584 1577 2683 1645 ait,
2714 1593 2834 1633 cum
2864 1579 2932 1635 de
2956 1578 3207 1649 passione
3227 1579 3539 1650 loqueretur
3569 1582 3741 1640 :Cum

2148 1670 2361 1726 venisset
2391 1670 2521 1725 hora
2550 1682 2608 1727 ut
2633 1671 2871 1727 transiret
2899 1670 3053 1727 Jesus
3077 1672 3140 1728 de
3167 1672 3265 1729 hoc
3304 1674 3498 1732 mundo
3528 1678 3597 1731 ad
3628 1676 3741 1732 Pa-

2150 1771 2276 1818 trem
2318 1761 2499 1834 (Joan.
2532 1778 2648 1831 xm,
2686 1763 2763 1836 1).
2788 1763 2904 1820 Non
2932 1779 3064 1837 ergo
3093 1779 3193 1822 nos
3220 1766 3337 1823 dies
3378 1784 3483 1824 una
3526 1769 3740 1841 longius

449 1872 578 1928 ergo
605 1857 934 1926 apostolatus
950 1857 1116 1913 vestri
1168 1857 1455 1928 prudentia
1485 1855 1515 1896 ιι
1544 1871 1790 1916 octavum
1844 1875 2043 1916 annum
2074 1854 2123 1917 B
2147 1858 2313 1931 610
2351 1859 2527 1929 posita
2572 1866 2802 1926 terreat,
2847 1874 2916 1915 ne
2954 1872 3076 1915 cum
3117 1859 3257 1917 hanc
3285 1860 3516 1918 vitamus
3558 1864 3740 1921 incur-

447 1950 707 2023 ogdoadis
740 1950 855 2005 [ἱειί
886 1951 1043 2006 aliter
1069 1964 1175 2006 non
1206 1967 1367 2021 posse
1389 1952 1493 2007 nisi
1540 1953 1922 2010 embolismqu
1957 1963 2037 2011 te-

447 2058 689 2100 neamus.
738 2040 755 2080 i
789 2042 942 2109 Quod
987 2043 1034 2096 si
1074 2043 1402 2100 voluerimus
1441 2045 1573 2100 illud
1610 2046 1754 2115 quod
1796 2046 2041 2118 superius

446 2135 708 2204 diximus,
734 2135 785 2191 id
811 2145 915 2202 est,
945 2135 1086 2206 quod
1114 2137 1343 2206 primum
1366 2136 1595 2193 incurrit
1619 2138 1848 2208 Pascha,
1875 2140 2043 2211 septi-

446 2248 534 2287 mo
564 2230 913 2286 kalendarum
941 2231 1205 2300 Aprilium
1233 2230 1322 2286 die
1359 2231 1661 2297 celebrare,
1694 2248 2035 2289 communem

444 2339 641 2379 annum
670 2322 952 2393 faciemus,
988 2331 1043 2378 et
1072 2323 1293 2394 incipiet
1325 2325 1500 2378 omnis
1529 2323 1789 2396 deinceps
1840 2325 2035 2381 subse-

443 2418 724 2488 quentium
754 2431 1019 2471 annorum
1051 2414 1360 2486 supputatio
1389 2415 1661 2473 vacillare.
1782 2412 1791 2423 ’

443 2534 747 2603 incteperit,
789 2543 849 2589 ut
886 2534 1244 2591 Paschasinus
1284 2537 1635 2603 monstravit,
1678 2551 1707 2589 a
1748 2536 2033 2599 consulatu

442 2606 697 2661 Antonini
721 2614 777 2660 et
803 2606 995 2676 Siagrii
1025 2623 1112 2661 an.
1143 2606 1268 2674 382,
1297 2609 1409 2677 jam
1441 2623 1613 2664 annus
1658 2607 1765 2665 444
1814 2608 1881 2663 de
1925 2622 2033 2679 quo

443 2679 751 2752 vertebatur
772 2680 1019 2752 qita_-sli0,
1039 2687 1122 2733 est
1150 2694 1321 2752 annus
1344 2681 1478 2752 cycli
1503 2681 1592 2736 6'5.

514 2756 541 2785 ⁸
562 2748 672 2813 ΑΙ.,
692 2749 922 2814 Antonii,
942 2764 1245 2819 perperam.
1262 2748 1529 2807 Caeterum
1550 2760 1674 2806 ante
1687 2750 1829 2807 hunc
1840 2765 2033 2807 consu-

440 2818 629 2895 latum,
648 2834 744 2875 seu
763 2828 893 2895 ante
915 2818 1001 2895 an.
1033 2820 1161 2883 582,
1192 2821 1367 2895 Latini
1400 2822 1503 2879 hoc
1526 2823 1715 2879 eodem
1742 2822 2034 2895 cydlo‘ute-

440 2888 654 2963 bantur,
682 2898 739 2943 ut
765 2908 828 2945 ex
855 2890 1029 2946 Fastis
1047 2893 1419 2947 consularibus
1440 2896 1685 2963 probavit
1705 2888 1855 2948 card.
1872 2893 2029 2948 Nori-

440 2964 552 3016 sius
573 2962 703 3016 diss.
724 2963 776 3017 1.
798 2964 1034 3033 llicergo
1064 2964 1330 3019 iudicatur
1362 2962 1571 3020 initium
1603 2982 1629 3019 c
1670 2965 2026 3035 cli.quianno

440 3031 544 3088 464
596 3033 935 3088 decurrebat.
981 3035 1252 3089 Marianas
1281 3036 1475 3089 Scottis
1502 3037 1554 3089 in
1585 2982 1859 3089 Chronico
1903 3044 2026 3089 post

438 3031 544 3088 464
596 3033 953 3107 άεειιιοιειιειη
976 3031 1252 3107 Marianos
1281 3036 1475 3107 Sconis
1502 3037 1554 3090 in
1585 3031 1859 3091 Chronico
1903 3044 2028 3107 post

440 3118 638 3177 nomen
666 3105 863 3175 Siagrii
892 3104 1037 3160 addit
1057 3124 1193 3160 anno
1222 3117 1405 3177 quarto
1433 3106 1692 3162 Gratiani.

513 3172 539 3211 δ
563 3175 707 3249 Idem
739 3172 1006 3249 biarianus
1034 3195 1066 3231 a
1091 3172 1254 3244 sexto,
1284 3190 1335 3233 et
1363 3180 1519 3248 paulo
1553 3191 1693 3246 post,
1721 3188 1897 3234 octavo
1928 3192 2027 3249 pro

442 3261 577 3298 nono
603 3246 707 3318 kal.
733 3246 1016 3313 Maiarum,
1042 3265 1343 3318 perperam.
1364 3246 1618 3304 lunuitur
1640 3251 1892 3305 nimirum
1917 3246 2027 3304 dis-

440 3318 642 3370 crimen
675 3317 816 3373 inter
843 3317 1275 3387 supputationem
1310 3322 1675 3376 Romanorum
1708 3335 1757 3376 et
1796 3324 2027 3376 Alexan-

439 3386 719 3463 drinorum
748 3370 1019 3463 :_nau_irirlli
1049 3407 1115 3445 ex
1142 3407 1239 3463 suo
1257 3395 1410 3463 cyclu
1437 3409 1702 3447 annorum
1727 3394 1795 3448 85
1824 3393 2029 3448 Pascha
2060 3370 2105 3435 C

442 3460 570 3513 anni
601 3457 708 3514 444
738 3460 1031 3530 afﬁgebant
1060 3478 1128 3516 vn
1161 3462 1270 3516 kal.
1291 3457 1496 3525 April.,
1539 3464 1622 3518 isti
1660 3480 1791 3517 vero
1837 3480 1899 3519 ex
1936 3480 2034 3519 suo

441 3544 703 3606 annorum
720 3532 785 3606 l9
800 3535 1157 3606 prorogahant
1171 3535 1220 3587 in
1236 3550 1286 3588 ix
1302 3533 1564 3603 kal.Maii,
1580 3548 1631 3590 ut
1649 3544 1834 3590 annot.
1855 3533 2033 3606 1(Col.

446 3601 723 3675 601nm!)
752 3601 1015 3675 inCyrilli
1040 3604 1397 3674 fragmentum
1428 3601 1598 3661 fusius
1622 3601 2030 3675 explicavimus.

517 3683 539 3711 ε
562 3672 746 3747 Codex
773 3672 896 3731 Vat.
926 3675 1067 3729 delet
1092 3672 1194 3731 die.
1248 3678 1366 3731 Mox
1412 3672 1705 3747 legebatur
1742 3680 1867 3731 luna
1916 3695 2028 3734 xxi.

442 3743 861 3821 Emendaviuius
891 3762 955 3800 ex
992 3746 1290 3821 fragmento
1309 3743 1555 3818 epistolae
1581 3750 1770 3821 Cyrilli
1803 3753 1867 3804 ad
1892 3750 2035 3805 Leo-

440 3830 585 3891 nem.
612 3817 810 3891 Confer
837 3817 1187 3891 annot.75Ain
1240 3831 1593 3873 memoratum
1627 3817 2028 3891 'lragmentum.

441 3884 532 3941 Sic
558 3889 758 3960 pariter
782 3888 867 3943 die
893 3906 942 3943 ix
966 3888 1069 3942 kal.
1092 3889 1263 3943 Maias
1284 3891 1501 3945 inferius
1526 3884 1891 3947 notatur-vlunt:
1917 3909 2029 3960 XIX,

440 3974 560 4082 {quin
591 3974 709 4013 esse
730 3959 953 4016 deberet
974 3976 1126 4028 xvm,
1161 3965 1204 4017 si
1232 3962 1318 4017 die
1349 3977 1424 4016 vri
1448 3960 1555 4017 kal.
1591 3964 1792 4033 Aprilis
1835 3959 2030 4019 luisset

464 4044 563 4082 una
592 4046 702 4082 xxi.

464 4044 563 4083 una
592 4046 702 4085 XXI.

514 4098 540 4138 ά
573 4100 681 4155 Cur
709 4102 1066 4158 Paschasinns
1091 4118 1213 4158 sese
1252 4106 1581 4160 converterit
1606 4108 1658 4160 in
1693 4107 1791 4161 hac
1815 4115 2035 4161 contro-

440 4174 611 4248 versizi
643 4175 707 4226 ad
739 4173 1067 4229 Hebraeorum
1099 4178 1309 4248 legalem
1339 4180 1784 4246 supputationem,
1814 4179 1901 4231 alii
1934 4178 2034 4232 ali-

443 4245 993 4317 terinterpretantur.
1034 4245 1373 4304 Probabiliur
1398 4261 1576 4304 autem
1612 4252 1822 4303 videtur
1868 4249 2032 4317 ratio,

441 4314 563 4390 quia
591 4316 935 4371 AleXandrini
965 4333 1027 4373 ex
1059 4319 1197 4373 Iunis
1225 4336 1311 4374 XIV
1338 4321 1491 4390 primi
1516 4322 1716 4375 mensis
1744 4338 1772 4373 a
1799 4321 1915 4390 lege
1940 4314 2037 4375 Ile-

443 4386 712 4462 braoiniu
735 4391 1094 4462 prmscriptis,
1126 4393 1178 4443 in
1211 4386 1348 4462 quas
1376 4394 1598 4446 istorum
1634 4386 2032 4447 Pascha'cade-

443 4457 557 4521 bat.
587 4458 703 4512 dies
734 4459 951 4514 Paschm
972 4457 1037 4515 ἐι
1082 4457 1244 4515 luna"
1270 4464 1724 4526 deterininabant,
1758 4463 2034 4518 eamdem-

443 4544 548 4603 que
578 4547 699 4583 anui
730 4535 1029 4584 communis
1060 4545 1111 4583 et
1138 4533 1443 4587 embolismi
1475 4534 1785 4588 methodum
1836 4549 2033 4603 seque-

443 4600 661 4666 bantur,
689 4619 845 4669 quam
876 4604 1014 4671 apud
1047 4602 1305 4659 Hebraeos
1344 4605 1643 4660 obtinuisse
1675 4600 2036 4660 Paschasiuus

445 4684 827 4727 commemorat
863 4690 891 4727 c
914 4691 981 4741 rp.
1011 4673 1062 4728 2.

2147 1967 2330 2008 ramus
2365 1967 2628 2019 errorem,
2662 1953 3004 2009 sicutevenit
3023 1962 3266 2024 tempore
3283 1954 3454 2012 beatae
3478 1957 3739 2013 recorda-

2148 2044 2310 2099 tionis
2363 2042 2567 2099 domini
2609 2044 2738 2110 mei,
2791 2045 3211 2115 praedecessoris
3255 2048 3592 2118 apostolatus
3638 2065 3739 2107 ve-

2146 2137 2243 2193 stri
2272 2136 2495 2206 Zosimi,
2527 2152 2669 2192 anno
2699 2138 3013 2195 consulatus
3050 2138 3276 2195 Honorii
3307 2141 3535 2211 Augusti
3562 2142 3738 2200 unde-

2144 2233 2309 2298 cimo,
2336 2240 2390 2286 ct
2418 2229 2723 2287 Constantii
2744 2232 3009 2288 secundo.
3041 2232 3197 2289 Tunc
3222 2233 3392 2301 enim,
3423 2249 3545 2290 cum
3570 2233 3738 2292 decli-

2142 2334 2385 2390 naretur,
2418 2339 2485 2379 ne
2507 2324 2717 2380 decimo
2745 2324 3004 2381 kalendas
3036 2325 3159 2380 Maii
3191 2324 3308 2381 dies
3336 2325 3560 2384 Puschae
3584 2337 3738 2386 tene-

2141 2425 2311 2484 retur,
2331 2426 2361 2454 ιι
2382 2416 2711 2473 celebratum
2739 2426 2931 2473 octavo
2955 2417 3040 2474 die
3053 2417 3311 2474 kalendas
3322 2418 3543 2489 Aprilis,
3563 2419 3613 2475 id
3627 2429 3737 2488 est,

2140 2542 2403 2604 quatenus
2426 2532 2655 2588 Romani
2689 2531 3051 2604 discreparint
3071 2532 3122 2604 in
3146 2530 3539 2587 constituendis
3574 2532 3737 2604 anuis

2140 2602 2517 2660 communibus
2543 2615 2598 2659 et
2628 2604 2983 2675 embolismis,
3012 2602 3244 2658 diximus
3266 2612 3456 2658 annot.
3475 2603 3736 2675 iiufrag-

2137 2688 2383 2734 mentum
2418 2675 2673 2745 Epistolze
2701 2674 2908 2747 Cyrilli.

2208 2748 2401 2804 hCum
2448 2744 2658 2803 scilicet
2704 2744 2878 2803 annus
2932 2746 3062 2810 444,
3117 2760 3183 2801 ex
3236 2744 3736 2803 Alexandrinorum

2137 2821 2292 2892 cyclo
2334 2830 2556 2875 octavus
2602 2819 2881 2892 ogdoadis,
2912 2828 3056 2892 esset
3098 2818 3509 2892 embolismalis,
3540 2820 3737 2873 embo-
3788 2875 3799 2883 ,

2138 2888 2282 2946 Ιῑειιιί
2338 2892 2474 2945 ratio
2530 2890 2839 2961 requirebat
2890 2904 2957 2945 ne
3004 2888 3211 2945 Pascha
3260 2889 3627 2945 celebraretur
3656 2906 3736 2947 vn

2138 2962 2247 3017 kal.
2285 2962 2503 3031 Aprilis,
2539 2965 2629 3031 qui
2676 2972 2791 3016 erat
2820 2961 3021 3017 mensis
3052 2961 3468 3026 embolismens,
3506 2975 3599 3015 seu
3632 2977 3737 3031 po—

2137 3045 2373 3089 stremus
2402 3035 2527 3088 anni
2557 3035 2718 3096 sacri,
2754 3050 2857 3087 non
2893 3047 3021 3087 vero
3049 3033 3269 3100 primus,
3302 3032 3474 3100 qualis
3497 3032 3737 3089 debebat

2136 3120 2258 3177 esse
2288 3107 2490 3160 mensis
2514 3104 2804 3175 paschalis.
2834 3104 2969 3159 Vide
2995 3113 3178 3160 annot.
3209 3104 3236 3159 1
3274 3102 3415 3173 (Col.
3439 3102 3565 3171 60!,
3584 3120 3640 3157 n.
3666 3103 3735 3177 ι)

2136 3176 2190 3232 iu
2244 3179 2519 3231 laudatum
2568 3178 2953 3246 iragmentum.

2214 3247 2230 3285 ί
2258 3248 2357 3303 Ms.
2394 3247 2513 3303 Vat.
2545 3265 2558 3301 :
2593 3248 2849 3315 Quoniam
2883 3249 2927 3301 si
2970 3247 3281 3302 voluerimus
3309 3246 3440 3300 illud
3468 3246 3606 3319 quod
3628 3264 3735 3319 su-

2135 3320 2310 3389 perius
2356 3318 2599 3381 diximus,
2632 3320 2766 3373 idem
2792 3319 2931 3389 quod
2957 3320 3182 3390 primum
3230 3317 3488 3386 incurrit,
3522 3333 3593 3373 vn
3618 3317 3732 3375 kal.

2139 3394 2269 3460 Apr.
2299 3391 2383 3445 die
2407 3392 2695 3457 celebrare;
2725 3402 2998 3461 corrupte.

2214 3461 2228 3512 ι
2266 3462 2358 3518 Sic
2408 3463 2601 3517 melius
2646 3476 2712 3515 ex
2764 3460 2980 3517 laudato
3018 3460 3225 3529 codice,
3269 3460 3735 3533 quemadmodum

2139 3533 2571 3618 postea.plurali
2616 3547 2828 3604 quoque
2874 3548 3122 3599 numero,
3168 3535 3509 3606 suggerimus.
3538 3532 3732 3604 Vulg.,

2136 3622 2201 3659 ex
2239 3624 2267 3659 ο
2297 3623 2370 3659 ω.

2205 3623 2470 3731 ﬁPascha
2521 3675 2726 3732 scilicet
2755 3693 2806 3732 ix
2832 3677 2939 3733 kal.
2969 3676 3116 3744 Maii,
3167 3691 3275 3731 non
3321 3689 3453 3731 vero
3495 3690 3569 3731 vii
3611 3674 3731 3731 kal.

2138 3749 2339 3817 Aprilis
2368 3750 2654 3804 tenendum
2683 3760 2923 3813 est,cum
2955 3746 3265 3804 embolismi
3295 3749 3434 3802 ratio
3462 3747 3512 3801 id
3544 3748 3737 3814 requi-

2137 3832 2245 3883 rat,
2267 3821 2343 3875 uti
2374 3821 2891 3893 monuimusgannot.
2926 3820 2995 3876 14
3020 3818 3229 3893 (supra
3263 3819 3297 3893 Ai}
3316 3817 3357 3889 ).
3388 3818 3519 3872 llinc
3540 3828 3733 3893 autem

2137 3901 2285 3960 patet
2323 3907 2563 3947 mensem
2597 3888 3041 3947 embolismalem'
3077 3888 3387 3945 immediate
3418 3888 3733 3958 praecedere

2139 3978 2377 4017 mensmn
2415 3963 2911 4034 P.ischa3,ctipsum
2930 3962 3131 4019 Pascha
3162 3977 3271 4017 uno
3294 3975 3481 4016 mense
3509 3961 3733 4031 longius

2138 4036 2483 4102 protrudere.

2217 4104 2233 4142 ι
2265 4107 2418 4175 Apud
2452 4106 2770 4171 Marianum,
2806 4116 3054 4161 erratum.
3089 4103 3395 4160 Erratieum
3427 4120 3588 4173 porro
3608 4103 3734 4175 7R0-

2138 4174 2325 4232 manis
2346 4178 2623 4232 videbatur
2654 4179 2855 4232 Pascha
2900 4177 3216 4246 prutrahere
3249 4178 3299 4230 in
3331 4176 3472 4231 diem
3507 4191 3555 4246 ix
3604 4174 3725 4231 kal.

2140 4249 2284 4314 Maii,
2316 4251 2364 4302 id
2413 4259 2495 4303 est
2543 4252 2592 4301 in
2638 4249 2782 4303 diem
2832 4250 3020 4315 aprilis
3048 4249 3137 4304 25.
3175 4247 3345 4301 Ιιιιιιιο
3372 4247 3471 4301 sub
3499 4245 3730 4301 Zusimo

2139 4319 2477 4374 declinarunt
2519 4319 2795 4375 celebrare
2830 4321 3031 4377 Pascha
3061 4336 3091 4373 x
3123 4318 3232 4375 kal.
3266 4319 3408 4385 Maii,
3444 4333 3538 4373 seu
3565 4318 3733 4385 Apri—

2140 4391 2207 4445 lis
2236 4392 2325 4445 22.
2359 4392 2487 4445 Nam
2520 4392 2676 4447 limes
2700 4394 2919 4447 ultimus
2948 4391 3340 4445 Dominicarnm
3385 4389 3730 4459 paschalium

2140 4466 2278 4530 apud
2311 4464 2529 4517 eosdem
2560 4476 2678 4518 erat
2706 4481 2759 4518 χι
2790 4463 2897 4520 kal.
2930 4464 3072 4526 Maii,
3106 4477 3199 4516 seu
3223 4461 3426 4527 Aprilis
3454 4461 3545 4516 21.
3584 4462 3732 4518 lluic

2140 4546 2317 4588 autem
2345 4538 2632 4603 objectinni
2662 4538 2949 4604 respondet
2976 4534 3354 4596 Paschasinus,
3384 4532 3727 4590 Dominicam

2140 4606 2357 4675 quidem
2395 4606 2697 4672 paschalem
2734 4609 2996 4662 excedere
3031 4604 3271 4660 ultimum
3305 4604 3616 4660 Latinorum
3654 4605 3729 4658 li-

2144 4678 2325 4731 mitem
2370 4678 2567 4747 Aprilis
2618 4679 2713 4739 21.
2751 4697 2857 4733 non
2897 4694 3024 4733 vero
3064 4679 3203 4731 diem
3257 4677 3528 4731 PassiOuis
3580 4676 3729 4747 hunc

517 4744 913 4823 °_Atex_amlrini
952 4761 1103 4798 sitam
1128 4747 1706 4823 _enneadecateridem,
1747 4763 1843 4823 seu
1875 4763 2031 4823 suum
2063 4764 2110 4823 ι)
2140 4747 2366 4823 limitem
2400 4744 2745 4823 pertransire,
2773 4750 2931 4819 idque
2962 4765 3120 4817 posse
3141 4746 3408 4823 sufﬁcere,
3436 4749 3558 4815 quia
3589 4746 3728 4802 Pas-

443 4815 652 4884 cyclum
680 4816 1252 4883 decemumentialeiu,
1290 4820 1337 4870 id
1368 4829 1451 4872 est
1479 4835 1743 4872 annorum
1778 4820 1846 4873 19
1894 4819 2032 4873 divi-

442 4886 641 4940 debant
670 4888 720 4939 in
751 4886 1046 4955 egdoadem
1080 4898 1133 4941 et
1164 4888 1547 4944 hendecadein.
1581 4890 1791 4957 Ogdoas
1827 4892 2029 4958 primos

444 4968 565 5010 octo
594 4958 725 5027 cycli
758 4974 926 5012 annos
957 4960 1436 5027 complectebatur,
1465 4965 1734 5016 hendecas
1775 4961 2027 5017 undecim

442 5030 695 5095 reliquos.
725 5030 994 5098 Ogdondis
1023 5030 1385 5087 Paschasiuus
1416 5033 1505 5088 hic
1534 5047 1791 5099 expresse
1832 5034 2025 5087 memi-

439 5100 516 5152 nit
545 5110 593 5152 et
624 5100 856 5154 al'llrmat
883 5116 1001 5155 eam
1031 5102 1263 5172 cwpisse
1292 5121 1320 5157 a
1351 5104 1632 5159 consulatu
1662 5103 1794 5159 JEtii
1828 5104 2024 5159 iterum

437 5179 490 5223 ct
520 5172 828 5246 Sige‘svulti,
861 5172 1109 5246 nimirum
1142 5190 1284 5229 anno
1329 5177 1457 5241 457,
1505 5192 1534 5229 a
1585 5192 1689 5246 quo
1730 5177 2023 5231 decemno-

440 5243 683 5296 vennalis
710 5242 1196 5318 Alexandrinorum
1230 5250 1412 5318 cyclus
1443 5263 1537 5318 per
1562 5242 1665 5318 hoc
1684 5256 1900 5318 tempus
1927 5246 2023 5302 de-

437 5328 665 5368 currens
694 5315 1023 5369 ordiebatur.
1055 5316 1189 5370 Cum
1219 5315 1345 5373 véro
1390 5315 1563 5371 annus
1593 5317 1699 5372 444
1728 5315 1876 5374 esset
1924 5318 2023 5373 hu-

437 5383 523 5450 jus
554 5386 811 5459 ugdoadis
842 5386 1081 5452 ultimus,
1106 5388 1309 5442 idcirco
1339 5389 1575 5457 subjicit,
1612 5406 1725 5459 qua:
1767 5390 2025 5443 clauditur

436 5456 688 5529 anno,de
723 5474 824 5527 quo
867 5460 1080 5529 quaestio
1130 5460 1329 5514 videtur
1387 5456 1724 5525 exortafde
1761 5461 2024 5518 Paschate

438 5528 771 5600 enimnhujus
790 5528 915 5585 anni
938 5540 1055 5585 erat
1084 5530 1395 5600 disputatio.

512 5598 539 5674 ᾗ
566 5598 759 5655 Noster
786 5604 976 5663 codex,
1011 5598 1309 5674 Segisuulti,
1334 5621 1448 5673 qua:
1478 5602 1827 5659 concluditur.
1848 5604 2023 5674 Ques-

435 5670 608 5744 uellus
633 5674 977 5744 inrmargine.
1002 5670 1111 5742 A|.,
1143 5670 1452 5744 Sigismildi.

504 5751 528 5787 κ
560 5743 658 5797 Ms.
686 5743 803 5798 Vat.
834 5743 853 5799 ξ
882 5746 993 5799 Duo
1020 5758 1133 5799 sunt
1166 5743 1361 5814 priores
1408 5748 1532 5802 anui
1571 5765 1878 5811 communes.
1912 5758 2015 5804 ter-

434 5813 529 5890 tius
559 5815 1073 5890 cnibolismus;item
1112 5813 1323 5890 quartus
1363 5828 1409 5873 ct
1450 5822 1658 5890 quintus
1691 5838 2009 5877 communes.

429 5880 553 5939 llaec
594 5894 768 5941 autem
800 5889 853 5944 in
885 5880 1368 5953 Alexandrinorum
1399 5880 1688 5957 rationein,
1734 5908 1761 5945 a
1810 5893 2001 5959 quibus

2137 4819 2257 4885 cha,
2287 4821 2447 4873 sicuti
2479 4820 2681 4875 Graecis
2725 4822 2956 4889 videtur,
2990 4835 3017 4873 a
3051 4821 3299 4888 pas~ione
3341 4832 3536 4873 nomen
3566 4833 3727 4873 acce-

2136 4894 2232 4959 pit.
2268 4892 2509 4946 Similem
2535 4893 2940 4960 responsionem
2976 4892 3277 4945 indicarunt
3301 4893 3461 4945 etiam
3489 4889 3727 4945 Ambro-

2134 4963 2245 5016 sius
2274 4964 2325 5016 in
2370 4962 2598 5032 epistola
2629 4964 2695 5018 ad
2731 4965 3014 5033 episcopos
3040 4961 3293 5025 ASmiltae,
3320 4973 3373 5017 et
3400 4960 3635 5033 Cyrillus
3668 4962 3726 5017 in

2132 5033 2362 5102 Prologo
2390 5034 2657 5104 paschali;
2688 5037 2782 5090 sed
2816 5036 2867 5088 hi
2919 5049 3017 5103 per
3058 5034 3199 5087 diem
3248 5034 3522 5088 PassiOuis
3553 5033 3725 5087 intel—

2132 5104 2386 5160 lexerunt
2416 5108 2593 5159 lunam
2627 5107 2715 5171 M,
2750 5110 2803 5161 in
2837 5121 2996 5175 quam
3030 5104 3255 5159 cadebat
3284 5104 3484 5158 Pascha
3520 5104 3722 5173 legale.

2132 5178 2273 5248 quod
2304 5175 2401 5231 fuit
2424 5186 2580 5248 typus
2606 5174 2877 5232 Passimiis
2907 5176 3127 5248 Christi.
3151 5174 3274 5248 llaec
3293 5185 3468 5248 tamen
3489 5174 3722 5248 Pascha:

2132 5246 2234 5300 sini
2283 5251 2421 5302 ratio
2446 5244 2633 5303 'Leoni
2674 5250 2974 5317 persuasit:
3010 5245 3152 5301 unde
3195 5246 3411 5317 Pascha,
3445 5247 3571 5299 anni
3612 5244 3725 5299 444

2130 5319 2463 5374 celebratum
2489 5320 2586 5374 fuit
2628 5316 2684 5373 ni
2705 5320 2814 5375 kal.
2850 5318 2995 5377 Maii.
3039 5329 3097 5373 ut
3138 5325 3367 5371 testatur
3398 5316 3633 5384 Prosper
3665 5318 3722 5372 in

2128 5390 2398 5446 Chronico
2429 5390 2674 5460 inquiens
2710 5410 2722 5445 :
2759 5391 2869 5445 Nec
2914 5398 3138 5444 erratum
3165 5397 3258 5455 est,
3289 5389 3411 5460 quia
3439 5388 3493 5441 in
3536 5389 3635 5460 die,
3670 5404 3722 5443 XI

2127 5461 2232 5515 Ital.
2270 5461 2441 5516 Maias
2470 5458 2576 5516 dies
2600 5460 2868 5517 Passionis
2902 5462 3018 5532 fuit.
3052 5460 3220 5515 Immo
3247 5458 3362 5532 ipse
3385 5458 3517 5524 Leo,
3551 5458 3720 5532 epist.

2130 5533 2227 5587 121
2280 5534 2345 5587 ad
2380 5534 2706 5588 Marcianum
2755 5530 2957 5602 scripta
3000 5548 3090 5587 an.
3126 5532 3248 5597 455,
3286 5531 3423 5585 hanc
3466 5530 3720 5588 eamdem

2089 5673 2096 5681 .
2131 5606 2396 5681 rationem
2428 5605 2705 5681 adoptavit
2733 5620 2853 5675 cap.
2881 5604 2937 5660 2.

2194 5686 2234 5712 ω
2267 5673 2548 5731 Μπὶειιυέ
2576 5676 2722 5732 delet
2765 5673 2950 5732 vocem
2987 5674 3198 5731 ercis.
3231 5673 3354 5730 Mox
3389 5688 3486 5745 pro
3518 5674 3717 5743 accepit

2122 5748 2174 5804 in
2202 5749 2325 5803 cod.
2356 5748 2477 5804 Vat.
2512 5748 2669 5817 Reg.,
2697 5750 2905 5820 accipit.

2118 5893 2134 5947 Ι
2166 5829 2219 5945 bu
2250 5820 2395 5875 Idem
2429 5821 2554 5876 cod.
2587 5820 2733 5892 Vat.,
2783 5817 3141 5878 celebrandum
3169 5828 3265 5889 est,
3295 5817 3589 5890 legendum
3627 5833 3713 5874 σοι

2139 5908 2163 5948 ι’
2200 5902 2367 5947 ratum
2393 5901 2487 5948 ι’δί.
