4006 6348
279 320 361 378 “3
1640 301 1972 359 EPISTOLA
2017 300 2077 357 ν.

3381 306 3483 363 614

273 434 309 489 ιε
341 442 431 500 qua
462 423 673 480 forsitan
702 422 770 476 de
812 420 896 475 his
915 416 1201 474 commissa
1242 423 1389 481 sunt,
1417 414 1755 485 corrigantur
1785 455 1799 479 ,
1829 418 1884 477 Α
1912 413 2161 481 Domino,
2194 412 2285 484 qui
2314 412 2682 484 multipliciter
2712 424 2765 469 et
2806 415 2859 469 in
2895 422 3206 485 perpetuum
3236 430 3484 473 mansura

277 534 296 561 ι
318 535 397 577 nec
423 518 567 573 liceat
594 514 731 567 ultra
763 510 1057 579 committi,
1097 518 1150 564 et
1189 522 1259 563 ne
1294 521 1401 578 qua
1429 509 1705 563 excusatio
1734 509 1802 563 de

273 610 557 685 ignoratione
578 614 1201 673 nascatur;quamquam
1232 600 1479 668 ignorare
1510 614 1798 667 numquam

274 706 487 764 licueritb
507 704 837 758 sacerdotem
864 745 879 769 ,
923 700 1068 770 quod
1103 712 1368 752 canonum
1414 696 1576 749 fuerit
1606 694 1801 765 regulis

269 799 396 873 615
424 795 709 848 deﬁnitum.
760 792 883 846 Haec
929 805 1056 858 ergo
1087 788 1153 841 ad
1202 787 1505 856 provincias
1551 796 1796 846 vestras,

273 910 341 961 per
377 888 745 949 lnnocentlum,
790 882 1107 951 Legitimum
1137 889 1189 933 et
1217 890 1238 916 ε
1264 877 1537 947 Sogetium
1560 920 1575 944 ,
1610 878 1801 931 fratres

268 994 308 1038 et
336 980 661 1048 coepiscopos
700 986 936 1038 nostros,
978 973 1176 1041 scripta
1219 970 1547 1034 direximus;
1593 977 1651 1021 ut
1683 984 1799 1039 qua:

269 1076 375 1128 male
403 1071 681 1137 pullulasse
710 1076 1026 1128 noscuntur,
1059 1064 1315 1118 radicitus
1354 1064 1665 1118 evelluntur
1690 1104 1704 1129 ,
1747 1071 1802 1115 et

269 1181 454 1221 illCSSl'III
488 1161 817 1215 Dominicam
847 1155 874 1193 ά
901 1156 1103 1212 zizania
1142 1156 1288 1209 nulla
1326 1164 1692 1223 corrumpant.
1722 1152 1799 1207 Ita

268 1261 374 1314 enim
401 1255 625 1309 fructum
658 1252 877 1307 uberem
907 1266 1025 1320 qua:
1053 1260 1174 1303 sunt
1205 1250 1411 1302 sincera
1453 1247 1798 1315 praestabunt,

265 1368 297 1404 tl
320 1365 368 1403 ea
393 1362 501 1416 quae
525 1356 703 1399 natam
728 1355 966 1413 segetem
985 1352 1007 1380 °
1035 1356 1265 1397 enecare
1292 1347 1688 1395 consueverunt
1718 1339 1800 1393 di-

266 1439 471 1511 ligetililts
503 1446 873 1499 amputentur.

314 1532 420 1588 Car.
442 1529 523 1585 ιιι.
563 1529 733 1585 Usura
766 1527 913 1581 laicis
935 1536 981 1580 et
1009 1524 1209 1579 clericis
1235 1523 1523 1579 interdicta.
1546 1552 1619 1564 —
1642 1521 1662 1561 ί
1694 1522 1801 1577 Nec

264 1628 341 1681 hoc
373 1638 573 1693 quoque
608 1620 1035 1691 praetereundum
1068 1635 1189 1674 esse
1219 1620 1487 1682 duximus,
1538 1618 1800 1687 quOsdatn

263 1720 363 1774 lucri
406 1716 573 1787 turpis
612 1716 901 1787 cupiditate
925 1724 1135 1783 captos,
1163 1724 1187 1761 8
1216 1714 1515 1767 usurariam
1547 1727 1801 1767 exercere

1904 503 2188 573 retribuet,
2213 506 2452 574 recipere
2480 506 2774 559 valeamus.

1972 599 2103 655 CAP.
2132 599 2194 654 V.
2225 597 2508 671 Episcopus
2534 616 2752 653 canones
2782 601 3068 671 infringens
3093 600 3384 670 dejiciatur.
3414 630 3487 643 --

1901 689 2017 744 Hoe
2044 689 2223 760 itaque
2242 692 2535 745 admoititio
2558 701 2739 747 nostra
2767 693 3067 761 denuntiat,
3092 694 3232 764 quod
3255 696 3297 749 si
3321 704 3349 732 ιι
3365 696 3486 767 quis

1903 781 2130 835 fratrum
2158 793 2343 835 contra
2378 782 2493 836 lucc
2515 785 2805 837 c0nstituta
2836 792 2861 819 ο
2888 784 3073 839 venire
3103 788 3406 849 tentaverit,
3434 798 3489 842 et

1905 874 2171 942 prohibita
2204 874 2367 931 fuerit
2409 891 2570 930 ausus
2615 877 2934 942 admittere,
2978 895 3006 933 a
3048 894 3149 936 suo
3175 895 3234 935 se
3282 884 3489 936 noverit

1903 968 2086 1020 oflicio
2132 967 2559 1021 submovendum
2585 1007 2599 1028 ,
2650 982 2750 1023 nec
2779 978 2807 1018 P
2848 971 3239 1025 communionis
3286 981 3484 1025 nostra:

1903 1057 2139 1113 futurum
2172 1074 2292 1115 esse
2318 1068 2627 1113 consortem
2654 1102 2668 1125 ,
2716 1061 2805 1130 qui
2837 1064 3013 1115 aocius
3044 1077 3164 1116 esse
3196 1063 3365 1117 noluit
3407 1063 3488 1117 di-

1904 1150 2165 1218 sciplinae.
2199 1152 2274 1206 Ne
2302 1152 2427 1221 quid
2462 1167 2589 1206 vero
2610 1152 2845 1219 sitquod
2877 1157 3296 1221 praetermissum
3324 1170 3353 1207 a
3390 1170 3486 1207 IIO-

1904 1242 1988 1297 bis
2035 1244 2173 1300 forte
2203 1246 2472 1310 credatur,
2506 1246 2680 1299 omnia
2712 1245 3001 1301 decretalia
3034 1248 3345 1315 constituta,
3377 1256 3483 1301 tam

1904 1336 2074 1391 beata:
2104 1338 2496 1393 recorditionis
2543 1338 2877 1405 Innocentii,
2908 1355 3066 1408 quam
3106 1339 3343 1395 omnium
3393 1338 3487 1394 de-

1902 1442 2178 1495 cessornm
2210 1438 2538 1494 nostrorum,
2571 1445 2686 1498 qui-
2720 1429 2787 1483 de
2826 1430 3204 1484 ecclesiasticis
3233 1439 3260 1481 ιι
3286 1431 3487 1486 ordini-

1906 1523 2003 1575 bus
2047 1535 2100 1577 et
2135 1538 2405 1578 can0num
2456 1525 2789 1593 proinulgata
2822 1534 2943 1576 sunt
2986 1522 3308 1592 disciplinis,
3355 1522 3427 1577 ita
3456 1539 3487 1577 a

1905 1626 2083 1668 vestra
2130 1616 2425 1670 dilectione
2453 1614 2712 1668 custodiri
2758 1614 2957 1669 debere
2987 1614 3326 1681 mandamus,
3358 1624 3415 1668 ut
3442 1614 3485 1667 si

1904 1706 2026 1773 quis
2054 1714 2075 1743 τ
2110 1708 2160 1759 in
2193 1706 2280 1759 illa
2318 1704 2681 1770 commiserit,
2711 1707 2919 1759 veniam
2963 1706 3060 1759 sibi
3107 1707 3361 1774 deinceps
3392 1720 3487 1760 no-

261 1812 514 1882 pecuniain,
548 1821 604 1863 et
636 1809 818 1863 fenore
843 1808 979 1861 velle
1020 1807 1307 1862 ditescere.
1358 1806 1509 1872 Quod
1542 1822 1663 1868 nos,
1694 1821 1800 1860 non
1831 1804 1879 1865 B
1906 1798 2043 1853 νεΐίῑ
2077 1798 2351 1869 denegari-
2400 1800 2526 1853 Da'a
2577 1814 2729 1853 ³⁸1⁸0
2774 1799 2895 1853 idus
2939 1798 3186 1854 Οεῑυῧΐίδ
3208 1838 3223 1863 ν
3257 1798 3486 1854 Μειιίσηο

258 1903 394 1957 dicam
418 1902 464 1954 in
494 1915 593 1955 eos
618 1902 706 1970 qui
736 1909 858 1953 sunt
902 1899 953 1953 in
985 1898 1221 1953 clericali
1265 1899 1440 1954 officio
1489 1899 1793 1962 constituti,

256 1993 326 2050 sed
349 1989 438 2047 het
459 1993 507 2045 in
536 1991 705 2046 laicos
733 1990 945 2056 cadere,
978 1992 1066 2061 qui
1099 1989 1434 2045 Christianos
1461 2006 1520 2045 se
1547 1991 1652 2045 dici
1695 2006 1793 2045 cu-

257 2088 388 2153 piUoI,
430 2084 801 2138 condolemus.
852 2083 1003 2150 Quod
1035 2084 1296 2137 vindicari
1348 2086 1524 2137 acrius
1564 2082 1579 2120 ί
1618 2084 1669 2137 iu
1699 2098 1793 2139 eos

255 2179 319 2247 qui
344 2174 530 2230 fuerint
559 2174 819 2229 couiutati
850 2175 1213 2241 decernimus,
1247 2186 1303 2229 ut
1334 2176 1509 2229 omnis
1540 2175 1795 2245 peccandi

254 2270 583 2339 opportunitas
603 2269 894 2322 adimatur.

302 2362 410 2417 Car.
438 2360 522 2416 IV.
556 2361 672 2416 Nec
700 2379 814 2429 suo,
838 2378 926 2415 nec
952 2359 1127 2415 alieno
1153 2360 1355 2414 nomine
1395 2360 1541 2431 fmus
1563 2368 1793 2414 exerceat

250 2453 531 2509 clericus.—
560 2456 576 2505 i
622 2454 755 2508 Illud
778 2453 937 2509 etiam
960 2452 1211 2507 duximus
1241 2453 1704 2522 praemoneudum,
1739 2462 1795 2506 ut

248 2541 396 2599 sicutli
434 2560 539 2599 non
570 2559 693 2611 suo,
724 2545 796 2599 ita
839 2559 940 2600 uec
967 2544 1143 2599 alieno
1180 2544 1417 2614 nomine,
1462 2542 1652 2611 aliquis
1680 2545 1793 2598 cie-

248 2637 435 2689 ricorom
462 2634 480 2672 ι
509 2650 773 2691 exercere
799 2635 955 2690 fenus
980 2644 1238 2701 attentet;
1268 2636 1519 2690 indecens
1544 2637 1685 2689 enim
1709 2645 1795 2691 est

244 2728 408 2783 rrimer
439 2744 598 2784 suum
649 2729 946 2785 commodis
991 2729 1185 2784 alienis
1233 2730 1565 2799 impendere.
1616 2730 1792 2784 Fenus

245 2831 387 2876 autem
414 2821 515 2876 hoc
544 2823 723 2877 solum
765 2823 1007 2892 aspicere
1058 2831 1112 2878 et
1152 2837 1406 2878 exercere
1435 2823 1598 2894 616
1624 2822 1790 2878 debe-

244 2928 353 2980 mus,
382 2925 433 2970 ut
462 2916 613 2987 quod
644 2916 727 2974 hic
760 2916 1181 2973 misericorditer
1221 2916 1523 2982 tribuimus,
1555 2926 1595 2953 ιη
1627 2915 1695 2971 ab
1723 2930 1791 2971 eo

298 3106 316 3134 ι
343 3095 449 3150 Vat.
482 3096 706 3151 collect.
735 3098 827 3159 25,
871 3112 933 3150 ne
970 3098 1140 3153 liceat.
1183 3095 1249 3150 Et
1286 3096 1445 3164 paulo
1487 3106 1607 3165 post
1656 3110 1792 3151 unus
1819 3096 1866 3160 Ο

244 3168 358 3231 Vat.,
386 3186 445 3223 ne
470 3186 576 3236 qua
602 3171 861 3222 excusatio
886 3169 1189 3237 ignorantia:
1216 3178 1479 3221 nascatur.

295 3240 316 3280 δ
345 3242 445 3294 Duo
472 3241 648 3300 Vatt.,
678 3241 948 3294 sacerdoti.
982 3241 1123 3309 Mos,
1147 3242 1271 3311 quid
1296 3255 1547 3292 canonum
1571 3238 1623 3291 in
1655 3238 1791 3292 duo-

240 3326 317 3368 ous
349 3311 629 3365 Vindeliou

295 3392 315 3421 ο
352 3382 457 3435 Duo
500 3381 739 3435 Vercell.
779 3381 1089 3451 Sigentium.
1132 3382 1299 3435 Paulo
1343 3392 1461 3451 post
1508 3379 1796 3452 pullulasse

242 3453 584 3506 dinoscuntur
612 3457 663 3505 in
692 3452 915 3506 Vindeb.
950 3454 1099 3506 Iliso.

274 3454 584 3520 ignoscuntur
612 3457 663 3505 in
692 3454 915 3507 Vindeb.
950 3454 1099 3520 Ilisp.

269 3469 584 3523 ignosceretur
612 3470 663 3505 in
698 3469 915 3507 vmueu.
950 3469 1099 3520 tttsp.

291 3522 313 3561 ἀ
347 3525 467 3580 Mss.
509 3527 684 3579 Corb.
714 3536 766 3578 et
791 3524 1002 3579 Thuau.
1048 3526 1074 3581 1
1108 3523 1413 3591 Quesnelli,
1450 3540 1541 3593 per
1590 3524 1795 3577 zizania

238 3595 379 3648 nullus
406 3605 736 3659 corrumpat.

293 3675 312 3703 °
338 3666 490 3721 Iidem
518 3666 796 3735 Quesnclli
825 3665 1005 3729 codd.,
1056 3666 1347 3736 inquinare.
1395 3666 1507 3719 Duo
1535 3664 1789 3736 Vindeb.,

236 3752 400 3790 mare.

292 3804 309 3845 τ
336 3807 414 3879 μ,
445 3823 536 3877 qu.
572 3805 632 3873 4,
661 3805 771 3861 Nec
796 3806 892 3862 hoc
912 3806 1339 3879 praetermodum,
1373 3823 1423 3864 c.
1454 3808 1507 3863 7.

290 3886 311 3924 ε
338 3878 461 3933 Vide
486 3892 608 3931 um.
642 3880 672 3932 7
700 3880 899 3945 Quesu.

287 3945 310 3983 δ
342 3950 663 4002 l’articulam
699 3959 747 4003 et
780 3950 1082 4005 addidimus
1129 3964 1194 4003 ex
1223 3948 1340 4003 Vat.
1378 3949 1640 4018 Dionysii,
1666 3948 1794 4003 Vin-

236 4017 397 4073 debon.
428 4022 657 4074 collect.
682 4021 715 4076 5
743 4021 1054 4087 Crescouio,
1082 4020 1203 4077 Vat.
1241 4020 1389 4091 Hisp.
1409 4030 1462 4075 et
1490 4017 1613 4075 Isid.
1648 4023 1795 4075 aliis-

231 4104 312 4159 que
338 4092 502 4146 tribus
533 4092 705 4146 codd.

292 4160 304 4198 ί
330 4165 673 4228 Quesnellus,
699 4164 753 4216 in
778 4164 862 4216 iis.
888 4162 1222 4217 Praetulimus
1247 4161 1529 4217 lectionem
1549 4161 1789 4217 omnium

232 4244 507 4286 nostrorum
542 4250 679 4287 mss.
707 4245 864 4301 atque
896 4234 1194 4287 Cresconii.
1229 4235 1344 4287 Vat.
1392 4235 1605 4287 collect.
1635 4233 1705 4286 ‘24
1736 4238 1791 4287 in

230 4317 315 4366 eos,
339 4307 418 4369 qui
449 4306 668 4375 fuerunt
695 4305 1023 4375 comprobati.
1057 4304 1186 4359 Dein
1221 4305 1534 4359 decrevimus
1565 4318 1660 4373 pro
1698 4307 1788 4357 de-

231 4388 451 4429 cernimus
475 4379 526 4428 in
567 4374 690 4429 Vat.
714 4375 948 4445 Dionysii
975 4388 1030 4430 et
1058 4376 1266 4431 duobus
1299 4376 1526 4429 Vercell.

284 4447 300 4495 i
331 4447 383 4499 ln
413 4448 707 4499 tiorbeien.
741 4458 793 4500 et
815 4446 1024 4500 Tltuau.
1050 4445 1075 4499 1
1101 4449 1373 4516 Quesneili
1398 4446 1500 4502 hoc
1528 4454 1790 4517 caputest

230 4526 328 4582 pars
352 4518 549 4585 capitis
585 4519 959 4583 prmeedeutis.

284 4585 304 4621 ι
328 4588 452 4639 Iiist.
486 4585 589 4652 46,
620 4587 767 4641 Sicut
790 4603 891 4640 non
917 4603 1033 4653 suo,
1067 4604 1117 4642 c.
1148 4588 1236 4643 10.

286 4655 299 4693 ι
338 4656 567 4712 Vindeti.
601 4660 747 4724 llisp.
773 4668 829 4714 et
857 4658 973 4713 Vat.
1001 4659 1215 4717 collect.
1237 4659 1330 4725 24,
1356 4659 1719 4716 exercendum.

282 4736 314 4763 ⁸³
340 4729 595 4796 Quinque
623 4728 809 4793 codd.,
838 4746 870 4782 a
897 4730 1131 4784 Domino.

282 4805 304 4832 ³
334 4800 473 4870 ψει.
508 4799 607 4860 19.
632 4813 681 4854 c.
711 4800 762 4867 l,
793 4798 854 4855 Si
882 4800 1035 4854 Rom.
1058 4801 1267 4870 pontiﬁ,
1295 4798 1322 4869 ᾗ
1347 4800 1539 4864 Quibus
1569 4801 1639 4852 ad
1662 4802 1789 4855 lucc.

282 4875 302 4939 9
333 4869 485 4939 Vulg.
519 4878 650 4925 ante
675 4870 874 4935 Quesn.
912 4886 1035 4924 cum
1060 4869 1437 4926 ’Vat.'collect.
1470 4870 1558 4936 24,
1602 4874 1791 4925 uenerit

224 4938 291 5059 (vel
312 4938 471 5021 venire
499 4943 791 4997 tentaverit.
826 4940 1124 4997 Vindebou.
1156 4942 1365 4998 collect.
1405 4940 1466 5009 5,
1494 4943 1661 4997 venire
1696 4960 1784 4997 vo-

244 5021 368 5059 item.

244 5018 369 5065 ιιεηι.

278 5090 301 5128 ιι
331 5084 443 5138 Vat.
481 5083 644 5151 Hisp.
677 5098 797 5138 cum
826 5082 1032 5136 duobus
1062 5082 1179 5136 aliis
1202 5096 1330 5138 mss.
1365 5084 1512 5137 addit
1532 5099 1670 5138 eum.

276 5159 300 5201 ιι
330 5154 477 5223 Vulg.
514 5164 643 5208 ante
664 5154 861 5221 Quesn.
886 5168 1005 5207 cum
1029 5156 1158 5207 solis
1181 5171 1309 5208 mss.
1332 5156 1542 5209 collect.
1577 5153 1667 5215 24,
1698 5170 1785 5207 or-

220 5222 551 5293 dinationibus
603 5233 650 5277 et
702 5241 956 5278 canonum
1010 5224 1249 5278 ordinata
1301 5235 1417 5279 sunt
1471 5227 1777 5293 disciplinis.

220 5289 332 5361 Vide
362 5304 476 5350 not.
509 5295 547 5349 8
573 5296 776 5361 Quesu.
820 5306 874 5349 et
898 5294 1326 5351 observationem
1360 5289 1618 5351 nostram.
1655 5298 1779 5351 Mox

220 5360 355 5437 iidem
388 5360 605 5437 Vulgati
630 5382 750 5420 cum
785 5364 1083 5420 Vindebou.
1130 5375 1185 5419 et
1218 5366 1328 5420 Vat.
1366 5370 1513 5434 llisp.
1546 5367 1778 5437 aliisque

217 5435 426 5505 quinque
452 5436 647 5503 codd.,
689 5438 762 5490 ita
792 5448 1007 5489 uestram
1048 5438 1366 5490 dilectionem
1403 5440 1659 5491 custodire
1688 5435 1779 5491 de-

217 5502 311 5579 fer:
342 5502 679 5564 mandamus.
698 5506 815 5579 Sed
848 5505 970 5579 Vat.
1015 5507 1273 5579 Dionysii,
1305 5509 1531 5564 Viudeb.
1564 5511 1781 5565 Collect.

218 5572 374 5648 _50nui
421 5578 742 5633 IIadrianeis
778 5589 829 5633 et
862 5572 1173 5633 Florentino
1215 5582 1271 5635 S.
1305 5580 1463 5635 Marci
1505 5580 1780 5648 Quesncili

214 5643 481 5704 lectionem
520 5658 755 5704 tuentur.

274 5726 293 5755 τ
316 5720 480 5800 Iidem
514 5719 723 5792 Vulgati
750 5734 875 5778 cum
902 5733 1030 5776 mss.
1064 5720 1273 5778 collect.
1308 5720 1401 5789 24,
1435 5722 1526 5776 illa
1553 5732 1783 5777 contem-

1817 4489 1870 4550 D

1902 1894 2093 1948 iterum
2125 1906 2179 1948 et
2204 1893 2411 1948 Paterio
2436 1899 2459 1928 ⁸
2484 1891 2614 1946 viris
2640 1891 2960 1947 clarissimis
2980 1891 3315 1948 consulibus.

2327 2048 2507 2121 {617
2550 2048 2570 2086 ί
2617 2046 2953 2104 EPISTOLA
2995 2047 3058 2101 v.

2011 2174 2037 2203 υ
2067 2182 2134 2222 ΔΙ)
2163 2178 2443 2221 ειηδοοιδοε
2472 2178 2942 2219 IETBOPOLI'I'ANOS
2972 2178 3073 2219 νει
3101 2178 3383 2220 ιιιῐιιῐεωι

2506 2249 2884 2291 (ιοκδτιτυτοε.

1902 2346 2174 2404 SYNMSIS.
2207 2376 2278 2387 —
2304 2346 2346 2401 I.
2376 2343 3069 2419 lllicitoscontratcanones
3110 2357 3321 2403 conatus
3360 2364 3487 2419 pru-

1970 2421 2146 2473 denter
2172 2419 2375 2491 monitis
2406 2418 2790 2491 ρνωρςηὶνὶε-
2814 2416 2878 2472 II.
2925 2417 3067 2491 I’ices
3094 2434 3213 2474 suas
3236 2436 3326 2491 per
3357 2416 3489 2489 Illy-

1969 2492 2133 2543 ricum
2181 2487 2452 2542 Anastasio
2502 2487 2937 2541 Thcssalonicensi
2978 2505 3114 2543 more
3154 2487 3488 2557 pra’dvcrsso-

1971 2577 2086 2614 rum
2116 2577 2320 2613 suorum
2350 2562 2635 2613 committit.
2658 2587 2730 2600 -—
2755 2560 2843 2614 III.
2887 2558 3130 2632 Bigamos
3151 2600 3170 2628 ,
3213 2559 3486 2615 viduarum

1971 2643 2183 2686 maritos
2226 2641 2310 2685 aut
2352 2632 2737 2700 repudiaturum
2776 2648 2807 2682 a
2847 2631 3131 2685 sacerdou'o
3173 2648 3235 2686 ea:
3278 2634 3488 2686 canoni-

1972 2703 2065 2758 bus
2091 2703 2256 2756 arceri
2287 2704 2442 2765 iubet.
2473 2731 2543 2743 —
2569 2703 2655 2757 IV.
2690 2700 2757 2756 Ut
2787 2701 3123 2769 provinciales
3153 2703 3377 2772 episcopi
3418 2703 3488 2756 ad

1970 2774 2404 2844 metropolitanos,
2440 2778 2510 2826 sic
2542 2775 2955 2844 metrOpolitanos
2982 2774 3048 2826 ad
3087 2776 3362 2827 exarcltum
3398 2791 3489 2827 seu

1970 2843 2216 2899 vicarium
2250 2846 2521 2911 pertinere.
2550 2870 2624 2884 ——
2655 2844 2717 2896 V.
2749 2843 3059 2916 Eorumdein
3090 2861 3196 2898 esse
3236 2852 3489 2916 metropo-

1972 2917 2159 2971 litanos
2190 2916 2453 2979 ordinare,
2484 2926 2530 2970 et
2560 2917 2623 2969 dc
2646 2915 3019 2986 prouinciarum
3044 2924 3183 2972 statu
3216 2917 3286 2970 ad
3316 2915 3488 2973 sedem

1973 3103 1996 3131 ⁸
2026 3094 2236 3158 anaati
2266 3110 2457 3151 omnes
2481 3109 2601 3149 cum
2633 3094 2903 3163 plerisque
2932 3110 3086 3159 mss.,
3120 3095 3369 3162 Paterno,
3401 3114 3488 3154 re-

1906 3166 2047 3237 iecto
2080 3170 2133 3221 in
2163 3170 2453 3237 marginem
2487 3165 2717 3233 Paterio,
2748 3168 2888 3237 quod
2923 3169 2972 3222 in
3017 3168 3220 3223 Mei-lini
3252 3171 3488 3227 editione

1927 3183 2047 3222 eeto
2080 3184 2133 3221 tn
2163 3183 2453 3237 marginem
2487 3183 2717 3233 raterto,
2748 3183 2888 3237 quod
2923 3184 2972 3222 In
3017 3183 3220 3223 merltnl
3252 3183 3487 3227 emuoae

1898 3183 2214 3312 iegebotur;
2246 3252 2300 3293 et
2330 3254 2426 3292 nos
2452 3239 2519 3312 _in
2550 3237 2666 3293 Vat.
2708 3249 2760 3312 et
2791 3237 3090 3312 Vindelion.
3143 3238 3291 3312 Hisp.
3338 3251 3392 3297 et
3433 3241 3487 3299 in

1900 3312 2006 3363 alio
2042 3309 2162 3363 Vat.
2197 3311 2409 3363 collect.
2443 3308 2503 3362 lt
2553 3310 2869 3378 reperimus.
2902 3309 3047 3365 llanc
3089 3308 3266 3365 autem
3300 3312 3488 3367 lectio-

1900 3396 2023 3452 nem
2055 3382 2278 3433 omnino
2319 3382 2602 3435 teneodani
2651 3384 2853 3448 optime
2880 3382 3069 3449 probat
3099 3381 3289 3452 Pagius
3310 3384 3375 3438 ad
3419 3387 3485 3438 Α.

1897 3451 2029 3515 445,
2064 3469 2213 3525 ιιυιιιζ
2249 3454 2270 3506 l
2304 3463 2359 3506 et
2387 3453 2477 3514 ll.
2521 3466 2751 3525 cautique
2797 3451 3400 3525 confirmat‘GL-orgius
3431 3456 3485 3511 iu

1900 3526 2044 3577 notis
2076 3526 2145 3595 ad
2192 3523 2410 3592 Pagium
2461 3524 2768 3576 novissimae
2797 3521 3023 3595 Lticensi
3054 3521 3487 3595 editioni'subje-

1900 3597 2021 3648 etis.
2076 3592 2206 3646 Rern
2253 3612 2378 3646 vero
2407 3607 2554 3646 estra
2584 3609 2797 3647 omnem
2842 3594 3013 3647 aleam
3057 3599 3203 3663 ponit
3247 3592 3485 3653 coaevum

1901 3680 2257 3735 papyraco'tlm
2275 3666 2653 3717 documentum
2680 3664 2928 3719 Ecclesia-
2952 3663 3280 3721 Ravennatis
3302 3684 3485 3723 emen-

1898 3734 2021 3789 date
2052 3752 2297 3809 recnsom
2337 3751 2365 3809 a
2409 3734 3047 3809 iiiarcliione_blzilfeioin
3084 3738 3218 3809 Hist.
3250 3738 3483 3809 Diplom.

1899 3822 2020 3875 pag.
2060 3807 2192 3874 l52,
2232 3818 2285 3859 et
2315 3806 2384 3859 ab
2406 3808 2597 3859 eodem
2634 3806 2901 3861 Vaticana:
2943 3808 3278 3863 bibliothecae
3314 3806 3485 3865 dona-

1897 3886 2042 3941 tum,
2084 3881 2132 3948 in
2184 3892 2288 3947 quo
2327 3876 2633 3930 consulatus
2683 3880 2921 3944 ejusdem
2957 3880 3086 3948 anni
3120 3878 3332 3948 Pateri,
3380 3898 3483 3936 non

1898 3957 2076 4003 autem
2108 3946 2315 4001 Pateroi
2343 3952 2560 4002 tiotuiue
2587 3950 2917 4015 designatur.
2955 3947 3125 4002 Porro
3154 3952 3287 4005 alius
3314 3946 3484 4006 anno-

1899 4028 2041 4073 lator
2072 4019 2125 4073 in
2157 4021 2342 4073 eadem
2370 4018 2599 4094 L:I_Cetl_si
2637 4023 2886 4094 editione
2930 4036 2994 4074 ex
3033 4021 3135 4075 hoc
3186 4038 3483 4094 papyraeeo

1895 4099 2247 4144 monumento
2279 4092 2476 4159 colligit
2515 4090 2800 4144 Maximum
2832 4094 2931 4144 line
2970 4106 3112 4145 anno
3146 4090 3479 4149 non's'ecuu-

1898 4162 2049 4226 duui,
2084 4163 2175 4233 sed
2222 4161 2435 4213 tertium
2461 4164 2795 4233 consulatum
2835 4164 3085 4233 gessisse,
3118 4178 3183 4217 eo
3213 4168 3353 4233 quod
3386 4167 3482 4220 ibi-

1898 4233 2020 4284 dem
2065 4232 2333 4285 scribatur
2375 4247 2517 4283 cons.
2547 4231 2763 4285 Maximi
2801 4244 2875 4286 ter
2903 4242 2951 4285 et
2990 4230 3165 4286 Pateri
3197 4230 3272 4288 vii.
3305 4252 3379 4288 cc.
3414 4236 3483 4292 At

1897 4316 2021 4357 cum
2050 4317 2240 4357 omnes
2265 4305 2430 4355 ttuSlri
2457 4302 2612 4357 t'odd.
2645 4304 2933 4369 omniaque
2958 4314 3296 4359 monumenta
3326 4322 3353 4359 a
3384 4307 3481 4361 Pa-

1896 4375 1986 4443 δίο
2016 4384 2065 4426 et
2089 4386 2119 4425 a
2149 4372 2379 4441 Georgio
2418 4372 2575 4426 allata
2625 4375 2910 4427 Maximum
2942 4376 3160 4441 integris
3202 4376 3313 4429 fere
3339 4379 3483 4432 voci-

1899 4446 1996 4497 bus
2024 4445 2228 4507 iterum,
2255 4444 2477 4496 secundo
2509 4444 2590 4497 vel
2635 4446 2707 4498 bis
2738 4450 3011 4498 consulem
3046 4454 3256 4506 vocent.
3287 4462 3482 4505 castora

1897 4526 2076 4569 autem
2122 4515 2726 4589 numeralibuslitteris
2754 4529 2830 4589 in,
2876 4518 3045 4589 palam
3091 4516 3231 4589 litin
3281 4532 3482 4589 pipyro

1898 4602 2004 4640 non
2029 4598 2103 4639 ter
2127 4586 2408 4655 legendum
2430 4586 2523 4639 sed
2548 4587 2689 4648 iter.,
2716 4588 2763 4637 id
2792 4593 2875 4640 est
2895 4588 3097 4653 iterum,
3125 4588 3195 4641 ita
3222 4586 3482 4647 ubiut—era

1897 4659 1916 4711 i
1947 4665 2206 4712 sumenda
2240 4658 2311 4711 sit
2355 4671 2425 4710 ex
2458 4656 2601 4710 finali
2637 4656 2780 4711 voois
2833 4662 3184 4724 [tmersalentis
3228 4657 3479 4728 Maximi,

1898 4743 2019 4782 cum
2070 4745 2174 4781 non
2225 4743 2349 4781 raro
2399 4728 2638 4794 accidat,
2691 4730 2741 4779 in
2796 4728 3060 4794 ejusmodi
3122 4735 3483 4788 monumentis

1898 4802 2071 4853 omitti
2101 4800 2362 4853 initialem
2396 4799 2650 4859 litteram,
2684 4800 2898 4868 quando
2916 4802 3243 4855 antecedens
3274 4819 3372 4857 vox
3395 4819 3486 4859 ea-

1899 4869 2021 4941 dem
2054 4872 2228 4924 littera
2249 4870 2477 4924 desiuit:
2530 4870 2688 4938 idque
2717 4873 2888 4925 multo
2919 4872 3083 4941 tangis
3116 4887 3181 4926 ex
3207 4875 3486 4941 scriptoris

1899 4940 2082 4994 indole
2112 4945 2339 5005 eruitur,
2373 4944 2459 5005 qni
2506 4941 2557 4993 in
2604 4942 2731 5009 ipsis
2766 4941 2987 4994 vocibus
3014 4940 3194 4999 Pateri
3225 4959 3278 5001 et
3312 4940 3484 5001 Theo-

1890 5008 2009 5066 dosi
2040 5014 2268 5080 duplicis
2295 5012 2333 5064 ii
2363 5008 2715 5079 scriptionem
2746 5011 2944 5081 effingit.

1964 5083 1984 5120 ί
2020 5082 2228 5151 Scripta
2265 5082 2331 5135 12
2357 5082 2577 5138 .Ianuar.
2612 5095 2701 5137 an.
2734 5080 2859 5135 444.

1957 5160 1987 5189 ιι
2016 5155 2139 5207 Haec
2171 5154 2396 5223 epistola
2425 5155 2564 5207 inter
2590 5169 2682 5208 eas
2712 5167 2795 5210 eet
2830 5168 2951 5222 qua:
2987 5154 3225 5211 collectae
3271 5157 3481 5212 fuerunt

1924 5238 1982 5278 ro
2005 5224 2240 5279 Ecclesia
2260 5223 2746 5289 Thessalonicensi,
2767 5234 2819 5279 et
2840 5225 2893 5279 in
2913 5227 3225 5282 collectione
3246 5226 3483 5283 Romana

1932 5311 2042 5350 ucaz
2090 5296 2349 5349 Holsteoii
2402 5301 2631 5363 primum
2678 5298 2817 5350 edita
2866 5296 2985 5355 fuit.
3041 5300 3164 5351 liam
3211 5314 3336 5353 vero
3378 5314 3482 5354 non

1880 5364 2143 5422 inutiliter
2204 5369 2615 5435 recognovimus
2664 5383 2783 5421 cum
2842 5384 2945 5421 ms.
3000 5369 3291 5423 Barberino
3345 5369 3484 5425 5586

1884 5438 2103 5492 Collect.
2142 5438 2231 5501 l6,
2267 5453 2330 5490 ex
2360 5454 2464 5505 quo
2495 5438 2840 5491 Holsteniana
2874 5438 3039 5492 editio
3083 5440 3311 5506 prodiit,
3360 5456 3484 5497 cum

1885 5510 1951 5562 sit
1984 5509 2143 5562 unius
2172 5507 2670 5581 Thessalonicensis
2692 5510 3024 5564 collectionts
3046 5512 3236 5581 codex.
3268 5510 3483 5581 Prmpo—

1888 5582 2063 5634 nenda
2096 5590 2273 5633 autem
2306 5580 2402 5633 luit
2430 5581 2545 5634 ilch
2582 5581 2807 5649 epistola
2859 5581 3104 5650 sequenti
3151 5580 3215 5633 ad
3262 5580 3485 5639 Anasta.

1886 5653 2050 5715 siutn,
2083 5655 2281 5719 quippe
2307 5654 2449 5721 quod
2482 5651 2671 5706 eodem
2707 5652 2831 5705 licet
2858 5653 2945 5706 die
2973 5660 3188 5705 exarata
3213 5693 3228 5718 ,
3278 5655 3327 5708 in
3360 5656 3485 5711 sub-

1888 5724 2137 5850 siettiiieiiti
2171 5733 2349 5779 tamen
2379 5723 2604 5794 epistola
2633 5736 2755 5792 cap.
2794 5721 2829 5779 6
2864 5720 2977 5793 jam
3026 5724 3332 5797 conscripta
3377 5734 3487 5786 tra-

1932 5813 1942 5848 ι
1974 5811 2055 5850 ur.

1932 5798 2055 5850 itur.
