4006 6348
510 358 612 420 515

1635 366 1695 423 S.
1739 366 1989 425 LEONIS
2027 366 2245 425 MAGNI
2296 364 2653 424 EPISTOLIE

3693 366 3799 426 616

581 483 915 555 apostolicam
958 487 1175 556 referre.
1218 506 1310 556 -—-_A
1336 480 1424 535 Vl.
1476 479 1660 556 Causa:
1705 482 1962 553 graviores
2010 483 2087 538 vel
2115 488 2473 556 Aposlquam
2501 498 2597 554 per
2614 481 2836 554 gratiam
2862 480 3198 551 baptismatis
3218 487 3298 536 est
3320 486 3797 547 renovatus,acce-

580 553 950 630 appellationes
977 553 1178 626 Illyrici
1202 554 1312 609 sedi
1342 555 1635 625 apostolica:
1661 566 2001 609 reservantur.

512 670 881 730 Dilectissimis
921 669 1172 725 fratribus
1218 668 1485 740 episcopis
1536 670 1963 741 metropolitanis
2002 684 2097 741 per

583 746 851 817 Illyricum
882 742 1189 798 constitutis
1210 741 1348 797 Lso.

577 860 704 918 Car.
741 861 781 916 l:
810 888 883 902 --
909 859 1098 916 Omnis
1123 858 1418 916 admonitio
1461 860 1710 915 salutaris
1734 901 1749 925 ,
1793 875 1952 929 quam
1993 858 2099 913 Do-

509 954 653 1012 mino
679 956 949 1010 credimus
975 956 1249 1026 aspirante
1292 955 1605 1025 contingere
1629 997 1645 1022 ,
1692 955 1746 1010 in
1792 955 2097 1010 mercedem

508 1046 715 1116 proiicit
745 1048 1014 1103 monentis
1042 1057 1097 1104 et
1121 1048 1340 1115 moniti;
1369 1059 1421 1102 et
1452 1048 1575 1103 ideo
1606 1062 1703 1102 nos
1736 1046 1838 1102 hoc
1872 1047 2101 1101 libenter

508 1143 812 1211 arripimus,
844 1143 1096 1212 quoniam
1129 1142 1345 1212 placere
1376 1142 1487 1197 Deo
1514 1151 1732 1205 nostro,
1778 1156 1885 1195 non
1926 1139 2101 1195 solum

509 1234 726 1300 nostris,
762 1234 854 1289 sed
881 1236 1122 1289 omnium
1160 1233 1388 1289 fratrum
1422 1234 1982 1301 consacerdotumque
2008 1246 2103 1287 no-

509 1337 742 1383 SIrornm
773 1329 982 1384 actibus
1009 1328 1342 1384 festinamus.
1379 1328 1433 1381 ιη
1467 1338 1704 1382 nostram
1737 1328 1879 1383 enim
1916 1341 2104 1383 recur-

510 1422 581 1476 rit
606 1423 851 1492 gratiam,
881 1422 926 1475 si
959 1422 1211 1476 Ecclesiae
1239 1421 1317 1476 sic
1346 1430 1600 1491 regantur
1629 1427 1688 1474 ut
1716 1422 1896 1476 nullus
1917 1420 2104 1491 queri-

511 1514 703 1568 moniis
726 1513 901 1567 aditus
931 1525 1219 1568 reseretur.
1254 1514 1334 1568 Sit
1361 1512 1541 1582 itaque
1569 1512 1849 1568 dilectioni
1883 1523 2101 1579 vestrae,

512 1605 701 1661 fratres
726 1607 1051 1673 eharissimi,
1075 1606 1245 1661 dulcis
1272 1616 1327 1661 et
1348 1606 1587 1676 jucunda
1610 1606 1921 1678 praeceptio,
1946 1621 2105 1676 quam

512 1700 580 1757 de
604 1700 746 1756 sedis
796 1702 1105 1771 apostolica:
1153 1701 1511 1768 auctoritate,
1566 1710 1779 1756 servata
1826 1699 2109 1756 charitatis

511 1795 702 1864 gratia,
735 1808 954 1849 manare
984 1793 1249 1859 noseatis;
1282 1809 1382 1849 nec
1409 1793 1564 1849 vobis
1592 1794 1794 1863 aliquid
1820 1793 1959 1862 juris
1987 1808 2111 1849 cre-

2204 578 2363 649 perit,
2393 592 2513 632 cum
2540 577 2591 631 in
2619 575 2937 643 baptismate
2960 583 3177 647 peccata
3201 574 3504 639 deleantur,
3539 588 3644 628 non
3670 586 3799 629 uxo-

2202 685 2320 727 rum
2344 683 2601 725 numerus
2620 668 2927 740 abrogetur.
2952 666 3101 723 Adeo
3123 679 3299 722 autem
3326 668 3377 721 in
3401 668 3800 722 excusationem

2203 766 2283 821 sui
2330 764 2435 820 hoc
2482 763 2774 820 obtendere
2806 778 2909 817 non
2952 760 3166 831 poterit,
3193 770 3250 816 ut
3287 776 3476 816 eorum
3516 775 3574 815 se
3597 769 3800 831 patrem

2206 860 2459 925 ﬁliorum,
2485 874 2620 928 quos
2639 867 2763 912 ante
2789 856 3112 924 baptismum
3136 856 3453 923 susceperit,
3480 867 3675 922 negare
3700 867 3803 907 non

2206 953 2395 1026 possit.
2427 953 2609 1023 Neque
2638 953 2781 1006 enim
2814 964 2949 1005 uxor
2980 963 3098 1017 qum
3126 964 3189 1002 ex
3215 948 3344 1017 legis
3368 958 3636 1015 praecepto
3655 944 3807 1000 duci-

2207 1056 2315 1115 tur,
2345 1047 2484 1100 inter
2525 1053 2740 1116 peccata
2774 1058 2893 1114 quae
2938 1042 3226 1097 abluuntur
3262 1040 3583 1110 baptismate
3612 1036 3809 1109 poterit

2209 1141 2504 1195 numerari.

2279 1234 2411 1289 Ωιι».
2441 1233 2535 1288 ιν.
2568 1262 2640 1274 -
2668 1232 2749 1288 Ad
2777 1232 3039 1303 synodum
3070 1232 3390 1303 quicumque
3420 1227 3579 1285 fuerit
3618 1242 3810 1284 evoca-

2212 1337 2299 1383 tus
2338 1335 2622 1393 occurrat,
2664 1338 2764 1381 nec
2808 1324 3210 1394 congregationi
3241 1339 3299 1379 se
3342 1323 3589 1393 deneget,
3624 1323 3675 1375 in
3706 1333 3812 1391 qua

2213 1422 2279 1478 ad
2311 1422 2480 1477 Deum
2514 1424 2847 1491 pertinentes
2876 1436 3067 1475 causas
3094 1419 3307 1474 noverit
3340 1434 3461 1473 esse
3510 1414 3815 1469 tractandas

2444 1513 2713 1583 Quidquid
2742 1528 3050 1577 causarum,
3080 1521 3137 1567 ut
3162 1510 3395 1576 assolet,
3437 1510 3578 1565 inter
3619 1521 3815 1563 consa-

2215 1608 2459 1664 cerdotes
2474 1608 2732 1674 evenerit,
2749 1610 2864 1677 ejus
2876 1608 2961 1662 cui
2980 1607 3151 1661 vicem
3180 1614 3416 1661 nostram
3440 1602 3815 1659 commisimus

2216 1701 2446 1756 examini
2478 1712 2820 1755 reservetur:
2856 1707 2912 1754 ut
2943 1699 3036 1753 illo
3077 1699 3178 1754 sub
3223 1698 3315 1753 Dei
3357 1697 3547 1751 timore
3586 1694 3817 1765 praesule

2218 1794 2395 1849 omnis
2418 1794 2734 1864 ambiguitas
2764 1792 3001 1847 finiatur.
3026 1790 3165 1845 Nihil
3192 1792 3241 1844 in
3266 1789 3404 1859 ejus,
3434 1797 3525 1842 aut
3552 1797 3815 1853 nostram,

513 1887 653 1943 datis
675 1888 938 1951 imminui,
963 1890 1006 1941 si
1031 1896 1136 1941 tam
1161 1886 1517 1956 praesentibus
1540 1902 1701 1957 quam
1725 1885 1920 1940 futuris
1946 1886 2109 1942 rebus
2142 1891 2189 1951 B
2217 1899 2403 1944 contra
2433 1887 2548 1942 haec
2572 1902 2692 1957 quae
2720 1886 3117 1949 constituimus,
3154 1897 3511 1954 prmsumatur
3538 1882 3814 1951 injuriam.

514 1982 771 2051 videatis,
804 1998 873 2037 ne
910 1981 1111 2037 illicitis
1150 1981 1659 2051 prtesumptiouibus
1696 1988 1969 2036 reseretur
1996 1979 2113 2035 adi-

515 2083 623 2141 tus,
655 2074 965 2144 prrecaveri.
995 2071 1234 2128 Caunus
1265 2074 1408 2127 enim
1437 2073 1876 2142 usurpationibus
1902 2114 1918 2139 ,
1960 2080 2111 2127 ante-

515 2181 673 2238 quam
705 2176 998 2233 tententur,
1028 2166 1292 2221 obsistere
1312 2206 1327 2233 ,
1355 2180 1514 2236 quam
1549 2180 1672 2235 quas
1707 2174 1959 2235 usurpata
1998 2162 2114 2220 fue-

516 2258 627 2315 rint
658 2259 952 2315 vindicare.

585 2351 716 2406 Cum
751 2350 816 2407 ll.
845 2381 917 2392 —
949 2351 1014 2407 Et
1045 2351 1168 2422 quia
1195 2365 1292 2423 per
1320 2365 1508 2407 omnes
1539 2350 1813 2406 Ecclesias
1851 2365 1978 2406 cura
2018 2364 2115 2406 no-

526 2452 637 2501 stra
664 2444 1004 2511 diSIenditur,
1033 2448 1284 2515 exigente
1313 2443 1416 2499 hoc
1443 2459 1475 2499 a
1512 2444 1666 2498 nobis
1712 2443 1939 2498 Domino
1962 2485 1979 2511 ,
2022 2444 2114 2514 qui

515 2538 827 2609 apostolicae
853 2539 1127 2610 dignitatis
1160 2540 1469 2593 beatissimo
1510 2539 1753 2610 apostolo
1798 2539 1959 2593 Petro
2001 2538 2114 2608 pri-

516 2640 717 2688 malum
747 2641 771 2669 ⁸
805 2632 926 2687 fidei
956 2647 1071 2688 suae
1098 2632 1539 2688 remuneratione
1567 2633 1867 2699 commisit,
1901 2632 2117 2689 univer-

484 2725 679 2785 salem
727 2724 1020 2781 Ecclesiam
1076 2726 1131 2780 in
1184 2725 1512 2781 fundamenti
1556 2724 1584 2763 lt
1624 2725 1793 2793 ipsius
1843 2726 2116 2781 soliditate

518 2820 875 2887 constituens,
911 2820 1287 2874 necessitatem
1332 2818 1712 2874 sollicitudinis
1751 2834 1910 2889 quam
1952 2818 2117 2873 babe-

516 2926 652 2976 mus,
684 2926 806 2966 cum
840 2911 923 2966 his
955 2913 1043 2982 qui
1073 2910 1228 2965 nobis
1260 2911 1471 2981 collegii
1499 2910 1763 2965 charitate
1788 2911 1959 2980 juncti
1991 2918 2117 2964 sunt

513 3005 805 3061 sociatnus.
838 3004 1023 3059 Vicem
1052 3006 1229 3073 itaque
1257 3014 1492 3059 nostram
1525 3004 1678 3059 fratri
1703 3013 1758 3059 et
1791 3006 2115 3074 coepiscopo

521 3107 708 3151 nostro
738 3098 1059 3160 Anastasio,
1106 3096 1275 3149 secuti
1322 3111 1507 3149 eorum
1554 3096 1720 3165 618
1765 3094 2070 3163 exemplum
2097 3135 2113 3160 ,

515 3202 741 3258 quorum
762 3187 918 3242 nobis
940 3187 1239 3241 recordatio
1264 3193 1348 3241 est
1373 3189 1694 3252 veneranda,
1721 3186 2111 3247 commisimus.

2222 1982 2358 2047 Ejus
2389 1982 2541 2037 nobis
2572 1981 2858 2045 relatione,
2890 1980 2937 2035 si
2962 1980 3086 2050 quid
3119 1979 3183 2033 ad
3215 1994 3311 2033 nos
3333 1977 3674 2033 referendum
3703 1975 3820 2031 fue-

2215 2078 2306 2144 rit,
2338 2078 2679 2133 innotescat:
2710 2076 2782 2131 ita
2813 2076 2958 2131 enim
2987 2088 3081 2128 vos
3103 2073 3169 2128 ad
3198 2074 3348 2129 illum
3374 2072 3644 2142 pertinere
3667 2069 3820 2125 volu-

2216 2184 2359 2238 mus,
2408 2178 2467 2223 ut
2510 2168 2576 2224 ad
2620 2184 2720 2223 vos
2763 2168 3155 2237 provinciarum
3200 2178 3501 2221 vestrarum
3549 2164 3822 2235 pertinent

2217 2260 2548 2316 sacerdotes.
2578 2258 2677 2327 Qui
2700 2274 2829 2329 ergo
2847 2258 2969 2328 jure
2991 2258 3090 2311 sibi
3114 2256 3297 2312 debito
3321 2256 3395 2310 uti
3418 2254 3663 2322 cupiunt,
3689 2268 3823 2325 apo-

2216 2352 2419 2407 smlicte
2446 2350 2590 2407 sedis
2617 2352 2935 2407 auctoritate
2959 2365 3217 2406 concessa
3242 2365 3335 2417 per
3360 2364 3513 2405 suam
3540 2360 3823 2405 contmna-

2217 2446 2357 2501 ciam
2388 2447 2706 2501 imminuere
2736 2462 2845 2500 non
2878 2447 3140 2500 nitantur.

2294 2535 2424 2592 Csr.
2462 2537 2525 2591 V.
2558 2567 2628 2578 --
2670 2537 2741 2593 Ut
2782 2553 2912 2594 vero
2961 2548 3157 2593 vestrae
3203 2537 3475 2593 dilectioni
3528 2535 3830 2605 provincia:

2222 2646 2333 2686 sua:
2361 2630 2631 2685 ordinatio
2661 2629 2987 2699 permittitur
3016 2631 3380 2697 sacerdotum,
3415 2631 3486 2685 ita
3516 2630 3737 2685 fratrem
3766 2637 3829 2684 et

2221 2726 2600 2795 coepiscopum
2630 2737 2873 2781 nostrum
2898 2729 3239 2781 Auastasium
3265 2726 3329 2780 de
3358 2723 3660 2780 ordinando
3683 2723 3833 2778 antis

2220 2819 2345 2874 Stite
2375 2820 2623 2874 volumus
2653 2820 2968 2874 consulatis.
2999 2820 3096 2874 Cui
3138 2819 3538 2887 metrOpolitani
3577 2815 3832 2887 episcopi

2221 2916 2687 2969 consecrationem
2710 2914 2996 2969 statuimus
3020 2914 3308 2983 reservari,
3336 2923 3392 2967 ut
3408 2928 3474 2967 eo
3494 2912 3832 2979 inquisitore

2220 3017 2382 3072 atque
2411 3007 2655 3070 custode.
2683 3022 2805 3062 cum
2832 3015 3013 3062 certus
3036 3007 3266 3062 licentiae
3291 3005 3478 3060 modus
3504 3003 3834 3073 imponitur,

2218 3103 2385 3174 619
2416 3100 2804 3158 ecclesiaStiea:
2834 3100 3132 3170 disciplinae
3167 3102 3218 3155 in
3246 3101 3495 3154 omnibus
3528 3097 3664 3153 ordo
3710 3110 3838 3151 ser-

2220 3207 2394 3250 vetur.
2428 3193 2604 3262 Ipsum
2632 3210 2762 3248 vero
2794 3192 2813 3231 τ
2844 3192 3136 3249 secundum
3170 3191 3389 3246 definita
3416 3205 3680 3246 canonum
3725 3187 3841 3245 hoc

513 3291 567 3337 et
598 3291 657 3337 ut
682 3281 752 3335 sit
781 3279 835 3335 in
864 3279 1094 3350 speculis
1121 3321 1136 3345 ,
1186 3294 1253 3335 ne
1299 3279 1422 3351 quid
1472 3278 1710 3334 illicitum
1761 3295 1790 3333 a
1840 3294 2108 3349 quoquam
2137 3289 2181 3347 C
2215 3300 2389 3343 vestra
2419 3287 2635 3343 dilectio
2667 3296 2691 3335 ε
2726 3290 2923 3343 nosms
2946 3286 3188 3354 episolis
3217 3286 3547 3340 adminitum
3580 3297 3704 3339 esse
3724 3296 3831 3337 co-

513 3386 893 3445 praesumatur,
928 3372 1257 3442 injunximus
1284 3390 1297 3428 :
1329 3373 1413 3426 cui
1447 3375 1499 3426 in
1546 3373 1629 3426 his
1674 3389 1794 3442 quae
1834 3372 1898 3426 ad
1938 3374 2115 3427 eccle-

515 3466 789 3523 siasticam
826 3467 1097 3538 pertinent
1145 3466 1477 3536 disciplinam
1505 3506 1522 3533 ,
1574 3474 1631 3520 ut
1677 3466 1895 3520 dilectio
1939 3477 2115 3522 vestra

518 3570 724 3630 parcat,
759 3561 1131 3616 admonemus.
1166 3557 1281 3614 Non
1319 3561 1460 3614 enim
1503 3571 1608 3613 tam
1650 3559 1725 3613 illi
1772 3560 2114 3628 obtempera-

516 3656 659 3708 bitur
680 3669 838 3723 quam
869 3653 1044 3717 nobis,
1076 3653 1164 3722 qui
1190 3653 1290 3706 hoc
1320 3653 1391 3707 illi
1417 3668 1515 3722 pro
1540 3662 1720 3707 nostra
1750 3653 2118 3709 sollicitudine

516 3760 613 3815 per
642 3745 762 3800 illas
791 3747 1093 3815 proi'incias
1123 3747 1498 3816 cognoscimur
1522 3746 1878 3801 commisisse.

583 3835 717 3891 CAP.
749 3836 838 3892 Ill.
870 3867 938 3879 ——
970 3836 1229 3892 Volumus
1258 3840 1399 3892 enim
1430 3839 1564 3893 tales
1606 3838 1726 3894 fieri
1766 3839 1994 3896 Domino
2033 3854 2119 3896 sa-

515 3931 783 3995 cerdotes,
813 3933 1008 4002 quibus
1034 3944 1225 3987 cuncta
1252 3933 1596 3996 conveniant,
1625 3948 1746 4003 qua“:
1773 3944 1899 3988 sunt
1935 3934 2111 3990 eccle-

514 4025 746 4080 siasticis
775 4026 1073 4080 canonibus
1094 4025 1347 4081 deﬁnita:
1381 4037 1401 4065 ε
1428 4034 1488 4081 ut
1518 4027 1782 4097 episcopi,
1815 4028 2117 4099 presbyteri

513 4125 673 4187 atque
712 4118 920 4172 diaconi
964 4119 1117 4171 unius
1159 4120 1332 4171 uxoris
1363 4118 1456 4171 viri
1483 4118 1611 4185 sint,
1647 4119 1939 4173 secundum
1976 4120 2117 4175 beati

513 4209 758 4280 Apostoli
782 4211 1103 4265 sententiam
1130 4209 1173 4279 (l
1201 4209 1332 4263 Tim.
1363 4226 1442 4277 ιιι,
1472 4211 1552 4281 2),
1579 4222 1633 4266 et
1660 4212 1797 4267 hanc
1820 4214 2114 4270 secundum

513 4304 646 4375 legis
677 4312 941 4373 prtecepta
981 4304 1243 4373 virginem
1280 4300 1306 4339 ιι
1346 4306 1682 4373 acceperint,
1719 4322 1824 4361 non
1863 4306 2075 4361 viduam
2098 4350 2112 4375 ,

516 4412 618 4449 non
650 4396 982 4465 repudiatam
1003 4436 1018 4462 ,
1056 4397 1195 4450 sicut
1224 4395 1355 4464 legis
1386 4398 1649 4467 scriptura
1682 4407 1904 4453 testatur
1925 4398 2115 4469 (Levit.

515 4504 637 4552 xxi,
666 4489 751 4553 15,
778 4488 875 4553 M;
907 4487 1097 4542 Ezeclt.
1127 4504 1273 4556 XLIV,
1297 4486 1413 4556 22).).
1438 4488 1545 4543 Nec
1576 4506 1635 4545 se
1664 4492 1946 4561 quisquam
1975 4494 2120 4547 testi-

516 4589 625 4633 tnet
652 4594 812 4650 posse
837 4580 904 4634 ad
935 4580 1292 4635 sacerdotium
1319 4583 1626 4649 pervenire,
1651 4584 1739 4652 qui
1770 4593 1892 4638 ante
1915 4585 2116 4654 baptis-

516 4688 684 4741 mum,
703 4675 981 4730 deliciente
999 4690 1157 4746 quam
1178 4675 1406 4731 habebat
1426 4690 1615 4743 uxore,
1632 4676 1854 4732 alteram
1875 4695 2111 4750 rursum,

591 4837 614 4908 ξι
643 4828 701 4908 l2
722 4826 959 4908 editione
982 4827 1246 4908 llolstenii
1274 4829 1732 4908 typographorum
1756 4848 1967 4908 errore,
1993 4836 2115 4904 ﬁdei
2145 4844 2197 4906 1)
2223 4850 2507 4895 monuerat
2535 4848 2595 4893 ttt
2620 4840 2689 4895 de
2716 4848 2854 4893 statu
2883 4837 3234 4892 Ecclesiarnm
3263 4847 3547 4892 vestrarum
3571 4881 3586 4904 ,
3622 4836 3855 4908 inquit,

517 4899 615 4953 sui.
664 4898 1130 4978 Ettiemlationem,
1158 4901 1225 4953 de
1256 4898 1357 4978 qua
1390 4903 1709 4969 Quesnellus
1738 4914 1849 4960 nol.
1882 4909 1905 4961 ι
1940 4898 2116 4978 loqui-

520 4980 629 5037 tur,
666 4971 987 5025 Barberinns
1012 4972 1181 5025 codex
1218 4974 1421 5040 prohat.

589 5041 617 5081 ι»
642 5041 781 5119 _Vide
810 5055 987 5119 notam
1016 5043 1051 5095 Ξ
1081 5043 1377 5109 Quesni-lli,
1408 5045 1497 5115 qui
1529 5046 1737 5102 mavult
1781 5047 1884 5119 legi
1925 5049 2071 5105 istius
2098 5092 2114 5119 ,

520 5123 574 5169 et
606 5115 1038 5168 observationem
1074 5127 1332 5169 IIOSU‘JII).

594 5196 614 5261 ς
649 5186 747 5261 Ms.
781 5186 963 5261 Both”
990 5195 1044 5239 ut
1068 5188 1356 5255 episcopus,
1384 5188 1644 5259 presbyter
1666 5200 1817 5261 atque
1843 5192 2116 5249 diaconus.

588 5254 623 5332 ᾗ
648 5256 801 5324 Apud
838 5257 1075 5332 ll-ilsten.
1108 5254 1247 5332 etin
1291 5254 1743 5332 tns.,iaccipianl.
1788 5263 1898 5319 Cur
1942 5266 2118 5332 Ques-

520 5329 695 5384 nellns
726 5329 1113 5396 emendaverit,
1149 5328 1268 5383 vide
1298 5331 1537 5395 ejusdem
1572 5328 1683 5387 not.
1717 5336 1770 5388 5.

594 5409 617 5436 ο
653 5403 847 5454 l’nncta
899 5401 1192 5469 adjecintus
1239 5406 1308 5455 ob
1354 5401 1690 5457 indicandam
1746 5407 1940 5461 lineam
1992 5424 2113 5463 cum

518 5471 742 5547 dimidio
775 5475 824 5525 in
844 5488 955 5547 _t_ns.
990 5472 1209 5547 Bttcher.
1245 5482 1545 5539 vacantem,
1579 5493 1695 5544 quo
1722 5479 1921 5547 aliquid
1949 5482 1997 5533 in
2028 5497 2118 5535 ve-

519 5545 728 5597 tustiori
758 5544 963 5619 codice,
1000 5543 1139 5598 unde
1173 5543 1827 5619 Barberinnsexscriptus
1849 5551 1967 5619 luit,
1994 5567 2117 5607 cor-

519 5630 702 5691 rosuttt
736 5617 882 5691 etab
909 5616 1219 5691 amanneusi
1250 5617 1468 5671 minime
1498 5618 1693 5671 lectum
1728 5616 2016 5691 significat.

598 5687 616 5723 ι
650 5687 783 5741 Vide
812 5699 924 5741 not.
959 5688 993 5741 4
1022 5690 1226 5754 Quesn.

596 5768 621 5805 ε
654 5759 821 5814 Voces
852 5762 1038 5814 nostris
1066 5761 1296 5824 epistolis
1329 5760 1486 5814 aliam
1536 5763 1858 5818 anteriorem
1911 5766 2119 5833 epiSIo-

530 5831 683 5904 lanta
710 5834 1054 5903 subsequenti
1087 5835 1377 5899 diversam,
1406 5849 1525 5904 quae
1560 5838 1844 5903 interierit,
1879 5831 2121 5892 adnua-

520 5900 750 5965 stasiutn
775 5900 1029 5970 scriptam
1055 5904 1308 5967 videntur
1336 5900 1589 5983 tonuere,
1620 5906 1803 5989 inqua
1831 5900 1943 5970 Leo
1967 5909 2119 5971 illum

2222 3389 2465 3451 gnoscat,
2501 3394 2557 3435 ut
2587 3381 2654 3434 de
2685 3391 2824 3434 statu
2857 3381 3215 3435 Ecclesiarum
3244 3390 3537 3433 vestrarum
3562 3376 3840 3432 Certiores

2223 3473 2455 3529 subinde
2486 3489 2579 3527 sua
2617 3474 2879 3528 relatione
2913 3489 3009 3525 nos
3042 3472 3233 3537 faciat;
3267 3472 3503 3525 sciturus
3531 3468 3633 3524 sibi
3659 3484 3691 3523 a
3733 3482 3844 3522 no-

2222 3566 2305 3622 bis
2334 3565 2729 3638 imputandum,
2758 3566 2801 3619 si
2833 3564 2961 3636 quid
2988 3564 3055 3620 de
3087 3565 3169 3619 his
3193 3580 3313 3635 quae
3340 3563 3622 3618 statuimus
3642 3576 3671 3614 a
3694 3573 3846 3630 qum

2222 3673 2382 3728 quam
2411 3658 2573 3712 fuerit
2606 3666 2943 3712 temeratum.

2293 3753 2424 3810 Car.
2457 3752 2541 3808 Vl.
2573 3781 2644 3792 —
2672 3752 2873 3821 Siqua:
2898 3767 3026 3807 vero
3068 3766 3245 3806 causa:
3287 3750 3564 3821 graviores
3605 3746 3693 3803 vel
3734 3759 3846 3817 ap-

2221 3846 2538 3917 pellationes
2566 3848 2920 3909 emerserint,
2952 3860 3045 3901 eas
3085 3844 3187 3900 sub
3239 3846 3405 3914 ipsius
3450 3841 3714 3897 relatione
3762 3839 3847 3895 ad

2221 3956 2320 3994 nos
2352 3940 2489 3993 tnitti
2520 3940 2719 3995 debere
2747 3935 2777 3976 h
2805 3940 3164 4003 decrevimus,
3201 3948 3259 3991 ut
3305 3948 3487 3992 nostra
3530 3935 3844 3990 secundum

2221 4033 2646 4089 ecclesiasticum
2680 4047 2884 4086 morem
2920 4030 3185 4085 sententia
3220 4029 3493 4083 liniantur.
3528 4026 3654 4082 llaec
3698 4038 3849 4081 vero

2221 4143 2340 4198 quae
2369 4142 2465 4196 per
2499 4125 2666 4179 lilium
2701 4140 2876 4179 meum
2910 4124 3187 4178 Nicolaum
3223 4122 3596 4192 presbyterum
3624 4117 3849 4186 scripta

2224 4219 2518 4276 direximus
2550 4218 2954 4274 recurrentibus
2988 4216 3203 4284 litteris,
3242 4226 3295 4269 ut
3325 4227 3420 4268 vos
3460 4213 3646 4267 eadem
3689 4210 3850 4264 scia-

2225 4328 2344 4368 mus
2369 4314 2665 4382 accepisse,
2697 4312 3002 4367 rescribite.
3032 4311 3164 4365 Data
3200 4309 3369 4378 pridie
3398 4307 3517 4363 idus
3542 4303 3850 4361 Januarias

2226 4407 2537 4463 Theodosio
2568 4422 2697 4461 xvnt
2728 4414 2783 4461 et
2819 4405 3012 4459 Albino
3040 4402 3372 4459 consulibus.

2772 4493 3102 4550 EPISTULA
3157 4492 3171 4530 ῖ
3220 4491 3285 4547 VI

2332 4590 2346 4642 ί
2380 4607 2449 4647 ΔΙ)
2478 4604 2805 4646 ΔΝΔΞΤᾹδΙῢΜ
2837 4600 3371 4641 THESSALONICENSEH
3404 4596 3719 4639 EPISCOPUI.

2223 4685 2499 4741 Svnorsrs.
2530 4715 2601 4725 -—
2630 4684 2671 4738 Ι.
2709 4682 2777 4738 Ut
2804 4682 2963 4737 bonus
2994 4690 3168 4753 pastor
3197 4679 3267 4733 ad
3306 4678 3708 4734 sollicitudinem
3742 4690 3858 4731 co-

2221 4915 2461 4965 certiores
2502 4911 2717 4965 subinde
2761 4928 2855 4964 sua
2878 4911 3125 4964 relatione
3156 4928 3248 4964 nos
3280 4912 3482 4981 faceret.
3514 4909 3567 4964 Id
3598 4910 3743 4964 enim
3778 4910 3871 4967 ita

2222 4985 2467 5053 sequenti
2518 4983 2745 5051 epistola
2801 4986 3173 5052 βωμοί-ἣρωσι
3221 4999 3327 5036 non
3375 4981 3619 5053 legitur;
3655 4980 3871 5035 immo

2222 5052 2344 5120 Cap.
2378 5056 2429 5114 1.
2460 5053 2566 5107 illis
2594 5055 2815 5107 vocibus
2843 5056 2894 5105 in
2926 5055 3003 5106 Itis
3036 5054 3245 5115 litteris,
3278 5056 3330 5106 in
3368 5053 3549 5119 quibus
3587 5052 3651 5105 de
3690 5059 3882 5107 statu

2223 5124 2576 5179 Ecclesiarum
2607 5127 2843 5179 certiores
2873 5123 3071 5191 c/fecti,
3110 5124 3333 5178 indicari
3384 5123 3639 5177 videntur
3682 5122 3880 5177 Ana-

2225 5199 2377 5250 stasii
2412 5201 2626 5277 litterte,
2659 5198 2851 5277 quibus
2879 5203 2945 5277 de
2987 5196 3240 5277 Ecclesiis
3270 5195 3466 5277 Illyrici
3508 5193 3731 5277 retulit,
3781 5205 3899 5277 us,

2229 5277 2542 5322 memorata:
2599 5267 2792 5321 Leonis
2842 5266 3193 5321 admonitioiii
3250 5266 3626 5329 satisfaceret;
3685 5268 3889 5334 quod

2220 5342 2522 5393 scribendze
2550 5340 2794 5407 Sequenti
2828 5338 3075 5405 epi~t~lte
3106 5340 3444 5393 occasionem
3478 5336 3653 5390 dedit.

2293 5410 2320 5445 ιλ
2352 5410 2462 5464 Hoc
2492 5406 2765 5463 decretum
2797 5411 2988 5479 legitur
3018 5425 3138 5480 cap.
3171 5410 3204 5464 5
3231 5408 3475 5479 epistolas
3504 5406 3808 5480 sequentis

2222 5498 2341 5553 qum
2368 5497 2630 5553 una_cum
2667 5482 2765 5533 hac
2796 5477 3151 5553 in'lllyricunt
3189 5477 3651 5553 tra'tismissa‘fuit.

2301 5553 2317 5589 ί
2351 5552 2435 5607 Al.
2470 5551 2521 5604 4.
2553 5556 2682 5620 Quze
2712 5562 2889 5605 autem
2931 5547 3049 5607 erat
3090 5552 3156 5620 6,
3207 5566 3349 5605 nunc
3400 5550 3450 5604 1.
3501 5547 3723 5621 Scripta
3774 5553 3929 5615 li

2226 5625 2446 5680 Jannar.
2481 5639 2571 5677 an.
2610 5623 2732 5677 4-H.

2301 5696 2315 5747 i
2360 5698 2483 5749 LIa-c
2514 5711 2726 5762 quoque
2755 5696 2984 5762 epistola
3013 5711 3075 5750 ex
3107 5694 3296 5750 eodem
3323 5694 3508 5749 codice
3536 5694 3934 5759 Barbarino

2229 5768 2564 5821 Collectionis
2599 5769 2663 5820 in
2694 5768 3193 5822 Thessalonicensis
3221 5778 3453 5834 sumpta,
3486 5776 3540 5821 et
3572 5769 3624 5821 in
3672 5767 3939 5827 colle.

2229 5852 2408 5893 Cttoue
2440 5840 2674 5909 liontaltzl
2710 5838 2969 5893 Holslenii
3002 5842 3144 5893 edita
3184 5852 3304 5906 est,
3347 5854 3415 5893 ex
3454 5854 3560 5904 qun
3601 5840 3937 5909 epistola

2229 5921 2486 5973 anterior.
2536 5908 2737 5970 Confer
2787 5912 3191 5972 annotationem
3238 5911 3468 5984 primam
3495 5911 3552 5969 in
3583 5908 3947 5985 eamden‘

3862 5458 3895 5483 Ἰ

3966 5316 3981 5358 't
