4006 6348
242 300 323 364 Ol?

289 474 360 557 per
383 474 631 557 Illyricum
660 477 935 557 {Anastasio
980 476 1283 557 committit,
1329 474 1510 557 Siricii
1552 486 1756 531 secutus

288 546 542 625 "amplum.
574 578 648 625 —-_
671 549 761 625 Ill.
799 546 1063 602 Canonum
1088 547 1460 625 observantiam
1481 592 1495 615 ,
1535 564 1754 613 preser—

288 632 356 685 tim
372 619 417 680 iit
438 622 856 687 ordinationibus,
882 624 1200 674 commendat
1221 635 1237 672 :
1256 636 1287 672 a
1313 619 1495 690 quibus
1519 629 1758 673 arcentur

288 697 438 771 bigami
458 705 501 771 et
534 694 816 771 viduarum
834 693 1019 771 nutriti.
1054 721 1124 732 —-
1150 691 1242 771 lV.
1284 691 1327 744 Α
1366 692 1756 771 metropolitano

284 764 685 839 comprovincialcs
735 764 961 839 episcopi
1003 764 1208 839 conscio
1256 764 1476 839 crare/io
1500 764 1757 839 _o_rdinert-

286 832 382 907 turi
403 836 766 906 metropolitani
800 840 861 888 ab
891 836 1004 903 ipso
1030 832 1269 907 exarcho.
1302 858 1369 874 -ο
1402 833 1463 888 V.
1497 832 1563 889 Ut
1586 850 1756 888 οηιηεε

285 905 535 969 corrreniant
561 909 630 960 ad
661 908 916 978 synodos;
953 909 1137 960 harum
1165 905 1357 959 utilitas
1385 916 1432 958 et
1455 906 1754 959 auctoritas.

282 1014 333 1027 ——
362 982 429 1036 Vl.
460 980 581 1056 Tum
608 984 996 1056 presbyteroset
1025 979 1268 1056 dtncoltos
1298 994 1451 1056 quam
1470 979 1757 1032 sacerdotes

282 1074 359 1111 non
378 1054 460 1107 nisi
478 1048 654 1104 diebus
681 1048 962 1102 Dominicis
984 1066 1090 1103 esse
1119 1048 1515 1103 consecrandos.

433 1145 788 1198 Dilectissimo
819 1142 968 1196 fratri
994 1143 1321 1204 Axasnsm.
1354 1141 1483 1197 Leo.

277 1244 377 1300 Cir.
410 1240 549 1295 1.-
595 1238 844 1293 Omnium
893 1238 1108 1308 quidem
1158 1239 1365 1292 litteras
1418 1235 1755 1291 sacerdotum

229 1348 339 1411 grato
376 1350 460 1389 nos
502 1334 744 1401 relegere
789 1334 969 1385 animo
994 1376 1008 1399 ,
1045 1341 1069 1368 ι
1109 1330 1326 1385 fraterni
1354 1330 1517 1401 620
1548 1328 1756 1399 collegii

228 1432 403 1488 charitas
429 1426 569 1491 facit,
597 1443 717 1483 cum
748 1441 843 1497 per
878 1426 1174 1496 spiritalem
1218 1427 1443 1495 gratiam
1484 1434 1754 1491 tamquam

227 1530 457 1595 prasentes
498 1519 918 1587 amplecumur,
971 1519 1163 1585 quibus
1215 1531 1465 1570 sermone
1516 1515 1758 1585 epistolis

224 1628 360 1671 mutuo
400 1610 821 1667 commeantibus
867 1614 1156 1665 sociamur.
1202 1610 1309 1664 Sed
1341 1608 1512 1679 major
1540 1606 1568 1646 δ
1601 1608 1755 1662 nobis

224 1708 259 1762 in
276 1707 336 1759 his
357 1704 558 1758 videtur
583 1719 703 1758 esse
733 1703 969 1767 all'ectio,
1003 1703 1056 1757 in
1084 1698 1276 1772 quibus
1303 1703 1370 1757 de
1396 1712 1535 1756 statu
1570 1701 1758 1755 Eccle-

1562 288 1900 347 EPISTOLA
1939 287 2027 345 Vl.

291 414 595 485 episcoporum
619 404 803 485 litteris
832 401 1073 485 compelli
1094 411 1255 485 amat.
1280 403 1439 485 --Λῌἱ
1475 402 1621 485 lfices
1646 420 1765 460 suas
1790 412 1846 470 Α
1869 420 2001 475 quas
2035 405 2127 460 tibi
2153 406 2267 461 vice
2298 414 2479 464 nostra
2506 404 2534 446 ιι
2564 409 2971 480 committimus,
3000 413 3352 483 gaudeamus.
3392 420 3457 477 Ut
3520 408 3531 463 ἶ

1861 498 2004 552 enim
2029 497 2164 554 bene
2190 500 2392 569 agenti,
2422 511 2477 557 et
2506 518 2624 572 qute
2645 505 2967 559 sacerdotali
2990 509 3295 564 auctoritati
3324 526 3455 567 con-
3520 512 3523 525 ²

1862 593 2083 646 veniunt
2111 594 2367 650 solertius
2394 598 2709 667 exsequenti
2733 598 2800 653 ad
2833 599 3091 656 honorem
3122 605 3336 673 prolicit
3369 623 3455 663 res

1862 684 2082 751 tributa,
2110 686 2181 740 ita
2218 687 2342 743 huic
2385 691 2535 744 oneri
2584 705 2705 746 esse
2750 694 3131 764 cognoscitur,
3167 700 3258 766 qui
3309 714 3457 758 com-

1861 780 2024 834 missa
2054 780 2153 835 sibi
2186 791 2482 852 potestate,
2517 785 2678 858 621
2719 802 2823 858 qua
2868 787 3029 846 debet
3082 792 3458 851 moderatione

1863 888 1969 927 non
2001 875 2184 928 utitur.

1933 964 2060 1020 Car.
2092 966 2175 1021 lll.
2200 998 2272 1008 -—
2297 969 2506 1023 Credita
2539 971 2717 1042 itaque
2749 973 2877 1041 tibi,
2913 973 3079 1031 frater
3107 976 3455 1047 charissime,

1861 1058 2227 1127 gurbernaculo
2260 1062 2480 1130 pervigil
2516 1072 2661 1127 tene,
2693 1073 2746 1117 et
2779 1067 2973 1119 mentis
3002 1081 3104 1121 tute
3135 1070 3323 1124 oculos
3356 1086 3454 1141 per

1862 1154 2041 1203 omnia
2066 1168 2185 1219 qua:
2215 1167 2360 1207 cura:
2398 1162 2502 1207 tute
2532 1156 2717 1209 videas
2757 1158 2996 1224 injuncta
3026 1160 3319 1218 circumfer
3340 1203 3354 1226 ,
3402 1167 3454 1219 in

1864 1246 2167 1298 mercedem
2198 1254 2341 1299 tuam
2374 1246 2646 1315 profutura
2687 1252 2997 1305 custodiens
3023 1294 3037 1314 ,
3088 1262 3142 1307 et
3185 1253 3268 1307 his
3310 1252 3324 1290 ί
3363 1256 3458 1325 qui

1863 1333 2201 1403 disciplinam
2234 1352 2498 1392 canonum
2533 1340 2857 1396 labefactare
2888 1344 3131 1397 nituntur
3158 1345 3454 1404 obsistens.

1867 1428 2066 1483 Divinas
2098 1430 2231 1499 legis
2262 1434 2469 1487 sanctio
2491 1434 2797 1487 veneranda
2820 1476 2835 1500 ,
2868 1446 2922 1488 et
2949 1452 3217 1491 canonum
3251 1440 3459 1507 specia-

1866 1523 1966 1577 lius
1987 1527 2201 1579 decreta
2225 1536 2526 1580 serventur.
2558 1527 2660 1581 Per
2683 1531 3000 1582 commissas
3026 1531 3119 1585 tibi
3151 1532 3459 1598 provincias

1865 1616 1996 1669 tales
2021 1616 2247 1671 Domino
2273 1619 2603 1684 sacerdotes,
2628 1622 2821 1689 quibus
2844 1624 2955 1675 Sola
2982 1624 3103 1677 vita:
3122 1633 3175 1678 et
3190 1625 3458 1681 clericalis

1863 1712 2122 1766 ordinisi
2177 1713 2535 1782 subrogantur
2581 1717 2807 1779 merita,
2858 1728 3266 1772 ecusecreutur.
3314 1718 3458 1774 Nihil

219 1801 364 1855 siarum
391 1798 648 1852 certiores
677 1796 883 1860 effecti,
917 1796 982 1850 ad
1018 1796 1338 1851 exercendae
1375 1793 1755 1849 sollicitudinis
1798 1824 1842 1883 Β
1870 1806 2054 1873 gratiae
2087 1807 2354 1875 personati
2380 1848 2395 1871 ,
2444 1808 2579 1861 nihil
2613 1808 2928 1877 ambitioni,
2981 1810 3111 1862 nihil
3164 1810 3459 1879 redemptis

219 1893 476 1959 vigilantiam
499 1890 668 1946 ofﬁcii
691 1891 860 1944 nostri
884 1889 1320 1944 consideratione
1342 1886 1748 1957 compellimur:

217 1986 310 2039 utin
328 1984 565 2054 speculis,
591 1983 1047 2053 quemadmodum
1075 1993 1096 2021 ε
1123 1981 1383 2037 Dominus
1407 1981 1594 2043 voluit,
1624 1994 1753 2033 con-

215 2078 355 2142 stituti,
375 2087 422 2132 et
448 2092 545 2147 pro
580 2088 705 2132 voto
731 2089 917 2132 nostro
943 2077 1284 2133 currentibus
1316 2076 1478 2131 rebus
1508 2082 1751 2129 nostrum

212 2175 557 2230 commodemus
588 2189 896 2240 assensum,
926 2182 982 2230 et
1008 2189 1071 2228 ea
1098 2189 1216 2245 quae
1258 2171 1540 2241 depravari
1572 2171 1750 2241 aliqua

212 2269 497 2336 usurpatione
522 2268 905 2338 perspicimus,
934 2267 1188 2321 adhibitae
1209 2266 1553 2320 coercitionis
1578 2280 1753 2319 reme-

207 2360 279 2415 diis
296 2362 610 2431 corrigamus
643 2378 655 2413 :
690 2370 972 2431 sperantes
1010 2361 1140 2430 jacti
1190 2359 1413 2414 seminis
1454 2371 1749 2428 responsu-

208 2467 291 2505 nnn
316 2454 452 2507 nobis
478 2454 706 2509 uberem
740 2453 991 2519 fructum,
1017 2454 1061 2508 si
1097 2468 1202 2508 non
1232 2453 1472 2507 sinamus
1498 2465 1751 2507 crescere

205 2549 351 2615 quain
375 2548 568 2603 messis
597 2547 918 2604 detrimenta
970 2548 1263 2604 Dominicae
1310 2547 1577 2618 coeperint
1625 2546 1747 2620 pul-

206 2639 348 2696 lulare.

246 2731 349 2789 Cir.
382 2735 441 2791 Π,
472 2766 547 2776 —-
584 2735 871 2804 Postquam
904 2736 1083 2805 itaque
1114 2735 1267 2791 nobis
1304 2734 1493 2803 petitio
1528 2743 1633 2788 tuae
1671 2732 1753 2788 di-

202 2825 392 2882 lectionis
417 2830 658 2883 innotuit
688 2844 782 2899 per
811 2829 974 2884 lilium
1002 2840 1245 2885 nostrum
1280 2828 1558 2884 NiColaum
1602 2843 1752 2897 pres-

198 2917 410 2989 byterum,
440 2932 497 2976 ut
524 2922 628 2976 tibi
656 2938 869 2993 quoque
895 2938 926 2977 a
964 2922 1148 2989 nobis,
1191 2928 1331 2977 sicut
1375 2922 1752 2977 decessoribus

197 3011 289 3079 tuis,
315 3030 399 3083 per
425 3013 707 3087 Illyricum
736 3032 855 3070 eum
883 3029 1065 3071 nostra
1097 3013 1123 3052 ά
1157 3019 1271 3070 vice
1308 3026 1525 3086 propter
1567 3026 1749 3072 custo-

195 3102 298 3156 diam
321 3106 623 3175 regularum
669 3107 964 3161 auctoritas
1015 3116 1395 3177 praestaretur,
1446 3106 1750 3175 pra-bootes

195 3209 439 3264 assensum,
475 3208 669 3254 nostra
701 3199 1078 3253 adhortatione
1106 3199 1480 3267 compellimus
1513 3208 1571 3253 ut
1604 3200 1745 3253 nulla
1778 3229 1826 3292 Ο

197 3287 584 3359 'dissinmlatiu,
617 3293 935 3363 negligentia
970 3293 1112 3346 nulla
1149 3292 1433 3357 proveniat
1465 3291 1606 3345 circa
1648 3291 1748 3347 Ec-

193 3386 417 3439 clesiarum
463 3392 714 3457 regimen
766 3404 859 3455 per
910 3386 1179 3459 Illyricum
1230 3386 1565 3456 positarum,
1614 3400 1749 3455 quas

194 3474 406 3533 dilectioni
434 3492 540 3535 tua:
577 3482 698 3535 vice
726 3492 908 3535 nostra
929 3478 1338 3544 committimus,
1367 3482 1533 3535 beatas
1568 3495 1751 3535 recor-

192 3568 369 3627 dJIiODlS
398 3575 582 3631 Siricii
618 3576 921 3645 exemplum
952 3577 1144 3638 secuti,
1179 3577 1267 3647 qui
1306 3586 1507 3630 sancta:
1543 3591 1751 3630 memo-

191 3662 257 3716 rie
280 3668 464 3736 Anysio
496 3668 891 3739 praedecessori
926 3678 1018 3724 tuo
1047 3671 1183 3725 bene
1208 3671 1274 3724 de
1298 3672 1589 3740 apostolica
1618 3671 1747 3727 sede

189 3761 279 3810 tunc
323 3763 543 3827 merito,
584 3773 643 3817 et
675 3764 837 3817 rebus
879 3773 1000 3832 post
1045 3766 1395 3832 sequentibus
1426 3766 1746 3834 approbato,

192 3845 341 3907 ’certa
372 3865 480 3909 tum
527 3856 768 3925 primum
806 3860 1013 3911 rati0ne
1041 3858 1313 3911 commisit
1339 3878 1355 3911 .-
1388 3868 1443 3911 ut
1477 3873 1572 3927 per
1602 3858 1747 3913 illam

187 3948 462 4011 provinciam
487 3950 711 4019 positis,
739 3966 876 4021 quas
897 3952 961 4004 ad
987 3951 1327 4017 disciplinam
1355 3953 1524 4007 teneri
1552 3952 1743 4017 voluit,

186 4034 389 4093 Lcelesiis
442 4043 790 4097 Suhvettiret.
851 4042 1095 4097 Gloriosa
1155 4044 1442 4097 instantius
1500 4044 1745 4112 exempla

184 4136 403 4199 sequenda
444 4149 605 4202 sunt,
654 4148 711 4191 ut
755 4153 979 4207 quorum
1032 4136 1322 4208 privilegiis
1361 4137 1437 4191 uti
1476 4136 1742 4206 cupimus,

186 4236 325 4279 eorum
373 4244 473 4283 nos
529 4229 743 4284 similes
790 4230 843 4283 in
890 4230 1140 4285 Omnibus
1193 4232 1575 4299 approbemus.
1626 4229 1749 4283 lmi-

182 4322 362 4373 latorem
410 4333 463 4376 te
517 4336 636 4376 tam
682 4331 708 4369 8
758 4322 1173 4399 praedecessoris
1228 4324 1301 4376 tui
1345 4340 1502 4393 quam
1560 4324 1745 4377 deces-

183 4412 298 4476 soris,
321 4416 401 4482 qui
434 4416 556 4483 pari
595 4415 757 4469 modo
783 4417 885 4469 hoc
906 4427 962 4471 et
987 4419 1247 4470 meruisse
1269 4426 1323 4469 et
1344 4417 1520 4484 egisse
1548 4431 1746 4485 cogno-

179 4502 320 4569 scitur,
349 4522 471 4563 esse
504 4509 798 4562 Vulumtts:
835 4516 893 4561 ut
933 4508 1001 4561 de
1048 4506 1290 4577 profectu
1338 4507 1698 4563 Ecclesiarum
1725 4550 1740 4576 ,

1858 1903 2140 1972 permittas
2172 1901 2336 1955 licere
2366 1900 2653 1970 suffragiis.
2704 1901 3093 1957 Examinentur
3125 1904 3456 1974 diligentius,

1859 2003 1914 2049 et
1947 2011 2041 2065 per
2073 1995 2293 2065 longum
2325 1997 2452 2049 vita:
2484 1996 2755 2050 tramitem
2787 1996 3089 2067 disciplinis
3118 2000 3458 2054 ecclesiasti-

1858 2092 1958 2155 cis,
1999 2089 2091 2160 qui
2125 2089 2410 2144 ordinandi
2442 2089 2660 2156 fuerint,
2696 2090 3021 2145 imbuantur.
3056 2090 3110 2147 Si
3145 2101 3321 2148 tamen
3352 2092 3459 2149 illis

1859 2182 2037 2237 omnia
2079 2197 2199 2253 quin
2239 2197 2269 2236 a
2301 2182 2501 2236 sanctis
2553 2182 2805 2237 Patribus
2834 2192 2960 2237 sunt
2986 2186 3278 2238 constituta
3322 2200 3457 2240 cou-

1859 2277 2098 2341 veniant,
2124 2286 2179 2331 et
2205 2292 2323 2346 quae
2353 2277 2566 2331 beatum
2592 2277 2894 2345 apostolum
2917 2276 3141 2331 Paulum
3167 2279 3233 2333 de
3263 2278 3459 2335 talibus

1858 2369 2089 2441 legimus
2122 2371 2447 2440 praecepisse
2477 2370 2855 2437 custodierint,
2889 2380 2944 2425 ut
2974 2368 3132 2425 unius
3162 2373 3346 2427 uxoris
3375 2373 3457 2428 vir

1856 2467 1948 2532 sit,
1978 2474 2032 2521 et
2055 2464 2195 2520 hanc
2209 2464 2496 2533 virginem,
2524 2474 2582 2519 ut
2601 2464 2895 2521 auctoritas
2912 2465 3108 2519 divinae
3126 2466 3260 2535 legis
3277 2475 3454 2531 cavet,

1856 2558 2147 2627 acceperit.
2182 2555 2377 2625 Quodk
2399 2558 2467 2611 ita
2495 2558 2778 2611 sollicitius
2806 2558 3055 2611 volumus
3080 2557 3367 2623 custodiri,
3397 2567 3458 2611 ut

1856 2651 2109 2705 omnibus
2133 2649 2569 2705 excusationibus
2589 2650 2763 2704 locum
2790 2650 3111 2711 adimamus,
3146 2664 3210 2704 ne
3231 2663 3290 2704 se
3317 2649 3457 2719 quis-

1856 2758 2016 2813 quam
2057 2741 2243 2797 credat
2284 2756 2443 2811 posse
2485 2740 2551 2794 ad
2594 2741 2953 2795 sacerdotium
2986 2742 3312 2811 pervenire,
3362 2742 3455 2810 qui

1857 2850 2081 2890 uxorem
2099 2844 2385 2904 antequam
2402 2832 2603 2888 Christi
2620 2838 2841 2901 gratiam
2859 2845 3283 2904 consequeretur
3299 2847 3456 2889 acce-

1858 2931 1963 2997 pit.
2016 2942 2118 2996 qua
2152 2926 2440 2980 deficiente
2466 2926 2689 2979 alteram
2719 2936 2839 2992 post
2867 2926 3190 2996 baptismum
3220 2914 3452 2995 conjun-

1858 3019 1998 3075 xerit
2026 3021 2149 3075 sibi.
2180 3018 2315 3073 Cum
2345 3019 2529 3087 negari
2554 3036 2691 3073 uxor
2713 3019 2800 3073 illa
2826 3034 2932 3073 non
2954 3020 3143 3088 possit,
3179 3034 3279 3074 nec
3302 3020 3452 3089 prio-

1857 3115 1933 3169 ris
1960 3114 2198 3183 coniugii
2234 3128 2490 3167 numerus
2516 3113 2717 3167 aboleri
2746 3154 2760 3179 ,
2812 3121 2865 3168 et
2890 3128 3076 3167 eorum
3106 3114 3176 3166 ita
3205 3114 3274 3167 sit
3300 3122 3453 3182 pater

1859 3206 2095 3261 filiorum
2143 3222 2280 3273 quos
2324 3213 2447 3260 ante
2497 3205 2821 3272 baptismum
2870 3220 2933 3259 ex
2985 3204 3072 3258 illa
3126 3206 3449 3274 susceperit,

1855 3298 2309 3364 quemadmodum
2358 3306 2412 3351 et
2453 3296 2666 3350 illorum
2705 3293 2723 3333 1
2759 3296 2817 3350 ﬁt
2862 3311 2997 3366 quos
3039 3313 3101 3351 ex
3133 3296 3300 3351 altera
3331 3307 3453 3367 post

1855 3390 2180 3461 baptismum
2231 3389 2405 3444 noscit
2452 3390 2777 3457 suscepisse.
2808 3396 2851 3425 ιιι
2883 3388 3029 3444 Sicut
3060 3390 3195 3443 enim
3228 3400 3450 3459 peccata

1855 3494 1909 3539 et
1938 3500 2057 3555 quae
2089 3484 2273 3539 illicita
2306 3498 2427 3538 esse
2469 3493 2765 3537 noscuntur
2803 3497 2898 3551 per
2935 3482 3203 3536 lavacrum
3243 3482 3448 3551 baptis-

1855 3579 2015 3631 matis
2034 3578 2341 3643 abolentur,
2378 3575 2448 3629 ita
2478 3591 2595 3644 quae
2609 3585 2733 3630 sunt
2748 3574 2881 3644 legis
2902 3585 3172 3645 praecepto
3186 3588 3446 3631 concessa

1854 3669 1939 3724 vel
1971 3669 2112 3724 licita
2147 3684 2251 3723 non
2282 3668 2556 3723 delentur.

1924 3762 2053 3818 CAP.
2088 3762 2463 3818 [VL—Nullus
2487 3772 2538 3815 te
2565 3761 2867 3815 inconsulto
2895 3776 2991 3830 per
3016 3760 3134 3813 illas
3170 3760 3444 3818 Ecclesias

1852 3854 2133 3909 ordinetur
2165 3855 2391 3907 antistes
2425 3870 2437 3905 :
2472 3854 2539 3906 ita
2566 3856 2708 3906 enim
2746 3851 2839 3907 fiet
2869 3862 2924 3905 ut
2952 3852 3058 3907 sint
3092 3851 3161 3905 de
3186 3850 3449 3921 eligendis

1854 3959 2060 4000 matura
2087 3945 2287 4016 judicia
2312 3987 2326 4009 ,
2360 3946 2485 3998 dum
2516 3955 2618 3999 tute
2640 3945 2943 3999 dilectionis
2966 3944 3293 3998 examinatio
3335 3945 3443 4000 for-

1852 4041 2105 4095 midetur.
2134 4047 2162 4075 ιι
2193 4039 2447 4108 Quisquis
2475 4054 2605 4092 vero
2633 4054 2662 4092 a
2697 4037 3127 4107 metropolitanis
3155 4038 3445 4107 episcopus

1851 4144 2035 4190 contra
2070 4146 2307 4188 nostram
2334 4136 2751 4203 praeceptionem
2788 4144 2979 4201 prteter
3010 4142 3158 4187 tuam
3199 4134 3445 4188 notitiam

1852 4228 2336 4289 fueritordinatus,
2368 4228 2567 4282 nullam
2598 4228 2699 4281 sibi
2730 4229 2867 4295 apud
2902 4242 2999 4281 nos
3022 4236 3194 4281 status
3216 4226 3296 4280 sui
3322 4241 3445 4283 esse

1852 4325 2063 4377 noverit
2079 4323 2408 4386 lirmitatem,
2432 4335 2633 4390 eosque
2648 4321 3006 4390 usurpationis
3019 4334 3133 4374 suae
3148 4321 3438 4387 rationem,

1852 4418 1939 4486 qui
1970 4417 2071 4468 hoc
2116 4415 2588 4481 praesumpserint,
2633 4413 2963 4469 reddituros.
2999 4413 3232 4482 Singulis
3259 4423 3441 4471 autem

1856 4506 2285 4577 metropolitanis
2322 4506 2458 4561 sicut
2496 4515 2731 4576 potestas
2761 4507 2861 4561 ista
2891 4509 3265 4574 committitur,
3295 4518 3355 4563 ut
3384 4507 3441 4564 in

177 4685 431 4763 epistolam.
462 4689 737 4757 Qumdam
768 4688 1070 4763 testimonia
1102 4688 1268 4763 hijus
1290 4689 1532 4755 epistolae
1563 4689 1738 4763 vnlga-
1769 4694 1820 4753 Ι)
1846 4687 2079 4763 centium
2112 4703 2303 4757 papam
2324 4690 2647 4763 {decessoris
2687 4704 2815 4743 vero
2845 4690 3065 4763 nomine
3095 4690 3267 4746 Rufus
3289 4736 3303 4757 ,
3350 4699 3442 4763 qui

179 4769 286 4810 verat
314 4762 415 4814 Leo
449 4764 695 4815 Allatius
729 4777 777 4813 III
808 4759 1103 4814 Concordia
1148 4761 1406 4814 Ecclesiae
1450 4762 1737 4815 Urientalis

176 4840 264 4899 cum
304 4834 669 4899 Occidi-ntali,
722 4847 839 4898 pag.
893 4832 1058 4892 1570,
1106 4848 1170 4886 ex
1218 4834 1336 4885 cod.
1377 4836 1740 4885 vetustissimo

176 4895 405 4967 Vaaicano,
444 4909 540 4971 qui
582 4895 687 4956 hoc
716 4895 955 4972 tvmpore
987 4904 1210 4956 inveniri
1244 4920 1346 4955 non
1391 4904 1585 4971 potuit.
1636 4902 1739 4957 Va-

176 4973 330 5044 riaires
354 4992 417 5029 ex
454 4980 567 5029 hoc
600 4991 812 5043 quoque
844 4991 944 5027 ms.
977 4977 1117 5029 unde
1147 4975 1469 5029 Barberinus
1505 4975 1736 5044 prodiit,

172 5040 306 5098 Altatti
336 5040 679 5101 auctoritate
705 5040 971 5101 dabimus.

222 5122 241 5149 ⁸
267 5117 354 5170 δίς.
391 5120 598 5179 Barh.,
627 5120 832 5183 alterni,
865 5126 1137 5184 corrupte.

138 5200 141 5201 '
224 5185 241 5219 ⁸³
268 5187 578 5242 Pronomeu
627 5187 768 5241 nobis
803 5204 833 5242 a
872 5189 1162 5255 Quesnello
1208 5188 1466 5243 omissum
1508 5187 1745 5244 restitui-

171 5271 255 5309 mus
278 5277 337 5312 ex
366 5262 576 5314 eodem
618 5262 737 5313 cod.
775 5269 828 5312 et
870 5262 1105 5312 editione
1148 5260 1429 5313 Hnlstenii.
1481 5259 1552 5313 De
1596 5260 1742 5313 Ana-

170 5329 280 5401 stasii
311 5331 509 5385 litteris
529 5332 630 5384 hic
660 5332 904 5383 indicatis
924 5333 1109 5385 confer
1134 5341 1319 5385 annot.
1346 5332 1379 5385 8
1402 5329 1541 5401 (Col.
1567 5330 1669 5385 615
1687 5326 1737 5401 8)

168 5408 205 5449 ut
227 5406 362 5469 episr.
401 5403 844 5471 praei-dentem.

218 5482 234 5508 ε
259 5474 325 5525 lia
358 5470 507 5527 idem
539 5472 674 5527 cod.
709 5471 886 5537 Vulg“
921 5470 1080 5526 Deus.

217 5544 234 5576 "
259 5543 379 5597 Vide
413 5556 537 5599 not.
584 5542 610 5594 1
654 5552 705 5596 et
731 5544 767 5596 ἳ
792 5543 1087 5611 Quesnelli.

215 5622 234 5650 θ
256 5612 375 5669 0)(1.
420 5616 550 5669 Vat.
593 5616 737 5682 apud
768 5615 1045 5679 Attalium,
1071 5614 1499 5669 dissimulatione.

216 5682 232 5721 τ
260 5687 383 5740 \‘ide
416 5698 545 5743 not.
586 5684 628 5738 5
654 5686 950 5753 Quesnelli.

214 5762 236 5801 ε
260 5756 685 5813 Prasdecessoris
715 5760 932 5831 nomine
954 5757 1190 5831 Anysius
1210 5759 1368 5829 paulo
1393 5765 1519 5812 ante
1541 5772 1743 5831 memo-

158 5839 275 5884 ratus
299 5833 666 5903 intelligitur,
699 5829 792 5899 qui
818 5831 983 5887 vitam
1009 5828 1261 5903 produxit
1292 5843 1463 5900 usque
1486 5828 1554 5885 ad
1583 5829 1747 5885 luno-

413 5948 712 6005 Ριτιιοι..
770 5938 802 5971 τ
825 5936 903 5975 ""

1846 4760 2287 4842 sublimoecnuo
2317 4760 2558 4828 electus,
2608 4759 2893 4815 Anastasio
2939 4762 3251 4819 immediate
3300 4759 3444 4834 prie-

1847 4842 2029 4887 οθςειι.

1890 4893 1948 4937 ⁸³³
1975 4902 2110 4957 Cod.
2152 4903 2270 4957 Vat.
2303 4904 2485 4969 Allat.,
2517 4904 2893 4967 commisimus;
2936 4904 3029 4959 sed
3074 4920 3236 4976 supra
3277 4908 3440 4961 etiam

1850 4975 2235 5028 committirmts.

1929 5043 1945 5082 ί
1978 5044 2121 5099 Ideni
2152 5046 2274 5098 cod.
2308 5045 2451 5113 Vah,
2480 5062 2612 5115 quw.

1926 5116 1939 5165 ἱ
1984 5116 2055 5169 lta
2088 5132 2150 5169 ex
2184 5119 2372 5169 eodem
2405 5121 2524 5169 eod.
2561 5118 2667 5179 AL,
2700 5115 3071 5186 suﬁ‘ragentur.

1925 5186 1949 5223 κ
1983 5188 2059 5241 Ex
2085 5189 2206 5240 cod.
2235 5188 2454 5241 Barber.
2484 5186 2781 5255 adiecimus
2810 5189 2899 5240 ita.

1932 5256 1943 5293 ¹
1984 5258 2302 5312 Addidimns
2319 5260 2373 5322 lit
2401 5273 2465 5312 ex
2498 5268 2736 5326 utrisque
2766 5258 2950 5324 codd.,
2975 5274 3040 5313 ex
3065 5259 3255 5328 quibus
3275 5260 3436 5316 etiam

1848 5330 2011 5383 noscit
2044 5345 2143 5397 pro
2172 5331 2401 5382 noscitur
2427 5332 2788 5397 reposuimus.

1920 5410 1959 5437 ω
1996 5400 2262 5454 Videant.
2288 5401 2321 5453 4
2352 5401 2646 5467 Quesnelli,
2678 5403 2767 5470 qui
2801 5398 2934 5452 duas
2965 5413 3121 5454 voces
3149 5400 3277 5454 sicut
3301 5404 3439 5454 enim

1848 5472 2183 5525 necessirias
2223 5472 2534 5540 supplevit,
2584 5480 2638 5525 et
2699 5470 2971 5525 abolentur
3000 5471 3307 5525 emendavit
3339 5487 3437 5542 pro

1844 5543 2201 5598 abolebantur.

1916 5622 1945 5649 ιι
1978 5615 2091 5668 Hoc
2120 5630 2328 5684 quoque
2358 5615 2474 5667 loco
2500 5613 2821 5679 Quesnellus
2854 5613 3207 5665 necessariam
3238 5630 3428 5672 emen-

1847 5685 2120 5741 dationem
2145 5686 2371 5752 induxit,
2394 5686 2459 5741 de
2486 5702 2588 5756 qua
2615 5686 2736 5740 vide
2760 5684 3007 5757 not.eiu_s
3040 5685 3091 5737 5.
3110 5684 3278 5739 Antea
3311 5704 3429 5757 per-

1851 5780 2031 5837 peram
2060 5785 2071 5819 ;
2110 5764 2350 5835 Quisquis
2381 5755 2585 5813 vei-ode
2610 5755 3017 5823 metropolitanis
3048 5755 3321 5830 episcopis:

2844 5922 2922 5985 20

3448 5881 3485 5895 ι*
