4006 6348
474 356 577 444 nisi

1600 379 1658 434 s.
1698 374 1948 434 LEONIS
1987 356 2201 431 usam
2247 370 2625 431 EPISTOLIE.

3652 352 3763 434 osa

470 500 582 554 suis
605 494 897 568 provinciis
924 494 1009 562 jus
1040 491 1270 545 habeant
1295 484 1601 555 ordinandi,
1636 489 1706 543 ita
1736 504 1831 545 eos
1854 502 2054 545 metro—
2082 468 2137 550 Α
2161 503 2282 543 cum
2315 486 2636 543 fraternitati
2668 494 2772 540 tua?
2800 500 2865 543 ex
2903 496 3084 541 nostra
3112 485 3449 557 delegatione
3474 490 3757 558 ceperint,

472 591 739 659 politanos
770 604 797 640 a
830 594 881 640 te
914 584 1159 637 volumus
1204 578 1481 648 ordinari,
1525 590 1737 636 maturo
1777 591 1954 637 tamen
1998 590 2053 636 et

473 694 499 721 ι
526 684 750 739 decocto
778 679 942 749 622
968 675 1190 745 judicio.
1224 672 1479 743 Quamvis
1511 672 1653 729 enim
1685 690 1874 730 omnes
1916 675 2057 729 anti-

469 778 621 830 stites
645 774 896 843 probatos
924 780 977 825 et
997 768 1110 823 Deo
1136 768 1362 837 placitos
1382 768 1575 823 deceat
1598 769 1929 834 consecrari,
1956 769 2055 823 bos

470 880 647 924 tamen
681 866 989 935 praecellere
1017 864 1263 917 volumus
1283 907 1298 931 ,
1329 877 1465 931 quos
1502 862 1827 933 praefuturos
1856 864 1937 917 his
1964 861 2055 931 qui

468 964 533 1015 ad
575 976 634 1016 se
680 958 951 1029 pertinent
989 955 1466 1011 consacerdotibus
1524 956 1853 1009 noverimus.
1902 951 2056 1021 Quod

471 1046 816 1109 dilectionem
864 1048 1009 1105 tuam
1065 1048 1525 1118 sollicitiusagere
1572 1046 1965 1117 prmmoncmus
2004 1057 2059 1102 et

467 1146 707 1209 Cautius,
745 1155 800 1199 ut
837 1144 965 1198 illud
1015 1143 1373 1211 apostolicum
1400 1141 1707 1203 custodire,
1744 1134 1883 1212 quod
1916 1141 2056 1195 scri-

467 1250 615 1308 ptum
644 1252 743 1303 est,
775 1239 1089 1308 approberis
1118 1256 1131 1290 :
1160 1234 1352 1291 Manus
1382 1236 1481 1291 cito
1518 1228 1708 1289 nemini
1756 1222 2059 1304 iinposueris

470 1335 521 1396 (Ι
549 1332 685 1387 Tim.
716 1350 769 1397 v,
798 1333 914 1401 22).
1900 1408 1901 1411 η

537 1428 664 1481 Car.
695 1424 915 1478 V.-—Ad
940 1420 1203 1495 synodum
1230 1422 1469 1491 quisquis
1499 1420 1719 1474 fratrum
1748 1418 1909 1474 fuerit
1933 1433 2059 1472 evo-

467 1529 616 1573 catos
636 1529 903 1580 occurrat,
934 1532 1031 1569 nec
1051 1527 1250 1568 sancte
1274 1512 1679 1583 coitgregationi
1704 1527 1761 1566 se
1789 1513 2054 1581 deneget:

466 1612 519 1665 in
552 1627 651 1671 qua
689 1611 920 1663 maxime
962 1606 989 1645 δ
1019 1608 1456 1661 constituendum
1488 1622 1609 1661 esse
1661 1606 1871 1659 noverit
1916 1602 2059 1674 quod

465 1702 529 1755 ad
564 1701 904 1769 disciplinam
940 1699 1135 1767 poterit
1165 1697 1586 1753 ecclesiasticam
1626 1698 1915 1766 pertinere.
1951 1695 2058 1749 Me-

464 1792 569 1846 lius
601 1793 745 1846 enim
781 1800 803 1829 °
838 1790 1012 1843 omnis
1037 1790 1192 1853 culpa
1213 1788 1488 1852 vitabitur,
1517 1789 1559 1843 si
1593 1789 1731 1841 inter
1750 1776 2057 1841 sacerdotes

468 1883 677 1939 Domini
702 1884 919 1937 collatio
941 1882 1275 1949 frequentior
1300 1880 1579 1948 habeatur,
1612 1888 1665 1933 et
1690 1874 2054 1934 emendationi

465 1978 671 2047 pariter
704 1986 757 2030 et
786 1974 1035 2029 charitati
1064 1971 1349 2042 plurimum
1383 1980 1599 2040 przestat
1627 1968 2062 2051 adunata’socie-

464 2080 567 2126 tas.
602 2072 741 2137 lllic,
768 2070 813 2124 si
845 2083 963 2138 quze
990 2082 1167 2121 causa:
1199 2078 1335 2120 natae
1361 2065 1592 2128 fuerint,
1630 2058 1922 2133 priestante
1953 2060 2061 2116 Do-

462 2167 608 2219 mino
630 2206 645 2230 ,
673 2163 744 2217 ita
773 2170 1025 2233 poterunt
1057 2159 1367 2225 terminari,
1404 2168 1461 2213 ut
1493 2148 1771 2212 contentio
1799 2157 1945 2211 nulla
1974 2172 2059 2211 re-

461 2258 671 2322 sideat;
705 2256 798 2311 sed
823 2252 851 2292 ἀ
883 2254 999 2309 sola
1029 2254 1167 2308 inter
1196 2255 1387 2307 fratres
1417 2251 1653 2305 charitas
1679 2251 1967 2304 coalescat.
2001 2248 2057 2303 Si

460 2363 563 2418 qna
591 2362 718 2403 vero
745 2360 903 2401 causa
926 2346 1097 2414 major
1119 2344 1387 2411 evenerit,
1414 2359 1533 2413 quae
1556 2358 1585 2397 a
1611 2352 1697 2395 tua
1719 2336 2057 2398 fraternitate

459 2442 569 2497 illic
592 2441 916 2510 prtcsidente
931 2454 1034 2492 n0n
1056 2432 1545 2506 potueritdefiniri,
1568 2435 1761 2489 relatio
1786 2448 1871 2488 tua
1893 2437 2055 2490 missa

460 2548 558 2586 nos
586 2532 868 2585 consulat:
898 2538 957 2583 ut
978 2528 1257 2584 revelante
1285 2526 1538 2593 Domino,
1570 2527 1723 2597 cujus
1747 2520 2057 2583 misericor-

384 2598 391 2613 Χ
458 2626 563 2679 dia:
596 2622 908 2693 profitentur
938 2637 1057 2675 esse
1085 2620 1227 2691 quod
1263 2634 1570 2699 possumus,
1598 2621 1740 2689 quod
1762 2621 1875 2689 ipse
1899 2620 2055 2676 nobis

459 2716 811 2783 aspiraverit,
847 2714 1207 2769 rescribamus
1255 2730 1267 2765 :
1321 2721 1377 2765 ut
1410 2712 1697 2783 cognitioni
1732 2724 1927 2768 nostra;
1957 2730 2054 2784 pro

460 2807 747 2860 traditione
778 2806 977 2859 veteris
1009 2805 1239 2858 instituti
1269 2813 1321 2858 et
1350 2804 1532 2858 debita
1574 2803 1882 2873 apostolica:
1910 2806 2054 2863 sedis

457 2899 785 2967 reverentia,
814 2907 999 2951 nostro
1025 2898 1279 2951 examine
1303 2895 1640 2951 vindicemns
1665 2915 1677 2951 :
1706 2906 1763 2951 ut
1791 2900 1931 2952 enim
1959 2916 2053 2955 au-

457 2991 759 3045 ctoritatem
794 2999 817 3027 ε
850 2999 991 3043 tuam
1036 2990 1155 3044 vice
1186 3000 1367 3042 nostra
1410 2999 1461 3044 te
1492 3004 1750 3045 exercere
1782 2990 2049 3057 volumus,

460 3084 533 3137 ita
568 3084 722 3137 nobis
753 3098 871 3151 quae
912 3082 1021 3136 illic
1051 3081 1300 3148 componi
1348 3098 1452 3136 non
1501 3083 1802 3155 potuerint,
1835 3089 1918 3141 vel
1961 3087 2051 3157 qui

457 3192 647 3232 vocem
681 3176 701 3214 ί
732 3177 1109 3245 appellationis
1136 3177 1396 3243 emiserit,
1429 3193 1794 3234 reservamus.

2161 578 2456 636 secundum
2486 593 2549 633 ea
2586 591 2705 648 quae
2743 578 3079 649 scripsimus,
3111 577 3353 635 obedire.
3397 579 3762 650 Cognovimus

2162 689 2323 741 sane,
2355 673 2497 744 quod
2545 688 2654 729 non
2682 674 2952 743 potuimus
2984 673 3201 729 silentio
3239 670 3547 743 praeterire,
3580 692 3609 731 a
3640 677 3760 749 qui-

2163 769 2386 824 busdam
2420 767 2677 823 fratribus
2706 767 2856 822 solos
2880 768 3167 837 episcOpos
3195 777 3404 823 tantum
3433 768 3624 823 diebus
3659 772 3763 823 Do-

2162 845 2377 917 minicis
2430 861 2717 925 ordinari;
2775 862 3127 932 presbyteros
3181 875 3311 915 vero
3362 871 3415 917 et
3464 860 3757 928 diaconos,

2164 951 2350 1010 hcirca
2380 970 2516 1025 quos
2549 970 2643 1024 par
2673 953 3012 1007 consecratio
3044 950 3157 1007 ﬁeri
3189 950 3372 1018 debet,
3396 953 3591 1022 passim
3621 968 3761 1028 quo-

2164 1046 2295 1102 libet
2310 1047 2400 1102 die
2418 1040 2732 1117 dignitatem
2753 1034 2923 1099 officii
2941 1044 3295 1111 sacerdotalis
3317 1046 3593 1111 accipere;
3615 1044 3762 1115 quod

2168 1135 2187 1175 ί
2217 1148 2404 1193 contra
2429 1153 2667 1193 canones
2693 1148 2747 1192 et
2782 1137 3127 1191 traditionem
3167 1136 3385 1189 Patrum
3414 1137 3574 1209 623
3605 1150 3764 1191 usur-

2164 1231 2313 1299 patio
2344 1232 2667 1300 corrigenda
2693 1230 3009 1295 committit,
3035 1246 3155 1284 cum
3182 1244 3298 1284 mos
3321 1229 3515 1300 quibus
3544 1242 3627 1285 est
3655 1242 3764 1285 tra-

2164 1323 2306 1377 ditus
2333 1324 2474 1377 circa
2516 1338 2705 1379 oomcs
2735 1337 2920 1377 sacros
2950 1323 3171 1376 ordines
3200 1322 3395 1377 debeat
3434 1323 3766 1378 omnimodis

2164 1415 2423 1469 Custoditi
2455 1433 2470 1479 ;
2503 1417 2573 1469 ita
2603 1424 2660 1467 ut
2690 1427 2782 1483 per
2816 1415 2970 1483 longa
3001 1423 3303 1483 temporum
3334 1416 3636 1481 curricula,
3669 1414 3767 1484 qui

2164 1507 2417 1561 sacerdos
2447 1508 2530 1562 vel
2557 1507 2717 1561 levita
2750 1506 3081 1561 ordinands
3113 1518 3229 1571 est,
3262 1523 3357 1576 per
3387 1524 3574 1564 omnes
3595 1510 3763 1563 cleri-

2164 1600 2298 1652 calis
2327 1598 2490 1653 officii
2521 1599 2738 1653 ordines
2769 1599 3092 1667 provehatur
3135 1616 3148 1650 :
3196 1608 3254 1655 ut
3291 1601 3545 1656 diuturno
3585 1599 3766 1669 discat

2168 1697 2432 1759 tempore,
2463 1690 2616 1759 cujus
2639 1701 2692 1745 et
2719 1690 2910 1744 doctor
2932 1692 3045 1759 ipse
3068 1689 3273 1745 futurus
3298 1701 3401 1747 est.
3435 1691 3566 1746 Data
3585 1692 3763 1762 pridie

2165 1782 2281 1838 idus
2306 1780 2612 1849 Januarias,
2645 1782 2952 1839 Theodosio
2980 1799 3112 1839 xvnt
3137 1792 3192 1839 et
3221 1784 3416 1843 Albino
3441 1800 3582 1841 coss.

2701 1921 3033 1977 EPISTOLA
3060 1921 3073 1972 l
3110 1921 3220 1976 VII.

2538 2013 2567 2051 κ
2595 2030 2665 2069 an
2692 2029 2971 2070 EPISCOPOS
2998 2030 3099 2069 pen
3127 2029 3370 2069 ιτΑιιΑιί.

2169 2103 2186 2143 ι
2213 2107 2489 2180 Srnorsrs:
2527 2137 2597 2148 —
2639 2107 2903 2162 Plurimos
2930 2108 3337 2162 Manichaeorum
3367 2110 3634 2180 vigilantia
3662 2110 3763 2167 sua

2231 2179 2286 2250 in
2306 2180 2429 2232 urbe
2454 2179 2619 2232 Roma
2648 2180 2869 2235 detectas
2900 2197 3041 2245 esse,
3082 2190 3131 2235 et
3153 2181 3272 2250 pari
3310 2180 3372 2235 ab
3400 2179 3473 2237 eis
3493 2183 3753 2238 sollicitu-

2232 2249 2350 2303 dine
2378 2251 2760 2322 investigandos
2792 2254 3050 2307 admonet.

2161 2350 2201 2378 ω
2231 2341 2343 2397 Leo
2367 2344 2631 2398 universis
2657 2346 2927 2413 episcOpis
2960 2360 3056 2411 per
3091 2344 3256 2411 Italiae
3288 2341 3596 2413 provincias
3620 2361 3759 2407 con-

2551 2416 2754 2468 stitutis
2779 2416 2831 2469 in
2857 2415 3082 2471 Domino
3104 2417 3353 2472 salutem.

2231 2525 2359 2582 Car.
2385 2528 2427 2582 l.
2454 2558 2526 2570 —
2554 2527 2611 2583 In
2642 2529 2976 2584 consortium
3002 2544 3098 2586 vos
3134 2540 3334 2585 nostra:
3368 2530 3759 2605 sollicitudinis

2159 2628 2187 2656 ιι
2220 2619 2573 2691 advocamus,
2600 2633 2657 2676 ut
2676 2622 2947 2690 vigilantia
2977 2622 3255 2691 pastorali,
3280 2631 3305 2659 ο
3332 2638 3397 2678 ne
3422 2624 3547 2693 quid
3562 2623 3758 2683 diabo-

2160 2711 2275 2765 lica:
2308 2712 2470 2768 licere
2501 2715 2669 2782 possit
2705 2714 2915 2768 astutiae
2943 2757 2957 2782 ,
2990 2714 3297 2769 commissis
3326 2715 3479 2769 vobis
3499 2715 3760 2785 gregibus

2157 2805 2464 2875 diligentius
2495 2807 2833 2863 consulatis:
2878 2823 2943 2860 ne
2984 2808 3026 2861 is
3063 2808 3153 2877 qui
3189 2806 3400 2861 Domini
3447 2807 3759 2863 misericor-

2157 2898 2243 2952 dia
2278 2901 2558 2955 revelante
2602 2918 2698 2967 per
2739 2913 2980 2955 nOSIram
3029 2917 3212 2956 curam
3256 2917 3285 2955 a
3316 2903 3514 2958 noswis
3555 2903 3759 2961 ovibus

2159 2991 2379 3046 morbus
2408 3002 2435 3041 Ρ
2458 2990 2711 3059 abigitnr,
2744 2993 2970 3047 necdum
3002 2994 3150 3048 vobis
3184 2994 3535 3071 praemonitis,
3568 3005 3624 3051 et
3648 2994 3757 3049 ad-

2160 3072 2264 3137 hiic
2294 3084 2421 3151 quid
2453 3093 2645 3153 agatur
2692 3085 2912 3154 ignaris,
2955 3094 2983 3134 ιι
3032 3100 3127 3153 per
3157 3096 3363 3139 vestras
3394 3100 3451 3140 se
3481 3074 3761 3157 dispergat

2158 3174 2465 3239 Ecclesias,
2498 3183 2522 3211 ι’
2555 3184 2610 3229 et
2633 3189 2850 3228 suarum
2882 3174 3064 3228 furtim
3094 3176 3376 3231 cnnicnlos
3405 3177 3642 3231 inveniat
3670 3176 3757 3234 la-

528 3268 661 3323 Csr.
691 3267 775 3321 Vl.
805 3298 877 3309 —
903 3266 1031 3323 Haec
1069 3268 1246 3338 itaque
1277 3268 1327 3322 in
1353 3269 1591 3323 omnium
1631 3269 1853 3326 fratrum
1886 3272 2048 3329 facies

2169 3269 2454 3335 lebrarum,
2470 3267 2635 3341 624
2650 3275 2671 3303 ³
2691 3269 2899 3337 utquod
2916 3284 2945 3321 a
2970 3269 3124 3323 nobis
3140 3270 3189 3321 in
3210 3268 3354 3323 Urbe
3370 3271 3757 3339 exstinguitur,

456 3360 707 3416 notitiam
738 3360 1053 3431 pervenire,
1089 3372 1143 3412 ut
1175 3359 1353 3413 nullus
1380 3359 1637 3433 deinceps
1663 3371 1690 3410 κ
1719 3352 1815 3432 per
1838 3366 2049 3434 ignora-

458 3454 663 3509 tionem
686 3455 736 3507 in
753 3452 1102 3507 observandis
1131 3451 1212 3506 his
1237 3470 1356 3523 qua:
1385 3457 1740 3523 praecepimus
1756 3460 2050 3514 excusandi

459 3560 521 3602 se
543 3547 777 3615 reperiat
796 3547 1123 3601 facultatem.
1147 3544 1227 3600 Ad
1247 3546 1392 3614 ipsos
1415 3546 1577 3601 etiam
1603 3548 1941 3618 metropolita
1953 3567 2049 3607 nos

457 3638 788 3708 singularum
822 3638 1219 3707 provinciarum
1256 3648 1471 3705 nostra,
1509 3640 1702 3708 quibus
1734 3657 1829 3696 eos
1858 3658 2049 3698 mone-

457 3746 682 3797 remus,
729 3732 933 3801 scripta
974 3730 1316 3786 direximus:
1361 3738 1420 3785 ut
1464 3732 1711 3786 noverint
1736 3735 2048 3801 apostolicis

463 3820 827 3879 obedientium
858 3835 981 3875 esse
1007 3819 1315 3886 sententiis,
1346 3828 1400 3875 et
1431 3829 1556 3876 tunc
1582 3836 1642 3877 se
1673 3822 1825 3879 nobis
1853 3818 2046 3895 parere

534 3969 561 3996 ⁸
591 3960 679 4016 Sic
719 3959 843 4014 cod.
894 3958 1056 4013 Barb.
1106 3966 1161 4014 et
1213 3956 1429 4028 Vulgat.
1480 3958 1591 4015 Leo
1641 3962 1871 4019 Allatius
1920 3967 2050 4036 legit

460 4042 721 4155 “5,036.1.
750 4100 931 4166 Barb.,
960 4100 1372 4155 custodiendum.
1406 4100 1716 4156 Holstenius
1739 4106 2049 4163 emendavit

461 4190 527 4231 ex
556 4172 790 4256 ingenio,
823 4186 955 4252 cum.
976 4169 1028 4224 in
1059 4173 1524 4256 s‘ynodisndecreta
1557 4176 1971 4233 constituantur.

534 4256 556 4283 ε
592 4244 786 4298 Vocem
819 4243 981 4295 omnis
1007 4260 1033 4295 a
1062 4243 1351 4308 Quesnello
1373 4246 1629 4300 omissam
1659 4262 1726 4303 ex
1749 4264 1851 4304 ms.
1878 4250 2039 4306 Barb.

460 4324 517 4371 et
540 4315 777 4371 editiOne
809 4312 1151 4367 Holsteniana
1180 4316 1570 4370 revocavimns.

529 4384 556 4422 ά
587 4387 676 4441 Sic
704 4401 769 4439 ex
807 4398 908 4438 ms.
952 4386 1383 4440 emendavimus.
1436 4386 1577 4441 Editi
1608 4388 1777 4443 solida
1811 4405 1876 4445 ex
1908 4391 2040 4446 Hol-

459 4457 616 4529 stenii
646 4456 1144 4529 coxijectura,_quae
1174 4470 1351 4511 tamen
1383 4473 1488 4529 non
1517 4460 1678 4529 cogit.

533 4536 556 4564 ο
588 4527 664 4581 lta
700 4525 871 4581 codex
902 4534 959 4580 et
997 4526 1329 4583 Holstenius.
1371 4525 1694 4596 Quesnellus
1716 4542 1948 4587 nostram
1974 4548 2043 4589 ex

460 4598 677 4666 ingenio
700 4595 896 4664 posuit.

537 4668 557 4707 ι
591 4668 722 4720 Vide
754 4677 867 4720 not.
900 4668 932 4720 6
960 4667 1161 4720 Ouesn.
1193 4679 1249 4720 et
1280 4679 1517 4720 nostram
1544 4670 1811 4720 observati

537 4668 557 4707 ι
591 4668 722 4721 Vide
754 4677 867 4720 not.
900 4668 932 4720 6
960 4667 1161 4733 Quesn.
1193 4679 1249 4723 et
1280 4679 1517 4723 nostram
1544 4670 2001 4729 observationem.

495 4808 507 4819 .
532 4747 561 4819 ξ
590 4737 746 4806 Apud
778 4736 1063 4807 Allatium,
1094 4740 1451 4810 ignoratione,
1483 4750 1535 4794 et
1564 4740 1718 4809 dein,
1766 4759 1880 4813 qua:
1906 4761 2043 4817 prte-

459 4823 699 4881 aptmtts.

529 4877 559 4916 h
596 4878 726 4916 Vitia
756 4890 843 4916 nm
894 4880 923 4916 Ἶ
954 4879 1227 4916 nnlncnnlli

536 4878 559 4916 δ
596 4878 726 4933 Vide
756 4890 867 4932 not.
894 4880 923 4931 7
954 4879 1252 4946 Quesnelli.

536 4946 554 4986 ί
593 4950 723 5003 Vide
756 4959 868 5002 not.
900 4949 934 5003 8
961 4950 1163 5016 Quesn.

455 5018 909 5146 r..,aAl-4io‘Qu:B
930 5031 1109 5075 autem
1133 5030 1252 5077 erat
1273 5024 1330 5091 7,
1355 5038 1499 5079 nunc
1519 5022 1575 5079 2.
1602 5024 1721 5081 Scr.
1742 5026 1811 5082 '50
1846 5027 2043 5087 Janua-

486 5108 521 5146 ιι
591 5111 643 5143 ιι.
785 5130 796 5142 .

527 5161 552 5198 lt
588 5163 774 5217 Exstat
797 5161 911 5215 haec
932 5162 1158 5229 epistola
1178 5164 1229 5217 in
1252 5165 1317 5219 15
1334 5165 1763 5237 collectionibus,
1786 5172 2038 5231 nimirum

455 5234 508 5286 in
540 5232 606 5286 Ξ.
644 5235 711 5286 5.
749 5232 1064 5286 Οἰυιινδὶειηθ
1097 5235 1159 5286 6.
1195 5235 1494 5286 Hadrianea
1519 5240 1581 5286 7-
1621 5240 1769 5286 Hisn-
1802 5241 1836 5286 9
1909 5244 2009 5286 leid

453 5235 508 5287 in
540 5235 607 5301 ‘2,
644 5235 678 5288 5
699 5274 711 5295 ,
749 5235 1064 5303 DilDIIYaiilna
1097 5235 1159 5297 6,
1195 5235 1495 5292 Hadrianea
1519 5240 1582 5303 7,
1620 5235 1769 5309 Hisp'.
1802 5241 1836 5298 9
1857 5286 1872 5307 ,
1909 5244 2032 5299 lsid.

455 5302 557 5384 1f);
585 5305 718 5384 item
805 5306 1016 5358 collect.
1045 5305 1437 5384 ii,12,_l5,21
1463 5311 1761 5384 etreliquis
1781 5329 1946 5384 usque
1968 5316 2035 5370 ad

453 5372 547 5452 at.
583 5379 636 5429 ln
665 5375 842 5452 indice
867 5376 1162 5452 ΔνιπιαιιιιίδςφΔ
1181 5379 1481 5452 collectioni
1508 5382 1560 5445 5,
1588 5372 1703 5452 cap.
1726 5385 1811 5449 7s,
1840 5372 2035 5441 inscri-

452 5444 597 5500 bitur
623 5462 639 5501 :
679 5446 911 5511 lt'pistola
941 5449 1190 5515 generalis
1221 5448 1285 5503 de
1318 5444 1639 5507 Manichwis.

486 5586 499 5596 .
532 5515 1081 5597 {Apod‘Diony-sintn
1118 5519 1209 5597 _h_ic
1244 5522 1436 5597 titulus
1470 5524 1702 5597 legitur;
1744 5526 1893 5590 Quod
1920 5528 2037 5597 plu-

447 5588 571 5671 rimi
604 5588 1021 5671 -tilt1IliClt-(Zl;‘(al.
1045 5631 1057 5654 ,
1109 5588 1542 5671 blaniflneorumi
1582 5588 1848 5666 vigilantia
1886 5588 2036 5671 papa:

451 5655 639 5714 Leonis
670 5663 719 5714 in
747 5662 871 5715 urbe
896 5655 1059 5714 Roma
1089 5662 1269 5715 detecti
1297 5666 1419 5717 sint.

527 5738 567 5765 ω
601 5732 760 5809 lianc
783 5732 1187 5809 inscriptionem
1211 5749 1281 5809 ex,
1299 5734 1418 5791 Vat.
1447 5752 1577 5809 puro
1608 5738 1849 5809 Dionysii
1886 5739 2031 5796 aliis-

453 5814 559 5880 que
602 5801 951 5880 liadrianeis,
1001 5804 1396 5880 e_tAVindebon.
1443 5801 1588 5878 Hisp.
1636 5801 2032 5880 praeelegimus.

453 5869 583 5932 MSS.
612 5870 732 5933 Vat.
765 5872 917 5940 Hisp.
940 5883 995 5931 et
1024 5876 1145 5932 lsid.
1183 5894 1303 5934 cum
1333 5880 1451 5935 aliis
1472 5869 1685 5939 collect.
1719 5882 1780 5937 H
1800 5869 1904 5949 pio
1930 5884 2039 5951 αρί-

2071 4796 2129 4855 Ῑ)

2156 3361 2460 3417 tenebrosis
2510 3362 2647 3431 apud
2698 3376 2794 3415 vos
2821 3360 3090 3416 radicibus
3117 3362 3435 3417 seminetur.
3484 3362 3758 3418 Plurimos

2155 3460 2447 3529 impietatis
2489 3459 2795 3514 Manichaee:
2834 3475 3095 3529 sequaces
3123 3471 3179 3516 et
3217 3460 3469 3516 doctores
3520 3461 3572 3516 in
3606 3461 3760 3519 Urbe

2155 3550 2494 3619 inve-trgatio
2519 3560 2701 3605 nostra
2735 3556 2954 3621 reperit,
2983 3551 3255 3622 vigilantia
3283 3550 3612 3623 divulgavit,
3645 3567 3752 3607 au-

2156 3646 2377 3697 ct0ritas
2405 3654 2461 3698 et
2485 3657 2716 3697 censura
2746 3646 2987 3698 coercuit
3016 3662 3029 3697 :
3080 3658 3213 3714 quos
3262 3645 3533 3713 pctuimus
3560 3659 3761 3700 emen-

2156 3736 2305 3798 dare.
2337 3737 2677 3792 correximus
2701 3752 2717 3802 ;
2745 3744 2801 3790 et
2824 3747 2880 3789 ut
2901 3734 3222 3792 damnarent
3250 3736 3598 3803 Manichreum
3624 3753 3756 3792 cum

2158 3831 2634 3903 praedicationibus
2662 3832 2681 3869 ί
2714 3842 2770 3888 et
2790 3822 3091 3902 disciplinis
3121 3837 3232 3887 suis
3256 3831 3470 3901 publica
3494 3832 3545 3886 in
3562 3831 3757 3887 Eccle—

2154 3972 2323 4040 scapis
2345 3970 2547 4040 habent
2577 3969 2843 4024 Ecclesiis.
2872 3967 3006 4024 Cod.
3032 3970 3195 4026 Corb.
3226 3971 3441 4025 collect.
3469 3970 3505 4025 2
3532 3979 3586 4025 et
3610 3986 3749 4027 mss.

2153 4039 2365 4095 collect.
2402 4043 2434 4096 5
2453 4084 2468 4107 ,
2503 4039 2763 4095 Universis
2792 4043 3039 4112 episc0pis
3068 4059 3158 4113 per
3200 4044 3425 4096 diversas
3452 4044 3753 4113 prouincias

2151 4114 2461 4166 constitutis.
2486 4112 2619 4165 Cod.
2655 4114 2949 4166 Florentin.
2976 4114 3029 4166 ὃ.
3064 4115 3225 4168 Marm
3250 4116 3458 4168 collect.
3499 4112 3602 4167 13:
3636 4114 3749 4169 Leo

2151 4185 2418 4257 episcopus
2443 4185 2583 4237 urbis
2609 4184 2784 4237 Roma:
2805 4186 3049 4257 tinitversis
3080 4185 3173 4251 (al.
3202 4186 3459 4254 omnibus)
3488 4187 3750 4257 episwpis

2148 4252 2242 4325 per
2262 4252 2475 4309 Italiam
2510 4257 2819 4307 constitutis.
2853 4255 2983 4309 Vide
3015 4264 3125 4308 not.
3160 4252 3453 4323 Quesnelli.

2222 4334 2251 4362 ιι
2280 4326 2451 4380 Codd.
2484 4326 2881 4397 eollect.ilisp.
2919 4335 2971 4379 et
3020 4328 3143 4380 Isid.
3183 4343 3304 4381 cum
3353 4328 3474 4381 aliis
3514 4335 3756 4397 quatuor

2151 4397 2348 4451 exinde
2372 4397 2627 4452 derivatis
2658 4396 2881 4465 addunt,
2913 4400 3225 4451 dilectissimi
3254 4404 3460 4521 (ranos.

2223 4476 2249 4504 ο
2286 4468 2440 4521 Vola.
2476 4477 2601 4521 ante
2626 4469 2827 4521 Ouesn.
2854 4484 2974 4521 cum
3010 4484 3139 4521 tnss.
3167 4470 3245 4521 col
3275 4479 3377 4521 ect.
3408 4468 3460 4521 ii

2223 4476 2249 4504 ο
2286 4468 2440 4538 ang.
2476 4477 2601 4521 ante
2626 4469 2827 4534 Qnesn.
2854 4484 2974 4522 cum
3010 4484 3139 4523 mss.
3167 4468 3377 4523 collect.
3408 4468 3493 4533 12,
3526 4486 3589 4521 ne
3615 4472 3751 4538 quid

2150 4538 2419 4593 diabolicae
2448 4538 2651 4609 fraudis
2688 4540 2877 4593 astutia
2899 4539 3057 4608 possit
3086 4557 3283 4593 nocere.
3327 4540 3638 4594 Lectionem
3680 4544 3755 4595 ab

2150 4624 2215 4663 eo
2258 4611 2526 4664 inductam
2568 4626 2632 4663 ex
2666 4610 2777 4663 suis
2816 4613 2973 4664 codd.
3001 4611 3172 4664 nostri
3204 4626 3416 4679 quoque
3449 4628 3577 4665 τηεμ.
3614 4612 3748 4667 libri

2150 4680 2508 4745 confirmant,
2561 4680 2772 4735 duobus
2801 4684 3154 4750 posteriorum
3198 4684 3576 4736 Collectionnm
3616 4683 3746 4740 Vat.

2152 4756 2412 4821 exceptis,
2442 4753 2494 4806 in
2519 4752 2732 4823 quibus,
2755 4767 2817 4805 ne
2839 4752 2963 4820 quid
2985 4752 3253 4808 diabolica:
3274 4756 3346 4807 rei
3368 4756 3561 4808 astutia
3586 4758 3753 4822 possit

2153 4838 2350 4876 nocere.

2224 4903 2252 4942 Ρ
2284 4893 2872 4959 Antiquamlectionem
2897 4895 3273 4963 revocavimus
3292 4894 3616 4949 auctoritate
3644 4911 3753 4948 an-

2153 4966 2439 5036 tiquissimi
2482 4964 2603 5020 Vat.
2635 4966 2894 5036 Dionysii,
2919 4976 2971 5021 et
2997 4981 3128 5020 mss.
3160 4964 3389 5029 Vercell.
3424 4980 3487 5021 ac
3512 4965 3751 5021 duorum

2154 5034 2296 5117 Vatt.
2331 5036 2653 5101 Quesnellus
2694 5034 2815 5091 cum
2854 5035 2975 5091 aliis
3016 5052 3148 5094 mss.
3189 5048 3244 5093 et
3294 5036 3563 5103 Justello,
3605 5036 3754 5104 abji-

2151 5118 2300 5159 Cllur.

2223 5186 2250 5225 τι
2277 5177 2476 5243 Quesn.
2512 5178 2563 5231 in
2590 5192 2790 5250 marg”
2824 5174 3044 5250 Dionys.
3072 5195 3163 5250 per
3190 5172 3369 5233 vestra:
3397 5179 3534 5233 sedis
3560 5191 3750 5249 pergat

2150 5245 2452 5312 Ecclesias;
2500 5248 2657 5302 male.
2700 5249 2775 5302 Ita
2819 5245 3031 5316 quidem
3073 5245 3215 5316 apud
3255 5245 3581 5316 Justellum,
3630 5245 3749 5305 n‘on

2144 5334 2277 5372 vero
2306 5322 2356 5371 in
2389 5320 2588 5373 nostris
2613 5320 2870 5389 Dionysii,
2901 5335 3000 5375 nec
3019 5321 3069 5374 in
3097 5319 3746 5389 lladrianeiscodtcibos.

2219 5398 2241 5425 τ
2275 5390 2441 5443 Codd.
2484 5391 2643 5461 (Jorb.
2677 5386 2986 5444 et'Thuan.
3038 5390 3089 5444 1.
3143 5386 3383 5461 Ouesn.,
3432 5401 3480 5447 et
3524 5386 3749 5445 suorum

2142 5459 2324 5529 furtim
2351 5460 2709 5514 cuniculorum
2736 5462 2959 5514 inveniat
2990 5459 3259 5516 latebram.
3368 5459 3375 5461 ἡ
3442 5517 3447 5523 ,

2217 5537 2238 5566 ⁸
2273 5530 2426 5601 Vulg.
2460 5544 2583 5585 ante
2611 5532 2811 5598 Quesn.
2841 5546 2964 5586 cum
2992 5546 3093 5586 ms.
3122 5533 3360 5589 Vercell.
3400 5541 3457 5588 et
3485 5528 3747 5603 Justello,

2142 5617 2207 5655 ne
2233 5603 2393 5671 quod,
2428 5617 2729 5671 perperam.

2215 5673 2236 5708 ⁸
2258 5673 2357 5747 ita
2398 5688 2527 5727 mss.
2574 5671 2731 5747 Vulg.
2765 5684 2889 5747 ante
2918 5675 3155 5747 Ωυςξιμε
3178 5691 3242 5747 η’
3276 5678 3565 5745 div-initiis.
3618 5676 3747 5747 Mox

2141 5743 2461 5825 ξοηῙεδείοζιε
2486 5748 2537 5825 ip
2567 5744 2773 5819 duobus
2792 5746 2910 5804 Vat.
2929 5757 2982 5805 et
3006 5743 3281 5800 Vitiuewo
3308 5743 3411 5801 cui
3560 5743 3743 5825 ῃεέρἿ

2143 5814 2267 5879 loco
2294 5814 2630 5889 professione.
3482 5838 3487 5841 η

2143 5974 2181 5987 ,ιι
