4006 6348
418 440 521 501 6ἳὸ

1540 440 1598 497 s.
1638 440 1877 497 LEOle
1916 426 2129 499 MAGNI
2172 438 2548 497 EPISTOLE.

3577 444 3679 507 σει

418 568 518 613 ret.
549 559 703 627 Quod
732 558 975 615 notitiam
1014 564 1248 611 nostram
1290 555 1462 610 latere
1497 570 1603 609 non
1640 557 1838 625 potuit,
1873 556 1991 627 qui-
2021 565 2073 621 Α
2107 574 2222 613 cem
2267 556 2524 610 librarum
2552 554 2667 609 auri
2712 556 2877 611 multa
2920 558 3194 626 percellat,
3230 552 3247 609 l
3299 542 3345 615 si
3388 574 3545 632 quem
3578 565 3677 622 hac

419 650 519 705 bus
549 659 717 705 tutum
747 664 852 703 non
885 656 969 704 est
1003 647 1274 717 negligere
1305 656 1411 700 tam
1440 647 1809 702 detestandam
1848 650 1992 703 Divi-

420 742 600 796 nitatis
634 739 902 809 injuriam,
926 746 982 793 et
1012 738 1327 807 impunitum
1360 739 1662 808 relinquere
1692 741 1869 795 scelus
1889 753 1996 809 quo

418 848 522 887 non
564 832 734 886 solum
778 847 1004 898 corpora
1046 831 1424 901 deceptorum,
1464 831 1559 886 sed
1601 834 1762 887 etiam
1805 833 1995 888 animae

418 921 805 991 inexpiabiliter
858 922 1185 991 polluuntur.
1240 921 1432 987 Unde,
1489 922 1724 985 Albine,
1786 937 1982 991 parens

417 1014 729 1067 charissime
762 1022 788 1051 ι
820 1021 884 1069 Α.
916 1020 983 1069 Α.
1029 1012 1251 1068 illustris
1285 1024 1338 1068 et
1387 1014 1668 1083 magniﬁca
1700 1002 1992 1070 auctoritas

416 1114 538 1168 tua,
563 1104 722 1176 627
753 1104 853 1159 hac
882 1120 978 1160 nos
1020 1105 1072 1159 in
1109 1114 1365 1160 aeternum
1405 1106 1606 1159 victura
1644 1106 1758 1175 lege
1799 1103 1823 1144 δ
1882 1118 1989 1160 sta-

417 1197 581 1251 tuisse
610 1208 917 1267 Cognoscat,
948 1214 1103 1266 quam
1136 1198 1186 1251 in
1210 1198 1447 1252 omnium
1478 1197 1874 1265 provinciarum
1914 1198 1992 1251 fa-

420 1289 526 1343 ciet
558 1289 800 1343 notitiam
834 1299 857 1327 °
891 1289 1080 1344 edictis
1114 1289 1399 1358 propositis
1431 1289 1740 1356 pervenire.
1776 1288 1844 1343 Ut
1881 1288 1997 1341 ubi-

417 1394 648 1449 cumque
675 1388 937 1434 terrarum
963 1380 1242 1449 quisquam
1274 1380 1687 1433 Manichaeorum
1722 1378 1880 1433 fuerit
1902 1379 1997 1434 de-

420 1472 751 1541 prehensus,
788 1486 1009 1539 pinnas,
1053 1484 1186 1539 quas
1224 1470 1278 1523 in
1324 1472 1614 1540 sacrilegos
1646 1471 1767 1539 jura
1800 1484 1994 1524 sanxe-

421 1574 583 1629 runt,
626 1565 943 1618 auctoritate
987 1563 1213 1632 publica;
1239 1564 1540 1618 severitatis
1588 1565 1837 1632 excipiat.
1884 1564 1994 1619 Sit-

418 1671 521 1724 que
544 1656 811 1725 publicum
835 1656 1059 1716 crimen.
1080 1666 1133 1710 et
1154 1656 1297 1709 omni
1322 1657 1523 1710 volenti
1552 1656 1669 1712 sine
1696 1660 1997 1714 accusatio-

416 1749 499 1803 nis
531 1748 762 1817 periculo
797 1748 932 1803 tales
959 1763 1183 1817 arguere
1219 1749 1289 1802 sit
1318 1748 1562 1803 facultas.
1596 1750 1702 1806 Nec
1748 1750 1994 1821 cuiquam

416 1841 617 1895 licitum
662 1848 939 1909 tutumque
986 1841 1057 1893 sit
1106 1849 1199 1894 aut
1247 1840 1423 1895 celare
1472 1841 1627 1907 tales,
1672 1851 1763 1895 aut
1803 1843 1994 1896 talibus

416 1928 441 1968 ά
473 1933 801 1988 connivere:
833 1947 955 1987 cum
996 1932 1172 1986 omnia
1202 1932 1270 1986 de
1301 1933 1381 1987 his
1417 1948 1445 1986 a
1477 1933 1633 1987 nobis
1674 1933 1991 1989 confirmata
2025 1943 2070 2001 Β

419 2026 527 2080 sint
549 2037 694 2081 retro
725 2025 1029 2093 principum
1067 2035 1090 2063 ο
1121 2027 1408 2079 constituta
1438 2067 1451 2087 ,
1494 2034 1549 2080 ut
1591 2028 1837 2080 noverint
1868 2028 1989 2081 uni-

422 2116 563 2169 versi
591 2115 689 2169 hac
719 2115 931 2169 edictali
960 2114 1075 2185 lege
1098 2116 1393 2185 pr0posita,
1425 2115 1745 2170 Manichtnos
1775 2114 1794 2154 ί
1826 2117 1993 2187 digni-

417 2216 525 2264 tate
556 2208 761 2263 militia:
797 2218 851 2263 et
891 2210 1103 2261 urbium
1150 2207 1478 2262 habitatione
1510 2208 1793 2277 privandos
1825 2209 1882 2281 (ϐ
1924 2224 1989 2264 ne

414 2299 533 2369 quis
586 2300 843 2353 innocens
894 2299 1075 2353 talium
1133 2300 1545 2354 conversatione
1590 2308 1683 2353 aut
1733 2301 1989 2354 societate

413 2390 714 2461 capiatur).
745 2391 1125 2446 Successiones
1150 2406 1247 2446 nec
1269 2390 1503 2459 capiant,
1538 2406 1636 2447 nec
1658 2393 1979 2460 relinquant,

412 2480 467 2552 (ιλ
494 2483 585 2536 sed
612 2484 721 2537 fisci
756 2484 920 2536 nostri
951 2482 1149 2536 viribus
1178 2496 1552 2552 aggregentur.
1591 2482 1699 2537 Nec
1729 2484 1807 2537 eis
1836 2485 1979 2553 qttod

412 2574 583 2642 palam
622 2573 1007 2639 interdicimus,
1041 2574 1147 2626 ulla
1185 2571 1367 2627 fraude
1397 2584 1684 2641 qumratur.
1728 2572 1959 2643 [niuria-

412 2680 526 2719 rum
556 2675 772 2721 careant
797 2666 1027 2732 actione,
1056 2672 1361 2719 contractos
1396 2665 1590 2719 liberos
1620 2666 1839 2720 omnino
1867 2682 1972 2721 non

411 2756 715 2827 habeant.)
755 2756 1015 2811 Primates
1074 2756 1490 2826 uniuscujusque
1541 2756 1745 2811 militiae
1795 2755 1841 2827 (ί
1900 2758 1983 2812 vel

410 2849 573 2904 officii
606 2864 729 2903 mox
754 2847 1014 2919 exigenda
1044 2863 1136 2917 per
1161 2848 1545 2918 apparitionem
1574 2856 1809 2903 vestram
1834 2848 1852 2919 )
1885 2849 1982 2903 de-

483 3064 510 3090 ἰ
549 3053 604 3107 ln
654 3051 976 3107 editionibus
1020 3060 1141 3103 ante
1170 3051 1370 3117 Quesn.
1418 3050 1534 3103 sine
1558 3048 1987 3117 interpunctione

410 3128 763 3195 iungebantur
791 3124 979 3200 litterae
1007 3120 1070 3174 Α.
1108 3121 1195 3200 ᾼ.,
1228 3119 1988 3200 et.cumLsitjunetzesigniti-

410 3188 532 3250 cent
566 3200 849 3258 Augustos,
900 3194 1230 3257 Brissonim,
1285 3191 1319 3243 Ι.
1351 3207 1403 3244 ttt
1432 3188 1498 3243 'de
1532 3190 1797 3244 Formulis
1829 3188 1857 3260 ς
1887 3190 1979 3255 63,

412 3267 507 3320 has
536 3266 698 3335 siglas
726 3265 1151 3335 interpretandas
1176 3262 1451 3335 contendit
1476 3265 1818 3335 Augustorum
1842 3278 1859 3325 ;
1886 3277 1980 3335 puj

411 3331 608 3403 tatqne'
648 3334 981 3388 librariorum
1034 3331 1401 3403 quorumdam
1435 3333 1689 3403 arbitrio,
1728 3348 1791 3385 eo
1836 3332 1978 3399 quod

411 3402 591 3462 earum
636 3414 951 3472 potestatem
997 3403 1332 3471 ignorari-ot,
1385 3402 1580 3456 laetum
1625 3402 1785 3454 fuisse
1825 3415 1881 3454 ut
1923 3403 1974 3456 in

411 3471 679 3532 nonnullis
702 3490 827 3528 mss.
849 3475 954 3527 illa:
969 3473 1115 3541 Slgltﬂ
1136 3474 1425 3526 reddantur
1444 3484 1590 3542 atque
1611 3472 1977 3528 amantissime.
2009 3471 2055 3535 C

414 3551 546 3601 lline
575 3546 893 3612 Quesm-llns
921 3560 1025 3596 non
1052 3544 1233 3612 siglas,
1258 3543 1349 3597 sed
1374 3542 1630 3596 Brissonii
1662 3548 1981 3609 interpreta-

412 3619 609 3671 tioni-ni
636 3618 976 3688 Augustorum
1001 3617 1163 3688 textui
1189 3615 1431 3688 inser-nit,
1467 3615 1773 3683 notavitque
1794 3615 1848 3688 in
1867 3630 1975 3688 _ms.

412 3684 867 3752 Osonieusi'legi,
894 3694 1033 3752 pater
1072 3684 1364 3737 charissime
1411 3693 1560 3754 atque
1611 3684 1977 3739 amantissime.

422 3758 618 3811 Verum
651 3756 849 3811 ea-dem
882 3756 1029 3819 sigla:
1074 3756 1123 3807 in
1156 3756 1421 3824 pleri;_qne
1454 3771 1582 3807 mss.
1628 3754 1705 3807 sic
1736 3769 1855 3807 cum
1900 3758 1981 3808 in-

412 3829 781 3892 terpunctione
812 3824 1127 3879 exhibentur
1146 3821 1171 3877 ;’
1190 3824 1251 3877 Ρ.
1279 3821 1351 3876 K.
1380 3825 1442 3877 A.
1471 3828 1530 3879 Α,
1560 3824 1812 3878 Ritterius
1835 3825 1978 3880 enim

414 3902 465 3951 in
491 3900 760 3951 notatione
777 3898 839 3949 ad
864 3895 1086 3965 primum
1111 3896 1372 3947 novellam
1398 3896 1771 3948 'l‘lieodosiano
1792 3893 1979 3951 Codici

413 3968 705 4037 subjectam
730 3970 953 4037 monuit,
980 3971 1029 4037 in
1054 3966 1223 4037 tribus
1246 3979 1373 4018 mss.
1390 3965 1569 4027 Wur.,
1597 3966 1757 4020 Ottob
1780 3978 1849 4037 Aet
1872 3982 1979 4021 uno

414 4034 657 4093 Sicltard.
686 4038 866 4091 haberi
886 4036 949 4089 P.
970 4034 1037 4089 K.
1065 4036 1128 4088 Α.
1153 4038 1238 4097 Α.,
1263 4043 1317 4087 ιιι
1340 4038 1449 4101 pari
1475 4035 1899 4101 interpuiiCIione
1924 4038 1977 4091 in

415 4109 622 4163 duobus
644 4109 797 4164 codd.
818 4108 1002 4169 Gnth.,
1028 4115 1079 4158 at
1101 4108 1205 4159 alio
1235 4108 1478 4159 Sichard.
1512 4106 1578 4160 P.
1604 4108 1662 4158 Α.
1684 4106 1747 4158 Α,
1773 4105 1826 4158 Id
1848 4121 1978 4162 con-

414 4183 557 4233 venit
584 4178 1036 4249 interpretationi,
1069 4192 1187 4243 quae
1218 4179 1265 4249 in
1296 4176 1415 4249 aliis
1440 4193 1575 4249 mss.
1629 4178 1844 4249 legitur,
1878 4195 1978 4247 pa-

413 4268 526 4304 rens
556 4248 845 4304 charissime
872 4258 1018 4318 atque
1042 4248 1405 4301 amantissime.
1438 4248 1581 4301 Hanc
1610 4260 1785 4299 autem
1819 4248 1978 4303 fuisse

414 4322 697 4374 formulam
734 4336 798 4373 eo
838 4328 1078 4389 tempore
1116 4323 1359 4371 usitatam
1394 4319 1555 4385 liquet
1579 4333 1641 4372 ex
1683 4318 1879 4389 nuv_ell.
1910 4320 1976 4373 l7

414 4391 703 4446 Theodosii
733 4391 799 4445 de
828 4386 1102 4456 Ri-pudiis,
1140 4390 1222 4440 ubi
1250 4391 1521 4456 expressis
1553 4389 1729 4442 verbis
1760 4386 1976 4443 Floren-

414 4463 511 4514 tius
559 4478 739 4530 parens
770 4459 1093 4513 charisimus
1124 4460 1689 4530 atqueamantissimus
1725 4458 1930 4530 (Ιιςιιιιιὶ
1957 4479 1972 4527 ;

415 4543 467 4583 et
496 4528 738 4600 es'epist.
769 4531 857 4585 ‘20.
898 4531 969 4583 23
995 4539 1047 4581 et
1072 4530 1162 4591 25,
1189 4533 1238 4581 in
1269 4529 1522 4582 Auctario
1546 4528 1871 4600 Symmachi,
1920 4529 1973 4583 in

414 4602 605 4667 quibus
620 4598 770 4655 idem
814 4600 1161 4670 Symmachus
1191 4601 1467 4670 prmlccttts
1501 4600 1654 4652 Urbis
1684 4600 1753 4670 ali
1794 4598 1976 4653 Hono-

418 4666 498 4723 rio
527 4673 769 4724 similiter
798 4666 1034 4725 vocatur.
1060 4670 1213 4737 Apud
1254 4668 1591 4735 Spartianum
1626 4672 1675 4722 in
1708 4666 1828 4722 Vita
1858 4672 1971 4721 An-

416 4741 580 4793 tonini
610 4742 757 4795 Gette
780 4783 793 4805 ,
836 4756 954 4805 cap.
985 4742 1052 4805 2,
1081 4741 1349 4793 Juveualis
1396 4740 1673 4807 pra-fectus
1721 4740 1971 4805 praetorio

416 4822 749 4880 nuncupatur
787 4826 967 4879 parens
1008 4810 1371 4861 amantissime.
1416 4810 1605 4862 anlibi
1638 4818 1816 4861 autem
1865 4811 1972 4864 for-

413 4881 609 4934 mulam
656 4897 838 4950 parens
870 4882 1161 4934 charissime
1186 4881 1527 4946 Augustorum
1556 4894 1861 4950 expressam
1892 4896 1975 4935 re-

415 4954 669 5017 perimus.
705 4951 845 5005 Idem
892 4952 1212 5013 Brissonius,
1256 4951 1443 5003 eodem
1472 4954 1562 5004 lib.
1597 4966 1728 5005 mc.
1758 4949 1845 5018 65,
1902 4953 1975 5006 si-

412 5022 525 5088 glas
554 5018 651 5074 Fr.
684 5022 747 5074 A.
778 5022 827 5074 in
846 5022 963 5075 aliis
987 5020 1187 5089 legibus
1208 5022 1441 5089 signatas
1464 5024 1843 5086 interpretatur
1863 5026 1973 5086 fra-

414 5102 488 5142 ter
517 5093 879 5144 amantissime.
922 5092 1040 5143 Mox
1068 5090 1188 5143 cod.
1213 5093 1528 5149 Uxoniensis
1551 5091 1748 5160 Quesn.
1770 5132 1784 5157 ,
1827 5093 1976 5148 illus-

411 5163 531 5233 stris
559 5172 604 5213 et
633 5163 882 5233 prteclara
918 5162 1294 5230 magniﬁcentia
1333 5171 1439 5215 tua.

483 5230 509 5268 ³³
539 5230 641 5285 Ms.
660 5232 811 5287 Wur.
832 5276 844 5299 ,
876 5233 1171 5285 instituisse.

487 5312 508 5339 ε
570 5302 739 5355 Verba
792 5304 967 5355 edictis
1010 5304 1279 5373 propositis
1328 5303 1697 5358 desiderantur
1754 5304 1804 5357 in
1852 5305 1972 5359 cod.

312 5356 319 5417 ζ
409 5374 719 5427 Oxonionsi.

481 5440 642 5514 drMs.
670 5442 830 5497 00th.
878 5451 930 5496 ct
955 5442 1117 5514 editio
1155 5442 1429 5507 Sichardi,
1480 5444 1753 5498 convivere.
1799 5445 1976 5514 Aliqui

409 5513 621 5567 codices
650 5530 769 5566 cum
799 5514 1031 5568 editione
1058 5513 1339 5582 Lipsiensi,
1372 5514 1676 5579 conhibere;
1706 5514 1798 5568 sed
1825 5513 1978 5567 noia-

407 5586 484 5703 Zit
513 5582 771 5639 Ritterius
796 5598 826 5637 a
865 5582 1094 5639 librariis
1124 5585 1373 5638 confundi
1421 5584 1684 5639 connivere
1709 5596 1764 5639 et
1799 5586 1975 5638 conhi-

440 5668 539 5703 ere.

440 5668 539 5707 ere.

482 5734 505 5758 ε
538 5723 633 5777 Ms.
659 5723 821 5777 Goth.
849 5731 905 5779 et
942 5725 1060 5778 libri
1092 5738 1277 5778 omnes
1321 5724 1567 5792 impressi
1594 5738 1714 5777 cum
1744 5725 1971 5793 Quesn.,

407 5801 614 5845 statuta.
662 5794 839 5847 Secuti
891 5808 1075 5849 sumus
1129 5796 1554 5849 emendationem
1611 5795 1817 5849 Ritterii
1850 5814 1864 5861 ;
1901 5798 1973 5852 ita

404 5864 546 5922 enim
575 5863 857 5933 sriucipuni
884 5869 1155 5920 constituta
1182 5866 1513 5937 appellantur
1544 5867 1687 5936 leges
1713 5866 1971 5922 adversus

2002 4850 2056 4910 D

2102 649 2488 719 superstitione
2516 650 2772 719 pollutum
2797 650 3020 705 siverint
3044 652 3272 708 militare
3296 669 3310 718 ;
3339 670 3509 724 neque
3531 660 3675 715 enim

2101 736 2302 806 aliquid
2329 733 2354 772 ¹ί
2386 736 2607 789 nimium
2641 736 2691 789 in
2719 750 2812 790 eos
2845 736 3053 792 videtur
3082 753 3240 807 posse
3266 739 3513 809 decerni,
3544 760 3677 814 quo-

2103 843 2219 882 rum
2258 828 2462 882 incesta
2497 828 2825 896 perversitas
2865 828 3134 898 religionis
3163 832 3377 887 nomine
3405 834 3677 904 lupanari-

2100 919 2201 974 bus
2230 934 2442 989 quoque
2476 920 2675 987 ignota,
2706 916 2725 956 ι
2758 920 2843 975 νυι
2874 920 3119 988 pudenda
3145 923 3447 979 committit.
3476 934 3517 963 ιι
3551 926 3675 983 Dat.

2102 1027 2191 1065 xm
2235 1010 2345 1067 kal.
2394 1011 2498 1066 Jul.
2536 1011 2725 1067 Romae
2772 1012 2987 1069 Valent.
3018 1016 3085 1070 A.
3124 1031 3212 1083 Vl,
3249 1026 3303 1072 et
3337 1019 3506 1075 Nomo
3532 1035 3584 1076 ν.
3622 1036 3674 1077 c.

2100 1120 2239 1159 COSS'
2520 1177 2683 1248 323
2722 1176 3051 1232 EPISTOLA
3086 1187 3114 1215 ιι
3157 1179 3247 1234 Ix.

2248 1276 2272 1301 ⁰
2318 1284 2383 1321 ΔΙ)
2432 1284 2722 1323 DlOSCORL‘I
2765 1285 3173 1327 ALEXANDBINUI
3220 1288 3529 1331 IPISCOPUI.

2108 1367 2132 1405 P
2159 1356 2429 1413 Svsorsrs.
2612 1360 2686 1413 De
2716 1363 3037 1415 ordinatione
3058 1365 3426 1441 episcoporum,
3463 1369 3673 1441 presby-

2172 1440 2392 1504 terorum
2424 1442 2471 1484 et
2504 1431 2854 1504 diaconorum,
2889 1446 2939 1485 ut
2971 1444 3082 1504 post
3113 1431 3517 1503 sabbatum,vel
3541 1431 3677 1495 circa

2172 1500 2383 1577 exordia
2412 1503 2577 1577 noctis
2604 1518 2715 1577 qua,
2743 1500 3240 1577 promittie'succedit,
3276 1506 3352 1561 vel
3384 1500 3532 1563 inane
3560 1512 3675 1577 ipso

2173 1570 2444 1650 ﬂaminica
2474 1575 2554 1624 die
2585 1570 2875 1625 celebretur.
2895 1603 2963 1615 -—
2984 1574 3047 1650 ιι.
3079 1573 3158 1629 De
3187 1577 3448 1650 iteratione
3476 1570 3677 1650 sacriﬁ-

2171 1642 2259 1713 cii,
2280 1646 2415 1713 quod
2440 1653 2662 1706 repetere
2686 1655 2885 1710 oportet
2904 1646 3079 1698 eadem
3110 1649 3397 1713 festivitatis
3425 1650 3527 1712 die,
3560 1642 3677 1704 cum

2170 1721 2215 1792 et
2244 1711 2453 1765 basilica
2481 1715 2745 1782 angustior
2770 1725 2845 1792 est
2871 1733 3027 1792 quant
3054 1711 3299 1792 totum
3326 1719 3480 1772 simul
3512 1711 3677 1792 popu-

2169 1783 2492 1905 lum‘capere
2519 1794 2689 1853 queat,
2721 1794 2766 1837 et
2792 1783 2967 1856 ingens
2990 1786 3219 1855 ﬁdelium
3246 1783 3521 1845 multitudo
3545 1783 3671 1845 con-

2169 1868 2277 1905 vent
2307 1893 2319 1905 .

2168 1868 2319 1905 venit.

2170 1945 2282 2000 Leo
2338 1948 2620 2017 episcopus
2677 1946 2944 2072 DIOSCIOBO
3000 1949 3253 2021 episcopo
3308 1951 3678 2009 Alexandrino

2772 2034 2830 2072 sa
2858 2030 3023 2072 utem.

2772 2030 3023 2075 salutem.

2177 2108 2445 2176 Quantum
2471 2107 2746 2164 dilectioni
2779 2121 2881 2164 tua;
2904 2110 3194 2167 Dominicae
3221 2113 3495 2170 charitatis
3524 2126 3551 2165 τι
3574 2116 3675 2171 imo

2097 2202 2399 2269 pendamus
2430 2200 2704 2264 atl‘cctum,
2733 2215 2799 2255 ex
2828 2202 2930 2255 hoc
2962 2204 3154 2272 poteris
3182 2205 3503 2273 approbare,
3527 2206 3673 2275 quod

2099 2303 2187 2346 tua
2218 2293 2422 2347 firmius
2452 2294 2673 2348 fundare
2701 2294 3069 2349 desideramus
3096 2295 3268 2364 initia,
3298 2313 3365 2352 ne
3386 2297 3509 2368 quid
3539 2297 3670 2353 cha-

2107 2389 2248 2441 ritati
2282 2399 2383 2441 tum
2406 2387 2471 2441 ad
2503 2386 2881 2455 perfectionem
2914 2389 3103 2443 deesse
3130 2389 3394 2457 videatur,
3424 2406 3544 2444 cum
3570 2389 3674 2446 tibi

2096 2481 2354 2549 spiritalis
2378 2483 2562 2549 gratia:
2594 2482 2805 2549 merita,
2841 2492 2861 2519 ι’
2892 2491 2948 2536 ut
2986 2484 3346 2553 probavimus,
3375 2484 3673 2554 suﬂ'ragen.

2098 2582 2201 2626 tur.
2237 2572 2462 2626 Paterna
2495 2574 2653 2641 igitur
2684 2582 2740 2628 et
2774 2573 3009 2628 fraterna
3040 2575 3254 2630 collatio
3283 2576 3443 2631 debet
3471 2577 3674 2632 sancti-

2097 2666 2187 2719 tati
2218 2674 2321 2719 tuae
2340 2679 2459 2720 esse
2484 2666 2809 2735 gratissima,
2837 2674 2891 2721 et
2911 2681 2941 2720 a
2967 2675 3019 2721 te
3042 2667 3213 2722 taliter
3229 2668 3445 2737 suscipi,
3473 2683 3663 2737 quem-

2095 2756 2378 2811 admodum
2426 2773 2457 2811 a
2505 2757 2655 2813 nobis
2693 2772 2810 2813 eam
2856 2758 3107 2828 intelligis
3153 2759 3439 2829 proficisci.
3490 2760 3665 2816 Unum

2095 2848 2237 2903 enim
2266 2863 2364 2903 nos
2396 2849 2594 2904 sentire
2622 2858 2835 2919 oportet
2874 2858 2928 2905 et
2962 2864 3119 2921 agere
3143 2891 3159 2917 ,
3193 2858 3249 2905 ut
3277 2851 3414 2906 sicut
3444 2850 3671 2922 legimus

2096 3047 2418 3102 Manichaeos
2450 3048 2502 3101 in
2546 3050 2702 3119 epist.
2733 3048 3082 3119 praecedenti,
3109 3065 3226 3117 cap.
3262 3052 3314 3105 l.
3362 3049 3528 3107 Paulo
3570 3053 3672 3107 ali-

2096 3129 2175 3172 ter
2202 3120 2486 3173 constitnta
2514 3118 2812 3188 principum
2831 3121 3216 3175 constitutiones
3236 3121 3502 3178 dicuntur.
3532 3123 3673 3181 Vide

2090 3188 2335 3262 Paratitl.
2365 3189 2434 3262 tie
2457 3192 2899 3244 constitutionibus
2928 3192 3237 3262 principum.

2111 3330 2122 3340 ο
2160 3261 2181 3297 τ
2222 3260 2319 3315 Ms.
2353 3260 2560 3328 Oxon.,
2603 3262 2816 3328 ntilitia,
2851 3260 3125 3331 dignitate,
3157 3273 3212 3317 et
3237 3263 3435 3317 urbium
3462 3263 3671 3318 habita-

2084 3340 2239 3385 tione.

2157 3410 2181 3447 κ
2217 3402 2393 3456 Lineis
2420 3401 2624 3455 inclusa
2651 3401 2844 3457 desunt
2871 3402 2921 3456 in
2955 3402 3144 3457 eodem
3172 3401 3377 3458 codice.

2158 3470 2187 3507 ιι
2222 3475 2345 3525 llaec
2385 3487 2593 3537 qunque
2640 3474 2839 3527 inclusa
2893 3473 3093 3528 ibidem
3118 3474 3507 3529 desiderantur.
3540 3473 3668 3531 Mox

2090 3540 2201 3595 Nec
2223 3544 2301 3596 Itis
2335 3558 2429 3610 pro
2464 3541 2574 3595 Nec
2597 3543 2668 3596 eis
2696 3543 2748 3596 in
2777 3543 2897 3598 cod.
2931 3541 3088 3600 War.

2163 3611 2179 3649 ί
2214 3615 2273 3667 lu
2316 3613 2607 3667 Oxoniensi
2647 3615 2848 3666 inclusa
2896 3616 3049 3668 lineis
3097 3615 3295 3683 pariter
3322 3616 3664 3672 omittuntur.

2159 3687 2173 3754 ἕ
2214 3684 2508 3754 ιάθιιιροιι.
2535 3723 2551 3748 ,
2579 3686 2622 3737 si
2650 3685 2875 3754 aliquem
2920 3702 2983 3739 ea:
3022 3684 3103 3739 Itis
3140 3687 3377 3741 sciveiint
3416 3686 3665 3744 militare.

2156 3751 2182 3790 κ
2204 3754 2302 3808 Ms.
2334 3751 2512 3818 Wur.,
2542 3751 2817 3809 nimietate.

2158 3822 2176 3861 Ῑ
2210 3826 2307 3879 Ms.
2336 3830 2505 3879 Uxon.
2528 3826 2667 3879 delet
2693 3827 2768 3878 vel
2794 3826 3049 3892 pudenda.

2154 3904 2193 3932 πη
2226 3894 2358 3949 Cod.
2392 3894 2542 3949 Wur.
2564 3937 2578 3959 ,
2611 3896 2727 3948 Dat.
2762 3912 2847 3950 xw
2878 3896 2985 3951 kal.
3021 3894 3135 3953 Jul.
3170 3896 3287 3952 Mox
3317 3898 3439 3955 cod.
3468 3898 3662 3955 Ottob.

2083 3974 2138 4037 et
2172 3966 2304 4037 editi
2329 3976 2452 4019 ante
2481 3966 2707 4030 Quesn.,
2750 3966 2952 4021 Valent.
2979 3983 3074 4033 νιι,
3108 3984 3203 4037 pro
3229 3984 3303 4033 Vl,
3335 3973 3491 4025 male.
3514 3970 3665 4025 Tan-

2083 4036 2201 4089 dem
2258 4035 2428 4089 Numo
2475 4038 2671 4105 vulgati
2720 4037 3005 4091 habebant.
3052 4035 3201 4092 corrc
3221 4039 3397 4094 ximus
3442 4055 3509 4095 ex
3554 4055 3663 4095 ms.

2085 4105 2236 4160 Wur.
2273 4104 2473 4159 Nomus
2499 4104 2662 4172 enim,
2695 4123 2799 4162 non
2832 4108 3032 4160 Numus
3070 4109 3121 4163 in
3147 4109 3267 4165 aliis
3297 4110 3531 4177 pluribus
3558 4111 3667 4164 do-

2082 4191 2351 4231 cumentis
2377 4188 2619 4242 vocatur,
2648 4193 2737 4247 qui
2762 4193 2883 4233 cum
2921 4178 3287 4234 Valentiniano
3309 4182 3653 4237 consulatum

2079 4251 2243 4316 gessit
2274 4264 2361 4301 an.
2396 4248 2518 4301 445.

2152 4319 2289 4392 αλΑΙ.
2321 4318 2576 4392 μηριιίιξ
2619 4329 2798 4392 autem
2826 4330 2939 4374 erat
2984 4320 3040 4387 9,
3072 4334 3212 4376 nunc
3237 4321 3293 4376 in
3334 4320 3659 4392 appendice.

2081 4387 2287 4456 Seripta
2315 4387 2380 4442 21
2414 4388 2557 4442 Junii
2589 4405 2681 4445 an.
2714 4388 2841 4445 445.

2152 4463 2176 4491 °
2207 4461 2395 4512 Exstat
2428 4461 2548 4531 haec
2571 4462 2790 4531 cpistola
2824 4462 2874 4514 in
2905 4476 3032 4516 mss.
3065 4462 3441 4519 coll‘ctionum
3475 4464 3509 4518 3
3529 4504 3545 4528 ,
3575 4463 3609 4519 8
3634 4506 3656 4531 ,

2080 4528 2228 4598 llisp.
2253 4532 2307 4604 9-,
2331 4529 2462 4604 lsid.
2491 4532 2575 4604 lt),
2608 4530 2689 4597 l2,
2712 4531 2807 4604 ~l8,
2834 4531 3011 4604 20,Aac
3035 4533 3253 4603 reliquis
3276 4550 3442 4604 usque
3468 4535 3532 4587 ad
3557 4528 3658 4601 2",

2079 4608 2133 4653 et
2158 4600 2294 4673 apud
2324 4600 2663 4655 Sictiardum.
2698 4600 3017 4673 Quesnellus
3050 4600 3185 4657 hanc
3214 4600 3493 4673 epistolam
3520 4600 3656 4659 anni

2076 4672 2351 4745 notatione
2395 4683 2687 4737 carentem,
2713 4687 2801 4725 an.
2832 4670 2937 4724 445
2959 4686 3078 4728 esse
3105 4670 3420 4745 alﬁgendam
3446 4677 3660 4745 optime

2076 4741 2350 4795 constituit
2378 4747 2489 4794 not.
2527 4744 2577 4796 l.

2152 4821 2178 4860 ι)
2212 4810 2419 4879 angati
2464 4824 2588 4866 ante
2625 4811 2825 4878 Quesn.
2856 4826 2923 4866 ex
2964 4827 3092 4868 mss.
3135 4814 3512 4869 collectionum
3555 4828 3660 4881 po-

2082 4882 2367 4954 steriorum
2419 4881 2517 4954 hos
2569 4883 2748 4954 titulos
2797 4883 3159 4954 prteﬁxerunt,
3204 4888 3294 4954 qui
3334 4900 3400 4939 ex
3432 4885 3655 4939 collect.

2087 4952 2235 5025 llisp.
2263 4953 2454 5025 sumpti
2487 4952 2637 5025 fuere
2671 4970 2685 5006 :
2714 4953 2754 5004 Ι.
2786 4951 2863 5004 De
2892 4951 3528 5025 ordinatione—presbyteri
3572 4955 3659 5009 vel

2084 5024 2304 5093 diaconi,
2339 5033 2393 5093 ut
2422 5024 2628 5076 sabbato
2660 5033 2832 5076 sancto
2854 5023 3147 5093 celebretur,
3179 5025 3233 5079 id
3257 5035 3329 5079 est
3355 5023 3437 5078 die
3466 5026 3661 5077 Domi-

2085 5096 2216 5147 nico.
2241 5092 2303 5145 ll.
2344 5090 2421 5164 De
2449 5094 2819 5160 festivitatibus,
2853 5102 2909 5145 ut
2946 5096 2988 5147 si
3013 5110 3119 5147 una
3135 5090 3355 5164 'Agenda
3383 5094 3461 5163 (in
3494 5095 3656 5164 Vulg.

2084 5163 2387 5231 explicandi
2417 5177 2573 5217 causa
2600 5166 2830 5228 additur,
2863 5165 2916 5215 id
2945 5176 3020 5217 est
3048 5163 3213 5219 missis
3233 5164 3520 5233 celebratio)
3555 5163 3660 5233 p6.

2086 5236 2220 5303 pulis
2246 5250 2349 5286 non
2378 5234 2661 5301 suffecerit,
2690 5233 2834 5286 nulla
2860 5235 2926 5286 sit
2968 5234 3218 5288 dubitatio
3246 5235 3422 5289 iterari
3447 5236 3661 5301 sacrifi-

2088 5305 2240 5356 cium.
2272 5305 2406 5357 Cum
2450 5318 2577 5358 vero
2609 5304 2723 5357 haec
2762 5306 3009 5375 synopsis
3049 5307 3226 5360 minus
3269 5307 3338 5359 sit
3377 5319 3615 5375 congrua
3641 5345 3660 5372 ,

2086 5375 2403 5442 Quesnellus
2433 5376 2587 5428 aliam
2622 5373 2912 5427 substituit.

2156 5455 2184 5494 ει
2205 5445 2375 5499 Codd.
2408 5445 2551 5511 Vat.,
2577 5445 2724 5513 Hisp.
2762 5454 2816 5498 et
2840 5444 2993 5508 lsid.,
3023 5444 3383 5514 impendimus.
3411 5444 3534 5499 Mox
3556 5457 3666 5510 pro

2086 5515 2432 5569 desideramus
2458 5530 2587 5569 mss.
2619 5516 2768 5584 Hisp.
2800 5525 2852 5568 et
2891 5515 3015 5569 Isid.
3046 5525 3102 5568 et
3142 5514 3263 5569 Vat.
3300 5517 3511 5570 collect.
3547 5514 3609 5567 11
3643 5556 3662 5577 ,

2084 5586 2421 5655 festinemus;
2461 5586 2587 5639 editi
2620 5587 2671 5639 in
2719 5586 2957 5654 margine
2997 5600 3116 5638 cum
3144 5600 3275 5639 mss.
3307 5585 3560 5640 Cantabr.
3598 5594 3664 5641 et

2083 5657 2291 5710 Thuan.
2338 5656 2646 5720 Quesnclli,
2675 5671 2737 5709 ac
2762 5656 2967 5709 duobus
3007 5657 3204 5709 nostris
3246 5655 3389 5709 Vatt.
3438 5656 3662 5711 collect.

2080 5726 2146 5781 21
2172 5766 2184 5789 ,
2208 5799 2216 5802 _
2235 5728 2573 5802 festinantus._
2608 5726 2771 5779 Paulo
2799 5738 2937 5802 _post
2979 5726 3112 5802 editi
3139 5726 3353 5802 Quesn.
3396 5726 3449 5780 in
3481 5734 3668 5802 textu,

2079 5799 2317 5868 specialis
2336 5798 2536 5868 gratite,
2562 5798 2613 5850 in
2647 5798 2883 5866 margine
2910 5797 3215 5865 spiritualis.

2155 5871 2178 5899 '
2210 5869 2264 5923 In
2289 5868 2568 5939 antiquiss.
2597 5865 2737 5940 Vatt.
2763 5866 2975 5924 collect.
3006 5868 3061 5941 8,
3091 5875 3146 5920 tu
3174 5866 3448 5941 probamus

2557 5908 2568 5920 ο
2609 5902 2737 5940 ναιιο
2763 5902 2975 5924 ιονιιῡυιο
3006 5902 3061 5941 v,
3092 5902 3145 5920 νυ
3174 5902 3223 5941 ΡΙ
3236 5902 3471 5939 πκιηπς
