4006 6348
1317 330 1373 376 ...β
1435 333 1459 340 Ι.

1629 381 1964 443 EPlSTOLA
1999 385 2090 442 IX.

268 500 312 556 in
325 492 472 552 nobis
499 507 717 564 quoque
745 506 910 547 unum
937 505 1060 547 esse
1099 503 1226 559 cor,
1251 501 1308 549 et
1340 508 1446 550 una
1475 495 1653 552 anima
1681 511 1836 552 com-
1864 499 1920 556 Α
1943 504 1999 553 et
2025 495 2267 552 dantium
2294 505 2350 554 et
2369 497 2748 567 accipientium
2789 501 3077 560 devotione
3122 480 3417 563 curandum
3443 495 3563 578 sit,l

265 587 503 664 probetur
529 586 663 659 (Act.
701 602 774 652 IV,
798 585 915 657 52).
965 594 994 622 ι
1024 583 1156 640 Cum
1199 586 1342 642 enim
1369 587 1712 644 beatissimus
1742 589 1843 645 Pe-

270 694 363 740 trus
398 681 753 751 apostolicum
799 696 831 736 a
876 680 1108 736 Domino
1151 684 1424 752 acceperit
1463 682 1840 753 principatum,

266 785 314 833 et
334 775 571 831 Romana
603 774 842 829 Ecclesia
872 774 924 828 in
941 773 1059 843 ejus
1085 786 1396 844 permaneat
1423 775 1704 843 institutis,
1747 793 1842 833 ne-

270 869 337 924 las
359 876 442 923 est
464 866 693 922 credere
721 866 864 938 quod
898 865 926 905 ιι
951 875 1168 922 sanctus
1211 868 1514 938 discipulus
1560 870 1677 939 ejus
1708 870 1848 926 Mar-

270 978 350 1021 cus
384 961 476 1032 qui
517 962 940 1018 Alexandrinam
973 963 1182 1033 primus
1219 963 1513 1019 Ecclesiatn
1545 965 1713 1038 629
1750 981 1847 1036 gu-

229 1053 234 1057 ’
273 1055 531 1122 bernavit,
580 1054 702 1110 aliis
745 1055 946 1125 regulis
990 1055 1341 1111 traditionum
1381 1071 1600 1112 suarum
1628 1058 1847 1114 decreta

271 1144 565 1204 Iormaverit
589 1163 604 1199 :
632 1161 752 1202 cum
785 1145 903 1201 sine
930 1145 1096 1202 dubio
1124 1145 1193 1202 de
1239 1146 1429 1202 eodem
1474 1147 1624 1203 fonte
1661 1149 1850 1220 gratize

274 1253 392 1296 unus
428 1237 656 1309 spiritus
697 1243 719 1270 °
745 1246 800 1293 et
824 1237 1073 1304 discipuli
1130 1237 1294 1292 fuerit
1332 1247 1388 1294 et
1426 1240 1703 1310 magistri,
1751 1255 1851 1296 nec

275 1334 395 1391 aliud
444 1331 728 1389 ordinatus
793 1331 1013 1387 tradere
1057 1334 1335 1402 potuerit,
1391 1349 1550 1404 quam
1596 1335 1740 1405 quod
1781 1335 1851 1390 ab

273 1428 566 1486 ordinatore
596 1426 851 1496 suscepit.
887 1425 1003 1480 Non
1025 1440 1157 1496 ergo
1182 1428 1431 1495 patimur,
1461 1435 1522 1482 ut
1543 1443 1666 1484 cum
1694 1429 1853 1484 unius

276 1541 359 1583 nos
385 1522 410 1562 δ
436 1540 561 1580 esse
589 1521 837 1590 corporis
875 1529 929 1575 et
959 1519 1080 1576 ﬁdei
1114 1521 1399 1588 fateamur,
1433 1522 1486 1578 in
1515 1523 1696 1595 aliquo
1741 1524 1855 1579 dis-

273 1634 577 1688 crepemus;
631 1625 686 1673 et
729 1615 830 1670 alia
861 1614 1134 1681 doctoris,
1175 1616 1279 1670 alia
1318 1615 1565 1686 discipuli
1609 1617 1853 1672 instituta

276 1713 559 1769 rideantur.

329 1804 458 1860 CAP.
491 1805 533 1860 Ι.
568 1805 684 1873 Quo
714 1807 796 1861 die
823 1808 1156 1862 sacerdotalis
1202 1806 1284 1862 vel
1329 1805 1533 1861 levitica
1573 1803 1858 1860 benedictio

1948 605 2018 645 ne
2041 597 2201 647 tantae
2224 591 2616 650 benedictionis
2654 606 3051 652 sacramentum
3099 600 3435 671 negligenter
3458 603 3542 660 vi-

1950 683 2138 740 deatur
2182 685 2486 756 impletum.
2542 688 2608 742 Et
2637 688 2760 745 ideo
2815 692 2900 760 pie
2925 703 2978 746 et
2999 693 3164 765 630
3196 695 3539 753 laudabiliter

1949 776 2260 846 aposwltcis
2287 791 2494 832 morem
2531 780 2766 850 gesseris
2796 781 3080 845 institutis.
3121 785 3166 838 si
3211 783 3349 842 hanc
3392 787 3543 844 ordi-

1949 868 2250 924 nandorum
2279 870 2618 926 sacerdotum
2649 871 2872 929 formam
2903 891 2998 944 per
3035 875 3306 932 Ecclesias
3345 879 3543 949 quibus

1951 964 2215 1021 Dominus
2244 981 2477 1036 praeesse
2497 977 2548 1022 te
2571 968 2762 1036 voluit,
2795 970 2953 1025 etiam
2985 971 3100 1039 ipse
3120 973 3420 1029 servaveris
3446 991 3460 1028 :
3482 982 3545 1028 ut

1953 1056 2038 1112 bis
2067 1057 2160 1129 qui
2183 1060 2534 1116 consecrandi
2563 1068 2690 1116 sunt
2711 1076 3004 1133 numquam
3034 1064 3338 1122 benedictio
3360 1066 3465 1123 nisi
3488 1067 3548 1123 in

1954 1149 2042 1206 die
2071 1153 2484 1209 resurrectionis
2506 1154 2796 1211 Dominicze
2834 1155 3124 1223 tribuatur,
3151 1158 3286 1214 cuia
3317 1174 3547 1230 vespera

1953 1245 2162 1301 sabbati
2191 1247 2400 1302 initium
2430 1256 2644 1304 constat
2669 1248 2891 1318 ascribi,
2918 1258 2972 1306 et
2995 1265 3114 1319 quae
3142 1251 3304 1306 tantis
3329 1250 3543 1306 divina-

1955 1352 2074 1392 rum
2104 1347 2144 1375 ω
2170 1338 2586 1408 dispositionum
2631 1341 2904 1410 mysteriis
2951 1349 3037 1397 est
3078 1350 3390 1397 consecrata
3421 1383 3438 1410 ,
3487 1348 3550 1396 ut

1956 1430 2214 1500 quidquid
2239 1441 2323 1488 est
2343 1448 2374 1486 a
2400 1432 2626 1487 Domino
2657 1431 2926 1502 insignius
2952 1433 3327 1501 constitutum,
3364 1435 3419 1489 in
3444 1434 3551 1489 hu-

1953 1521 2042 1591 jus
2063 1523 2170 1578 diei
2199 1524 2460 1595 dignitate
2491 1525 2560 1580 sit
2597 1533 2828 1593 gestum.
2851 1526 2907 1580 In
2937 1526 3037 1581 hac
3058 1527 3290 1582 mundus
3320 1525 3552 1598 sumpsit

1958 1615 2266 1669 exordium.
2318 1615 2373 1670 ln
2431 1615 2529 1670 hac
2572 1631 2665 1685 per
2719 1618 3173 1672 resurrertionem
3223 1616 3443 1682 Christi,
3494 1625 3552 1672 et

1960 1721 2107 1762 mors
2141 1708 2448 1773 interitum,
2506 1716 2609 1763 etn
2638 1709 2748 1762 vita
2793 1711 3002 1778 accepit
3059 1709 3291 1763 initium.
3347 1709 3401 1762 In
3449 1707 3552 1762 hac

1961 1801 2190 1869 apostoli
2249 1816 2276 1854 a
2331 1800 2559 1854 Domino
2619 1801 2948 1871 praedicandi
2999 1803 3250 1856 omnibus
3294 1800 3548 1871 gentibus

273 1901 499 1958 celebrari
536 1902 738 1956 debeat.
771 1933 842 1942 —
882 1911 905 1940 ο
945 1903 1099 1971 Quod
1130 1917 1259 1972 ergo
1287 1916 1318 1956 a
1359 1900 1601 1970 patribus
1650 1899 1856 1954 nostris
1887 1901 1933 1960 Β
1963 1893 2240 1963 Evangelii
2296 1893 2478 1948 tubam
2535 1905 2754 1948 sumunt
2783 1894 2964 1966 (Joan.
2993 1910 3058 1948 xx
3083 1935 3096 1960 ,
3128 1893 3222 1964 21)
3255 1933 3271 1960 ,
3321 1901 3376 1948 et
3415 1890 3552 1947 inle-

275 1992 615 2063 propensiore
661 2007 787 2047 cura
829 1994 1078 2048 novimus
1119 2008 1241 2048 esse
1283 2003 1579 2061 servatum,
1636 2007 1668 2046 a
1705 1990 1857 2046 vobis

278 2083 296 2122 ί
333 2099 544 2155 quoque
584 2085 833 2141 volumus
875 2086 1160 2152 custodiri,
1213 2093 1404 2140 utnon
1436 2085 1636 2153 passim
1667 2083 1859 2140 diebus

273 2176 512 2232 omnibus
550 2178 905 2233 sacerdotalis
953 2178 1037 2233 vel
1081 2179 1289 2233 lcvitica
1320 2177 1590 2233 ordinatio
1616 2176 1859 2232 celebre-

276 2276 382 2333 tur;
437 2268 535 2323 sed
590 2277 715 2338 post
758 2269 901 2324 diem
957 2270 1188 2338 sabbati,
1247 2269 1364 2338 ejus
1418 2271 1594 2324 noctis
1641 2284 1762 2338 quae
1804 2269 1858 2322 in

274 2360 426 2430 prima
464 2359 673 2415 sabbati
703 2360 946 2426 lucescit,
999 2363 1222 2416 exordia
1245 2361 1550 2432 deligantur
1578 2370 1629 2427 6,
1663 2360 1714 2414 in
1739 2360 1861 2430 qui-

275 2453 360 2508 bus
383 2453 468 2506 his
491 2454 583 2524 qui
606 2454 961 2510 consecrandi
1018 2467 1138 2508 sunt
1169 2455 1389 2526 jejunis,
1415 2453 1440 2491 ¹³
1467 2463 1522 2509 et
1551 2469 1578 2506 a
1605 2454 1858 2524 jejunan-

276 2550 404 2604 tibus
456 2563 612 2604 sacra
674 2549 983 2605 benedictio
1032 2549 1359 2604 conferatur.
1408 2549 1561 2617 Quod
1616 2549 1858 2618 ejusdem

275 2641 620 2697 observantiae
651 2642 778 2710 erit,
813 2642 858 2697 si
892 2657 1050 2697 inane
1077 2644 1194 2712 ipso
1229 2641 1244 2679 ί
1295 2643 1572 2698 Dominico
1589 2642 1699 2711 die,
1724 2656 1858 2697 con—

275 2735 470 2790 tinuato
509 2735 720 2789 sabbati
746 2734 975 2805 jejunio,
1011 2735 1339 2800 celebretur,
1374 2751 1404 2790 a
1453 2750 1560 2806 quo
1615 2743 1861 2805 tempore

274 2826 626 2897 praecedentis
674 2830 846 2883 noctis
905 2827 1054 2882 initia
1101 2844 1206 2882 non
1238 2828 1517 2896 recedunt,
1553 2829 1566 2876 l
1604 2842 1762 2896 quam
1795 2826 1861 2881 ad

273 2917 400 2974 diem
425 2920 871 2989 resurrectionis,
904 2920 1042 2975 sicut
1081 2921 1242 2976 etiam
1277 2920 1328 2974 in
1384 2919 1591 2974 Pascha
1647 2918 1861 2974 Domini

275 3014 597 3080 declaratur,
633 3018 908 3085 pertinere
936 3031 1043 3071 non
1079 3015 1300 3070 dubium
1331 3025 1434 3070 est.
1482 3013 1616 3069 Nam
1666 3021 1862 3084 praeter

274 3110 648 3161 auctoritatem
676 3107 1106 3176 consuetudinis,
1156 3123 1316 3178 quam
1345 3123 1411 3163 ex
1441 3108 1736 3178 apostolica
1758 3123 1860 3162 no.

275 3199 432 3254 rimus
452 3199 650 3254 venire
671 3200 937 3268 doctrina,
955 3200 983 3238 κ
1013 3202 1175 3255 etiam
1195 3216 1346 3256 sacra
1378 3202 1656 3270 Scriptura
1692 3201 1862 3256 mani-

1961 1988 2190 2043 rendutn
2223 1990 2479 2044 universo
2511 1990 2711 2044 mundo
2738 1997 3132 2044 sacramentum
3187 1985 3552 2057 regeneratio-

1961 2085 2046 2137 nis
2083 2083 2376 2153 accipiunt.
2434 2083 2490 2137 In
2524 2083 2644 2150 hac,
2676 2094 2700 2116 "
2739 2085 2879 2138 sicut
2904 2083 3091 2138 beatus
3116 2082 3353 2137 Joannes
3391 2094 3552 2136 evan-

1960 2177 2153 2248 gelista
2204 2186 2455 2246 testatur,
2489 2178 2828 2247 congregatis
2856 2178 2907 2231 in
2935 2192 3102 2231 unum
3135 2175 3434 2245 discipulis.
3464 2175 3554 2244 jac

1963 2272 2084 2326 nuis
2109 2271 2328 2337 clausis,
2353 2285 2474 2325 cum
2504 2270 2572 2324 ad
2607 2285 2702 2326 eos
2751 2269 3011 2325 Dominus
3043 2269 3338 2332 introisset,
3386 2265 3555 2321 insui.

1960 2363 2128 2423 ﬂavit.
2157 2364 2372 2419 etdixit
2405 2381 2416 2417 :
2453 2365 2681 2431 Accipite
2735 2365 2991 2436 Spiritum
3034 2374 3267 2417 sanctum
3291 2378 3311 2427 ;
3339 2376 3554 2431 quorum.

1963 2459 2259 2512 remiseritis
2298 2465 2504 2525 peccata
2546 2459 2875 2511 remittuntur
2899 2458 3014 2522 eis;
3051 2466 3099 2509 et
3141 2465 3170 2504 ιδ
3199 2468 3419 2521 quorum
3467 2453 3556 2506 de-

1965 2549 2246 2610 tinueritis,
2271 2548 2478 2601 detenta
2507 2557 2656 2600 erunt
2685 2545 2874 2618 (Ibid.,
2902 2544 3018 2616 22).
3069 2545 3124 2600 1η
3175 2544 3276 2598 hac
3324 2543 3553 2612 denique

1963 2642 2265 2712 promissus
2304 2657 2334 2695 a
2367 2642 2595 2696 Domino
2627 2641 2888 2710 apostolis
2925 2639 3159 2709 Spiritus
3206 2647 3423 2692 sanctus
3458 2635 3556 2690 ad-

1964 2737 2111 2789 venit
2135 2734 2272 2807 (Act.
2305 2749 2364 2798 tt,
2400 2734 2424 2787 1
2455 2733 2650 2799 ;Joan.
2682 2750 2792 2799 xtv,
2823 2733 2928 2798 16;
2979 2747 3090 2797 xvr,
3117 2729 3212 2802 7);
3261 2738 3320 2784 ut
3345 2728 3554 2785 caelesti

1966 2829 2196 2900 quadam
2228 2829 2412 2899 regula
2456 2828 2783 2883 insinuatum
2815 2839 2870 2882 et
2921 2827 3174 2881 traditum
3221 2824 3553 2887 noverimus,

1967 2923 2020 2978 in
2050 2923 2141 2977 illa
2181 2922 2268 2976 die
2297 2921 2616 2976 celebranda
2655 2920 2810 2976 nobis
2843 2933 2964 2974 esse
3005 2918 3258 2989 mysteria
3301 2912 3555 2970 sacerdo-

1966 3015 2149 3070 taliutn
2180 3013 2639 3080 benedictionutn,
2669 3023 2696 3063 «ι
2730 3013 2782 3066 in
2815 3025 2917 3080 qua
2947 3010 3143 3066 collata
3196 3014 3324 3064 sunt
3374 3005 3555 3063 omnia

1965 3107 2104 3162 dona
2137 3108 2449 3178 gratiarum.

2036 3202 2198 3273 631
2229 3199 2360 3255 CAP.
2387 3199 2451 3254 ll.
2476 3198 2554 3253 De
2582 3199 2817 3252 iterando
2844 3200 3013 3253 misste
3036 3197 3313 3267 sacrificio,
3341 3206 3398 3252 ut
3420 3197 3556 3268 plebi

276 3290 423 3347 iestat
451 3293 599 3364 (Act.
633 3292 768 3365 snt),
798 3293 940 3364 quod
962 3308 1082 3348 cum
1111 3293 1338 3364 apostoli
1380 3293 1605 3348 Paulum
1635 3302 1691 3348 et
1733 3295 1861 3349 Bar-
1889 3287 1937 3348 C
1969 3295 2344 3366 superoenienti
2373 3293 2612 3363 satisﬁat.
2636 3322 2706 3332 —
2725 3292 2790 3349 Ut
2820 3302 2995 3346 autem
3022 3292 3072 3346 in
3097 3291 3347 3348 omnibus
3367 3292 3557 3348 obser-

272 3384 450 3439 uabam
493 3400 565 3440 ex
599 3396 866 3455 praecepto
904 3385 1136 3452 Spiritus
1185 3387 1352 3441 sancti
1404 3386 1470 3442 ad
1513 3385 1858 3457 Evangelium

276 3472 555 3546 lgentibus
573 3480 847 3534 mitterent
869 3478 1606 3550 prmdicandum,jejunantes
1629 3490 1683 3535 et
1703 3495 1863 3534 oran-

271 3576 342 3622 tes
370 3570 854 3639 itnposuerunteis
885 3584 1113 3625 manus:
1157 3579 1216 3624 ut
1258 3571 1621 3642 intelligamus
1664 3580 1862 3638 quanta

331 3710 354 3776 ξι
383 3704 476 3776 24.
513 3721 608 3776 qu.
645 3706 699 3773 1,
732 3704 858 3759 Cum
883 3705 1230 3770 beatissimus,
1260 3722 1310 3762 c.
1345 3707 1434 3763 10.

332 3772 356 3850 ιδ
388 3772 692 3850 Μξεξνειέ
721 3776 870 3845 llisp.
899 3786 955 3850 et
985 3777 1105 3831 Isid.
1125 3819 1140 3842 ,
1172 3787 1377 3832 sanctus
1409 3779 1677 3850 cpiscopus
1705 3779 1864 3833 disci-

269 3844 408 3909 pulus
440 3848 612 3918 ipsius
638 3844 869 3901 Marcus.
917 3847 1143 3903 Vindeb.
1187 3850 1334 3918 Hist».
1379 3844 1552 3904 solum
1583 3844 1726 3906 delet
1754 3851 1862 3920 epi-

269 3929 463 3988 scopus.
528 3921 654 3973 Mox
679 3936 888 3972 suarum
917 3921 1068 3974 deest
1090 3921 1141 3975 itt
1171 3922 1284 3974 Vat.
1320 3922 1464 3978 5845
1491 3923 1707 3976 collect.
1732 3923 1781 3977 8.

333 4001 352 4024 ε
388 3988 724 4044 Particulam
748 4001 793 4044 et
818 4007 846 4044 a
874 3990 1166 4059 Quesnello
1209 3995 1466 4046 omissam
1521 3994 1858 4048 restituimus

269 4069 330 4111 ex
364 4073 580 4130 septem
613 4064 908 4130 potioribus
942 4065 1140 4117 nostris
1188 4079 1318 4118 mss.
1365 4063 1557 4118 Postea
1609 4065 1860 4118 ordinatis

269 4142 358 4196 pro
378 4133 661 4187 ordinatus
695 4134 745 4187 in
774 4131 984 4187 duobus
1013 4133 1172 4188 codd.

335 4201 362 4239 ά
394 4203 646 4259 Verbum
675 4220 802 4270 esse,
826 4204 967 4271 quod
1007 4205 1331 4272 Quesnellus
1380 4206 1582 4268 omisit,
1629 4220 1693 4260 ex
1737 4205 1860 4260 aliis

267 4274 598 4331 editiOnibus
627 4286 770 4330 etex
801 4275 956 4330 codd.
985 4277 1134 4346 llisp.
1179 4287 1234 4331 et
1289 4277 1412 4330 Isid.
1462 4279 1855 4332 revocavimus.

267 4346 392 4404 Dein
414 4358 621 4401 statuta
651 4362 747 4417 pro
777 4348 1007 4402 instituta
1029 4350 1079 4402 itt
1113 4347 1412 4402 Vindebon.
1447 4347 1594 4417 HiSp.

333 4429 358 4456 ο
381 4418 527 4474 Dist.
555 4420 646 4482 75,
682 4419 834 4484 Quod
866 4437 897 4473 (ι
926 4418 1191 4484 Pultibus,
1216 4435 1262 4473 c.
1288 4418 1341 4472 4.

334 4487 722 4561 ξριιθειιθιιιιε
757 4506 851 4560 pro
879 4507 1080 4561 quoque
1123 4493 1282 4544 liabet
1338 4491 1454 4551 ltoc.
1511 4492 1586 4544 uti
1639 4491 1857 4559 quidam

267 4559 541 4616 inferioris
569 4573 712 4615 not-.c
761 4559 976 4615 codices
995 4559 1318 4628 praaferunt.
1352 4561 1408 4615 In
1439 4563 1663 4616 Merlino
1693 4572 1748 4618 et
1775 4564 1861 4619 Si-

268 4631 468 4687 cbardo
513 4645 807 4702 Utrumque
859 4632 1146 4686 Otnittitur.
1191 4633 1376 4688 Secmi
1406 4649 1591 4687 sumus
1615 4649 1719 4687 non
1753 4645 1860 4690 tam

267 4718 493 4830 meras
526 4702 816 4768 editiones,
842 4719 1002 4773 quam
1031 4705 1210 4772 plures
1261 4713 1316 4757 et
1366 4707 1600 4774 potiores
1649 4715 1863 4762 nostros

365 4792 506 4830 tres.

365 4792 506 4830 “'85.

334 4855 361 4895 s
385 4847 518 4901 Pust
547 4845 770 4899 verbum
793 4844 1090 4914 deligantur
1137 4846 1190 4900 in
1237 4845 1394 4916 Vulg.
1449 4847 1739 4915 Quosnello
1767 4865 1862 4904 an-

269 4918 565 4972 terior-ibus
614 4916 716 4970 hoc
760 4917 1025 4984 glossema
1073 4917 1325 4971 inseritur
1377 4933 1442 4972 ex
1479 4933 1606 4972 mss.
1641 4921 1855 4976 collect.

268 4986 353 5051 21,
380 4988 486 5042 hoc
510 5001 588 5041 est
619 4988 712 5041 sub
741 4989 850 5056 lege
881 4989 1041 5040 divini
1089 4988 1239 5058 ofﬁcii
1293 4989 1686 5043 substituuntur.
1747 4991 1859 5046 Hoc

267 5062 540 5128 glossema
557 5059 680 5128 jure
710 5060 968 5128 expunxit
995 5060 1314 5126 Quc~nellus
1333 5076 1396 5114 cx
1420 5064 1531 5115 suis
1552 5062 1710 5116 cadd.
1737 5073 1858 5116 nota

268 5133 300 5202 ’ξ
349 5132 610 5202 allegatis
641 5174 655 5198 ,
694 5131 926 5202 quibus
962 5141 1018 5183 et
1050 5131 1238 5201 reliqui
1270 5135 1435 5185 nostri
1477 5134 1851 5202 astipulantur.

271 5200 456 5255 Solum
492 5200 617 5256 Vat.
661 5201 810 5267 llisp.
863 5201 963 5254 alia
1019 5200 1451 5270 interpunctiune
1501 5200 1710 5271 pnelert
1743 5223 1755 5257 :
1791 5203 1860 5258 Ut

269 5289 363 5326 non
396 5275 602 5340 passim
632 5273 808 5326 diebus
856 5271 1090 5325 omnibus
1141 5276 1499 5334 sacerdotalis.
1555 5274 1630 5327 vel
1663 5275 1862 5328 levitica

270 5343 538 5398 ordinatio
561 5343 860 5416 celebretur,
903 5345 1156 5416 sedpost
1210 5344 1346 5397 diem
1397 5345 1614 5406 sabbati,
1657 5349 1865 5416 ejusque

270 5419 449 5480 noctis,
483 5429 611 5486 qua:
636 5415 691 5468 in
721 5416 887 5486 primu
929 5415 1126 5468 sabbati
1156 5416 1384 5481 lucescit,
1429 5418 1639 5470 exordio
1670 5415 1869 5486 conse-

269 5488 449 5541 nandi
475 5484 760 5554 eligantur.
788 5484 932 5540 Idem
963 5495 1047 5540 est
1076 5488 1126 5539 in
1162 5486 1350 5541 Isidor.
1405 5486 1523 5540 Vat.
1555 5498 1605 5542 et
1639 5485 1864 5542 Vindeb.

269 5556 444 5625 Hisp.,
482 5557 734 5625 exceptis
765 5559 1024 5612 extremis
1047 5558 1271 5612 vocibus
1300 5556 1512 5611 exordio
1538 5559 1870 5612 consecrandi

269 5627 557 5752 ῖζὶςαηιιιν.
594 5644 694 5698 pro
718 5627 911 5698 quibus
934 5628 1126 5698 legitur
1157 5638 1210 5682 ut
1250 5630 1300 5683 in
1335 5638 1503 5692 textu.
1546 5629 1757 5683 exordia
1777 5630 1870 5684 de-

289 5711 528 5752 tuantur.

289 5711 525 5826 migdilix;
562 5778 747 5824 nostra
779 5787 911 5827 mss.
936 5772 1088 5841 llisp.
1130 5770 1308 5826 delent
1334 5780 1398 5826 et.
1441 5772 1607 5826 Paulo
1634 5779 1778 5841 post,
1811 5787 1874 5826 ea:

271 5844 447 5898 eadem
477 5843 808 5911 observantia
837 5845 931 5898 erit
960 5845 1012 5898 in
1040 5843 1263 5898 Vindeb.
1299 5844 1443 5911 IliSp.

348 5914 367 5952 ί
405 5913 553 5972 Vide
588 5922 699 5969 not.
730 5909 764 5967 ὅ
791 5915 988 5976 Quesn.
1018 5924 1071 5971 et
1103 5913 1319 5974 dissert.
1353 5909 1594 5991 eiusdem
1626 5910 1692 5972 de
1722 5913 1876 5972 ieiu-

1890 4743 1943 4803 D

1969 3389 2152 3444 vantia
2185 3397 2365 3443 nostra
2397 3387 2710 3451 concordet,
2741 3386 2870 3441 illud
2915 3401 3130 3456 quoque
3169 3385 3417 3440 volumus
3453 3398 3556 3442 cu-

1948 3483 2182 3551 stodiri,
2215 3493 2275 3537 ut
2303 3498 2425 3536 cum
2449 3481 2742 3535 solemnior
2773 3491 2795 3518 ι’
2837 3495 3063 3550 qumque
3118 3479 3376 3536 festivitas
3421 3493 3554 3535 con-

1967 3586 2189 3630 ventum
2223 3575 2404 3646 populi
2439 3572 2830 3628 numerosioris
2879 3571 3153 3638 indixerit,
3185 3581 3240 3628 et
3267 3577 3288 3607 ⁸
3323 3586 3385 3628 ea
3428 3570 3559 3628 [lde-

1910 3744 1939 3765 -.
1967 3711 2061 3764 nio
2101 3711 2328 3766 sabbati.

2043 3782 2058 3833 i
2103 3783 2217 3836 Duo
2248 3799 2375 3836 mss.
2404 3782 2552 3850 Hisp.
2587 3789 2641 3835 et
2663 3781 2783 3834 Vat.
2815 3781 2967 3845 lsid.,
2995 3782 3147 3847 Quod
3169 3783 3236 3836 ad
3257 3783 3410 3837 diem.

2040 3851 2067 3890 ’ί
2093 3853 2186 3906 Ms.
2227 3854 2341 3908 Vat.
2377 3854 2550 3921 Hisp.,
2580 3854 2731 3906 etiam
2762 3868 2961 3926 sacrum
2986 3853 3227 3908 habemus
3253 3855 3306 3908 in
3327 3855 3560 3926 exempla

1968 3923 2318 3995 Scripturam,
2347 3926 2482 3993 quod
2514 3941 2629 3977 cum
2659 3924 2900 3994 apostoli.

2043 3993 2204 4048 l'Vox
2259 3997 2491 4065 gentibus
2535 3993 2873 4051 desideratur
2922 3996 2976 4050 in
3033 3994 3255 4052 Viudeb.
3309 3997 3458 4067 Hisp.
3506 4007 3565 4054 et

1967 4067 2105 4136 apud
2138 4067 2479 4120 Sichartlum.

2038 4147 2076 4173 ω
2101 4138 2260 4202 Vulg.
2287 4148 2408 4190 ante
2428 4137 2630 4204 Quesn.
2656 4153 2778 4192 cum
2804 4137 2922 4190 Vat.
2945 4136 3094 4208 Hisp.
3119 4145 3172 4192 et
3192 4136 3317 4208 Isid.
3341 4152 3405 4191 ac
3427 4153 3562 4192 mss.

1965 4208 2176 4264 collect.
2206 4208 2295 4265 21.
2323 4209 2787 4278 dispensationum.
2822 4207 3260 4263 Etnendationem
3283 4207 3560 4275 Quesnelli

1966 4294 2030 4334 ex
2060 4280 2220 4333 codd.
2253 4278 2584 4342 Grimantco,
2616 4293 2668 4333 et
2700 4278 3001 4343 Victorino,
3036 4294 3100 4334 ac
3125 4294 3193 4332 ex
3235 4279 3560 4334 editionibus

1966 4351 2194 4415 Merlini,
2219 4350 2465 4412 Nicolini,
2486 4350 2649 4411 Snrii,
2670 4359 2724 4406 et
2744 4350 3013 4415 Sicliardi,
3035 4351 3216 4405 cmteri
3237 4350 3405 4405 nostri
3426 4365 3558 4406 mss.

1967 4422 2112 4478 libri.
2139 4424 2298 4475 etiam
2333 4421 2561 4475 Vintleb.
2595 4423 2741 4489 llisp.
2775 4421 3119 4476 confirmant.

2039 4502 2067 4528 η
2097 4492 2230 4546 Cod.
2266 4492 2387 4547 Vat.
2433 4492 2571 4548 1542
2620 4495 2830 4548 collect.
2881 4495 2948 4559 5,
2995 4493 3098 4546 vita
3140 4491 3333 4561 accepit
3372 4500 3564 4548 eterna

1966 4565 2296 4636 principium.
2321 4562 2446 4618 Tria
2465 4580 2603 4636 mss.
2635 4566 2844 4619 collect.
2874 4566 2927 4622 8.
2949 4565 3053 4617 vita
3075 4566 3268 4636 accepit
3311 4574 3564 4636 talentum

1967 4634 2295 4704 principium.
2339 4635 2564 4702 Quidam
2609 4636 2765 4690 codd.
2820 4637 3032 4690 collect.
3083 4635 3174 4702 21,
3224 4645 3279 4689 et
3330 4634 3560 4692 Vindeb.

1973 4709 2149 4776 llisp.,
2183 4709 2286 4760 vita
2312 4710 2504 4772 accepit
2532 4707 2865 4777 principium.

2043 4787 2068 4814 ο
2103 4777 2327 4832 Vindeb.
2367 4776 2539 4844 lli~p.,
2569 4779 2698 4830 sicut
2729 4778 2903 4830 beatus
2929 4776 3156 4830 Joannes
3189 4783 3421 4845 testatur,
3445 4793 3565 4831 cum

1970 4849 2292 4920 congregatis
2321 4851 2374 4901 in
2404 4865 2564 4902 unum
2597 4847 2892 4917 discipulis,
2927 4848 3115 4901 clausis
3148 4849 3331 4920 januis
3369 4850 3438 4902 ad
3478 4863 3566 4903 eos

1971 4920 2226 4974 Dominus
2258 4921 2533 4974 introisset.

2043 5002 2070 5041 ιν
2101 4991 2396 5060 Antiqui“.
2435 4991 2548 5044 Vat.
2591 4990 2733 5046 5845
2775 4999 2829 5044 et
2860 4989 3086 5043 Vindeb.
3129 4989 3301 5060 Hisp.,
3345 5004 3566 5059 quorum

1969 5064 2301 5124 retinueritts,
2336 5072 2526 5115 retenta
2555 5072 2691 5115 sunt.
2732 5061 2846 5114 Vat.
2882 5062 3054 5130 llisp.,
3089 5072 3259 5116 erunt.

2043 5144 2070 5182 τι
2096 5136 2256 5194 Editi,
2281 5136 2470 5197 inquo.
2497 5132 2846 5187 Cui-reximus
2868 5149 2934 5186 ex
2958 5144 3256 5187 memorato
3276 5130 3563 5200 antiquiss.

1972 5205 2114 5268 Vat.,
2145 5222 2208 5258 ex
2231 5205 2393 5256 dttob.
2422 5204 2569 5272 llisp.
2599 5212 2653 5256 et
2682 5203 2795 5257 Vat.
2823 5204 2974 5270 lsid.,
3000 5219 3062 5258 ac
3079 5202 3425 5258 Vallicellano
3451 5203 3567 5256 col-

1972 5275 2096 5329 lect.
2131 5277 2183 5330 8.

2050 5357 2070 5383 τ
2119 5348 2229 5400 Vox
2260 5361 2470 5413 quicque
2499 5346 2652 5399 deest
2675 5347 2727 5398 in
2756 5345 2915 5399 editis
2945 5354 3069 5398 ante
3098 5344 3298 5410 Qucsn.
3331 5350 3386 5397 et
3404 5341 3565 5412 quin-

1977 5432 2080 5486 que
2112 5420 2311 5471 nostris
2333 5417 2520 5480 codtl.,
2557 5432 2655 5470 nec
2685 5433 2789 5469 non
2822 5417 2960 5480 apud
2992 5416 3331 5486 Sicltardum.

2051 5496 2071 5522 ³
2109 5489 2161 5539 lu
2188 5503 2314 5541 mss.
2354 5489 2528 5558 llisp.,
2559 5488 2685 5541 Isid.
2718 5497 2771 5540 et
2794 5488 3006 5541 collect.
3037 5487 3128 5551 21,
3163 5485 3304 5558 eiad
3335 5484 3569 5538 eamdem

1983 5559 2212 5625 ﬁdelium
2246 5555 2542 5613 multitudo.
2593 5558 2870 5622 Merlinus,
2911 5567 2957 5611 ct
3005 5573 3114 5609 eam
3155 5555 3414 5622 ﬁdelium,
3456 5568 3565 5610 etc.

1984 5632 2123 5684 Editi
2155 5640 2281 5685 ante
2317 5631 2521 5699 Quesn.
2563 5646 2682 5685 cutn
2723 5643 2860 5699 mss.
2887 5626 3230 5699 collect._24,
3263 5637 3311 5680 et
3347 5626 3568 5699 adeam

1979 5712 2123 5756 tanta
2149 5696 2379 5771 ﬁdelium
2405 5701 2702 5771 multitudo.
2737 5697 2994 5771 Similiter
3018 5696 3329 5764 Sichardus,
3358 5698 3448 5771 qui
3480 5713 3567 5753 so-

1979 5774 2088 5828 lum
2135 5769 2336 5828 amittit
2377 5775 2635 5846 ﬁdelium.
2664 5770 2863 5836 Quesn.
2917 5769 3208 5846 ἱιῃῐῐιίςιιςςξ⁸2
3257 5780 3303 5823 et
3346 5769 3417 5846 ad
3454 5784 3567 5824 eam

1981 5846 2106 5900 tanti
2136 5839 2387 5914 sacriﬁcii
2407 5845 2596 5900 oblatio
2622 5845 2819 5908 iterata,
2854 5839 2998 5910 quod
3024 5842 3210 5907 nullibi
3243 5841 3563 5912 reperimus.
