  <div class='ocr_page' id='page_1' title='image "/cluster/home/n/w/nwhite01/storage/ocr_20150623/54/hvd.32044015471584/318.png"; bbox 0 0 4006 6348; ppageno 0'>
   <div class='ocr_carea' id='block_1_1' title="bbox 1699 283 2142 344">
    <p class='ocr_par' dir='ltr' id='par_1_1' title="bbox 1699 283 2142 344">
     <span class='ocr_line' id='line_1_1' title="bbox 1699 283 2142 344; baseline 0.005 -4"><span class='ocrx_word' id='word_1_1' title='bbox 1699 283 2033 344; x_wconf 78' lang='lat' dir='ltr'><strong>EPISTOLA</strong></span> <span class='ocrx_word' id='word_1_2' title='bbox 2073 286 2142 343; x_wconf 74' lang='grc' dir='ltr'><strong>Χ.</strong></span> 
     </span>
    </p>
   </div>
   <div class='ocr_carea' id='block_1_2' title="bbox 3460 304 3564 358">
    <p class='ocr_par' dir='ltr' id='par_1_2' title="bbox 3460 304 3564 358">
     <span class='ocr_line' id='line_1_2' title="bbox 3460 304 3564 358; baseline 0.038 -3"><span class='ocrx_word' id='word_1_3' title='bbox 3460 304 3564 358; x_wconf 76' lang='grc'><strong>630</strong></span> 
     </span>
    </p>
   </div>
   <div class='ocr_carea' id='block_1_3' title="bbox 280 387 3560 472">
    <p class='ocr_par' dir='ltr' id='par_1_3' title="bbox 280 387 3560 472">
     <span class='ocr_line' id='line_1_3' title="bbox 280 387 3560 472; baseline 0 -15"><span class='ocrx_word' id='word_1_4' title='bbox 280 387 410 459; x_wconf 77' lang='lat' dir='ltr'><strong>mani</strong></span> <span class='ocrx_word' id='word_1_5' title='bbox 439 399 657 471; x_wconf 77' lang='lat' dir='ltr'><strong>generis</strong></span> <span class='ocrx_word' id='word_1_6' title='bbox 681 396 932 455; x_wconf 79' lang='lat' dir='ltr'><strong>Salvator</strong></span> <span class='ocrx_word' id='word_1_7' title='bbox 953 397 1206 464; x_wconf 89' lang='lat' dir='ltr'><strong>instituit,</strong></span> <span class='ocrx_word' id='word_1_8' title='bbox 1238 407 1296 454; x_wconf 90' lang='lat' dir='ltr'><strong>ut</strong></span> <span class='ocrx_word' id='word_1_9' title='bbox 1319 399 1542 464; x_wconf 86' lang='lat' dir='ltr'><strong>veritas,</strong></span> <span class='ocrx_word' id='word_1_10' title='bbox 1565 413 1684 471; x_wconf 66' lang='lat' dir='ltr'><strong>quin</strong></span> <span class='ocrx_word' id='word_1_11' title='bbox 1701 409 1859 455; x_wconf 80' lang='lat' dir='ltr'><strong>antea</strong></span> <span class='ocrx_word' id='word_1_12' title='bbox 1887 403 1943 463; x_wconf 75' lang='grc' dir='ltr'><strong>Α</strong></span> <span class='ocrx_word' id='word_1_13' title='bbox 1965 402 2317 472; x_wconf 78' lang='lat' dir='ltr'><strong>apostolicam</strong></span> <span class='ocrx_word' id='word_1_14' title='bbox 2339 402 2546 466; x_wconf 88' lang='lat' dir='ltr'><strong>sedem,</strong></span> <span class='ocrx_word' id='word_1_15' title='bbox 2572 413 2670 470; x_wconf 88' lang='lat' dir='ltr'><strong>pro</strong></span> <span class='ocrx_word' id='word_1_16' title='bbox 2691 400 2772 456; x_wconf 91' lang='lat' dir='ltr'><strong>sui</strong></span> <span class='ocrx_word' id='word_1_17' title='bbox 2795 401 3095 459; x_wconf 82' lang='lat' dir='ltr'><strong>reverentia</strong></span> <span class='ocrx_word' id='word_1_18' title='bbox 3110 417 3158 458; x_wconf 23' lang='lat' dir='ltr'><strong>rs</strong></span> <span class='ocrx_word' id='word_1_19' title='bbox 3182 409 3376 462; x_wconf 65' lang='lat' dir='ltr'><strong>vestrae</strong></span> <span class='ocrx_word' id='word_1_20' title='bbox 3394 401 3560 460; x_wconf 86' lang='lat' dir='ltr'><strong>etiam</strong></span> 
     </span>
    </p>
   </div>
   <div class='ocr_carea' id='block_1_4' title="bbox 277 473 1862 565">
    <p class='ocr_par' dir='ltr' id='par_1_4' title="bbox 277 473 1862 565">
     <span class='ocr_line' id='line_1_4' title="bbox 277 473 1862 565; baseline 0.003 -21"><span class='ocrx_word' id='word_1_21' title='bbox 277 473 402 565; x_wconf 60' lang='lat' dir='ltr'><strong>legis</strong></span> <span class='ocrx_word' id='word_1_22' title='bbox 451 504 504 546; x_wconf 90' lang='lat' dir='ltr'><strong>et</strong></span> <span class='ocrx_word' id='word_1_23' title='bbox 550 491 937 564; x_wconf 84' lang='lat' dir='ltr'><strong>prophetarum</strong></span> <span class='ocrx_word' id='word_1_24' title='bbox 993 488 1267 562; x_wconf 70' lang='lat' dir='ltr'><strong>prarconio</strong></span> <span class='ocrx_word' id='word_1_25' title='bbox 1296 495 1669 548; x_wconf 81' lang='lat' dir='ltr'><strong>continebatur</strong></span> <span class='ocrx_word' id='word_1_26' title='bbox 1699 537 1712 558; x_wconf 92' lang='lat'><strong>,</strong></span> <span class='ocrx_word' id='word_1_27' title='bbox 1767 508 1862 562; x_wconf 90' lang='lat' dir='ltr'><strong>per</strong></span> 
     </span>
    </p>
   </div>
   <div class='ocr_carea' id='block_1_5' title="bbox 277 586 1857 662">
    <p class='ocr_par' dir='ltr' id='par_1_5' title="bbox 277 586 1857 662">
     <span class='ocr_line' id='line_1_5' title="bbox 277 586 1857 662; baseline -0.001 -20"><span class='ocrx_word' id='word_1_28' title='bbox 277 587 618 662; x_wconf 72' lang='lat' dir='ltr'><strong>apostolicam</strong></span> <span class='ocrx_word' id='word_1_29' title='bbox 655 587 835 640; x_wconf 89' lang='lat' dir='ltr'><strong>tubam</strong></span> <span class='ocrx_word' id='word_1_30' title='bbox 868 587 920 640; x_wconf 92' lang='lat' dir='ltr'><strong>in</strong></span> <span class='ocrx_word' id='word_1_31' title='bbox 961 588 1188 640; x_wconf 82' lang='lat' dir='ltr'><strong>salutem</strong></span> <span class='ocrx_word' id='word_1_32' title='bbox 1239 586 1604 640; x_wconf 84' lang='lat' dir='ltr'><strong>universitatis</strong></span> <span class='ocrx_word' id='word_1_33' title='bbox 1637 587 1809 640; x_wconf 77' lang='lat' dir='ltr'><strong>exiret</strong></span> <span class='ocrx_word' id='word_1_34' title='bbox 1840 626 1857 652; x_wconf 90' lang='lat'><strong>,</strong></span> 
     </span>
    </p>
   </div>
   <div class='ocr_carea' id='block_1_6' title="bbox 278 672 1859 754">
    <p class='ocr_par' dir='ltr' id='par_1_6' title="bbox 278 672 1859 754">
     <span class='ocr_line' id='line_1_6' title="bbox 278 672 1859 754; baseline -0.003 -16"><span class='ocrx_word' id='word_1_35' title='bbox 278 675 406 738; x_wconf 72' lang='lat' dir='ltr'><strong>Sicut</strong></span> <span class='ocrx_word' id='word_1_36' title='bbox 431 681 694 754; x_wconf 83' lang='lat' dir='ltr'><strong>scriptum</strong></span> <span class='ocrx_word' id='word_1_37' title='bbox 737 689 819 733; x_wconf 91' lang='lat' dir='ltr'><strong>est</strong></span> <span class='ocrx_word' id='word_1_38' title='bbox 850 697 862 731; x_wconf 86' lang='lat'><strong>:</strong></span> <span class='ocrx_word' id='word_1_39' title='bbox 897 672 963 733; x_wconf 83' lang='lat' dir='ltr'><strong>In</strong></span> <span class='ocrx_word' id='word_1_40' title='bbox 1000 673 1203 733; x_wconf 81' lang='lat' dir='ltr'><strong>omnein</strong></span> <span class='ocrx_word' id='word_1_41' title='bbox 1245 675 1487 733; x_wconf 56' lang='lat' dir='ltr'><strong>terram&#39;lt</strong></span> <span class='ocrx_word' id='word_1_42' title='bbox 1519 681 1670 734; x_wconf 70' lang='lat' dir='ltr'><strong>exivit</strong></span> <span class='ocrx_word' id='word_1_43' title='bbox 1703 695 1859 733; x_wconf 80' lang='lat' dir='ltr'><strong>sonus</strong></span> 
     </span>
    </p>
   </div>
   <div class='ocr_carea' id='block_1_7' title="bbox 276 763 1858 840">
    <p class='ocr_par' dir='ltr' id='par_1_7' title="bbox 276 763 1858 840">
     <span class='ocr_line' id='line_1_7' title="bbox 276 763 1858 840; baseline -0.003 -10"><span class='ocrx_word' id='word_1_44' title='bbox 276 763 462 839; x_wconf 69' lang='lat' dir='ltr'><strong>eorum,</strong></span> <span class='ocrx_word' id='word_1_45' title='bbox 496 781 544 826; x_wconf 88' lang='lat' dir='ltr'><strong>et</strong></span> <span class='ocrx_word' id='word_1_46' title='bbox 575 771 626 824; x_wconf 85' lang='lat' dir='ltr'><strong>in</strong></span> <span class='ocrx_word' id='word_1_47' title='bbox 659 771 784 840; x_wconf 82' lang='lat' dir='ltr'><strong>ﬁnes</strong></span> <span class='ocrx_word' id='word_1_48' title='bbox 815 770 950 825; x_wconf 87' lang='lat' dir='ltr'><strong>orbis</strong></span> <span class='ocrx_word' id='word_1_49' title='bbox 980 781 1129 826; x_wconf 69' lang='lat' dir='ltr'><strong>terra:</strong></span> <span class='ocrx_word' id='word_1_50' title='bbox 1159 773 1307 824; x_wconf 87' lang='lat' dir='ltr'><strong>verba</strong></span> <span class='ocrx_word' id='word_1_51' title='bbox 1335 788 1512 825; x_wconf 86' lang='lat' dir='ltr'><strong>eorum</strong></span> <span class='ocrx_word' id='word_1_52' title='bbox 1546 770 1666 840; x_wconf 88' lang='lat' dir='ltr'><strong>(Ps.</strong></span> <span class='ocrx_word' id='word_1_53' title='bbox 1708 785 1858 839; x_wconf 81' lang='lat' dir='ltr'><strong>xvttt,</strong></span> 
     </span>
    </p>
   </div>
   <div class='ocr_carea' id='block_1_8' title="bbox 277 861 1860 936">
    <p class='ocr_par' dir='ltr' id='par_1_8' title="bbox 277 861 1860 936">
     <span class='ocr_line' id='line_1_8' title="bbox 277 861 1860 936; baseline -0.001 -16"><span class='ocrx_word' id='word_1_54' title='bbox 277 861 347 936; x_wconf 84' lang='lat'><strong>5).</strong></span> <span class='ocrx_word' id='word_1_55' title='bbox 376 863 482 920; x_wconf 81' lang='lat' dir='ltr'><strong>Sed</strong></span> <span class='ocrx_word' id='word_1_56' title='bbox 516 862 677 934; x_wconf 87' lang='lat' dir='ltr'><strong>hujus</strong></span> <span class='ocrx_word' id='word_1_57' title='bbox 710 863 953 918; x_wconf 87' lang='lat' dir='ltr'><strong>muneris</strong></span> <span class='ocrx_word' id='word_1_58' title='bbox 977 873 1374 918; x_wconf 84' lang='lat' dir='ltr'><strong>sacramentum</strong></span> <span class='ocrx_word' id='word_1_59' title='bbox 1403 863 1474 919; x_wconf 83' lang='lat' dir='ltr'><strong>ita</strong></span> <span class='ocrx_word' id='word_1_60' title='bbox 1510 865 1766 918; x_wconf 89' lang='lat' dir='ltr'><strong>Dominus</strong></span> <span class='ocrx_word' id='word_1_61' title='bbox 1793 863 1860 918; x_wconf 85' lang='lat' dir='ltr'><strong>ad</strong></span> 
     </span>
    </p>
   </div>
   <div class='ocr_carea' id='block_1_9' title="bbox 275 941 1862 1024">
    <p class='ocr_par' dir='ltr' id='par_1_9' title="bbox 275 941 1862 1024">
     <span class='ocr_line' id='line_1_9' title="bbox 275 941 1862 1024; baseline -0.002 -10"><span class='ocrx_word' id='word_1_62' title='bbox 275 941 503 1014; x_wconf 85' lang='lat' dir='ltr'><strong>omnium</strong></span> <span class='ocrx_word' id='word_1_63' title='bbox 538 957 911 1023; x_wconf 80' lang='lat' dir='ltr'><strong>apostolorum</strong></span> <span class='ocrx_word' id='word_1_64' title='bbox 960 948 1197 1010; x_wconf 89' lang='lat' dir='ltr'><strong>oflicium</strong></span> <span class='ocrx_word' id='word_1_65' title='bbox 1251 957 1520 1024; x_wconf 74' lang='lat' dir='ltr'><strong>pertinere</strong></span> <span class='ocrx_word' id='word_1_66' title='bbox 1559 956 1759 1024; x_wconf 80' lang='lat' dir='ltr'><strong>Voluit,</strong></span> <span class='ocrx_word' id='word_1_67' title='bbox 1803 966 1862 1011; x_wconf 85' lang='lat' dir='ltr'><strong>ut</strong></span> 
     </span>
    </p>
   </div>
   <div class='ocr_carea' id='block_1_10' title="bbox 275 1037 1858 1124">
    <p class='ocr_par' dir='ltr' id='par_1_10' title="bbox 275 1037 1858 1124">
     <span class='ocr_line' id='line_1_10' title="bbox 275 1037 1858 1124; baseline 0 -19"><span class='ocrx_word' id='word_1_68' title='bbox 275 1037 323 1124; x_wconf 83' lang='lat' dir='ltr'><strong>in</strong></span> <span class='ocrx_word' id='word_1_69' title='bbox 361 1049 677 1104; x_wconf 82' lang='lat' dir='ltr'><strong>beatissimo</strong></span> <span class='ocrx_word' id='word_1_70' title='bbox 707 1041 870 1105; x_wconf 80' lang='lat' dir='ltr'><strong>Petro</strong></span> <span class='ocrx_word' id='word_1_71' title='bbox 911 1051 1276 1119; x_wconf 90' lang='lat' dir='ltr'><strong>apostolorum</strong></span> <span class='ocrx_word' id='word_1_72' title='bbox 1324 1053 1561 1104; x_wconf 89' lang='lat' dir='ltr'><strong>omnium</strong></span> <span class='ocrx_word' id='word_1_73' title='bbox 1602 1065 1813 1105; x_wconf 85' lang='lat' dir='ltr'><strong>summo</strong></span> <span class='ocrx_word' id='word_1_74' title='bbox 1842 1090 1858 1116; x_wconf 90' lang='lat'><strong>,</strong></span> 
     </span>
    </p>
   </div>
   <div class='ocr_carea' id='block_1_11' title="bbox 278 1135 1861 1222">
    <p class='ocr_par' dir='ltr' id='par_1_11' title="bbox 278 1135 1861 1222">
     <span class='ocr_line' id='line_1_11' title="bbox 278 1135 1861 1222; baseline 0 -24"><span class='ocrx_word' id='word_1_75' title='bbox 278 1135 644 1222; x_wconf 78' lang='lat' dir='ltr'><strong>principaliter</strong></span> <span class='ocrx_word' id='word_1_76' title='bbox 677 1143 706 1183; x_wconf 71' lang='grc' dir='ltr'>δ</span> <span class='ocrx_word' id='word_1_77' title='bbox 738 1144 1049 1210; x_wconf 85' lang='lat' dir='ltr'><strong>collocarit;</strong></span> <span class='ocrx_word' id='word_1_78' title='bbox 1097 1153 1150 1199; x_wconf 89' lang='lat' dir='ltr'><strong>et</strong></span> <span class='ocrx_word' id='word_1_79' title='bbox 1182 1145 1248 1198; x_wconf 87' lang='lat' dir='ltr'><strong>ab</strong></span> <span class='ocrx_word' id='word_1_80' title='bbox 1289 1145 1404 1215; x_wconf 88' lang='lat' dir='ltr'><strong>ipso</strong></span> <span class='ocrx_word' id='word_1_81' title='bbox 1443 1144 1594 1214; x_wconf 74' lang='lat' dir='ltr'><strong>quasi</strong></span> <span class='ocrx_word' id='word_1_82' title='bbox 1627 1144 1861 1216; x_wconf 85' lang='lat' dir='ltr'><strong>quodam</strong></span> 
     </span>
    </p>
   </div>
   <div class='ocr_carea' id='block_1_12' title="bbox 274 1223 1864 1309">
    <p class='ocr_par' dir='ltr' id='par_1_12' title="bbox 274 1223 1864 1309">
     <span class='ocr_line' id='line_1_12' title="bbox 274 1223 1864 1309; baseline -0.003 -13"><span class='ocrx_word' id='word_1_83' title='bbox 274 1223 469 1309; x_wconf 77' lang='lat' dir='ltr'><strong>capite,</strong></span> <span class='ocrx_word' id='word_1_84' title='bbox 504 1241 644 1294; x_wconf 85' lang='lat' dir='ltr'><strong>dona</strong></span> <span class='ocrx_word' id='word_1_85' title='bbox 679 1257 773 1296; x_wconf 90' lang='lat' dir='ltr'><strong>sua</strong></span> <span class='ocrx_word' id='word_1_86' title='bbox 805 1241 936 1294; x_wconf 76' lang='lat' dir='ltr'><strong>velit</strong></span> <span class='ocrx_word' id='word_1_87' title='bbox 981 1240 1032 1294; x_wconf 93' lang='lat' dir='ltr'><strong>in</strong></span> <span class='ocrx_word' id='word_1_88' title='bbox 1076 1255 1274 1309; x_wconf 90' lang='lat' dir='ltr'><strong>corpus</strong></span> <span class='ocrx_word' id='word_1_89' title='bbox 1318 1255 1479 1295; x_wconf 84' lang='lat' dir='ltr'><strong>omne</strong></span> <span class='ocrx_word' id='word_1_90' title='bbox 1521 1255 1772 1302; x_wconf 86' lang='lat' dir='ltr'><strong>manare,</strong></span> <span class='ocrx_word' id='word_1_91' title='bbox 1806 1249 1864 1294; x_wconf 90' lang='lat' dir='ltr'><strong>ut</strong></span> 
     </span>
    </p>
   </div>
   <div class='ocr_carea' id='block_1_13' title="bbox 272 1331 1864 1405">
    <p class='ocr_par' dir='ltr' id='par_1_13' title="bbox 272 1331 1864 1405">
     <span class='ocr_line' id='line_1_13' title="bbox 272 1331 1864 1405; baseline -0.002 -16"><span class='ocrx_word' id='word_1_92' title='bbox 272 1346 540 1389; x_wconf 76' lang='lat' dir='ltr'><strong>exsortem</strong></span> <span class='ocrx_word' id='word_1_93' title='bbox 586 1347 644 1386; x_wconf 90' lang='lat' dir='ltr'><strong>se</strong></span> <span class='ocrx_word' id='word_1_94' title='bbox 691 1333 934 1405; x_wconf 74' lang='lat' dir='ltr'><strong>mysterii</strong></span> <span class='ocrx_word' id='word_1_95' title='bbox 983 1332 1309 1399; x_wconf 73' lang='lat' dir='ltr'><strong>intelligeret</strong></span> <span class='ocrx_word' id='word_1_96' title='bbox 1357 1347 1483 1388; x_wconf 89' lang='lat' dir='ltr'><strong>esse</strong></span> <span class='ocrx_word' id='word_1_97' title='bbox 1532 1332 1718 1394; x_wconf 82' lang='lat' dir='ltr'><strong>divini,</strong></span> <span class='ocrx_word' id='word_1_98' title='bbox 1773 1331 1864 1398; x_wconf 87' lang='lat' dir='ltr'><strong>qui</strong></span> 
     </span>
    </p>
   </div>
   <div class='ocr_carea' id='block_1_14' title="bbox 273 1419 1864 1482">
    <p class='ocr_par' dir='ltr' id='par_1_14' title="bbox 273 1419 1864 1482">
     <span class='ocr_line' id='line_1_14' title="bbox 273 1419 1864 1482; baseline -0.002 0"><span class='ocrx_word' id='word_1_99' title='bbox 273 1419 428 1482; x_wconf 79' lang='lat' dir='ltr'><strong>ausus</strong></span> <span class='ocrx_word' id='word_1_100' title='bbox 460 1426 654 1481; x_wconf 80' lang='lat' dir='ltr'><strong>fuisset</strong></span> <span class='ocrx_word' id='word_1_101' title='bbox 683 1443 710 1480; x_wconf 92' lang='lat' dir='ltr'><strong>a</strong></span> <span class='ocrx_word' id='word_1_102' title='bbox 739 1427 884 1481; x_wconf 86' lang='lat' dir='ltr'><strong>Petri</strong></span> <span class='ocrx_word' id='word_1_103' title='bbox 913 1427 1184 1481; x_wconf 72' lang='lat' dir='ltr'><strong>soliditate</strong></span> <span class='ocrx_word' id='word_1_104' title='bbox 1213 1427 1490 1480; x_wconf 87' lang='lat' dir='ltr'><strong>recedere.</strong></span> <span class='ocrx_word' id='word_1_105' title='bbox 1525 1425 1680 1480; x_wconf 90' lang='lat' dir='ltr'><strong>Hunc</strong></span> <span class='ocrx_word' id='word_1_106' title='bbox 1721 1426 1864 1480; x_wconf 91' lang='lat' dir='ltr'><strong>enim</strong></span> 
     </span>
    </p>
   </div>
   <div class='ocr_carea' id='block_1_15' title="bbox 273 1517 1866 1587">
    <p class='ocr_par' dir='ltr' id='par_1_15' title="bbox 273 1517 1866 1587">
     <span class='ocr_line' id='line_1_15' title="bbox 273 1517 1866 1587; baseline -0.003 -12"><span class='ocrx_word' id='word_1_107' title='bbox 273 1519 322 1575; x_wconf 92' lang='lat' dir='ltr'><strong>in</strong></span> <span class='ocrx_word' id='word_1_108' title='bbox 367 1522 706 1574; x_wconf 59' lang='lat' dir='ltr'><strong>consortium</strong></span> <span class='ocrx_word' id='word_1_109' title='bbox 757 1519 1046 1574; x_wconf 66' lang='lat' dir='ltr'><strong>individua:</strong></span> <span class='ocrx_word' id='word_1_110' title='bbox 1083 1530 1105 1558; x_wconf 74' lang='grc' dir='ltr'><strong>ο</strong></span> <span class='ocrx_word' id='word_1_111' title='bbox 1135 1518 1355 1572; x_wconf 77' lang='lat' dir='ltr'><strong>unitatis</strong></span> <span class='ocrx_word' id='word_1_112' title='bbox 1386 1529 1757 1587; x_wconf 56' lang='lat' dir='ltr'><strong>assumptum.</strong></span> <span class='ocrx_word' id='word_1_113' title='bbox 1811 1517 1866 1571; x_wconf 89' lang='lat' dir='ltr'><strong>id</strong></span> 
     </span>
    </p>
   </div>
   <div class='ocr_carea' id='block_1_16' title="bbox 272 1608 1868 1681">
    <p class='ocr_par' dir='ltr' id='par_1_16' title="bbox 272 1608 1868 1681">
     <span class='ocr_line' id='line_1_16' title="bbox 272 1608 1868 1681; baseline -0.001 -18"><span class='ocrx_word' id='word_1_114' title='bbox 272 1613 407 1681; x_wconf 85' lang='lat' dir='ltr'><strong>quod</strong></span> <span class='ocrx_word' id='word_1_115' title='bbox 468 1612 582 1680; x_wconf 90' lang='lat' dir='ltr'><strong>ipse</strong></span> <span class='ocrx_word' id='word_1_116' title='bbox 629 1621 764 1677; x_wconf 89' lang='lat' dir='ltr'><strong>erat,</strong></span> <span class='ocrx_word' id='word_1_117' title='bbox 810 1612 979 1666; x_wconf 87' lang='lat' dir='ltr'><strong>voluit</strong></span> <span class='ocrx_word' id='word_1_118' title='bbox 1036 1611 1324 1675; x_wconf 78' lang='lat' dir='ltr'><strong>nominari,</strong></span> <span class='ocrx_word' id='word_1_119' title='bbox 1375 1611 1650 1665; x_wconf 89' lang='lat' dir='ltr'><strong>dicendo:</strong></span> <span class='ocrx_word' id='word_1_120' title='bbox 1693 1608 1768 1662; x_wconf 85' lang='lat' dir='ltr'><strong>Tu</strong></span> <span class='ocrx_word' id='word_1_121' title='bbox 1815 1625 1868 1662; x_wconf 83' lang='lat' dir='ltr'><strong>es</strong></span> 
     </span>
    </p>
   </div>
   <div class='ocr_carea' id='block_1_17' title="bbox 273 1703 1867 1777">
    <p class='ocr_par' dir='ltr' id='par_1_17' title="bbox 273 1703 1867 1777">
     <span class='ocr_line' id='line_1_17' title="bbox 273 1703 1867 1777; baseline -0.004 -17"><span class='ocrx_word' id='word_1_122' title='bbox 273 1703 482 1769; x_wconf 82' lang='lat' dir='ltr'><strong>Petrus,</strong></span> <span class='ocrx_word' id='word_1_123' title='bbox 543 1717 592 1759; x_wconf 89' lang='lat' dir='ltr'><strong>et</strong></span> <span class='ocrx_word' id='word_1_124' title='bbox 645 1722 798 1777; x_wconf 82' lang='lat' dir='ltr'><strong>super</strong></span> <span class='ocrx_word' id='word_1_125' title='bbox 849 1706 982 1758; x_wconf 84' lang='lat' dir='ltr'><strong>hanc</strong></span> <span class='ocrx_word' id='word_1_126' title='bbox 1024 1716 1222 1777; x_wconf 68' lang='lat' dir='ltr'><strong>petram</strong></span> <span class='ocrx_word' id='word_1_127' title='bbox 1268 1705 1533 1772; x_wconf 61' lang='lat' dir='ltr'><strong>aedificabo</strong></span> <span class='ocrx_word' id='word_1_128' title='bbox 1586 1703 1867 1756; x_wconf 75' lang='lat' dir='ltr'><strong>Ecclesium</strong></span> 
     </span>
    </p>
   </div>
   <div class='ocr_carea' id='block_1_18' title="bbox 1962 495 3565 566">
    <p class='ocr_par' dir='ltr' id='par_1_18' title="bbox 1962 495 3565 566">
     <span class='ocr_line' id='line_1_18' title="bbox 1962 495 3565 566; baseline 0.002 -16"><span class='ocrx_word' id='word_1_129' title='bbox 1962 496 2255 566; x_wconf 70' lang='lat' dir='ltr'><strong>provincia:</strong></span> <span class='ocrx_word' id='word_1_130' title='bbox 2285 497 2687 563; x_wconf 85' lang='lat' dir='ltr'><strong>sacerdotibus,</strong></span> <span class='ocrx_word' id='word_1_131' title='bbox 2719 497 3017 552; x_wconf 87' lang='lat' dir='ltr'><strong>innumeris</strong></span> <span class='ocrx_word' id='word_1_132' title='bbox 3051 495 3406 555; x_wconf 79' lang='lat' dir='ltr'><strong>relationibus</strong></span> <span class='ocrx_word' id='word_1_133' title='bbox 3441 512 3565 558; x_wconf 87' lang='lat' dir='ltr'><strong>esse</strong></span> 
     </span>
    </p>
   </div>
   <div class='ocr_carea' id='block_1_19' title="bbox 1961 589 3560 661">
    <p class='ocr_par' dir='ltr' id='par_1_19' title="bbox 1961 589 3560 661">
     <span class='ocr_line' id='line_1_19' title="bbox 1961 589 3560 661; baseline -0.004 -15"><span class='ocrx_word' id='word_1_134' title='bbox 1961 592 2289 655; x_wconf 89' lang='lat' dir='ltr'><strong>consultam,</strong></span> <span class='ocrx_word' id='word_1_135' title='bbox 2317 601 2374 648; x_wconf 92' lang='lat' dir='ltr'><strong>et</strong></span> <span class='ocrx_word' id='word_1_136' title='bbox 2401 607 2496 661; x_wconf 88' lang='lat' dir='ltr'><strong>per</strong></span> <span class='ocrx_word' id='word_1_137' title='bbox 2519 591 2883 656; x_wconf 86' lang='lat' dir='ltr'><strong>diversarum,</strong></span> <span class='ocrx_word' id='word_1_138' title='bbox 2907 589 3363 660; x_wconf 84' lang='lat' dir='ltr'><strong>quemadmodum</strong></span> <span class='ocrx_word' id='word_1_139' title='bbox 3398 605 3560 648; x_wconf 53' lang='lat' dir='ltr'><strong>vetns</strong></span> 
     </span>
    </p>
   </div>
   <div class='ocr_carea' id='block_1_20' title="bbox 1960 684 3564 756">
    <p class='ocr_par' dir='ltr' id='par_1_20' title="bbox 1960 684 3564 756">
     <span class='ocr_line' id='line_1_20' title="bbox 1960 684 3564 756; baseline 0.001 -18"><span class='ocrx_word' id='word_1_140' title='bbox 1960 684 2305 740; x_wconf 78' lang='lat' dir='ltr'><strong>consuetudo</strong></span> <span class='ocrx_word' id='word_1_141' title='bbox 2336 685 2614 754; x_wconf 84' lang='lat' dir='ltr'><strong>poscebat,</strong></span> <span class='ocrx_word' id='word_1_142' title='bbox 2643 684 3061 756; x_wconf 74' lang='lat' dir='ltr'><strong>appellationem</strong></span> <span class='ocrx_word' id='word_1_143' title='bbox 3087 699 3372 741; x_wconf 83' lang='lat' dir='ltr'><strong>causarum</strong></span> <span class='ocrx_word' id='word_1_144' title='bbox 3398 726 3416 753; x_wconf 96' lang='lat'><strong>,</strong></span> <span class='ocrx_word' id='word_1_145' title='bbox 3469 697 3564 740; x_wconf 89' lang='lat' dir='ltr'><strong>aut</strong></span> 
     </span>
    </p>
   </div>
   <div class='ocr_carea' id='block_1_21' title="bbox 1963 775 3563 846">
    <p class='ocr_par' dir='ltr' id='par_1_21' title="bbox 1963 775 3563 846">
     <span class='ocr_line' id='line_1_21' title="bbox 1963 775 3563 846; baseline -0.001 -15"><span class='ocrx_word' id='word_1_146' title='bbox 1963 785 2254 831; x_wconf 80' lang='lat' dir='ltr'><strong>retractata</strong></span> <span class='ocrx_word' id='word_1_147' title='bbox 2280 816 2294 840; x_wconf 87' lang='lat'><strong>,</strong></span> <span class='ocrx_word' id='word_1_148' title='bbox 2341 788 2433 832; x_wconf 87' lang='lat' dir='ltr'><strong>aut</strong></span> <span class='ocrx_word' id='word_1_149' title='bbox 2472 778 2791 833; x_wconf 77' lang='lat' dir='ltr'><strong>conﬁrmata</strong></span> <span class='ocrx_word' id='word_1_150' title='bbox 2828 775 2998 834; x_wconf 87' lang='lat' dir='ltr'><strong>fuisse</strong></span> <span class='ocrx_word' id='word_1_151' title='bbox 3035 775 3240 846; x_wconf 78' lang='lat' dir='ltr'><strong>judicia</strong></span> <span class='ocrx_word' id='word_1_152' title='bbox 3281 793 3296 832; x_wconf 89' lang='lat'><strong>:</strong></span> <span class='ocrx_word' id='word_1_153' title='bbox 3333 776 3473 833; x_wconf 88' lang='lat' dir='ltr'><strong>adeo</strong></span> <span class='ocrx_word' id='word_1_154' title='bbox 3506 786 3563 831; x_wconf 92' lang='lat' dir='ltr'><strong>ut</strong></span> 
     </span>
    </p>
   </div>
   <div class='ocr_carea' id='block_1_22' title="bbox 1964 867 3560 938">
    <p class='ocr_par' dir='ltr' id='par_1_22' title="bbox 1964 867 3560 938">
     <span class='ocr_line' id='line_1_22' title="bbox 1964 867 3560 938; baseline 0.001 -14"><span class='ocrx_word' id='word_1_155' title='bbox 1964 877 2176 924; x_wconf 79' lang='lat' dir='ltr'><strong>servata</strong></span> <span class='ocrx_word' id='word_1_156' title='bbox 2213 869 2420 924; x_wconf 89' lang='lat' dir='ltr'><strong>unitate</strong></span> <span class='ocrx_word' id='word_1_157' title='bbox 2461 868 2684 937; x_wconf 76' lang='lat' dir='ltr'><strong>spiritus</strong></span> <span class='ocrx_word' id='word_1_158' title='bbox 2710 872 2765 924; x_wconf 91' lang='lat' dir='ltr'><strong>in</strong></span> <span class='ocrx_word' id='word_1_159' title='bbox 2803 867 3018 926; x_wconf 79' lang='lat' dir='ltr'><strong>vinculo</strong></span> <span class='ocrx_word' id='word_1_160' title='bbox 3048 870 3214 938; x_wconf 83' lang='lat' dir='ltr'><strong>pacis,</strong></span> <span class='ocrx_word' id='word_1_161' title='bbox 3245 882 3560 925; x_wconf 84' lang='lat' dir='ltr'><strong>commean-</strong></span> 
     </span>
    </p>
   </div>
   <div class='ocr_carea' id='block_1_23' title="bbox 1964 962 3556 1033">
    <p class='ocr_par' dir='ltr' id='par_1_23' title="bbox 1964 962 3556 1033">
     <span class='ocr_line' id='line_1_23' title="bbox 1964 962 3556 1033; baseline 0 -15"><span class='ocrx_word' id='word_1_162' title='bbox 1964 963 2109 1018; x_wconf 87' lang='lat' dir='ltr'><strong>tibus</strong></span> <span class='ocrx_word' id='word_1_163' title='bbox 2139 962 2262 1016; x_wconf 87' lang='lat' dir='ltr'><strong>hinc</strong></span> <span class='ocrx_word' id='word_1_164' title='bbox 2295 963 2417 1016; x_wconf 86' lang='lat' dir='ltr'><strong>inde</strong></span> <span class='ocrx_word' id='word_1_165' title='bbox 2462 962 2658 1018; x_wconf 84' lang='lat' dir='ltr'><strong>litteris</strong></span> <span class='ocrx_word' id='word_1_166' title='bbox 2679 1002 2696 1028; x_wconf 90' lang='lat'><strong>,</strong></span> <span class='ocrx_word' id='word_1_167' title='bbox 2725 962 2869 1033; x_wconf 91' lang='lat' dir='ltr'><strong>quod</strong></span> <span class='ocrx_word' id='word_1_168' title='bbox 2901 973 3088 1018; x_wconf 78' lang='lat' dir='ltr'><strong>sancte</strong></span> <span class='ocrx_word' id='word_1_169' title='bbox 3117 962 3397 1032; x_wconf 71' lang='lat' dir='ltr'><strong>agebatur,</strong></span> <span class='ocrx_word' id='word_1_170' title='bbox 3427 978 3556 1033; x_wconf 89' lang='lat' dir='ltr'><strong>per-</strong></span> 
     </span>
    </p>
   </div>
   <div class='ocr_carea' id='block_1_24' title="bbox 1964 1055 3557 1126">
    <p class='ocr_par' dir='ltr' id='par_1_24' title="bbox 1964 1055 3557 1126">
     <span class='ocr_line' id='line_1_24' title="bbox 1964 1055 3557 1126; baseline 0.003 -18"><span class='ocrx_word' id='word_1_171' title='bbox 1964 1065 2140 1126; x_wconf 86' lang='lat' dir='ltr'><strong>petuae</strong></span> <span class='ocrx_word' id='word_1_172' title='bbox 2190 1055 2477 1123; x_wconf 84' lang='lat' dir='ltr'><strong>proliceret</strong></span> <span class='ocrx_word' id='word_1_173' title='bbox 2521 1055 2772 1110; x_wconf 89' lang='lat' dir='ltr'><strong>charitati</strong></span> <span class='ocrx_word' id='word_1_174' title='bbox 2813 1072 2828 1109; x_wconf 90' lang='lat'><strong>:</strong></span> <span class='ocrx_word' id='word_1_175' title='bbox 2879 1065 2903 1093; x_wconf 86' lang='lat'>°</span> <span class='ocrx_word' id='word_1_176' title='bbox 2946 1057 3200 1124; x_wconf 87' lang='lat' dir='ltr'><strong>quoniam</strong></span> <span class='ocrx_word' id='word_1_177' title='bbox 3250 1056 3557 1113; x_wconf 90' lang='lat' dir='ltr'><strong>sollicitudo</strong></span> 
     </span>
    </p>
   </div>
   <div class='ocr_carea' id='block_1_25' title="bbox 1966 1145 3558 1217">
    <p class='ocr_par' dir='ltr' id='par_1_25' title="bbox 1966 1145 3558 1217">
     <span class='ocr_line' id='line_1_25' title="bbox 1966 1145 3558 1217; baseline -0.001 -13"><span class='ocrx_word' id='word_1_178' title='bbox 1966 1157 2172 1213; x_wconf 89' lang='lat' dir='ltr'><strong>nostra,</strong></span> <span class='ocrx_word' id='word_1_179' title='bbox 2194 1157 2303 1202; x_wconf 83' lang='lat' dir='ltr'><strong>non</strong></span> <span class='ocrx_word' id='word_1_180' title='bbox 2328 1161 2421 1202; x_wconf 89' lang='lat' dir='ltr'><strong>sua</strong></span> <span class='ocrx_word' id='word_1_181' title='bbox 2453 1161 2725 1214; x_wconf 70' lang='lat' dir='ltr'><strong>quaerens.</strong></span> <span class='ocrx_word' id='word_1_182' title='bbox 2749 1145 2846 1201; x_wconf 93' lang='lat' dir='ltr'><strong>sed</strong></span> <span class='ocrx_word' id='word_1_183' title='bbox 2876 1158 2996 1217; x_wconf 71' lang='lat' dir='ltr'><strong>qua:</strong></span> <span class='ocrx_word' id='word_1_184' title='bbox 3035 1157 3163 1200; x_wconf 85' lang='lat' dir='ltr'><strong>sunt</strong></span> <span class='ocrx_word' id='word_1_185' title='bbox 3205 1146 3430 1211; x_wconf 89' lang='lat' dir='ltr'><strong>Christi,</strong></span> <span class='ocrx_word' id='word_1_186' title='bbox 3470 1147 3558 1202; x_wconf 88' lang='lat' dir='ltr'><strong>di-</strong></span> 
     </span>
    </p>
   </div>
   <div class='ocr_carea' id='block_1_26' title="bbox 1966 1237 3558 1313">
    <p class='ocr_par' dir='ltr' id='par_1_26' title="bbox 1966 1237 3558 1313">
     <span class='ocr_line' id='line_1_26' title="bbox 1966 1237 3558 1313; baseline 0.002 -21"><span class='ocrx_word' id='word_1_187' title='bbox 1966 1243 2224 1313; x_wconf 73' lang='lat' dir='ltr'><strong>gnitatem</strong></span> <span class='ocrx_word' id='word_1_188' title='bbox 2251 1237 2512 1296; x_wconf 83' lang='lat' dir='ltr'><strong>divinitus</strong></span> <span class='ocrx_word' id='word_1_189' title='bbox 2542 1240 2723 1295; x_wconf 84' lang='lat' dir='ltr'><strong>datam</strong></span> <span class='ocrx_word' id='word_1_190' title='bbox 2755 1254 2854 1294; x_wconf 90' lang='lat' dir='ltr'><strong>nec</strong></span> <span class='ocrx_word' id='word_1_191' title='bbox 2897 1238 3172 1307; x_wconf 85' lang='lat' dir='ltr'><strong>Ecclesiis,</strong></span> <span class='ocrx_word' id='word_1_192' title='bbox 3212 1254 3313 1295; x_wconf 89' lang='lat' dir='ltr'><strong>nec</strong></span> <span class='ocrx_word' id='word_1_193' title='bbox 3362 1238 3558 1295; x_wconf 84' lang='lat' dir='ltr'><strong>Eccle-</strong></span> 
     </span>
    </p>
   </div>
   <div class='ocr_carea' id='block_1_27' title="bbox 1967 1333 3557 1404">
    <p class='ocr_par' dir='ltr' id='par_1_27' title="bbox 1967 1333 3557 1404">
     <span class='ocr_line' id='line_1_27' title="bbox 1967 1333 3557 1404; baseline -0.002 -12"><span class='ocrx_word' id='word_1_194' title='bbox 1967 1337 2170 1392; x_wconf 86' lang='lat' dir='ltr'><strong>siarum</strong></span> <span class='ocrx_word' id='word_1_195' title='bbox 2204 1335 2578 1390; x_wconf 80' lang='lat' dir='ltr'><strong>sacerdmibus</strong></span> <span class='ocrx_word' id='word_1_196' title='bbox 2607 1334 2920 1404; x_wconf 76' lang='lat' dir='ltr'><strong>abrogabat.</strong></span> <span class='ocrx_word' id='word_1_197' title='bbox 2962 1333 3069 1390; x_wconf 88' lang='lat' dir='ltr'><strong>Sed</strong></span> <span class='ocrx_word' id='word_1_198' title='bbox 3103 1333 3244 1390; x_wconf 85' lang='lat' dir='ltr'><strong>hunc</strong></span> <span class='ocrx_word' id='word_1_199' title='bbox 3287 1333 3557 1389; x_wconf 86' lang='lat' dir='ltr'><strong>tramitem</strong></span> 
     </span>
    </p>
   </div>
   <div class='ocr_carea' id='block_1_28' title="bbox 1968 1425 3560 1497">
    <p class='ocr_par' dir='ltr' id='par_1_28' title="bbox 1968 1425 3560 1497">
     <span class='ocr_line' id='line_1_28' title="bbox 1968 1425 3560 1497; baseline -0.001 -14"><span class='ocrx_word' id='word_1_200' title='bbox 1968 1437 2182 1497; x_wconf 72' lang='lat' dir='ltr'><strong>Semper</strong></span> <span class='ocrx_word' id='word_1_201' title='bbox 2214 1428 2354 1482; x_wconf 85' lang='lat' dir='ltr'><strong>inter</strong></span> <span class='ocrx_word' id='word_1_202' title='bbox 2403 1427 2634 1495; x_wconf 83' lang='lat' dir='ltr'><strong>majores</strong></span> <span class='ocrx_word' id='word_1_203' title='bbox 2682 1435 2897 1480; x_wconf 84' lang='lat' dir='ltr'><strong>nostros</strong></span> <span class='ocrx_word' id='word_1_204' title='bbox 2927 1435 2982 1481; x_wconf 88' lang='lat' dir='ltr'><strong>et</strong></span> <span class='ocrx_word' id='word_1_205' title='bbox 3034 1425 3172 1481; x_wconf 90' lang='lat' dir='ltr'><strong>bene</strong></span> <span class='ocrx_word' id='word_1_206' title='bbox 3227 1433 3454 1491; x_wconf 90' lang='lat' dir='ltr'><strong>teotum,</strong></span> <span class='ocrx_word' id='word_1_207' title='bbox 3502 1432 3560 1481; x_wconf 85' lang='lat' dir='ltr'><strong>et</strong></span> 
     </span>
    </p>
   </div>
   <div class='ocr_carea' id='block_1_29' title="bbox 1968 1517 3557 1587">
    <p class='ocr_par' dir='ltr' id='par_1_29' title="bbox 1968 1517 3557 1587">
     <span class='ocr_line' id='line_1_29' title="bbox 1968 1517 3557 1587; baseline -0.002 -11"><span class='ocrx_word' id='word_1_208' title='bbox 1968 1522 2260 1576; x_wconf 84' lang='lat' dir='ltr'><strong>salubriter</strong></span> <span class='ocrx_word' id='word_1_209' title='bbox 2286 1517 2307 1558; x_wconf 69' lang='grc' dir='ltr'>ί</span> <span class='ocrx_word' id='word_1_210' title='bbox 2332 1519 2658 1575; x_wconf 85' lang='lat' dir='ltr'><strong>custoditum</strong></span> <span class='ocrx_word' id='word_1_211' title='bbox 2689 1519 2921 1573; x_wconf 83' lang='lat' dir='ltr'><strong>Hilarius</strong></span> <span class='ocrx_word' id='word_1_212' title='bbox 2943 1519 3305 1575; x_wconf 83' lang='lat' dir='ltr'><strong>Ecclesiarum</strong></span> <span class='ocrx_word' id='word_1_213' title='bbox 3333 1529 3557 1587; x_wconf 82' lang='lat' dir='ltr'><strong>statum,</strong></span> 
     </span>
    </p>
   </div>
   <div class='ocr_carea' id='block_1_30' title="bbox 1969 1613 3560 1685">
    <p class='ocr_par' dir='ltr' id='par_1_30' title="bbox 1969 1613 3560 1685">
     <span class='ocr_line' id='line_1_30' title="bbox 1969 1613 3560 1685; baseline 0.001 -15"><span class='ocrx_word' id='word_1_214' title='bbox 1969 1626 2027 1671; x_wconf 88' lang='lat' dir='ltr'><strong>et</strong></span> <span class='ocrx_word' id='word_1_215' title='bbox 2081 1613 2424 1669; x_wconf 79' lang='lat' dir='ltr'><strong>concordiam</strong></span> <span class='ocrx_word' id='word_1_216' title='bbox 2473 1615 2814 1669; x_wconf 82' lang='lat' dir='ltr'><strong>sacerdomm</strong></span> <span class='ocrx_word' id='word_1_217' title='bbox 2857 1614 3011 1668; x_wconf 91' lang='lat' dir='ltr'><strong>novis</strong></span> <span class='ocrx_word' id='word_1_218' title='bbox 3050 1615 3560 1685; x_wconf 71' lang='lat' dir='ltr'><strong>prmsutnptioiiibus</strong></span> 
     </span>
    </p>
   </div>
   <div class='ocr_carea' id='block_1_31' title="bbox 1972 1707 3559 1777">
    <p class='ocr_par' dir='ltr' id='par_1_31' title="bbox 1972 1707 3559 1777">
     <span class='ocr_line' id='line_1_31' title="bbox 1972 1707 3559 1777; baseline 0.002 -15"><span class='ocrx_word' id='word_1_219' title='bbox 1972 1709 2282 1762; x_wconf 88' lang='lat' dir='ltr'><strong>turbaturus</strong></span> <span class='ocrx_word' id='word_1_220' title='bbox 2320 1707 2582 1772; x_wconf 78' lang='lat' dir='ltr'><strong>excessit;</strong></span> <span class='ocrx_word' id='word_1_221' title='bbox 2634 1707 2704 1761; x_wconf 93' lang='lat' dir='ltr'><strong>ita</strong></span> <span class='ocrx_word' id='word_1_222' title='bbox 2754 1721 2867 1761; x_wconf 69' lang='lat' dir='ltr'><strong>sua:</strong></span> <span class='ocrx_word' id='word_1_223' title='bbox 2912 1722 3009 1761; x_wconf 90' lang='lat' dir='ltr'><strong>vos</strong></span> <span class='ocrx_word' id='word_1_224' title='bbox 3059 1709 3281 1777; x_wconf 85' lang='lat' dir='ltr'><strong>cupiens</strong></span> <span class='ocrx_word' id='word_1_225' title='bbox 3324 1707 3559 1765; x_wconf 81' lang='lat' dir='ltr'><strong>subdere</strong></span> 
     </span>
    </p>
   </div>
   <div class='ocr_carea' id='block_1_32' title="bbox 273 1795 3558 1878">
    <p class='ocr_par' dir='ltr' id='par_1_32' title="bbox 273 1795 3558 1878">
     <span class='ocr_line' id='line_1_32' title="bbox 273 1795 3558 1878; baseline 0.001 -28"><span class='ocrx_word' id='word_1_226' title='bbox 273 1817 428 1878; x_wconf 72' lang='lat' dir='ltr'><strong>meum</strong></span> <span class='ocrx_word' id='word_1_227' title='bbox 464 1797 677 1867; x_wconf 79' lang='lat' dir='ltr'><strong>(Matth.</strong></span> <span class='ocrx_word' id='word_1_228' title='bbox 717 1799 970 1870; x_wconf 57' lang='lat'><strong>“1.18);</strong></span> <span class='ocrx_word' id='word_1_229' title='bbox 1017 1810 1071 1851; x_wconf 85' lang='grc' dir='ltr'><strong>ιιι</strong></span> <span class='ocrx_word' id='word_1_230' title='bbox 1102 1799 1287 1852; x_wconf 73' lang='lat' dir='ltr'><strong>:rterui</strong></span> <span class='ocrx_word' id='word_1_231' title='bbox 1332 1798 1516 1866; x_wconf 73' lang='lat' dir='ltr'><strong>templi</strong></span> <span class='ocrx_word' id='word_1_232' title='bbox 1549 1797 1858 1859; x_wconf 79' lang='lat' dir='ltr'><strong>a-diticatio,</strong></span> <span class='ocrx_word' id='word_1_233' title='bbox 1897 1795 1943 1854; x_wconf 92' lang='grc' dir='ltr'><strong>Β</strong></span> <span class='ocrx_word' id='word_1_234' title='bbox 1969 1799 2244 1871; x_wconf 87' lang='lat' dir='ltr'><strong>potestati,</strong></span> <span class='ocrx_word' id='word_1_235' title='bbox 2280 1808 2340 1854; x_wconf 86' lang='lat' dir='ltr'><strong>ut</strong></span> <span class='ocrx_word' id='word_1_236' title='bbox 2385 1813 2444 1853; x_wconf 90' lang='lat' dir='ltr'><strong>se</strong></span> <span class='ocrx_word' id='word_1_237' title='bbox 2491 1799 2646 1853; x_wconf 89' lang='lat' dir='ltr'><strong>beato</strong></span> <span class='ocrx_word' id='word_1_238' title='bbox 2694 1799 2942 1867; x_wconf 74' lang='lat' dir='ltr'><strong>apostolo</strong></span> <span class='ocrx_word' id='word_1_239' title='bbox 2987 1799 3145 1853; x_wconf 82' lang='lat' dir='ltr'><strong>Petro</strong></span> <span class='ocrx_word' id='word_1_240' title='bbox 3178 1815 3282 1854; x_wconf 93' lang='lat' dir='ltr'><strong>non</strong></span> <span class='ocrx_word' id='word_1_241' title='bbox 3325 1802 3558 1869; x_wconf 82' lang='lat' dir='ltr'><strong>patiatur</strong></span> 
     </span>
    </p>
   </div>
   <div class='ocr_carea' id='block_1_33' title="bbox 272 1889 1867 1962">
    <p class='ocr_par' dir='ltr' id='par_1_33' title="bbox 272 1889 1867 1962">
     <span class='ocr_line' id='line_1_33' title="bbox 272 1889 1867 1962; baseline 0.001 -16"><span class='ocrx_word' id='word_1_242' title='bbox 272 1891 504 1946; x_wconf 85' lang='lat' dir='ltr'><strong>mirabili</strong></span> <span class='ocrx_word' id='word_1_243' title='bbox 539 1907 760 1945; x_wconf 88' lang='lat' dir='ltr'><strong>ntttttere</strong></span> <span class='ocrx_word' id='word_1_244' title='bbox 788 1891 970 1959; x_wconf 59' lang='lat' dir='ltr'><strong>gratia!</strong></span> <span class='ocrx_word' id='word_1_245' title='bbox 1187 1890 1303 1955; x_wconf 85' lang='lat' dir='ltr'><strong>Dei,</strong></span> <span class='ocrx_word' id='word_1_246' title='bbox 1328 1890 1382 1943; x_wconf 86' lang='lat' dir='ltr'><strong>itt</strong></span> <span class='ocrx_word' id='word_1_247' title='bbox 1419 1891 1559 1944; x_wconf 87' lang='lat' dir='ltr'><strong>Petri</strong></span> <span class='ocrx_word' id='word_1_248' title='bbox 1590 1891 1867 1948; x_wconf 75' lang='lat' dir='ltr'><strong>Stilitlilale</strong></span> 
     </span>
    </p>
   </div>
   <div class='ocr_carea' id='block_1_34' title="bbox 272 1983 1867 2045">
    <p class='ocr_par' dir='ltr' id='par_1_34' title="bbox 272 1983 1867 2045">
     <span class='ocr_line' id='line_1_34' title="bbox 272 1983 1867 2045; baseline -0.003 -5"><span class='ocrx_word' id='word_1_249' title='bbox 272 1984 618 2045; x_wconf 73' lang='lat' dir='ltr'><strong>consisteret;</strong></span> <span class='ocrx_word' id='word_1_250' title='bbox 653 1983 755 2038; x_wconf 84' lang='lat' dir='ltr'><strong>hac</strong></span> <span class='ocrx_word' id='word_1_251' title='bbox 787 1984 1083 2039; x_wconf 86' lang='lat' dir='ltr'><strong>Ecclesiatn</strong></span> <span class='ocrx_word' id='word_1_252' title='bbox 1118 2001 1269 2038; x_wconf 78' lang='lat' dir='ltr'><strong>suum</strong></span> <span class='ocrx_word' id='word_1_253' title='bbox 1304 1983 1558 2040; x_wconf 67' lang='lat' dir='ltr'><strong>firmitate</strong></span> <span class='ocrx_word' id='word_1_254' title='bbox 1605 1990 1867 2043; x_wconf 88' lang='lat' dir='ltr'><strong>corrobo-</strong></span> 
     </span>
    </p>
   </div>
   <div class='ocr_carea' id='block_1_35' title="bbox 271 2079 1867 2152">
    <p class='ocr_par' dir='ltr' id='par_1_35' title="bbox 271 2079 1867 2152">
     <span class='ocr_line' id='line_1_35' title="bbox 271 2079 1867 2152; baseline 0.003 -18"><span class='ocrx_word' id='word_1_255' title='bbox 271 2093 392 2134; x_wconf 87' lang='lat' dir='ltr'><strong>rans</strong></span> <span class='ocrx_word' id='word_1_256' title='bbox 417 2123 434 2146; x_wconf 90' lang='lat'><strong>,</strong></span> <span class='ocrx_word' id='word_1_257' title='bbox 473 2090 530 2132; x_wconf 93' lang='lat' dir='ltr'><strong>ut</strong></span> <span class='ocrx_word' id='word_1_258' title='bbox 560 2079 706 2132; x_wconf 88' lang='lat' dir='ltr'><strong>illam</strong></span> <span class='ocrx_word' id='word_1_259' title='bbox 739 2094 834 2133; x_wconf 90' lang='lat' dir='ltr'><strong>nec</strong></span> <span class='ocrx_word' id='word_1_260' title='bbox 866 2079 1096 2134; x_wconf 87' lang='lat' dir='ltr'><strong>humana</strong></span> <span class='ocrx_word' id='word_1_261' title='bbox 1152 2082 1425 2152; x_wconf 86' lang='lat' dir='ltr'><strong>temeritas</strong></span> <span class='ocrx_word' id='word_1_262' title='bbox 1477 2091 1661 2148; x_wconf 83' lang='lat' dir='ltr'><strong>posset</strong></span> <span class='ocrx_word' id='word_1_263' title='bbox 1701 2097 1867 2151; x_wconf 88' lang='lat' dir='ltr'><strong>appe-</strong></span> 
     </span>
    </p>
   </div>
   <div class='ocr_carea' id='block_1_36' title="bbox 273 2172 1862 2242">
    <p class='ocr_par' dir='ltr' id='par_1_36' title="bbox 273 2172 1862 2242">
     <span class='ocr_line' id='line_1_36' title="bbox 273 2172 1862 2242; baseline 0.004 -17"><span class='ocrx_word' id='word_1_264' title='bbox 273 2178 399 2236; x_wconf 86' lang='lat' dir='ltr'><strong>tere,</strong></span> <span class='ocrx_word' id='word_1_265' title='bbox 469 2186 570 2225; x_wconf 89' lang='lat' dir='ltr'><strong>nec</strong></span> <span class='ocrx_word' id='word_1_266' title='bbox 620 2183 792 2242; x_wconf 63' lang='lat' dir='ltr'><strong>portio</strong></span> <span class='ocrx_word' id='word_1_267' title='bbox 841 2181 1025 2226; x_wconf 85' lang='lat' dir='ltr'><strong>eontra</strong></span> <span class='ocrx_word' id='word_1_268' title='bbox 1075 2172 1222 2226; x_wconf 86' lang='lat' dir='ltr'><strong>illam</strong></span> <span class='ocrx_word' id='word_1_269' title='bbox 1276 2172 1434 2227; x_wconf 87' lang='lat' dir='ltr'><strong>inferi</strong></span> <span class='ocrx_word' id='word_1_270' title='bbox 1485 2175 1862 2242; x_wconf 69' lang='lat' dir='ltr'><strong>praevalerent.</strong></span> 
     </span>
    </p>
   </div>
   <div class='ocr_carea' id='block_1_37' title="bbox 272 2261 1864 2336">
    <p class='ocr_par' dir='ltr' id='par_1_37' title="bbox 272 2261 1864 2336">
     <span class='ocr_line' id='line_1_37' title="bbox 272 2261 1864 2336; baseline 0.002 -17"><span class='ocrx_word' id='word_1_271' title='bbox 272 2261 469 2319; x_wconf 76' lang='lat' dir='ltr'><strong>Verum</strong></span> <span class='ocrx_word' id='word_1_272' title='bbox 504 2263 644 2320; x_wconf 85' lang='lat' dir='ltr'><strong>hanc</strong></span> <span class='ocrx_word' id='word_1_273' title='bbox 673 2276 834 2335; x_wconf 86' lang='lat' dir='ltr'><strong>petrae</strong></span> <span class='ocrx_word' id='word_1_274' title='bbox 875 2265 1025 2319; x_wconf 89' lang='lat' dir='ltr'><strong>istius</strong></span> <span class='ocrx_word' id='word_1_275' title='bbox 1062 2267 1482 2321; x_wconf 82' lang='lat' dir='ltr'><strong>sacratissiniatn</strong></span> <span class='ocrx_word' id='word_1_276' title='bbox 1515 2267 1822 2323; x_wconf 83' lang='lat' dir='ltr'><strong>firmitatem</strong></span> <span class='ocrx_word' id='word_1_277' title='bbox 1847 2311 1864 2336; x_wconf 94' lang='lat'><strong>,</strong></span> 
     </span>
    </p>
   </div>
   <div class='ocr_carea' id='block_1_38' title="bbox 271 2355 1866 2429">
    <p class='ocr_par' dir='ltr' id='par_1_38' title="bbox 271 2355 1866 2429">
     <span class='ocr_line' id='line_1_38' title="bbox 271 2355 1866 2429; baseline 0.003 -17"><span class='ocrx_word' id='word_1_278' title='bbox 271 2355 423 2425; x_wconf 85' lang='lat' dir='ltr'><strong>Deo,</strong></span> <span class='ocrx_word' id='word_1_279' title='bbox 480 2368 540 2414; x_wconf 92' lang='lat' dir='ltr'><strong>ut</strong></span> <span class='ocrx_word' id='word_1_280' title='bbox 590 2359 859 2429; x_wconf 81' lang='lat' dir='ltr'><strong>diximus,</strong></span> <span class='ocrx_word' id='word_1_281' title='bbox 909 2361 1210 2415; x_wconf 62' lang='lat' dir='ltr'><strong>aedificante</strong></span> <span class='ocrx_word' id='word_1_282' title='bbox 1259 2375 1649 2425; x_wconf 76' lang='lat' dir='ltr'><strong>constructam,</strong></span> <span class='ocrx_word' id='word_1_283' title='bbox 1706 2361 1866 2416; x_wconf 89' lang='lat' dir='ltr'><strong>nimis</strong></span> 
     </span>
    </p>
   </div>
   <div class='ocr_carea' id='block_1_39' title="bbox 273 2449 1868 2528">
    <p class='ocr_par' dir='ltr' id='par_1_39' title="bbox 273 2449 1868 2528">
     <span class='ocr_line' id='line_1_39' title="bbox 273 2449 1868 2528; baseline 0.003 -22"><span class='ocrx_word' id='word_1_284' title='bbox 273 2449 430 2520; x_wconf 84' lang='lat' dir='ltr'><strong>impia</strong></span> <span class='ocrx_word' id='word_1_285' title='bbox 466 2452 583 2506; x_wconf 91' lang='lat' dir='ltr'><strong>vult</strong></span> <span class='ocrx_word' id='word_1_286' title='bbox 613 2452 1036 2528; x_wconf 76' lang='lat' dir='ltr'><strong>praesumptione</strong></span> <span class='ocrx_word' id='word_1_287' title='bbox 1083 2453 1288 2507; x_wconf 86' lang='lat' dir='ltr'><strong>violare</strong></span> <span class='ocrx_word' id='word_1_288' title='bbox 1327 2454 1571 2523; x_wconf 87' lang='lat' dir='ltr'><strong>quisquis</strong></span> <span class='ocrx_word' id='word_1_289' title='bbox 1616 2453 1732 2523; x_wconf 87' lang='lat' dir='ltr'><strong>ejus</strong></span> <span class='ocrx_word' id='word_1_290' title='bbox 1774 2469 1868 2522; x_wconf 81' lang='lat' dir='ltr'><strong>po-</strong></span> 
     </span>
    </p>
   </div>
   <div class='ocr_carea' id='block_1_40' title="bbox 270 2543 1865 2622">
    <p class='ocr_par' dir='ltr' id='par_1_40' title="bbox 270 2543 1865 2622">
     <span class='ocr_line' id='line_1_40' title="bbox 270 2543 1865 2622; baseline 0.003 -24"><span class='ocrx_word' id='word_1_291' title='bbox 270 2553 516 2599; x_wconf 80' lang='lat' dir='ltr'><strong>testatem</strong></span> <span class='ocrx_word' id='word_1_292' title='bbox 576 2551 746 2622; x_wconf 88' lang='lat' dir='ltr'><strong>tentat</strong></span> <span class='ocrx_word' id='word_1_293' title='bbox 793 2543 1126 2614; x_wconf 81' lang='lat' dir='ltr'><strong>infringere,</strong></span> <span class='ocrx_word' id='word_1_294' title='bbox 1200 2544 1432 2600; x_wconf 87' lang='lat' dir='ltr'><strong>favendo</strong></span> <span class='ocrx_word' id='word_1_295' title='bbox 1479 2545 1865 2615; x_wconf 88' lang='lat' dir='ltr'><strong>cupiditatibus</strong></span> 
     </span>
    </p>
   </div>
   <div class='ocr_carea' id='block_1_41' title="bbox 267 2640 1862 2712">
    <p class='ocr_par' dir='ltr' id='par_1_41' title="bbox 267 2640 1862 2712">
     <span class='ocr_line' id='line_1_41' title="bbox 267 2640 1862 2712; baseline 0.001 -15"><span class='ocrx_word' id='word_1_296' title='bbox 267 2641 395 2708; x_wconf 88' lang='lat' dir='ltr'><strong>suis,</strong></span> <span class='ocrx_word' id='word_1_297' title='bbox 420 2649 481 2695; x_wconf 89' lang='lat' dir='ltr'><strong>et</strong></span> <span class='ocrx_word' id='word_1_298' title='bbox 511 2640 588 2705; x_wconf 87' lang='lat' dir='ltr'><strong>id,</strong></span> <span class='ocrx_word' id='word_1_299' title='bbox 613 2641 753 2712; x_wconf 90' lang='lat' dir='ltr'><strong>quod</strong></span> <span class='ocrx_word' id='word_1_300' title='bbox 777 2642 984 2709; x_wconf 84' lang='lat' dir='ltr'><strong>accepit</strong></span> <span class='ocrx_word' id='word_1_301' title='bbox 1014 2656 1038 2693; x_wconf 78' lang='grc' dir='ltr'><strong>ιι</strong></span> <span class='ocrx_word' id='word_1_302' title='bbox 1070 2640 1368 2705; x_wconf 88' lang='lat' dir='ltr'><strong>veteribus,</strong></span> <span class='ocrx_word' id='word_1_303' title='bbox 1401 2655 1509 2695; x_wconf 93' lang='lat' dir='ltr'><strong>non</strong></span> <span class='ocrx_word' id='word_1_304' title='bbox 1539 2642 1816 2709; x_wconf 86' lang='lat' dir='ltr'><strong>sequendo</strong></span> <span class='ocrx_word' id='word_1_305' title='bbox 1847 2660 1862 2699; x_wconf 91' lang='lat'><strong>:</strong></span> 
     </span>
    </p>
   </div>
   <div class='ocr_carea' id='block_1_42' title="bbox 265 2725 1867 2803">
    <p class='ocr_par' dir='ltr' id='par_1_42' title="bbox 265 2725 1867 2803">
     <span class='ocr_line' id='line_1_42' title="bbox 265 2725 1867 2803; baseline 0.001 -16"><span class='ocrx_word' id='word_1_306' title='bbox 265 2725 377 2788; x_wconf 81' lang='lat' dir='ltr'><strong>cum</strong></span> <span class='ocrx_word' id='word_1_307' title='bbox 417 2733 560 2788; x_wconf 90' lang='lat' dir='ltr'><strong>nulli</strong></span> <span class='ocrx_word' id='word_1_308' title='bbox 612 2749 673 2787; x_wconf 91' lang='lat' dir='ltr'><strong>se</strong></span> <span class='ocrx_word' id='word_1_309' title='bbox 703 2733 976 2787; x_wconf 78' lang='lat' dir='ltr'><strong>subditum</strong></span> <span class='ocrx_word' id='word_1_310' title='bbox 1004 2734 1128 2803; x_wconf 84' lang='lat' dir='ltr'><strong>legi,</strong></span> <span class='ocrx_word' id='word_1_311' title='bbox 1164 2730 1330 2786; x_wconf 91' lang='lat' dir='ltr'><strong>nullis</strong></span> <span class='ocrx_word' id='word_1_312' title='bbox 1360 2733 1713 2787; x_wconf 86' lang='lat' dir='ltr'><strong>institutionis</strong></span> <span class='ocrx_word' id='word_1_313' title='bbox 1759 2733 1867 2789; x_wconf 89' lang='lat' dir='ltr'><strong>Do-</strong></span> 
     </span>
    </p>
   </div>
   <div class='ocr_carea' id='block_1_43' title="bbox 264 2825 1862 2896">
    <p class='ocr_par' dir='ltr' id='par_1_43' title="bbox 264 2825 1862 2896">
     <span class='ocr_line' id='line_1_43' title="bbox 264 2825 1862 2896; baseline 0.001 -16"><span class='ocrx_word' id='word_1_314' title='bbox 264 2825 476 2894; x_wconf 72' lang='lat' dir='ltr'><strong>ntinicte</strong></span> <span class='ocrx_word' id='word_1_315' title='bbox 507 2825 686 2880; x_wconf 88' lang='lat' dir='ltr'><strong>credit</strong></span> <span class='ocrx_word' id='word_1_316' title='bbox 716 2826 916 2896; x_wconf 82' lang='lat' dir='ltr'><strong>regulis</strong></span> <span class='ocrx_word' id='word_1_317' title='bbox 944 2825 1234 2894; x_wconf 86' lang='lat' dir='ltr'><strong>contineri,</strong></span> <span class='ocrx_word' id='word_1_318' title='bbox 1265 2841 1294 2878; x_wconf 90' lang='lat' dir='ltr'><strong>a</strong></span> <span class='ocrx_word' id='word_1_319' title='bbox 1327 2838 1509 2879; x_wconf 87' lang='lat' dir='ltr'><strong>vestro</strong></span> <span class='ocrx_word' id='word_1_320' title='bbox 1541 2836 1862 2896; x_wconf 88' lang='lat' dir='ltr'><strong>nostroque,</strong></span> 
     </span>
    </p>
   </div>
   <div class='ocr_carea' id='block_1_44' title="bbox 267 2917 1864 2988">
    <p class='ocr_par' dir='ltr' id='par_1_44' title="bbox 267 2917 1864 2988">
     <span class='ocr_line' id='line_1_44' title="bbox 267 2917 1864 2988; baseline 0.001 -16"><span class='ocrx_word' id='word_1_321' title='bbox 267 2931 354 2988; x_wconf 86' lang='lat' dir='ltr'><strong>per</strong></span> <span class='ocrx_word' id='word_1_322' title='bbox 379 2932 540 2972; x_wconf 70' lang='lat' dir='ltr'><strong>novre</strong></span> <span class='ocrx_word' id='word_1_323' title='bbox 574 2917 947 2986; x_wconf 88' lang='lat' dir='ltr'><strong>usurpationis</strong></span> <span class='ocrx_word' id='word_1_324' title='bbox 978 2919 1236 2972; x_wconf 90' lang='lat' dir='ltr'><strong>ambitum</strong></span> <span class='ocrx_word' id='word_1_325' title='bbox 1260 2960 1274 2982; x_wconf 88' lang='lat'><strong>,</strong></span> <span class='ocrx_word' id='word_1_326' title='bbox 1328 2933 1478 2971; x_wconf 90' lang='lat' dir='ltr'><strong>more</strong></span> <span class='ocrx_word' id='word_1_327' title='bbox 1509 2917 1820 2974; x_wconf 76' lang='lat' dir='ltr'><strong>desciscens</strong></span> <span class='ocrx_word' id='word_1_328' title='bbox 1847 2959 1864 2986; x_wconf 87' lang='lat'><strong>,</strong></span> 
     </span>
    </p>
   </div>
   <div class='ocr_carea' id='block_1_45' title="bbox 265 3009 1863 3081">
    <p class='ocr_par' dir='ltr' id='par_1_45' title="bbox 265 3009 1863 3081">
     <span class='ocr_line' id='line_1_45' title="bbox 265 3009 1863 3081; baseline 0.001 -19"><span class='ocrx_word' id='word_1_329' title='bbox 265 3009 648 3079; x_wconf 75' lang='lat' dir='ltr'><strong>prtesntnendo</strong></span> <span class='ocrx_word' id='word_1_330' title='bbox 680 3011 889 3075; x_wconf 86' lang='lat' dir='ltr'><strong>illicita,</strong></span> <span class='ocrx_word' id='word_1_331' title='bbox 919 3019 974 3065; x_wconf 91' lang='lat' dir='ltr'><strong>et</strong></span> <span class='ocrx_word' id='word_1_332' title='bbox 999 3026 1119 3080; x_wconf 69' lang='lat' dir='ltr'><strong>quae</strong></span> <span class='ocrx_word' id='word_1_333' title='bbox 1150 3009 1425 3065; x_wconf 88' lang='lat' dir='ltr'><strong>custodire</strong></span> <span class='ocrx_word' id='word_1_334' title='bbox 1449 3009 1655 3076; x_wconf 90' lang='lat' dir='ltr'><strong>debuit,</strong></span> <span class='ocrx_word' id='word_1_335' title='bbox 1689 3011 1863 3081; x_wconf 81' lang='lat' dir='ltr'><strong>negli-</strong></span> 
     </span>
    </p>
   </div>
   <div class='ocr_carea' id='block_1_46' title="bbox 263 3105 461 3176">
    <p class='ocr_par' dir='ltr' id='par_1_46' title="bbox 263 3105 461 3176">
     <span class='ocr_line' id='line_1_46' title="bbox 263 3105 461 3176; baseline 0.005 -17"><span class='ocrx_word' id='word_1_336' title='bbox 263 3105 461 3176; x_wconf 77' lang='lat' dir='ltr'><strong>gendo.</strong></span> 
     </span>
    </p>
   </div>
   <div class='ocr_carea' id='block_1_47' title="bbox 325 3175 1932 3267">
    <p class='ocr_par' dir='ltr' id='par_1_47' title="bbox 325 3175 1932 3267">
     <span class='ocr_line' id='line_1_47' title="bbox 325 3175 1932 3267; baseline 0.001 -15"><span class='ocrx_word' id='word_1_337' title='bbox 325 3196 458 3252; x_wconf 62' lang='lat' dir='ltr'><strong>Car.</strong></span> <span class='ocrx_word' id='word_1_338' title='bbox 495 3197 562 3253; x_wconf 88' lang='lat' dir='ltr'><strong>ll.</strong></span> <span class='ocrx_word' id='word_1_339' title='bbox 593 3227 665 3239; x_wconf 90' lang='lat'><strong>-—</strong></span> <span class='ocrx_word' id='word_1_340' title='bbox 696 3197 894 3252; x_wconf 73' lang='lat' dir='ltr'><strong>Verum</strong></span> <span class='ocrx_word' id='word_1_341' title='bbox 944 3198 1061 3252; x_wconf 78' lang='lat' dir='ltr'><strong>haec</strong></span> <span class='ocrx_word' id='word_1_342' title='bbox 1103 3213 1220 3267; x_wconf 89' lang='lat' dir='ltr'><strong>nos,</strong></span> <span class='ocrx_word' id='word_1_343' title='bbox 1273 3199 1404 3264; x_wconf 88' lang='lat' dir='ltr'><strong>Deo,</strong></span> <span class='ocrx_word' id='word_1_344' title='bbox 1436 3210 1494 3253; x_wconf 86' lang='lat' dir='ltr'><strong>ut</strong></span> <span class='ocrx_word' id='word_1_345' title='bbox 1534 3200 1806 3255; x_wconf 90' lang='lat' dir='ltr'><strong>credimus</strong></span> <span class='ocrx_word' id='word_1_346' title='bbox 1837 3241 1852 3267; x_wconf 90' lang='lat'><strong>,</strong></span> <span class='ocrx_word' id='word_1_347' title='bbox 1885 3175 1932 3238; x_wconf 68' lang='grc' dir='ltr'>ο</span> 
     </span>
    </p>
   </div>
   <div class='ocr_carea' id='block_1_48' title="bbox 261 3276 1856 3363">
    <p class='ocr_par' dir='ltr' id='par_1_48' title="bbox 261 3276 1856 3363">
     <span class='ocr_line' id='line_1_48' title="bbox 261 3276 1856 3363; baseline 0.003 -21"><span class='ocrx_word' id='word_1_348' title='bbox 261 3291 553 3360; x_wconf 85' lang='lat' dir='ltr'><strong>aspirante,</strong></span> <span class='ocrx_word' id='word_1_349' title='bbox 588 3287 614 3327; x_wconf 70' lang='grc' dir='ltr'>ἀ</span> <span class='ocrx_word' id='word_1_350' title='bbox 645 3303 851 3346; x_wconf 87' lang='lat' dir='ltr'><strong>servata</strong></span> <span class='ocrx_word' id='word_1_351' title='bbox 884 3276 1025 3345; x_wconf 84' lang='lat' dir='ltr'><strong>circa</strong></span> <span class='ocrx_word' id='word_1_352' title='bbox 1059 3307 1158 3346; x_wconf 89' lang='lat' dir='ltr'><strong>vos</strong></span> <span class='ocrx_word' id='word_1_353' title='bbox 1204 3300 1401 3345; x_wconf 68' lang='lat' dir='ltr'><strong>nostra:</strong></span> <span class='ocrx_word' id='word_1_354' title='bbox 1431 3291 1706 3346; x_wconf 80' lang='lat' dir='ltr'><strong>cltarttatis</strong></span> <span class='ocrx_word' id='word_1_355' title='bbox 1735 3308 1856 3363; x_wconf 79' lang='lat' dir='ltr'><strong>gra-</strong></span> 
     </span>
    </p>
   </div>
   <div class='ocr_carea' id='block_1_49' title="bbox 262 3384 1850 3454">
    <p class='ocr_par' dir='ltr' id='par_1_49' title="bbox 262 3384 1850 3454">
     <span class='ocr_line' id='line_1_49' title="bbox 262 3384 1850 3454; baseline 0.002 -17"><span class='ocrx_word' id='word_1_356' title='bbox 262 3384 348 3448; x_wconf 88' lang='lat' dir='ltr'><strong>tia,</strong></span> <span class='ocrx_word' id='word_1_357' title='bbox 379 3400 550 3451; x_wconf 84' lang='lat' dir='ltr'><strong>quam</strong></span> <span class='ocrx_word' id='word_1_358' title='bbox 580 3387 852 3439; x_wconf 86' lang='lat' dir='ltr'><strong>sanctitati</strong></span> <span class='ocrx_word' id='word_1_359' title='bbox 889 3395 1085 3438; x_wconf 79' lang='lat' dir='ltr'><strong>vestrzi-</strong></span> <span class='ocrx_word' id='word_1_360' title='bbox 1113 3385 1409 3449; x_wconf 80' lang='lat' dir='ltr'><strong>apostolica</strong></span> <span class='ocrx_word' id='word_1_361' title='bbox 1439 3399 1654 3454; x_wconf 83' lang='lat' dir='ltr'><strong>semper</strong></span> <span class='ocrx_word' id='word_1_362' title='bbox 1673 3385 1850 3453; x_wconf 90' lang='lat' dir='ltr'><strong>sedes,</strong></span> 
     </span>
    </p>
   </div>
   <div class='ocr_carea' id='block_1_50' title="bbox 263 3475 1856 3543">
    <p class='ocr_par' dir='ltr' id='par_1_50' title="bbox 263 3475 1856 3543">
     <span class='ocr_line' id='line_1_50' title="bbox 263 3475 1856 3543; baseline 0.001 -13"><span class='ocrx_word' id='word_1_363' title='bbox 263 3486 315 3531; x_wconf 87' lang='lat' dir='ltr'><strong>ut</strong></span> <span class='ocrx_word' id='word_1_364' title='bbox 341 3479 702 3541; x_wconf 85' lang='lat' dir='ltr'><strong>meministis,</strong></span> <span class='ocrx_word' id='word_1_365' title='bbox 753 3477 1036 3543; x_wconf 77' lang='lat' dir='ltr'><strong>impendit,</strong></span> <span class='ocrx_word' id='word_1_366' title='bbox 1070 3476 1288 3530; x_wconf 88' lang='lat' dir='ltr'><strong>nitimur</strong></span> <span class='ocrx_word' id='word_1_367' title='bbox 1313 3475 1540 3532; x_wconf 90' lang='lat' dir='ltr'><strong>consilio</strong></span> <span class='ocrx_word' id='word_1_368' title='bbox 1565 3478 1856 3532; x_wconf 89' lang='lat' dir='ltr'><strong>maturiore</strong></span> 
     </span>
    </p>
   </div>
   <div class='ocr_carea' id='block_1_51' title="bbox 259 3569 1849 3636">
    <p class='ocr_par' dir='ltr' id='par_1_51' title="bbox 259 3569 1849 3636">
     <span class='ocr_line' id='line_1_51' title="bbox 259 3569 1849 3636; baseline -0.001 -12"><span class='ocrx_word' id='word_1_369' title='bbox 259 3569 566 3636; x_wconf 87' lang='lat' dir='ltr'><strong>corrigere,</strong></span> <span class='ocrx_word' id='word_1_370' title='bbox 600 3576 657 3623; x_wconf 86' lang='lat' dir='ltr'><strong>et</strong></span> <span class='ocrx_word' id='word_1_371' title='bbox 699 3578 1009 3624; x_wconf 80' lang='lat' dir='ltr'><strong>vestr-orum</strong></span> <span class='ocrx_word' id='word_1_372' title='bbox 1058 3569 1415 3623; x_wconf 75' lang='lat' dir='ltr'><strong>Ecclesiarutn</strong></span> <span class='ocrx_word' id='word_1_373' title='bbox 1462 3575 1658 3622; x_wconf 86' lang='lat' dir='ltr'><strong>statum</strong></span> <span class='ocrx_word' id='word_1_374' title='bbox 1703 3584 1849 3623; x_wconf 88' lang='lat' dir='ltr'><strong>com-</strong></span> 
     </span>
    </p>
   </div>
   <div class='ocr_carea' id='block_1_52' title="bbox 259 3661 1849 3729">
    <p class='ocr_par' dir='ltr' id='par_1_52' title="bbox 259 3661 1849 3729">
     <span class='ocr_line' id='line_1_52' title="bbox 259 3661 1849 3729; baseline 0.001 -15"><span class='ocrx_word' id='word_1_375' title='bbox 259 3661 532 3715; x_wconf 78' lang='lat' dir='ltr'><strong>muniCato</strong></span> <span class='ocrx_word' id='word_1_376' title='bbox 573 3661 851 3716; x_wconf 79' lang='lat' dir='ltr'><strong>vobiscum</strong></span> <span class='ocrx_word' id='word_1_377' title='bbox 885 3661 1103 3726; x_wconf 89' lang='lat' dir='ltr'><strong>labore,</strong></span> <span class='ocrx_word' id='word_1_378' title='bbox 1151 3675 1508 3729; x_wconf 86' lang='lat' dir='ltr'><strong>componere,</strong></span> <span class='ocrx_word' id='word_1_379' title='bbox 1565 3676 1671 3714; x_wconf 88' lang='lat' dir='ltr'><strong>non</strong></span> <span class='ocrx_word' id='word_1_380' title='bbox 1713 3677 1849 3717; x_wconf 87' lang='lat' dir='ltr'><strong>nova</strong></span> 
     </span>
    </p>
   </div>
   <div class='ocr_carea' id='block_1_53' title="bbox 262 3741 1852 3820">
    <p class='ocr_par' dir='ltr' id='par_1_53' title="bbox 262 3741 1852 3820">
     <span class='ocr_line' id='line_1_53' title="bbox 262 3741 1852 3820; baseline 0.001 -12"><span class='ocrx_word' id='word_1_381' title='bbox 262 3741 631 3820; x_wconf 89' lang='lat' dir='ltr'><strong>instituentes,</strong></span> <span class='ocrx_word' id='word_1_382' title='bbox 682 3757 775 3810; x_wconf 91' lang='lat' dir='ltr'><strong>sed</strong></span> <span class='ocrx_word' id='word_1_383' title='bbox 829 3766 1008 3811; x_wconf 86' lang='lat' dir='ltr'><strong>vetera</strong></span> <span class='ocrx_word' id='word_1_384' title='bbox 1054 3769 1377 3810; x_wconf 89' lang='lat' dir='ltr'><strong>renovantes</strong></span> <span class='ocrx_word' id='word_1_385' title='bbox 1424 3772 1439 3809; x_wconf 89' lang='lat'><strong>:</strong></span> <span class='ocrx_word' id='word_1_386' title='bbox 1491 3765 1547 3809; x_wconf 92' lang='lat' dir='ltr'><strong>ut</strong></span> <span class='ocrx_word' id='word_1_387' title='bbox 1592 3756 1643 3810; x_wconf 94' lang='lat' dir='ltr'><strong>in</strong></span> <span class='ocrx_word' id='word_1_388' title='bbox 1680 3765 1852 3810; x_wconf 85' lang='lat' dir='ltr'><strong>status</strong></span> 
     </span>
    </p>
   </div>
   <div class='ocr_carea' id='block_1_54' title="bbox 257 3847 1850 3916">
    <p class='ocr_par' dir='ltr' id='par_1_54' title="bbox 257 3847 1850 3916">
     <span class='ocr_line' id='line_1_54' title="bbox 257 3847 1850 3916; baseline -0.001 -13"><span class='ocrx_word' id='word_1_389' title='bbox 257 3850 672 3909; x_wconf 81' lang='lat' dir='ltr'><strong>consuetudine,</strong></span> <span class='ocrx_word' id='word_1_390' title='bbox 722 3863 844 3916; x_wconf 67' lang='lat' dir='ltr'><strong>quae</strong></span> <span class='ocrx_word' id='word_1_391' title='bbox 876 3851 1030 3902; x_wconf 91' lang='lat' dir='ltr'><strong>nobis</strong></span> <span class='ocrx_word' id='word_1_392' title='bbox 1059 3863 1088 3900; x_wconf 87' lang='lat' dir='ltr'><strong>a</strong></span> <span class='ocrx_word' id='word_1_393' title='bbox 1125 3849 1323 3901; x_wconf 69' lang='lat' dir='ltr'><strong>ltOslt&#39;is</strong></span> <span class='ocrx_word' id='word_1_394' title='bbox 1355 3847 1595 3916; x_wconf 86' lang='lat' dir='ltr'><strong>patribus</strong></span> <span class='ocrx_word' id='word_1_395' title='bbox 1627 3855 1710 3901; x_wconf 74' lang='lat' dir='ltr'><strong>est</strong></span> <span class='ocrx_word' id='word_1_396' title='bbox 1743 3860 1850 3901; x_wconf 87' lang='lat' dir='ltr'><strong>tra-</strong></span> 
     </span>
    </p>
   </div>
   <div class='ocr_carea' id='block_1_55' title="bbox 257 3941 1854 4011">
    <p class='ocr_par' dir='ltr' id='par_1_55' title="bbox 257 3941 1854 4011">
     <span class='ocr_line' id='line_1_55' title="bbox 257 3941 1854 4011; baseline -0.001 -15"><span class='ocrx_word' id='word_1_397' title='bbox 257 3941 384 4009; x_wconf 81' lang='lat' dir='ltr'><strong>dita,</strong></span> <span class='ocrx_word' id='word_1_398' title='bbox 412 3945 811 4011; x_wconf 82' lang='lat' dir='ltr'><strong>perduremus,</strong></span> <span class='ocrx_word' id='word_1_399' title='bbox 842 3951 896 3996; x_wconf 86' lang='lat' dir='ltr'><strong>et</strong></span> <span class='ocrx_word' id='word_1_400' title='bbox 922 3943 1032 3996; x_wconf 89' lang='lat' dir='ltr'><strong>Deo</strong></span> <span class='ocrx_word' id='word_1_401' title='bbox 1057 3952 1240 3995; x_wconf 89' lang='lat' dir='ltr'><strong>nostro</strong></span> <span class='ocrx_word' id='word_1_402' title='bbox 1267 3955 1360 4009; x_wconf 88' lang='lat' dir='ltr'><strong>per</strong></span> <span class='ocrx_word' id='word_1_403' title='bbox 1387 3942 1510 3995; x_wconf 89' lang='lat' dir='ltr'><strong>boni</strong></span> <span class='ocrx_word' id='word_1_404' title='bbox 1542 3943 1724 4010; x_wconf 67' lang='grc' dir='ltr'><strong>(ιρι-νίς</strong></span> <span class='ocrx_word' id='word_1_405' title='bbox 1753 3942 1854 3994; x_wconf 85' lang='grc' dir='ltr'><strong>ιιιί-</strong></span> 
     </span>
    </p>
   </div>
   <div class='ocr_carea' id='block_1_56' title="bbox 257 4034 1854 4105">
    <p class='ocr_par' dir='ltr' id='par_1_56' title="bbox 257 4034 1854 4105">
     <span class='ocr_line' id='line_1_56' title="bbox 257 4034 1854 4105; baseline 0.001 -16"><span class='ocrx_word' id='word_1_406' title='bbox 257 4035 564 4101; x_wconf 69' lang='lat' dir='ltr'><strong>nisterium,</strong></span> <span class='ocrx_word' id='word_1_407' title='bbox 593 4038 816 4089; x_wconf 88' lang='lat' dir='ltr'><strong>remotis</strong></span> <span class='ocrx_word' id='word_1_408' title='bbox 838 4036 1300 4105; x_wconf 88' lang='lat' dir='ltr'><strong>perturbationum</strong></span> <span class='ocrx_word' id='word_1_409' title='bbox 1325 4034 1619 4099; x_wconf 69' lang='lat' dir='ltr'><strong>scandulis,</strong></span> <span class='ocrx_word' id='word_1_410' title='bbox 1641 4035 1854 4102; x_wconf 85' lang='lat' dir='ltr'><strong>placea-</strong></span> 
     </span>
    </p>
   </div>
   <div class='ocr_carea' id='block_1_57' title="bbox 256 4131 1852 4201">
    <p class='ocr_par' dir='ltr' id='par_1_57' title="bbox 256 4131 1852 4201">
     <span class='ocr_line' id='line_1_57' title="bbox 256 4131 1852 4201; baseline 0.001 -16"><span class='ocrx_word' id='word_1_411' title='bbox 256 4145 386 4185; x_wconf 88' lang='lat' dir='ltr'><strong>mus.</strong></span> <span class='ocrx_word' id='word_1_412' title='bbox 419 4131 718 4186; x_wconf 82' lang='lat' dir='ltr'><strong>Nobiscum</strong></span> <span class='ocrx_word' id='word_1_413' title='bbox 750 4131 929 4201; x_wconf 84' lang='lat' dir='ltr'><strong>itaque</strong></span> <span class='ocrx_word' id='word_1_414' title='bbox 956 4143 1133 4185; x_wconf 86' lang='lat' dir='ltr'><strong>vestra</strong></span> <span class='ocrx_word' id='word_1_415' title='bbox 1165 4131 1474 4185; x_wconf 80' lang='lat' dir='ltr'><strong>fraternitas</strong></span> <span class='ocrx_word' id='word_1_416' title='bbox 1502 4141 1852 4198; x_wconf 75' lang='lat' dir='ltr'><strong>recognoscat</strong></span> 
     </span>
    </p>
   </div>
   <div class='ocr_carea' id='block_1_58' title="bbox 323 4265 1848 4337">
    <p class='ocr_par' dir='ltr' id='par_1_58' title="bbox 323 4265 1848 4337">
     <span class='ocr_line' id='line_1_58' title="bbox 323 4265 1848 4337; baseline -0.001 -14"><span class='ocrx_word' id='word_1_417' title='bbox 323 4277 348 4305; x_wconf 67' lang='grc' dir='ltr'><strong><em>λ</em></strong></span> <span class='ocrx_word' id='word_1_418' title='bbox 378 4268 737 4337; x_wconf 70' lang='grc' dir='ltr'><strong>Ωιιυειιετιιιιε,</strong></span> <span class='ocrx_word' id='word_1_419' title='bbox 770 4268 948 4332; x_wconf 72' lang='lat' dir='ltr'><strong>exiet;</strong></span> <span class='ocrx_word' id='word_1_420' title='bbox 995 4276 1049 4321; x_wconf 91' lang='lat' dir='ltr'><strong>et</strong></span> <span class='ocrx_word' id='word_1_421' title='bbox 1094 4265 1298 4320; x_wconf 79' lang='lat' dir='ltr'><strong>notavit</strong></span> <span class='ocrx_word' id='word_1_422' title='bbox 1337 4267 1388 4318; x_wconf 92' lang='lat' dir='ltr'><strong>in</strong></span> <span class='ocrx_word' id='word_1_423' title='bbox 1441 4267 1679 4327; x_wconf 69' lang='lat' dir='ltr'><strong>margine</strong></span> <span class='ocrx_word' id='word_1_424' title='bbox 1720 4283 1731 4318; x_wconf 90' lang='lat'><strong>:</strong></span> <span class='ocrx_word' id='word_1_425' title='bbox 1764 4266 1848 4321; x_wconf 85' lang='lat' dir='ltr'><strong>Ita</strong></span> 
     </span>
    </p>
   </div>
   <div class='ocr_carea' id='block_1_59' title="bbox 255 4337 1849 4407">
    <p class='ocr_par' dir='ltr' id='par_1_59' title="bbox 255 4337 1849 4407">
     <span class='ocr_line' id='line_1_59' title="bbox 255 4337 1849 4407; baseline -0.003 -13"><span class='ocrx_word' id='word_1_426' title='bbox 255 4355 369 4394; x_wconf 68' lang='grc' dir='ltr'><strong>ωδ.</strong></span> <span class='ocrx_word' id='word_1_427' title='bbox 399 4342 587 4400; x_wconf 81' lang='lat' dir='ltr'><strong>codd.,</strong></span> <span class='ocrx_word' id='word_1_428' title='bbox 619 4339 755 4406; x_wconf 79' lang='lat' dir='ltr'><strong>quod</strong></span> <span class='ocrx_word' id='word_1_429' title='bbox 804 4346 850 4392; x_wconf 87' lang='lat' dir='ltr'><strong>et</strong></span> <span class='ocrx_word' id='word_1_430' title='bbox 885 4340 1107 4407; x_wconf 79' lang='lat' dir='ltr'><strong>antiquis</strong></span> <span class='ocrx_word' id='word_1_431' title='bbox 1161 4337 1396 4389; x_wconf 79' lang='lat' dir='ltr'><strong>I’utribus</strong></span> <span class='ocrx_word' id='word_1_432' title='bbox 1442 4339 1720 4405; x_wconf 79' lang='lat' dir='ltr'><strong>faiinlt&#39;nre.</strong></span> <span class='ocrx_word' id='word_1_433' title='bbox 1777 4340 1849 4393; x_wconf 86' lang='lat' dir='ltr'><strong>At</strong></span> 
     </span>
    </p>
   </div>
   <div class='ocr_carea' id='block_1_60' title="bbox 253 4408 1846 4466">
    <p class='ocr_par' dir='ltr' id='par_1_60' title="bbox 253 4408 1846 4466">
     <span class='ocr_line' id='line_1_60' title="bbox 253 4408 1846 4466; baseline -0.002 0"><span class='ocrx_word' id='word_1_434' title='bbox 253 4409 574 4466; x_wconf 81' lang='lat' dir='ltr'><strong>Sirmttntlus</strong></span> <span class='ocrx_word' id='word_1_435' title='bbox 599 4427 720 4464; x_wconf 74' lang='lat' dir='ltr'><strong>enin</strong></span> <span class='ocrx_word' id='word_1_436' title='bbox 753 4411 1000 4464; x_wconf 57' lang='lat' dir='ltr'><strong>omnibus</strong></span> <span class='ocrx_word' id='word_1_437' title='bbox 1032 4410 1231 4462; x_wconf 84' lang='lat' dir='ltr'><strong>nostris</strong></span> <span class='ocrx_word' id='word_1_438' title='bbox 1261 4408 1418 4462; x_wconf 77' lang='lat' dir='ltr'><strong>Codd.</strong></span> <span class='ocrx_word' id='word_1_439' title='bbox 1467 4417 1521 4458; x_wconf 71' lang='lat' dir='ltr'><strong>et</strong></span> <span class='ocrx_word' id='word_1_440' title='bbox 1561 4409 1846 4463; x_wconf 85' lang='lat' dir='ltr'><strong>anteriori-</strong></span> 
     </span>
    </p>
   </div>
   <div class='ocr_carea' id='block_1_61' title="bbox 257 4479 1844 4544">
    <p class='ocr_par' dir='ltr' id='par_1_61' title="bbox 257 4479 1844 4544">
     <span class='ocr_line' id='line_1_61' title="bbox 257 4479 1844 4544; baseline -0.001 -9"><span class='ocrx_word' id='word_1_441' title='bbox 257 4481 346 4535; x_wconf 85' lang='lat' dir='ltr'><strong>bus</strong></span> <span class='ocrx_word' id='word_1_442' title='bbox 375 4481 602 4536; x_wconf 64' lang='lat' dir='ltr'><strong>exm~i~</strong></span> <span class='ocrx_word' id='word_1_443' title='bbox 629 4483 820 4544; x_wconf 78' lang='lat' dir='ltr'><strong>exivit;</strong></span> <span class='ocrx_word' id='word_1_444' title='bbox 847 4494 900 4535; x_wconf 92' lang='lat' dir='ltr'><strong>et</strong></span> <span class='ocrx_word' id='word_1_445' title='bbox 933 4484 1001 4534; x_wconf 90' lang='lat' dir='ltr'><strong>ita</strong></span> <span class='ocrx_word' id='word_1_446' title='bbox 1031 4481 1189 4533; x_wconf 80' lang='lat' dir='ltr'><strong>etiam</strong></span> <span class='ocrx_word' id='word_1_447' title='bbox 1219 4479 1357 4544; x_wconf 87' lang='lat' dir='ltr'><strong>apud</strong></span> <span class='ocrx_word' id='word_1_448' title='bbox 1396 4481 1570 4544; x_wconf 58' lang='lat' dir='ltr'><strong>plures</strong></span> <span class='ocrx_word' id='word_1_449' title='bbox 1605 4480 1792 4533; x_wconf 68' lang='lat' dir='ltr'><strong>Patres</strong></span> <span class='ocrx_word' id='word_1_450' title='bbox 1815 4495 1844 4534; x_wconf 89' lang='lat' dir='ltr'><strong>a</strong></span> 
     </span>
    </p>
   </div>
   <div class='ocr_carea' id='block_1_62' title="bbox 256 4550 1843 4622">
    <p class='ocr_par' dir='ltr' id='par_1_62' title="bbox 256 4550 1843 4622">
     <span class='ocr_line' id='line_1_62' title="bbox 256 4550 1843 4622; baseline -0.003 -14"><span class='ocrx_word' id='word_1_451' title='bbox 256 4551 311 4608; x_wconf 80' lang='grc' dir='ltr'><strong>Ρ.</strong></span> <span class='ocrx_word' id='word_1_452' title='bbox 337 4555 596 4609; x_wconf 77' lang='lat' dir='ltr'><strong>Sabatter</strong></span> <span class='ocrx_word' id='word_1_453' title='bbox 626 4555 864 4622; x_wconf 63' lang='lat' dir='ltr'><strong>allegiti,</strong></span> <span class='ocrx_word' id='word_1_454' title='bbox 889 4569 1115 4619; x_wconf 87' lang='lat' dir='ltr'><strong>quorum</strong></span> <span class='ocrx_word' id='word_1_455' title='bbox 1143 4552 1383 4606; x_wconf 84' lang='lat' dir='ltr'><strong>tt0nnnl|i</strong></span> <span class='ocrx_word' id='word_1_456' title='bbox 1411 4550 1554 4622; x_wconf 59' lang='lat' dir='ltr'><strong>exiit,</strong></span> <span class='ocrx_word' id='word_1_457' title='bbox 1587 4556 1659 4603; x_wconf 83' lang='lat' dir='ltr'><strong>uti</strong></span> <span class='ocrx_word' id='word_1_458' title='bbox 1683 4553 1843 4605; x_wconf 78' lang='lat' dir='ltr'><strong>etiam</strong></span> 
     </span>
    </p>
   </div>
   <div class='ocr_carea' id='block_1_63' title="bbox 258 4621 1846 4695">
    <p class='ocr_par' dir='ltr' id='par_1_63' title="bbox 258 4621 1846 4695">
     <span class='ocr_line' id='line_1_63' title="bbox 258 4621 1846 4695; baseline -0.001 -19"><span class='ocrx_word' id='word_1_459' title='bbox 258 4626 304 4676; x_wconf 92' lang='lat' dir='ltr'><strong>in</strong></span> <span class='ocrx_word' id='word_1_460' title='bbox 335 4627 723 4695; x_wconf 70' lang='lat' dir='ltr'><strong>antiquissimo</strong></span> <span class='ocrx_word' id='word_1_461' title='bbox 745 4621 1016 4677; x_wconf 24' lang='lat' dir='ltr'><strong>it’salerio</strong></span> <span class='ocrx_word' id='word_1_462' title='bbox 1055 4640 1154 4676; x_wconf 86' lang='lat' dir='ltr'>IIIS.</span> <span class='ocrx_word' id='word_1_463' title='bbox 1183 4623 1398 4695; x_wconf 81' lang='lat' dir='ltr'><strong>capituli</strong></span> <span class='ocrx_word' id='word_1_464' title='bbox 1435 4621 1764 4676; x_wconf 73' lang='lat' dir='ltr'><strong>Veroiwnsis</strong></span> <span class='ocrx_word' id='word_1_465' title='bbox 1791 4635 1846 4678; x_wconf 91' lang='lat' dir='ltr'><strong>et</strong></span> 
     </span>
    </p>
   </div>
   <div class='ocr_carea' id='block_1_64' title="bbox 256 4681 1923 4765">
    <p class='ocr_par' dir='ltr' id='par_1_64' title="bbox 256 4681 1923 4765">
     <span class='ocr_line' id='line_1_64' title="bbox 256 4681 1923 4765; baseline 0.001 -17"><span class='ocrx_word' id='word_1_466' title='bbox 256 4697 301 4748; x_wconf 89' lang='lat' dir='ltr'><strong>in</strong></span> <span class='ocrx_word' id='word_1_467' title='bbox 330 4681 792 4765; x_wconf 63' lang='lat' dir='ltr'><strong>Sallgitt‘lttaltensi</strong></span> <span class='ocrx_word' id='word_1_468' title='bbox 847 4696 913 4746; x_wconf 86' lang='lat' dir='ltr'><strong>ab</strong></span> <span class='ocrx_word' id='word_1_469' title='bbox 958 4696 1148 4749; x_wconf 83' lang='lat' dir='ltr'><strong>eodem</strong></span> <span class='ocrx_word' id='word_1_470' title='bbox 1190 4681 1403 4746; x_wconf 75' lang='lat' dir='ltr'><strong>laudato</strong></span> <span class='ocrx_word' id='word_1_471' title='bbox 1437 4711 1449 4744; x_wconf 92' lang='lat'>:</span> <span class='ocrx_word' id='word_1_472' title='bbox 1493 4695 1621 4745; x_wconf 91' lang='lat' dir='ltr'><strong>nulli</strong></span> <span class='ocrx_word' id='word_1_473' title='bbox 1665 4707 1842 4749; x_wconf 81' lang='lat' dir='ltr'><strong>autem</strong></span> <span class='ocrx_word' id='word_1_474' title='bbox 1875 4681 1923 4740; x_wconf 75' lang='grc' dir='ltr'><strong>θ</strong></span> 
     </span>
    </p>
   </div>
   <div class='ocr_carea' id='block_1_65' title="bbox 255 4765 1845 4833">
    <p class='ocr_par' dir='ltr' id='par_1_65' title="bbox 255 4765 1845 4833">
     <span class='ocr_line' id='line_1_65' title="bbox 255 4765 1845 4833; baseline -0.001 -13"><span class='ocrx_word' id='word_1_475' title='bbox 255 4766 438 4820; x_wconf 82' lang='lat' dir='ltr'><strong>Patres</strong></span> <span class='ocrx_word' id='word_1_476' title='bbox 488 4767 556 4820; x_wconf 80' lang='lat' dir='ltr'><strong>ab</strong></span> <span class='ocrx_word' id='word_1_477' title='bbox 604 4781 672 4820; x_wconf 90' lang='lat' dir='ltr'><strong>eo</strong></span> <span class='ocrx_word' id='word_1_478' title='bbox 707 4768 938 4820; x_wconf 86' lang='lat' dir='ltr'><strong>citantur</strong></span> <span class='ocrx_word' id='word_1_479' title='bbox 971 4781 1067 4832; x_wconf 90' lang='lat' dir='ltr'><strong>pro</strong></span> <span class='ocrx_word' id='word_1_480' title='bbox 1098 4766 1251 4819; x_wconf 69' lang='lat' dir='ltr'><strong>eaiet.</strong></span> <span class='ocrx_word' id='word_1_481' title='bbox 1285 4767 1337 4815; x_wconf 74' lang='lat' dir='ltr'><strong>Si</strong></span> <span class='ocrx_word' id='word_1_482' title='bbox 1364 4765 1635 4833; x_wconf 81' lang='lat' dir='ltr'><strong>originalis</strong></span> <span class='ocrx_word' id='word_1_483' title='bbox 1667 4775 1845 4819; x_wconf 76' lang='lat' dir='ltr'><strong>textus</strong></span> 
     </span>
    </p>
   </div>
   <div class='ocr_carea' id='block_1_66' title="bbox 257 4836 1846 4904">
    <p class='ocr_par' dir='ltr' id='par_1_66' title="bbox 257 4836 1846 4904">
     <span class='ocr_line' id='line_1_66' title="bbox 257 4836 1846 4904; baseline 0.001 -13"><span class='ocrx_word' id='word_1_484' title='bbox 257 4837 477 4893; x_wconf 82' lang='lat' dir='ltr'><strong>haberet</strong></span> <span class='ocrx_word' id='word_1_485' title='bbox 509 4838 688 4904; x_wconf 73' lang='lat' dir='ltr'><strong>exibit,</strong></span> <span class='ocrx_word' id='word_1_486' title='bbox 745 4849 853 4890; x_wconf 90' lang='lat' dir='ltr'><strong>tum</strong></span> <span class='ocrx_word' id='word_1_487' title='bbox 909 4839 1203 4890; x_wconf 80' lang='lat' dir='ltr'><strong>subsistere</strong></span> <span class='ocrx_word' id='word_1_488' title='bbox 1249 4847 1430 4904; x_wconf 56' lang='lat' dir='ltr'><strong>posset</strong></span> <span class='ocrx_word' id='word_1_489' title='bbox 1481 4838 1632 4890; x_wconf 74' lang='lat' dir='ltr'><strong>extet.</strong></span> <span class='ocrx_word' id='word_1_490' title='bbox 1684 4836 1846 4892; x_wconf 86' lang='lat' dir='ltr'><strong>Forte</strong></span> 
     </span>
    </p>
   </div>
   <div class='ocr_carea' id='block_1_67' title="bbox 257 4906 1845 4978">
    <p class='ocr_par' dir='ltr' id='par_1_67' title="bbox 257 4906 1845 4978">
     <span class='ocr_line' id='line_1_67' title="bbox 257 4906 1845 4978; baseline 0.002 -18"><span class='ocrx_word' id='word_1_491' title='bbox 257 4910 715 4978; x_wconf 74' lang='lat' dir='ltr'><strong>typograpltorum</strong></span> <span class='ocrx_word' id='word_1_492' title='bbox 765 4910 918 4974; x_wconf 88' lang='lat' dir='ltr'><strong>lapsu</strong></span> <span class='ocrx_word' id='word_1_493' title='bbox 969 4909 1020 4962; x_wconf 90' lang='lat' dir='ltr'><strong>iu</strong></span> <span class='ocrx_word' id='word_1_494' title='bbox 1073 4909 1345 4973; x_wconf 77' lang='lat' dir='ltr'><strong>Quesnelli</strong></span> <span class='ocrx_word' id='word_1_495' title='bbox 1387 4906 1518 4961; x_wconf 83' lang='lat' dir='ltr'><strong>edit.</strong></span> <span class='ocrx_word' id='word_1_496' title='bbox 1569 4909 1699 4962; x_wconf 72' lang='lat' dir='ltr'><strong>exiet</strong></span> <span class='ocrx_word' id='word_1_497' title='bbox 1749 4924 1845 4976; x_wconf 91' lang='lat' dir='ltr'><strong>pro</strong></span> 
     </span>
    </p>
   </div>
   <div class='ocr_carea' id='block_1_68' title="bbox 251 4979 903 5048">
    <p class='ocr_par' dir='ltr' id='par_1_68' title="bbox 251 4979 903 5048">
     <span class='ocr_line' id='line_1_68' title="bbox 251 4979 903 5048; baseline 0.002 -16"><span class='ocrx_word' id='word_1_498' title='bbox 251 4982 398 5032; x_wconf 69' lang='lat' dir='ltr'><strong>exibit</strong></span> <span class='ocrx_word' id='word_1_499' title='bbox 430 4985 754 5048; x_wconf 68' lang='lat' dir='ltr'><strong>ttttpresstttn</strong></span> <span class='ocrx_word' id='word_1_500' title='bbox 786 4979 903 5033; x_wconf 79' lang='lat' dir='ltr'><strong>fuit.</strong></span> 
     </span>
    </p>
   </div>
   <div class='ocr_carea' id='block_1_69' title="bbox 315 5048 1843 5116">
    <p class='ocr_par' dir='ltr' id='par_1_69' title="bbox 315 5048 1843 5116">
     <span class='ocr_line' id='line_1_69' title="bbox 315 5048 1843 5116; baseline 0 -11"><span class='ocrx_word' id='word_1_501' title='bbox 315 5049 342 5089; x_wconf 73' lang='grc' dir='ltr'>δ</span> <span class='ocrx_word' id='word_1_502' title='bbox 374 5051 454 5105; x_wconf 85' lang='lat' dir='ltr'><strong>Ita</strong></span> <span class='ocrx_word' id='word_1_503' title='bbox 485 5052 648 5105; x_wconf 78' lang='lat' dir='ltr'><strong>codd.</strong></span> <span class='ocrx_word' id='word_1_504' title='bbox 683 5049 849 5104; x_wconf 88' lang='lat' dir='ltr'><strong>Corb.</strong></span> <span class='ocrx_word' id='word_1_505' title='bbox 879 5060 931 5103; x_wconf 89' lang='lat' dir='ltr'><strong>et</strong></span> <span class='ocrx_word' id='word_1_506' title='bbox 963 5049 1172 5104; x_wconf 78' lang='lat' dir='ltr'><strong>Thuan.</strong></span> <span class='ocrx_word' id='word_1_507' title='bbox 1199 5048 1338 5116; x_wconf 89' lang='lat' dir='ltr'><strong>apud</strong></span> <span class='ocrx_word' id='word_1_508' title='bbox 1369 5048 1620 5115; x_wconf 83' lang='lat' dir='ltr'><strong>Qttesnel.</strong></span> <span class='ocrx_word' id='word_1_509' title='bbox 1643 5059 1756 5104; x_wconf 90' lang='lat' dir='ltr'><strong>not.</strong></span> <span class='ocrx_word' id='word_1_510' title='bbox 1785 5051 1843 5114; x_wconf 82' lang='lat'><strong>5,</strong></span> 
     </span>
    </p>
   </div>
   <div class='ocr_carea' id='block_1_70' title="bbox 251 5121 1848 5188">
    <p class='ocr_par' dir='ltr' id='par_1_70' title="bbox 251 5121 1848 5188">
     <span class='ocr_line' id='line_1_70' title="bbox 251 5121 1848 5188; baseline 0.003 -17"><span class='ocrx_word' id='word_1_511' title='bbox 251 5135 406 5188; x_wconf 87' lang='lat' dir='ltr'><strong>quam</strong></span> <span class='ocrx_word' id='word_1_512' title='bbox 437 5122 626 5177; x_wconf 74' lang='lat' dir='ltr'><strong>Confer</strong></span> <span class='ocrx_word' id='word_1_513' title='bbox 642 5137 763 5175; x_wconf 89' lang='lat' dir='ltr'><strong>cum</strong></span> <span class='ocrx_word' id='word_1_514' title='bbox 795 5135 977 5174; x_wconf 75' lang='lat' dir='ltr'><strong>noStra</strong></span> <span class='ocrx_word' id='word_1_515' title='bbox 1005 5121 1288 5176; x_wconf 83' lang='lat' dir='ltr'><strong>observat.</strong></span> <span class='ocrx_word' id='word_1_516' title='bbox 1309 5121 1653 5183; x_wconf 73' lang='lat' dir='ltr'><strong>Sirmondtts,</strong></span> <span class='ocrx_word' id='word_1_517' title='bbox 1684 5123 1848 5175; x_wconf 86' lang='lat' dir='ltr'><strong>collo-</strong></span> 
     </span>
    </p>
   </div>
   <div class='ocr_carea' id='block_1_71' title="bbox 247 5191 1847 5263">
    <p class='ocr_par' dir='ltr' id='par_1_71' title="bbox 247 5191 1847 5263">
     <span class='ocr_line' id='line_1_71' title="bbox 247 5191 1847 5263; baseline 0 -17"><span class='ocrx_word' id='word_1_518' title='bbox 247 5203 384 5263; x_wconf 60' lang='lat' dir='ltr'><strong>caret</strong></span> <span class='ocrx_word' id='word_1_519' title='bbox 415 5202 571 5262; x_wconf 86' lang='lat' dir='ltr'><strong>atque</strong></span> <span class='ocrx_word' id='word_1_520' title='bbox 595 5191 658 5246; x_wconf 89' lang='lat' dir='ltr'><strong>ab</strong></span> <span class='ocrx_word' id='word_1_521' title='bbox 682 5193 796 5257; x_wconf 82' lang='lat' dir='ltr'><strong>ipso</strong></span> <span class='ocrx_word' id='word_1_522' title='bbox 812 5193 959 5263; x_wconf 88' lang='lat' dir='ltr'><strong>quasi</strong></span> <span class='ocrx_word' id='word_1_523' title='bbox 979 5194 1201 5261; x_wconf 84' lang='lat' dir='ltr'><strong>quodam</strong></span> <span class='ocrx_word' id='word_1_524' title='bbox 1223 5193 1389 5262; x_wconf 84' lang='lat' dir='ltr'><strong>capite</strong></span> <span class='ocrx_word' id='word_1_525' title='bbox 1411 5194 1546 5245; x_wconf 86' lang='lat' dir='ltr'><strong>dona</strong></span> <span class='ocrx_word' id='word_1_526' title='bbox 1575 5210 1668 5245; x_wconf 82' lang='lat' dir='ltr'><strong>sua</strong></span> <span class='ocrx_word' id='word_1_527' title='bbox 1700 5194 1847 5246; x_wconf 85' lang='lat' dir='ltr'><strong>uellet</strong></span> 
     </span>
    </p>
   </div>
   <div class='ocr_carea' id='block_1_72' title="bbox 249 5260 1846 5334">
    <p class='ocr_par' dir='ltr' id='par_1_72' title="bbox 249 5260 1846 5334">
     <span class='ocr_line' id='line_1_72' title="bbox 249 5260 1846 5334; baseline 0.001 -19"><span class='ocrx_word' id='word_1_528' title='bbox 249 5260 300 5315; x_wconf 74' lang='lat' dir='ltr'><strong>in</strong></span> <span class='ocrx_word' id='word_1_529' title='bbox 321 5260 517 5334; x_wconf 79' lang='lat' dir='ltr'><strong>corpus</strong></span> <span class='ocrx_word' id='word_1_530' title='bbox 547 5280 700 5318; x_wconf 85' lang='lat' dir='ltr'><strong>omne</strong></span> <span class='ocrx_word' id='word_1_531' title='bbox 743 5260 998 5334; x_wconf 63' lang='lat' dir='ltr'><strong>inuitare.</strong></span> <span class='ocrx_word' id='word_1_532' title='bbox 1026 5267 1157 5318; x_wconf 75' lang='lat' dir='ltr'><strong>Aliae</strong></span> <span class='ocrx_word' id='word_1_533' title='bbox 1190 5260 1457 5318; x_wconf 86' lang='lat' dir='ltr'><strong>editiooes</strong></span> <span class='ocrx_word' id='word_1_534' title='bbox 1488 5279 1610 5318; x_wconf 91' lang='lat' dir='ltr'><strong>cum</strong></span> <span class='ocrx_word' id='word_1_535' title='bbox 1647 5269 1846 5318; x_wconf 84' lang='lat' dir='ltr'><strong>nostris</strong></span> 
     </span>
    </p>
   </div>
   <div class='ocr_carea' id='block_1_73' title="bbox 253 5333 1848 5406">
    <p class='ocr_par' dir='ltr' id='par_1_73' title="bbox 253 5333 1848 5406">
     <span class='ocr_line' id='line_1_73' title="bbox 253 5333 1848 5406; baseline 0.001 -20"><span class='ocrx_word' id='word_1_536' title='bbox 253 5346 403 5397; x_wconf 52' lang='lat' dir='ltr'><strong>mss&quot;</strong></span> <span class='ocrx_word' id='word_1_537' title='bbox 422 5333 748 5401; x_wconf 80' lang='lat' dir='ltr'><strong>collocaret,</strong></span> <span class='ocrx_word' id='word_1_538' title='bbox 782 5344 834 5388; x_wconf 86' lang='lat' dir='ltr'><strong>ut</strong></span> <span class='ocrx_word' id='word_1_539' title='bbox 858 5333 933 5406; x_wconf 69' lang='lat' dir='ltr'><strong>alt</strong></span> <span class='ocrx_word' id='word_1_540' title='bbox 948 5335 1058 5405; x_wconf 85' lang='lat' dir='ltr'><strong>ipso</strong></span> <span class='ocrx_word' id='word_1_541' title='bbox 1088 5336 1236 5406; x_wconf 83' lang='lat' dir='ltr'><strong>quasi</strong></span> <span class='ocrx_word' id='word_1_542' title='bbox 1262 5334 1488 5404; x_wconf 82' lang='lat' dir='ltr'><strong>quodam</strong></span> <span class='ocrx_word' id='word_1_543' title='bbox 1519 5335 1686 5404; x_wconf 85' lang='lat' dir='ltr'><strong>capite</strong></span> <span class='ocrx_word' id='word_1_544' title='bbox 1707 5336 1848 5388; x_wconf 83' lang='lat' dir='ltr'><strong>dona</strong></span> 
     </span>
    </p>
   </div>
   <div class='ocr_carea' id='block_1_74' title="bbox 250 5404 1163 5473">
    <p class='ocr_par' dir='ltr' id='par_1_74' title="bbox 250 5404 1163 5473">
     <span class='ocr_line' id='line_1_74' title="bbox 250 5404 1163 5473; baseline -0.003 -12"><span class='ocrx_word' id='word_1_545' title='bbox 250 5419 341 5460; x_wconf 71' lang='grc' dir='ltr'><strong>αα</strong></span> <span class='ocrx_word' id='word_1_546' title='bbox 368 5408 509 5461; x_wconf 72' lang='grc' dir='ltr'><strong>κιαι</strong></span> <span class='ocrx_word' id='word_1_547' title='bbox 536 5407 590 5460; x_wconf 88' lang='lat' dir='ltr'><strong>in</strong></span> <span class='ocrx_word' id='word_1_548' title='bbox 614 5422 802 5471; x_wconf 80' lang='lat' dir='ltr'><strong>corpus</strong></span> <span class='ocrx_word' id='word_1_549' title='bbox 833 5404 1163 5473; x_wconf 77' lang='lat' dir='ltr'><strong>diffunderet.</strong></span> 
     </span>
    </p>
   </div>
   <div class='ocr_carea' id='block_1_75' title="bbox 318 5475 1628 5546">
    <p class='ocr_par' dir='ltr' id='par_1_75' title="bbox 318 5475 1628 5546">
     <span class='ocr_line' id='line_1_75' title="bbox 318 5475 1628 5546; baseline -0.002 -14"><span class='ocrx_word' id='word_1_550' title='bbox 318 5485 344 5516; x_wconf 70' lang='grc'>⁸</span> <span class='ocrx_word' id='word_1_551' title='bbox 379 5478 516 5534; x_wconf 82' lang='lat' dir='ltr'><strong>Vide</strong></span> <span class='ocrx_word' id='word_1_552' title='bbox 544 5486 660 5533; x_wconf 88' lang='lat' dir='ltr'><strong>not.</strong></span> <span class='ocrx_word' id='word_1_553' title='bbox 689 5475 724 5532; x_wconf 73' lang='grc'><strong>4</strong></span> <span class='ocrx_word' id='word_1_554' title='bbox 751 5478 954 5546; x_wconf 88' lang='lat' dir='ltr'><strong>Quesn.</strong></span> <span class='ocrx_word' id='word_1_555' title='bbox 984 5487 1032 5530; x_wconf 91' lang='lat' dir='ltr'><strong>et</strong></span> <span class='ocrx_word' id='word_1_556' title='bbox 1062 5479 1334 5532; x_wconf 86' lang='lat' dir='ltr'><strong>observat.</strong></span> <span class='ocrx_word' id='word_1_557' title='bbox 1368 5484 1628 5531; x_wconf 90' lang='lat' dir='ltr'><strong>nostram.</strong></span> 
     </span>
    </p>
   </div>
   <div class='ocr_carea' id='block_1_76' title="bbox 315 5547 1029 5612">
    <p class='ocr_par' dir='ltr' id='par_1_76' title="bbox 315 5547 1029 5612">
     <span class='ocr_line' id='line_1_76' title="bbox 315 5547 1029 5612; baseline -0.006 -7"><span class='ocrx_word' id='word_1_558' title='bbox 315 5547 344 5586; x_wconf 64' lang='grc' dir='ltr'><em>ά</em></span> <span class='ocrx_word' id='word_1_559' title='bbox 373 5549 723 5612; x_wconf 88' lang='lat' dir='ltr'><strong>Sirmondus,</strong></span> <span class='ocrx_word' id='word_1_560' title='bbox 754 5558 1029 5602; x_wconf 81' lang='lat' dir='ltr'><strong>reservata.</strong></span> 
     </span>
    </p>
   </div>
   <div class='ocr_carea' id='block_1_77' title="bbox 322 5618 1846 5689">
    <p class='ocr_par' dir='ltr' id='par_1_77' title="bbox 322 5618 1846 5689">
     <span class='ocr_line' id='line_1_77' title="bbox 322 5618 1846 5689; baseline -0.003 -13"><span class='ocrx_word' id='word_1_561' title='bbox 322 5631 346 5658; x_wconf 75' lang='grc' dir='ltr'><strong>ο</strong></span> <span class='ocrx_word' id='word_1_562' title='bbox 373 5623 518 5677; x_wconf 83' lang='lat' dir='ltr'><strong>Editi</strong></span> <span class='ocrx_word' id='word_1_563' title='bbox 549 5632 677 5677; x_wconf 90' lang='lat' dir='ltr'><strong>ante</strong></span> <span class='ocrx_word' id='word_1_564' title='bbox 703 5620 905 5689; x_wconf 84' lang='lat' dir='ltr'><strong>Quesn.</strong></span> <span class='ocrx_word' id='word_1_565' title='bbox 937 5634 1058 5675; x_wconf 92' lang='lat' dir='ltr'><strong>cum</strong></span> <span class='ocrx_word' id='word_1_566' title='bbox 1085 5620 1215 5675; x_wconf 91' lang='lat' dir='ltr'><strong>solis</strong></span> <span class='ocrx_word' id='word_1_567' title='bbox 1256 5620 1414 5675; x_wconf 91' lang='lat' dir='ltr'><strong>codd.</strong></span> <span class='ocrx_word' id='word_1_568' title='bbox 1443 5619 1656 5674; x_wconf 87' lang='lat' dir='ltr'><strong>collect.</strong></span> <span class='ocrx_word' id='word_1_569' title='bbox 1687 5618 1756 5673; x_wconf 71' lang='grc'><strong>24</strong></span> <span class='ocrx_word' id='word_1_570' title='bbox 1790 5624 1846 5674; x_wconf 88' lang='lat' dir='ltr'><strong>et</strong></span> 
     </span>
    </p>
   </div>
   <div class='ocr_carea' id='block_1_78' title="bbox 252 5690 769 5762">
    <p class='ocr_par' dir='ltr' id='par_1_78' title="bbox 252 5690 769 5762">
     <span class='ocr_line' id='line_1_78' title="bbox 252 5690 769 5762; baseline 0 -16"><span class='ocrx_word' id='word_1_571' title='bbox 252 5690 561 5756; x_wconf 79' lang='lat' dir='ltr'><strong>Sirmontlo,</strong></span> <span class='ocrx_word' id='word_1_572' title='bbox 595 5710 769 5762; x_wconf 82' lang='lat' dir='ltr'><strong>quam.</strong></span> 
     </span>
    </p>
   </div>
   <div class='ocr_carea' id='block_1_79' title="bbox 326 5763 1845 5832">
    <p class='ocr_par' dir='ltr' id='par_1_79' title="bbox 326 5763 1845 5832">
     <span class='ocr_line' id='line_1_79' title="bbox 326 5763 1845 5832; baseline -0.003 -14"><span class='ocrx_word' id='word_1_573' title='bbox 326 5763 341 5800; x_wconf 68' lang='grc' dir='ltr'>ί</span> <span class='ocrx_word' id='word_1_574' title='bbox 376 5767 464 5818; x_wconf 79' lang='lat' dir='ltr'><strong>Sic</strong></span> <span class='ocrx_word' id='word_1_575' title='bbox 495 5782 615 5819; x_wconf 84' lang='lat' dir='ltr'><strong>Clllll</strong></span> <span class='ocrx_word' id='word_1_576' title='bbox 648 5765 847 5832; x_wconf 71' lang='lat' dir='ltr'><strong>Quesn.</strong></span> <span class='ocrx_word' id='word_1_577' title='bbox 901 5767 1068 5822; x_wconf 85' lang='lat' dir='ltr'><strong>nostri</strong></span> <span class='ocrx_word' id='word_1_578' title='bbox 1119 5765 1276 5819; x_wconf 60' lang='lat' dir='ltr'><strong>cmltl.</strong></span> <span class='ocrx_word' id='word_1_579' title='bbox 1342 5765 1453 5828; x_wconf 70' lang='lat' dir='ltr'><strong>AL,</strong></span> <span class='ocrx_word' id='word_1_580' title='bbox 1492 5763 1845 5814; x_wconf 82' lang='lat' dir='ltr'><strong>constitutum.</strong></span> 
     </span>
    </p>
   </div>
   <div class='ocr_carea' id='block_1_80' title="bbox 260 5834 1482 5902">
    <p class='ocr_par' dir='ltr' id='par_1_80' title="bbox 260 5834 1482 5902">
     <span class='ocr_line' id='line_1_80' title="bbox 260 5834 1482 5902; baseline -0.002 -14"><span class='ocrx_word' id='word_1_581' title='bbox 260 5834 384 5891; x_wconf 77' lang='lat' dir='ltr'><strong>Vide</strong></span> <span class='ocrx_word' id='word_1_582' title='bbox 421 5849 530 5892; x_wconf 81' lang='lat' dir='ltr'><strong>nat.</strong></span> <span class='ocrx_word' id='word_1_583' title='bbox 565 5838 819 5902; x_wconf 73' lang='lat' dir='ltr'><strong>SQuesn.</strong></span> <span class='ocrx_word' id='word_1_584' title='bbox 848 5852 898 5895; x_wconf 85' lang='lat' dir='ltr'><strong>ct</strong></span> <span class='ocrx_word' id='word_1_585' title='bbox 920 5840 1188 5894; x_wconf 75' lang='lat' dir='ltr'><strong>observat.</strong></span> <span class='ocrx_word' id='word_1_586' title='bbox 1223 5847 1482 5891; x_wconf 87' lang='lat' dir='ltr'><strong>nostram.</strong></span> 
     </span>
    </p>
   </div>
   <div class='ocr_carea' id='block_1_81' title="bbox 1969 1893 3558 1964">
    <p class='ocr_par' dir='ltr' id='par_1_81' title="bbox 1969 1893 3558 1964">
     <span class='ocr_line' id='line_1_81' title="bbox 1969 1893 3558 1964; baseline 0.001 -15"><span class='ocrx_word' id='word_1_587' title='bbox 1969 1908 2092 1949; x_wconf 88' lang='lat' dir='ltr'><strong>esse</strong></span> <span class='ocrx_word' id='word_1_588' title='bbox 2121 1894 2457 1962; x_wconf 84' lang='lat' dir='ltr'><strong>subjectum,</strong></span> <span class='ocrx_word' id='word_1_589' title='bbox 2497 1893 2861 1948; x_wconf 80' lang='lat' dir='ltr'><strong>Ordinationes</strong></span> <span class='ocrx_word' id='word_1_590' title='bbox 2901 1894 3062 1964; x_wconf 74' lang='lat'><strong>635</strong></span> <span class='ocrx_word' id='word_1_591' title='bbox 3103 1894 3203 1949; x_wconf 89' lang='lat' dir='ltr'><strong>sibi</strong></span> <span class='ocrx_word' id='word_1_592' title='bbox 3250 1903 3275 1942; x_wconf 75' lang='grc' dir='ltr'>ε</span> <span class='ocrx_word' id='word_1_593' title='bbox 3316 1896 3558 1954; x_wconf 90' lang='lat' dir='ltr'><strong>omninm</strong></span> 
     </span>
    </p>
   </div>
   <div class='ocr_carea' id='block_1_82' title="bbox 1969 1987 3620 2060">
    <p class='ocr_par' dir='ltr' id='par_1_82' title="bbox 1969 1987 3620 2060">
     <span class='ocr_line' id='line_1_82' title="bbox 1969 1987 3620 2060; baseline 0.002 -18"><span class='ocrx_word' id='word_1_594' title='bbox 1969 2005 2065 2060; x_wconf 87' lang='lat' dir='ltr'><strong>per</strong></span> <span class='ocrx_word' id='word_1_595' title='bbox 2088 1987 2291 2044; x_wconf 83' lang='lat' dir='ltr'><strong>Gallias</strong></span> <span class='ocrx_word' id='word_1_596' title='bbox 2319 1988 2682 2043; x_wconf 86' lang='lat' dir='ltr'><strong>Ecclesiarum</strong></span> <span class='ocrx_word' id='word_1_597' title='bbox 2714 1989 3012 2049; x_wconf 81' lang='lat' dir='ltr'><strong>vindicans.</strong></span> <span class='ocrx_word' id='word_1_598' title='bbox 3064 1999 3118 2043; x_wconf 87' lang='lat' dir='ltr'><strong>et</strong></span> <span class='ocrx_word' id='word_1_599' title='bbox 3161 1989 3398 2044; x_wconf 86' lang='lat' dir='ltr'><strong>debitam</strong></span> <span class='ocrx_word' id='word_1_600' title='bbox 3444 2005 3560 2046; x_wconf 85' lang='lat' dir='ltr'><strong>me-</strong></span> <span class='ocrx_word' id='word_1_601' title='bbox 3609 2041 3620 2052; x_wconf 86' lang='grc'><em>,</em></span> 
     </span>
    </p>
   </div>
   <div class='ocr_carea' id='block_1_83' title="bbox 1971 2079 3558 2152">
    <p class='ocr_par' dir='ltr' id='par_1_83' title="bbox 1971 2079 3558 2152">
     <span class='ocr_line' id='line_1_83' title="bbox 1971 2079 3558 2152; baseline 0.001 -14"><span class='ocrx_word' id='word_1_602' title='bbox 1971 2083 2313 2152; x_wconf 87' lang='lat' dir='ltr'><strong>tropolitanis</strong></span> <span class='ocrx_word' id='word_1_603' title='bbox 2344 2082 2720 2138; x_wconf 75' lang='lat' dir='ltr'><strong>sacerdotibus</strong></span> <span class='ocrx_word' id='word_1_604' title='bbox 2750 2079 2778 2120; x_wconf 69' lang='grc' dir='ltr'>δ</span> <span class='ocrx_word' id='word_1_605' title='bbox 2817 2081 2870 2137; x_wconf 90' lang='lat' dir='ltr'><strong>itt</strong></span> <span class='ocrx_word' id='word_1_606' title='bbox 2919 2098 3069 2136; x_wconf 88' lang='lat' dir='ltr'><strong>suam</strong></span> <span class='ocrx_word' id='word_1_607' title='bbox 3113 2083 3445 2139; x_wconf 78' lang='lat' dir='ltr'><strong>transferens</strong></span> <span class='ocrx_word' id='word_1_608' title='bbox 3473 2085 3558 2139; x_wconf 87' lang='lat' dir='ltr'><strong>di-</strong></span> 
     </span>
    </p>
   </div>
   <div class='ocr_carea' id='block_1_84' title="bbox 1970 2175 3557 2245">
    <p class='ocr_par' dir='ltr' id='par_1_84' title="bbox 1970 2175 3557 2245">
     <span class='ocr_line' id='line_1_84' title="bbox 1970 2175 3557 2245; baseline 0.004 -17"><span class='ocrx_word' id='word_1_609' title='bbox 1970 2177 2259 2245; x_wconf 77' lang='lat' dir='ltr'><strong>gnitatem;</strong></span> <span class='ocrx_word' id='word_1_610' title='bbox 2284 2175 2454 2245; x_wconf 71' lang='lat' dir='ltr'><strong>ipsius</strong></span> <span class='ocrx_word' id='word_1_611' title='bbox 2478 2189 2689 2245; x_wconf 87' lang='lat' dir='ltr'><strong>quoque</strong></span> <span class='ocrx_word' id='word_1_612' title='bbox 2710 2175 3003 2230; x_wconf 81' lang='lat' dir='ltr'><strong>beatissimi</strong></span> <span class='ocrx_word' id='word_1_613' title='bbox 3028 2175 3171 2232; x_wconf 83' lang='lat' dir='ltr'><strong>Petri</strong></span> <span class='ocrx_word' id='word_1_614' title='bbox 3200 2180 3557 2235; x_wconf 85' lang='lat' dir='ltr'><strong>reverentiam</strong></span> 
     </span>
    </p>
   </div>
   <div class='ocr_carea' id='block_1_85' title="bbox 1969 2266 3558 2338">
    <p class='ocr_par' dir='ltr' id='par_1_85' title="bbox 1969 2266 3558 2338">
     <span class='ocr_line' id='line_1_85' title="bbox 1969 2266 3558 2338; baseline -0.002 -17"><span class='ocrx_word' id='word_1_615' title='bbox 1969 2268 2151 2324; x_wconf 84' lang='lat' dir='ltr'><strong>verbis</strong></span> <span class='ocrx_word' id='word_1_616' title='bbox 2173 2267 2636 2337; x_wconf 76' lang='lat' dir='ltr'><strong>arrogantioribus</strong></span> <span class='ocrx_word' id='word_1_617' title='bbox 2655 2268 2949 2324; x_wconf 87' lang='lat' dir='ltr'><strong>minuendo</strong></span> <span class='ocrx_word' id='word_1_618' title='bbox 2973 2286 2984 2321; x_wconf 92' lang='lat'>:</span> <span class='ocrx_word' id='word_1_619' title='bbox 3009 2269 3093 2324; x_wconf 87' lang='lat' dir='ltr'><strong>cui</strong></span> <span class='ocrx_word' id='word_1_620' title='bbox 3122 2285 3242 2325; x_wconf 88' lang='lat' dir='ltr'><strong>cum</strong></span> <span class='ocrx_word' id='word_1_621' title='bbox 3277 2266 3294 2306; x_wconf 73' lang='grc' dir='ltr'>ί</span> <span class='ocrx_word' id='word_1_622' title='bbox 3324 2287 3431 2338; x_wconf 78' lang='lat' dir='ltr'><strong>pr:r</strong></span> <span class='ocrx_word' id='word_1_623' title='bbox 3454 2285 3558 2326; x_wconf 63' lang='lat' dir='ltr'><strong>cae.</strong></span> 
     </span>
    </p>
   </div>
   <div class='ocr_carea' id='block_1_86' title="bbox 1970 2360 3555 2433">
    <p class='ocr_par' dir='ltr' id='par_1_86' title="bbox 1970 2360 3555 2433">
     <span class='ocr_line' id='line_1_86' title="bbox 1970 2360 3555 2433; baseline -0.001 -17"><span class='ocrx_word' id='word_1_624' title='bbox 1970 2362 2100 2416; x_wconf 88' lang='lat' dir='ltr'><strong>teris</strong></span> <span class='ocrx_word' id='word_1_625' title='bbox 2125 2361 2374 2416; x_wconf 89' lang='lat' dir='ltr'><strong>solvendi</strong></span> <span class='ocrx_word' id='word_1_626' title='bbox 2403 2369 2458 2414; x_wconf 87' lang='lat' dir='ltr'><strong>et</strong></span> <span class='ocrx_word' id='word_1_627' title='bbox 2489 2360 2692 2428; x_wconf 75' lang='lat' dir='ltr'><strong>ligandi</strong></span> <span class='ocrx_word' id='word_1_628' title='bbox 2723 2361 2918 2415; x_wconf 84' lang='lat' dir='ltr'><strong>tradita</strong></span> <span class='ocrx_word' id='word_1_629' title='bbox 2957 2363 3027 2416; x_wconf 89' lang='lat' dir='ltr'><strong>sit</strong></span> <span class='ocrx_word' id='word_1_630' title='bbox 3068 2370 3308 2427; x_wconf 89' lang='lat' dir='ltr'><strong>potestas</strong></span> <span class='ocrx_word' id='word_1_631' title='bbox 3339 2360 3555 2433; x_wconf 80' lang='lat' dir='ltr'><strong>(Matth.</strong></span> 
     </span>
    </p>
   </div>
   <div class='ocr_carea' id='block_1_87' title="bbox 1969 2453 3558 2525">
    <p class='ocr_par' dir='ltr' id='par_1_87' title="bbox 1969 2453 3558 2525">
     <span class='ocr_line' id='line_1_87' title="bbox 1969 2453 3558 2525; baseline -0.003 -15"><span class='ocrx_word' id='word_1_632' title='bbox 1969 2453 2127 2525; x_wconf 77' lang='lat' dir='ltr'><strong>xvn),</strong></span> <span class='ocrx_word' id='word_1_633' title='bbox 2180 2453 2569 2524; x_wconf 81' lang='lat' dir='ltr'><strong>pascentlarum</strong></span> <span class='ocrx_word' id='word_1_634' title='bbox 2619 2463 2797 2507; x_wconf 88' lang='lat' dir='ltr'><strong>tamen</strong></span> <span class='ocrx_word' id='word_1_635' title='bbox 2843 2455 3022 2509; x_wconf 83' lang='lat' dir='ltr'><strong>ovium</strong></span> <span class='ocrx_word' id='word_1_636' title='bbox 3079 2468 3207 2508; x_wconf 89' lang='lat' dir='ltr'><strong>cura</strong></span> <span class='ocrx_word' id='word_1_637' title='bbox 3267 2454 3558 2522; x_wconf 81' lang='lat' dir='ltr'><strong>sperialius</strong></span> 
     </span>
    </p>
   </div>
   <div class='ocr_carea' id='block_1_88' title="bbox 1969 2545 3556 2616">
    <p class='ocr_par' dir='ltr' id='par_1_88' title="bbox 1969 2545 3556 2616">
     <span class='ocr_line' id='line_1_88' title="bbox 1969 2545 3556 2616; baseline -0.002 -12"><span class='ocrx_word' id='word_1_638' title='bbox 1969 2547 2219 2604; x_wconf 82' lang='lat' dir='ltr'><strong>mandata</strong></span> <span class='ocrx_word' id='word_1_639' title='bbox 2251 2558 2336 2604; x_wconf 83' lang='lat' dir='ltr'><strong>est</strong></span> <span class='ocrx_word' id='word_1_640' title='bbox 2375 2545 2561 2616; x_wconf 80' lang='lat' dir='ltr'><strong>(Joan.</strong></span> <span class='ocrx_word' id='word_1_641' title='bbox 2601 2547 2725 2616; x_wconf 80' lang='lat' dir='ltr'><strong>xu).</strong></span> <span class='ocrx_word' id='word_1_642' title='bbox 2761 2545 2856 2601; x_wconf 90' lang='lat' dir='ltr'><strong>Cui</strong></span> <span class='ocrx_word' id='word_1_643' title='bbox 2905 2546 3149 2616; x_wconf 87' lang='lat' dir='ltr'><strong>quisquis</strong></span> <span class='ocrx_word' id='word_1_644' title='bbox 3197 2546 3556 2615; x_wconf 77' lang='lat' dir='ltr'><strong>principatum</strong></span> 
     </span>
    </p>
   </div>
   <div class='ocr_carea' id='block_1_89' title="bbox 1967 2637 3556 2710">
    <p class='ocr_par' dir='ltr' id='par_1_89' title="bbox 1967 2637 3556 2710">
     <span class='ocr_line' id='line_1_89' title="bbox 1967 2637 3556 2710; baseline -0.002 -12"><span class='ocrx_word' id='word_1_645' title='bbox 1967 2638 2606 2710; x_wconf 60' lang='lat' dir='ltr'><strong>matimatdenegandutn,</strong></span> <span class='ocrx_word' id='word_1_646' title='bbox 2625 2639 2769 2694; x_wconf 89' lang='lat' dir='ltr'><strong>illius</strong></span> <span class='ocrx_word' id='word_1_647' title='bbox 2791 2637 3009 2708; x_wconf 87' lang='lat' dir='ltr'><strong>quidem</strong></span> <span class='ocrx_word' id='word_1_648' title='bbox 3029 2639 3179 2692; x_wconf 88' lang='lat' dir='ltr'><strong>nullo</strong></span> <span class='ocrx_word' id='word_1_649' title='bbox 3195 2639 3355 2694; x_wconf 88' lang='lat' dir='ltr'><strong>modo</strong></span> <span class='ocrx_word' id='word_1_650' title='bbox 3379 2647 3556 2707; x_wconf 88' lang='lat' dir='ltr'><strong>potest</strong></span> 
     </span>
    </p>
   </div>
   <div class='ocr_carea' id='block_1_90' title="bbox 1970 2731 3558 2805">
    <p class='ocr_par' dir='ltr' id='par_1_90' title="bbox 1970 2731 3558 2805">
     <span class='ocr_line' id='line_1_90' title="bbox 1970 2731 3558 2805; baseline -0.005 -13"><span class='ocrx_word' id='word_1_651' title='bbox 1970 2739 2215 2792; x_wconf 90' lang='lat' dir='ltr'><strong>minuere</strong></span> <span class='ocrx_word' id='word_1_652' title='bbox 2259 2734 2602 2805; x_wconf 77' lang='lat' dir='ltr'><strong>dignitatem;</strong></span> <span class='ocrx_word' id='word_1_653' title='bbox 2649 2733 2742 2788; x_wconf 88' lang='lat' dir='ltr'><strong>sed</strong></span> <span class='ocrx_word' id='word_1_654' title='bbox 2788 2731 3004 2787; x_wconf 83' lang='lat' dir='ltr'><strong>inﬂatus</strong></span> <span class='ocrx_word' id='word_1_655' title='bbox 3047 2732 3242 2801; x_wconf 88' lang='lat' dir='ltr'><strong>spiritu</strong></span> <span class='ocrx_word' id='word_1_656' title='bbox 3285 2731 3558 2802; x_wconf 62' lang='lat' dir='ltr'><strong>superbiae</strong></span> 
     </span>
    </p>
   </div>
   <div class='ocr_carea' id='block_1_91' title="bbox 1969 2823 3125 2897">
    <p class='ocr_par' dir='ltr' id='par_1_91' title="bbox 1969 2823 3125 2897">
     <span class='ocr_line' id='line_1_91' title="bbox 1969 2823 3125 2897; baseline -0.009 -10"><span class='ocrx_word' id='word_1_657' title='bbox 1969 2845 2102 2894; x_wconf 85' lang='lat' dir='ltr'><strong>suae,</strong></span> <span class='ocrx_word' id='word_1_658' title='bbox 2135 2828 2487 2897; x_wconf 85' lang='lat' dir='ltr'><strong>semetipsum</strong></span> <span class='ocrx_word' id='word_1_659' title='bbox 2518 2828 2571 2880; x_wconf 88' lang='lat' dir='ltr'><strong>in</strong></span> <span class='ocrx_word' id='word_1_660' title='bbox 2604 2823 2812 2879; x_wconf 89' lang='lat' dir='ltr'><strong>inferna</strong></span> <span class='ocrx_word' id='word_1_661' title='bbox 2840 2825 3125 2893; x_wconf 82' lang='lat' dir='ltr'><strong>demergit.</strong></span> 
     </span>
    </p>
   </div>
   <div class='ocr_carea' id='block_1_92' title="bbox 2039 2912 3555 2987">
    <p class='ocr_par' dir='ltr' id='par_1_92' title="bbox 2039 2912 3555 2987">
     <span class='ocr_line' id='line_1_92' title="bbox 2039 2912 3555 2987; baseline -0.007 -9"><span class='ocrx_word' id='word_1_662' title='bbox 2039 2922 2169 2978; x_wconf 64' lang='lat' dir='ltr'><strong>Car.</strong></span> <span class='ocrx_word' id='word_1_663' title='bbox 2199 2920 2285 2974; x_wconf 88' lang='lat' dir='ltr'><strong>Ill.</strong></span> <span class='ocrx_word' id='word_1_664' title='bbox 2307 2947 2381 2960; x_wconf 89' lang='lat'><strong>—</strong></span> <span class='ocrx_word' id='word_1_665' title='bbox 2408 2918 2541 2986; x_wconf 69' lang='lat' dir='ltr'><strong>Qua</strong></span> <span class='ocrx_word' id='word_1_666' title='bbox 2569 2915 2733 2987; x_wconf 72' lang='lat' dir='ltr'><strong>igitur</strong></span> <span class='ocrx_word' id='word_1_667' title='bbox 2758 2916 2898 2984; x_wconf 91' lang='lat' dir='ltr'><strong>apud</strong></span> <span class='ocrx_word' id='word_1_668' title='bbox 2933 2930 3030 2970; x_wconf 88' lang='lat' dir='ltr'><strong>nos</strong></span> <span class='ocrx_word' id='word_1_669' title='bbox 3062 2917 3117 2969; x_wconf 94' lang='lat' dir='ltr'><strong>in</strong></span> <span class='ocrx_word' id='word_1_670' title='bbox 3143 2928 3306 2968; x_wconf 87' lang='lat' dir='ltr'><strong>causa</strong></span> <span class='ocrx_word' id='word_1_671' title='bbox 3333 2912 3555 2969; x_wconf 71' lang='lat' dir='ltr'><strong>Calido-</strong></span> 
     </span>
    </p>
   </div>
   <div class='ocr_carea' id='block_1_93' title="bbox 1966 3007 3554 3085">
    <p class='ocr_par' dir='ltr' id='par_1_93' title="bbox 1966 3007 3554 3085">
     <span class='ocr_line' id='line_1_93' title="bbox 1966 3007 3554 3085; baseline -0.005 -14"><span class='ocrx_word' id='word_1_672' title='bbox 1966 3016 2039 3072; x_wconf 92' lang='lat' dir='ltr'><strong>nii</strong></span> <span class='ocrx_word' id='word_1_673' title='bbox 2091 3015 2330 3085; x_wconf 87' lang='lat' dir='ltr'><strong>episcopi</strong></span> <span class='ocrx_word' id='word_1_674' title='bbox 2383 3021 2539 3082; x_wconf 71' lang='lat' dir='ltr'><strong>gesta</strong></span> <span class='ocrx_word' id='word_1_675' title='bbox 2590 3009 2833 3065; x_wconf 90' lang='lat' dir='ltr'><strong>confecta</strong></span> <span class='ocrx_word' id='word_1_676' title='bbox 2882 3011 3012 3074; x_wconf 88' lang='lat' dir='ltr'><strong>sint,</strong></span> <span class='ocrx_word' id='word_1_677' title='bbox 3058 3019 3112 3064; x_wconf 91' lang='lat' dir='ltr'><strong>et</strong></span> <span class='ocrx_word' id='word_1_678' title='bbox 3162 3024 3282 3076; x_wconf 66' lang='lat' dir='ltr'><strong>quae</strong></span> <span class='ocrx_word' id='word_1_679' title='bbox 3323 3007 3554 3063; x_wconf 84' lang='lat' dir='ltr'><strong>llilarius</strong></span> 
     </span>
    </p>
   </div>
   <div class='ocr_carea' id='block_1_94' title="bbox 1964 3100 3553 3174">
    <p class='ocr_par' dir='ltr' id='par_1_94' title="bbox 1964 3100 3553 3174">
     <span class='ocr_line' id='line_1_94' title="bbox 1964 3100 3553 3174; baseline -0.014 -10"><span class='ocrx_word' id='word_1_680' title='bbox 1964 3110 2184 3174; x_wconf 79' lang='lat' dir='ltr'><strong>dixerit,</strong></span> <span class='ocrx_word' id='word_1_681' title='bbox 2215 3108 2342 3162; x_wconf 88' lang='lat' dir='ltr'><strong>duttt</strong></span> <span class='ocrx_word' id='word_1_682' title='bbox 2373 3120 2494 3160; x_wconf 91' lang='lat' dir='ltr'><strong>cum</strong></span> <span class='ocrx_word' id='word_1_683' title='bbox 2524 3103 2736 3170; x_wconf 84' lang='lat' dir='ltr'><strong>eodem,</strong></span> <span class='ocrx_word' id='word_1_684' title='bbox 2787 3108 3054 3172; x_wconf 64' lang='lat' dir='ltr'><strong>praesente</strong></span> <span class='ocrx_word' id='word_1_685' title='bbox 3097 3101 3406 3170; x_wconf 77' lang='lat' dir='ltr'><strong>supradicto</strong></span> <span class='ocrx_word' id='word_1_686' title='bbox 3435 3100 3553 3168; x_wconf 83' lang='lat' dir='ltr'><strong>epi-</strong></span> 
     </span>
    </p>
   </div>
   <div class='ocr_carea' id='block_1_95' title="bbox 1966 3192 3554 3271">
    <p class='ocr_par' dir='ltr' id='par_1_95' title="bbox 1966 3192 3554 3271">
     <span class='ocr_line' id='line_1_95' title="bbox 1966 3192 3554 3271; baseline -0.008 -11"><span class='ocrx_word' id='word_1_687' title='bbox 1966 3219 2154 3271; x_wconf 84' lang='lat' dir='ltr'><strong>scopo,</strong></span> <span class='ocrx_word' id='word_1_688' title='bbox 2191 3201 2490 3262; x_wconf 87' lang='lat' dir='ltr'><strong>audiretur,</strong></span> <span class='ocrx_word' id='word_1_689' title='bbox 2541 3197 2744 3252; x_wconf 89' lang='lat' dir='ltr'><strong>inditus</strong></span> <span class='ocrx_word' id='word_1_690' title='bbox 2795 3195 2997 3250; x_wconf 81' lang='lat' dir='ltr'><strong>chartis</strong></span> <span class='ocrx_word' id='word_1_691' title='bbox 3052 3210 3232 3249; x_wconf 89' lang='lat' dir='ltr'><strong>rerum</strong></span> <span class='ocrx_word' id='word_1_692' title='bbox 3281 3192 3416 3248; x_wconf 71' lang='grc' dir='ltr'><strong>οι·άο</strong></span> <span class='ocrx_word' id='word_1_693' title='bbox 3461 3192 3554 3247; x_wconf 59' lang='lat' dir='ltr'><strong>den</strong></span> 
     </span>
    </p>
   </div>
   <div class='ocr_carea' id='block_1_96' title="bbox 1965 3283 3554 3361">
    <p class='ocr_par' dir='ltr' id='par_1_96' title="bbox 1965 3283 3554 3361">
     <span class='ocr_line' id='line_1_96' title="bbox 1965 3283 3554 3361; baseline -0.009 -9"><span class='ocrx_word' id='word_1_694' title='bbox 1965 3300 2254 3352; x_wconf 87' lang='lat' dir='ltr'><strong>monstrat.</strong></span> <span class='ocrx_word' id='word_1_695' title='bbox 2285 3289 2388 3348; x_wconf 86' lang='lat' dir='ltr'><strong>Ubi</strong></span> <span class='ocrx_word' id='word_1_696' title='bbox 2422 3301 2708 3361; x_wconf 87' lang='lat' dir='ltr'><strong>postquam</strong></span> <span class='ocrx_word' id='word_1_697' title='bbox 2742 3288 2973 3342; x_wconf 82' lang='lat' dir='ltr'><strong>Hilarius</strong></span> <span class='ocrx_word' id='word_1_698' title='bbox 3028 3285 3377 3354; x_wconf 86' lang='lat' dir='ltr'><strong>rationabile,</strong></span> <span class='ocrx_word' id='word_1_699' title='bbox 3409 3283 3554 3351; x_wconf 85' lang='lat' dir='ltr'><strong>quod</strong></span> 
     </span>
    </p>
   </div>
   <div class='ocr_carea' id='block_1_97' title="bbox 1965 3377 3552 3444">
    <p class='ocr_par' dir='ltr' id='par_1_97' title="bbox 1965 3377 3552 3444">
     <span class='ocr_line' id='line_1_97' title="bbox 1965 3377 3552 3444; baseline -0.008 -1"><span class='ocrx_word' id='word_1_700' title='bbox 1965 3390 2018 3444; x_wconf 92' lang='lat' dir='ltr'><strong>in</strong></span> <span class='ocrx_word' id='word_1_701' title='bbox 2042 3394 2351 3442; x_wconf 81' lang='lat' dir='ltr'><strong>sanctorum</strong></span> <span class='ocrx_word' id='word_1_702' title='bbox 2371 3381 2602 3438; x_wconf 91' lang='lat' dir='ltr'><strong>concilio</strong></span> <span class='ocrx_word' id='word_1_703' title='bbox 2623 3379 2959 3436; x_wconf 89' lang='lat' dir='ltr'><strong>sacerdotum</strong></span> <span class='ocrx_word' id='word_1_704' title='bbox 2995 3388 3172 3444; x_wconf 87' lang='lat' dir='ltr'><strong>posset</strong></span> <span class='ocrx_word' id='word_1_705' title='bbox 3195 3377 3552 3444; x_wconf 85' lang='lat' dir='ltr'><strong>respondere,</strong></span> 
     </span>
    </p>
   </div>
   <div class='ocr_carea' id='block_1_98' title="bbox 1967 3468 3553 3541">
    <p class='ocr_par' dir='ltr' id='par_1_98' title="bbox 1967 3468 3553 3541">
     <span class='ocr_line' id='line_1_98' title="bbox 1967 3468 3553 3541; baseline -0.007 -8"><span class='ocrx_word' id='word_1_706' title='bbox 1967 3479 1982 3533; x_wconf 87' lang='lat' dir='ltr'><strong>i</strong></span> <span class='ocrx_word' id='word_1_707' title='bbox 2023 3495 2130 3535; x_wconf 89' lang='lat' dir='ltr'><strong>non</strong></span> <span class='ocrx_word' id='word_1_708' title='bbox 2164 3478 2369 3541; x_wconf 88' lang='lat' dir='ltr'><strong>habuit,</strong></span> <span class='ocrx_word' id='word_1_709' title='bbox 2391 3474 2458 3529; x_wconf 91' lang='lat' dir='ltr'><strong>ad</strong></span> <span class='ocrx_word' id='word_1_710' title='bbox 2498 3489 2561 3530; x_wconf 90' lang='lat' dir='ltr'><strong>ea</strong></span> <span class='ocrx_word' id='word_1_711' title='bbox 2589 3488 2647 3528; x_wconf 88' lang='lat' dir='ltr'><strong>se</strong></span> <span class='ocrx_word' id='word_1_712' title='bbox 2690 3468 2720 3509; x_wconf 67' lang='grc' dir='ltr'><strong>ι</strong></span> <span class='ocrx_word' id='word_1_713' title='bbox 2749 3470 2958 3526; x_wconf 88' lang='lat' dir='ltr'><strong>occulta</strong></span> <span class='ocrx_word' id='word_1_714' title='bbox 2985 3468 3164 3524; x_wconf 87' lang='lat' dir='ltr'><strong>cordis</strong></span> <span class='ocrx_word' id='word_1_715' title='bbox 3189 3468 3353 3538; x_wconf 90' lang='lat' dir='ltr'><strong>ipsius</strong></span> <span class='ocrx_word' id='word_1_716' title='bbox 3377 3477 3553 3522; x_wconf 83' lang='lat' dir='ltr'><strong>trans-</strong></span> 
     </span>
    </p>
   </div>
   <div class='ocr_carea' id='block_1_99' title="bbox 1961 3563 3553 3640">
    <p class='ocr_par' dir='ltr' id='par_1_99' title="bbox 1961 3563 3553 3640">
     <span class='ocr_line' id='line_1_99' title="bbox 1961 3563 3553 3640; baseline -0.009 -9"><span class='ocrx_word' id='word_1_717' title='bbox 1961 3575 2220 3638; x_wconf 90' lang='lat' dir='ltr'><strong>tulerunt,</strong></span> <span class='ocrx_word' id='word_1_718' title='bbox 2249 3586 2369 3640; x_wconf 65' lang='lat' dir='ltr'><strong>qua:</strong></span> <span class='ocrx_word' id='word_1_719' title='bbox 2399 3569 2578 3623; x_wconf 90' lang='lat' dir='ltr'><strong>nullus</strong></span> <span class='ocrx_word' id='word_1_720' title='bbox 2607 3567 2865 3622; x_wconf 89' lang='lat' dir='ltr'><strong>laicorum</strong></span> <span class='ocrx_word' id='word_1_721' title='bbox 2916 3565 3118 3630; x_wconf 90' lang='lat' dir='ltr'><strong>dicere,</strong></span> <span class='ocrx_word' id='word_1_722' title='bbox 3151 3563 3333 3618; x_wconf 88' lang='lat' dir='ltr'><strong>nullus</strong></span> <span class='ocrx_word' id='word_1_723' title='bbox 3363 3575 3553 3617; x_wconf 83' lang='lat' dir='ltr'><strong>sacer-</strong></span> 
     </span>
    </p>
   </div>
   <div class='ocr_carea' id='block_1_100' title="bbox 1960 3647 3552 3734">
    <p class='ocr_par' dir='ltr' id='par_1_100' title="bbox 1960 3647 3552 3734">
     <span class='ocr_line' id='line_1_100' title="bbox 1960 3647 3552 3734; baseline -0.008 -11"><span class='ocrx_word' id='word_1_724' title='bbox 1960 3667 2148 3723; x_wconf 90' lang='lat' dir='ltr'><strong>dotum</strong></span> <span class='ocrx_word' id='word_1_725' title='bbox 2191 3669 2381 3734; x_wconf 82' lang='lat' dir='ltr'><strong>posset</strong></span> <span class='ocrx_word' id='word_1_726' title='bbox 2421 3647 2630 3716; x_wconf 86' lang='lat' dir='ltr'><strong>audire.</strong></span> <span class='ocrx_word' id='word_1_727' title='bbox 2669 3657 2974 3724; x_wconf 86' lang='lat' dir='ltr'><strong>Doluimus,</strong></span> <span class='ocrx_word' id='word_1_728' title='bbox 3022 3654 3044 3695; x_wconf 83' lang='grc' dir='ltr'><strong>ι</strong></span> <span class='ocrx_word' id='word_1_729' title='bbox 3085 3655 3280 3721; x_wconf 87' lang='lat' dir='ltr'><strong>fateor,</strong></span> <span class='ocrx_word' id='word_1_730' title='bbox 3314 3655 3510 3710; x_wconf 84' lang='lat' dir='ltr'><strong>fratres</strong></span> <span class='ocrx_word' id='word_1_731' title='bbox 3534 3694 3552 3722; x_wconf 88' lang='lat'><strong>,</strong></span> 
     </span>
    </p>
   </div>
   <div class='ocr_carea' id='block_1_101' title="bbox 1960 3747 3554 3825">
    <p class='ocr_par' dir='ltr' id='par_1_101' title="bbox 1960 3747 3554 3825">
     <span class='ocr_line' id='line_1_101' title="bbox 1960 3747 3554 3825; baseline -0.008 -11"><span class='ocrx_word' id='word_1_732' title='bbox 1960 3769 2016 3815; x_wconf 90' lang='lat' dir='ltr'><strong>et</strong></span> <span class='ocrx_word' id='word_1_733' title='bbox 2075 3759 2217 3812; x_wconf 86' lang='lat' dir='ltr'><strong>hunc</strong></span> <span class='ocrx_word' id='word_1_734' title='bbox 2271 3754 2388 3825; x_wconf 83' lang='lat' dir='ltr'><strong>ejus</strong></span> <span class='ocrx_word' id='word_1_735' title='bbox 2457 3753 2654 3808; x_wconf 88' lang='lat' dir='ltr'><strong>mentis</strong></span> <span class='ocrx_word' id='word_1_736' title='bbox 2703 3763 2968 3805; x_wconf 91' lang='lat' dir='ltr'><strong>tumorem</strong></span> <span class='ocrx_word' id='word_1_737' title='bbox 3022 3747 3249 3804; x_wconf 87' lang='lat' dir='ltr'><strong>medelis</strong></span> <span class='ocrx_word' id='word_1_738' title='bbox 3278 3747 3554 3817; x_wconf 64' lang='lat' dir='ltr'><strong>patientia:</strong></span> 
     </span>
    </p>
   </div>
   <div class='ocr_carea' id='block_1_102' title="bbox 1962 3838 3554 3908">
    <p class='ocr_par' dir='ltr' id='par_1_102' title="bbox 1962 3838 3554 3908">
     <span class='ocr_line' id='line_1_102' title="bbox 1962 3838 3554 3908; baseline -0.009 0"><span class='ocrx_word' id='word_1_739' title='bbox 1962 3861 2162 3908; x_wconf 58' lang='lat' dir='ltr'><strong>nostra;</strong></span> <span class='ocrx_word' id='word_1_740' title='bbox 2192 3862 2387 3904; x_wconf 89' lang='lat' dir='ltr'><strong>curare</strong></span> <span class='ocrx_word' id='word_1_741' title='bbox 2418 3847 2763 3901; x_wconf 86' lang='lat' dir='ltr'><strong>tentavimus.</strong></span> <span class='ocrx_word' id='word_1_742' title='bbox 2803 3843 3130 3898; x_wconf 84' lang='lat' dir='ltr'><strong>Nolebamus</strong></span> <span class='ocrx_word' id='word_1_743' title='bbox 3157 3840 3357 3898; x_wconf 89' lang='lat' dir='ltr'><strong>etenim</strong></span> <span class='ocrx_word' id='word_1_744' title='bbox 3381 3856 3443 3896; x_wconf 91' lang='lat' dir='ltr'><strong>ea</strong></span> <span class='ocrx_word' id='word_1_745' title='bbox 3476 3838 3554 3901; x_wconf 87' lang='lat' dir='ltr'><strong>illi</strong></span> 
     </span>
    </p>
   </div>
   <div class='ocr_carea' id='block_1_103' title="bbox 1962 3931 3553 4004">
    <p class='ocr_par' dir='ltr' id='par_1_103' title="bbox 1962 3931 3553 4004">
     <span class='ocr_line' id='line_1_103' title="bbox 1962 3931 3553 4004; baseline -0.006 -5"><span class='ocrx_word' id='word_1_746' title='bbox 1962 3943 2292 4000; x_wconf 83' lang='lat' dir='ltr'><strong>exacerbare</strong></span> <span class='ocrx_word' id='word_1_747' title='bbox 2334 3939 2556 3993; x_wconf 89' lang='lat' dir='ltr'><strong>vulnera</strong></span> <span class='ocrx_word' id='word_1_748' title='bbox 2586 3977 2602 4002; x_wconf 91' lang='lat'><strong>,</strong></span> <span class='ocrx_word' id='word_1_749' title='bbox 2646 3951 2767 4004; x_wconf 88' lang='lat' dir='ltr'><strong>quae</strong></span> <span class='ocrx_word' id='word_1_750' title='bbox 2813 3950 2926 3989; x_wconf 69' lang='lat' dir='ltr'><strong>sure</strong></span> <span class='ocrx_word' id='word_1_751' title='bbox 2955 3935 3149 3988; x_wconf 75' lang='lat' dir='ltr'><strong>animae</strong></span> <span class='ocrx_word' id='word_1_752' title='bbox 3196 3931 3553 3989; x_wconf 75' lang='lat' dir='ltr'><strong>insolentibus</strong></span> 
     </span>
    </p>
   </div>
   <div class='ocr_carea' id='block_1_104' title="bbox 1960 4026 3552 4097">
    <p class='ocr_par' dir='ltr' id='par_1_104' title="bbox 1960 4026 3552 4097">
     <span class='ocr_line' id='line_1_104' title="bbox 1960 4026 3552 4097; baseline -0.009 -6"><span class='ocrx_word' id='word_1_753' title='bbox 1960 4036 2190 4092; x_wconf 87' lang='lat' dir='ltr'><strong>subinde</strong></span> <span class='ocrx_word' id='word_1_754' title='bbox 2220 4031 2563 4088; x_wconf 89' lang='lat' dir='ltr'><strong>sermonibus</strong></span> <span class='ocrx_word' id='word_1_755' title='bbox 2591 4026 2883 4097; x_wconf 84' lang='lat' dir='ltr'><strong>infligebat,</strong></span> <span class='ocrx_word' id='word_1_756' title='bbox 2917 4036 2973 4082; x_wconf 91' lang='lat' dir='ltr'><strong>et</strong></span> <span class='ocrx_word' id='word_1_757' title='bbox 3020 4041 3182 4097; x_wconf 90' lang='lat' dir='ltr'><strong>quem</strong></span> <span class='ocrx_word' id='word_1_758' title='bbox 3235 4039 3552 4093; x_wconf 79' lang='lat' dir='ltr'><strong>suscepera-</strong></span> 
     </span>
    </p>
   </div>
   <div class='ocr_carea' id='block_1_105' title="bbox 1960 4117 3549 4190">
    <p class='ocr_par' dir='ltr' id='par_1_105' title="bbox 1960 4117 3549 4190">
     <span class='ocr_line' id='line_1_105' title="bbox 1960 4117 3549 4190; baseline -0.01 -4"><span class='ocrx_word' id='word_1_759' title='bbox 1960 4147 2082 4186; x_wconf 91' lang='lat' dir='ltr'><strong>mus</strong></span> <span class='ocrx_word' id='word_1_760' title='bbox 2113 4139 2172 4183; x_wconf 91' lang='lat' dir='ltr'><strong>ut</strong></span> <span class='ocrx_word' id='word_1_761' title='bbox 2214 4127 2456 4186; x_wconf 85' lang='lat' dir='ltr'><strong>fratrem,</strong></span> <span class='ocrx_word' id='word_1_762' title='bbox 2488 4131 2527 4161; x_wconf 77' lang='grc' dir='ltr'>ω</span> <span class='ocrx_word' id='word_1_763' title='bbox 2556 4122 2785 4177; x_wconf 89' lang='lat' dir='ltr'><strong>delinire</strong></span> <span class='ocrx_word' id='word_1_764' title='bbox 2829 4121 2997 4190; x_wconf 79' lang='lat' dir='ltr'><strong>magis</strong></span> <span class='ocrx_word' id='word_1_765' title='bbox 3042 4121 3216 4188; x_wconf 90' lang='lat' dir='ltr'><strong>ipsum</strong></span> <span class='ocrx_word' id='word_1_766' title='bbox 3239 4158 3254 4183; x_wconf 90' lang='lat'><strong>,</strong></span> <span class='ocrx_word' id='word_1_767' title='bbox 3301 4117 3549 4188; x_wconf 87' lang='lat' dir='ltr'><strong>quamvis</strong></span> 
     </span>
    </p>
   </div>
   <div class='ocr_carea' id='block_1_106' title="bbox 2025 4254 3542 4325">
    <p class='ocr_par' dir='ltr' id='par_1_106' title="bbox 2025 4254 3542 4325">
     <span class='ocr_line' id='line_1_106' title="bbox 2025 4254 3542 4325; baseline -0.005 -12"><span class='ocrx_word' id='word_1_768' title='bbox 2025 4273 2051 4313; x_wconf 85' lang='lat' dir='ltr'><strong>s</strong></span> <span class='ocrx_word' id='word_1_769' title='bbox 2082 4261 2219 4317; x_wconf 81' lang='lat' dir='ltr'><strong>Vide</strong></span> <span class='ocrx_word' id='word_1_770' title='bbox 2248 4269 2360 4314; x_wconf 89' lang='lat' dir='ltr'><strong>not.</strong></span> <span class='ocrx_word' id='word_1_771' title='bbox 2395 4259 2429 4314; x_wconf 88' lang='lat'><strong>6</strong></span> <span class='ocrx_word' id='word_1_772' title='bbox 2452 4257 2720 4325; x_wconf 86' lang='lat' dir='ltr'><strong>ejusdem,</strong></span> <span class='ocrx_word' id='word_1_773' title='bbox 2745 4267 2797 4312; x_wconf 87' lang='lat' dir='ltr'><strong>et</strong></span> <span class='ocrx_word' id='word_1_774' title='bbox 2819 4264 3060 4311; x_wconf 90' lang='lat' dir='ltr'><strong>nostram</strong></span> <span class='ocrx_word' id='word_1_775' title='bbox 3085 4254 3542 4310; x_wconf 88' lang='lat' dir='ltr'><strong>observationem.</strong></span> 
     </span>
    </p>
   </div>
   <div class='ocr_carea' id='block_1_107' title="bbox 2029 4326 3548 4396">
    <p class='ocr_par' dir='ltr' id='par_1_107' title="bbox 2029 4326 3548 4396">
     <span class='ocr_line' id='line_1_107' title="bbox 2029 4326 3548 4396; baseline -0.007 -7"><span class='ocrx_word' id='word_1_776' title='bbox 2029 4335 2056 4372; x_wconf 59' lang='grc' dir='ltr'>δ</span> <span class='ocrx_word' id='word_1_777' title='bbox 2084 4334 2405 4389; x_wconf 76' lang='lat' dir='ltr'><strong>Sirmoodus</strong></span> <span class='ocrx_word' id='word_1_778' title='bbox 2433 4345 2552 4382; x_wconf 85' lang='lat' dir='ltr'><strong>cum</strong></span> <span class='ocrx_word' id='word_1_779' title='bbox 2579 4328 2736 4383; x_wconf 89' lang='lat' dir='ltr'><strong>editis</strong></span> <span class='ocrx_word' id='word_1_780' title='bbox 2767 4339 2890 4381; x_wconf 88' lang='lat' dir='ltr'><strong>ante</strong></span> <span class='ocrx_word' id='word_1_781' title='bbox 2915 4327 3120 4393; x_wconf 87' lang='lat' dir='ltr'><strong>Qnesn.</strong></span> <span class='ocrx_word' id='word_1_782' title='bbox 3143 4366 3160 4392; x_wconf 94' lang='lat'><strong>,</strong></span> <span class='ocrx_word' id='word_1_783' title='bbox 3189 4326 3244 4379; x_wconf 88' lang='lat' dir='ltr'><strong>in</strong></span> <span class='ocrx_word' id='word_1_784' title='bbox 3283 4341 3431 4378; x_wconf 86' lang='lat' dir='ltr'><strong>suum</strong></span> <span class='ocrx_word' id='word_1_785' title='bbox 3454 4327 3548 4396; x_wconf 83' lang='lat' dir='ltr'><strong>jus</strong></span> 
     </span>
    </p>
   </div>
   <div class='ocr_carea' id='block_1_108' title="bbox 1953 4396 3547 4474">
    <p class='ocr_par' dir='ltr' id='par_1_108' title="bbox 1953 4396 3547 4474">
     <span class='ocr_line' id='line_1_108' title="bbox 1953 4396 3547 4474; baseline -0.008 -13"><span class='ocrx_word' id='word_1_786' title='bbox 1953 4410 2270 4474; x_wconf 75' lang='lat' dir='ltr'><strong>transferens</strong></span> <span class='ocrx_word' id='word_1_787' title='bbox 2319 4403 2641 4474; x_wconf 84' lang='lat' dir='ltr'><strong>dignitatem.</strong></span> <span class='ocrx_word' id='word_1_788' title='bbox 2698 4399 2887 4474; x_wconf 55' lang='lat' dir='ltr'><strong>Nostri</strong></span> <span class='ocrx_word' id='word_1_789' title='bbox 2917 4396 3074 4451; x_wconf 85' lang='lat' dir='ltr'><strong>codd.</strong></span> <span class='ocrx_word' id='word_1_790' title='bbox 3104 4436 3121 4459; x_wconf 89' lang='lat'><strong>,</strong></span> <span class='ocrx_word' id='word_1_791' title='bbox 3170 4397 3224 4474; x_wconf 73' lang='lat' dir='ltr'><strong>in</strong></span> <span class='ocrx_word' id='word_1_792' title='bbox 3277 4412 3427 4474; x_wconf 75' lang='lat' dir='ltr'><strong>suum</strong></span> <span class='ocrx_word' id='word_1_793' title='bbox 3454 4399 3547 4466; x_wconf 85' lang='lat' dir='ltr'><strong>jus</strong></span> 
     </span>
    </p>
   </div>
   <div class='ocr_carea' id='block_1_109' title="bbox 1954 4467 3546 4548">
    <p class='ocr_par' dir='ltr' id='par_1_109' title="bbox 1954 4467 3546 4548">
     <span class='ocr_line' id='line_1_109' title="bbox 1954 4467 3546 4548; baseline -0.007 -16"><span class='ocrx_word' id='word_1_794' title='bbox 1954 4467 2233 4548; x_wconf 64' lang='lat' dir='ltr'><strong>transferre</strong></span> <span class='ocrx_word' id='word_1_795' title='bbox 2247 4467 2563 4548; x_wconf 67' lang='lat' dir='ltr'><strong>dignitatern,</strong></span> <span class='ocrx_word' id='word_1_796' title='bbox 2586 4474 2723 4534; x_wconf 78' lang='lat' dir='ltr'><strong>quod</strong></span> <span class='ocrx_word' id='word_1_797' title='bbox 2743 4472 2846 4548; x_wconf 83' lang='lat' dir='ltr'><strong>alia</strong></span> <span class='ocrx_word' id='word_1_798' title='bbox 2876 4468 3307 4548; x_wconf 72' lang='lat' dir='ltr'><strong>interpuuctione</strong></span> <span class='ocrx_word' id='word_1_799' title='bbox 3331 4467 3396 4548; x_wconf 82' lang='lat' dir='ltr'><strong>ad</strong></span> <span class='ocrx_word' id='word_1_800' title='bbox 3427 4483 3546 4533; x_wconf 88' lang='lat' dir='ltr'><strong>par-</strong></span> 
     </span>
    </p>
   </div>
   <div class='ocr_carea' id='block_1_110' title="bbox 1953 4538 3545 4618">
    <p class='ocr_par' dir='ltr' id='par_1_110' title="bbox 1953 4538 3545 4618">
     <span class='ocr_line' id='line_1_110' title="bbox 1953 4538 3545 4618; baseline -0.006 -16"><span class='ocrx_word' id='word_1_801' title='bbox 1953 4538 2194 4618; x_wconf 57' lang='lat' dir='ltr'><strong>tii-ipi&#39;um</strong></span> <span class='ocrx_word' id='word_1_802' title='bbox 2222 4538 2432 4618; x_wconf 58' lang='lat' dir='ltr'><strong>cupiens</strong></span> <span class='ocrx_word' id='word_1_803' title='bbox 2458 4542 2709 4597; x_wconf 84' lang='lat' dir='ltr'><strong>refertur.</strong></span> <span class='ocrx_word' id='word_1_804' title='bbox 2743 4544 2946 4607; x_wconf 79' lang='lat' dir='ltr'><strong>Quesn.</strong></span> <span class='ocrx_word' id='word_1_805' title='bbox 2975 4540 3211 4609; x_wconf 62' lang='lat' dir='ltr'><strong>praetulit</strong></span> <span class='ocrx_word' id='word_1_806' title='bbox 3248 4538 3545 4593; x_wconf 88' lang='lat' dir='ltr'><strong>lectionem</strong></span> 
     </span>
    </p>
   </div>
   <div class='ocr_carea' id='block_1_111' title="bbox 1954 4616 3544 4692">
    <p class='ocr_par' dir='ltr' id='par_1_111' title="bbox 1954 4616 3544 4692">
     <span class='ocr_line' id='line_1_111' title="bbox 1954 4616 3544 4692; baseline 0.013 -29"><span class='ocrx_word' id='word_1_807' title='bbox 1954 4616 2084 4692; x_wconf 15' lang='lat' dir='ltr'><strong>mgis,</strong></span> <span class='ocrx_word' id='word_1_808' title='bbox 2117 4618 2331 4674; x_wconf 71' lang='lat' dir='ltr'><strong>cttIIBCl.</strong></span> <span class='ocrx_word' id='word_1_809' title='bbox 2360 4616 2414 4669; x_wconf 61' lang='grc'><strong>2.</strong></span> <span class='ocrx_word' id='word_1_810' title='bbox 2570 4688 2580 4692; x_wconf 29' lang='grc' dir='ltr'><strong>Α</strong></span> <span class='ocrx_word' id='word_1_811' title='bbox 2700 4688 2710 4692; x_wconf 75' lang='lat'><strong><em>_</em></strong></span> <span class='ocrx_word' id='word_1_812' title='bbox 2734 4685 2748 4692; x_wconf 46' lang='lat'><strong>-</strong></span> <span class='ocrx_word' id='word_1_813' title='bbox 2850 4684 2862 4692; x_wconf 80' lang='lat'>_</span> <span class='ocrx_word' id='word_1_814' title='bbox 3108 4681 3139 4692; x_wconf 56' lang='lat'><strong><em>_.</em></strong></span> <span class='ocrx_word' id='word_1_815' title='bbox 3273 4678 3309 4692; x_wconf 65' lang='grc' dir='ltr'><strong>Α</strong></span> <span class='ocrx_word' id='word_1_816' title='bbox 3486 4678 3544 4692; x_wconf 69' lang='grc' dir='ltr'><strong>,η</strong></span> 
     </span>
    </p>
   </div>
   <div class='ocr_carea' id='block_1_112' title="bbox 2029 4678 3545 4749">
    <p class='ocr_par' dir='ltr' id='par_1_112' title="bbox 2029 4678 3545 4749">
     <span class='ocr_line' id='line_1_112' title="bbox 2029 4678 3545 4749; baseline -0.007 -2"><span class='ocrx_word' id='word_1_817' title='bbox 2029 4691 2046 4730; x_wconf 75' lang='grc' dir='ltr'><strong>ί</strong></span> <span class='ocrx_word' id='word_1_818' title='bbox 2084 4693 2157 4747; x_wconf 90' lang='lat' dir='ltr'><strong>Ita</strong></span> <span class='ocrx_word' id='word_1_819' title='bbox 2193 4702 2382 4741; x_wconf 79' lang='lat' dir='ltr'><strong>omnes</strong></span> <span class='ocrx_word' id='word_1_820' title='bbox 2412 4688 2582 4741; x_wconf 89' lang='lat' dir='ltr'><strong>nostri</strong></span> <span class='ocrx_word' id='word_1_821' title='bbox 2613 4685 2799 4749; x_wconf 73' lang='lat' dir='ltr'><strong>codd,</strong></span> <span class='ocrx_word' id='word_1_822' title='bbox 2848 4684 3014 4738; x_wconf 89' lang='lat' dir='ltr'><strong>immo</strong></span> <span class='ocrx_word' id='word_1_823' title='bbox 3069 4681 3231 4738; x_wconf 89' lang='lat' dir='ltr'><strong>etiam</strong></span> <span class='ocrx_word' id='word_1_824' title='bbox 3269 4678 3545 4748; x_wconf 85' lang='lat' dir='ltr'><strong>Quesnelli</strong></span> 
     </span>
    </p>
   </div>
   <div class='ocr_carea' id='block_1_113' title="bbox 1950 4752 3544 4834">
    <p class='ocr_par' dir='ltr' id='par_1_113' title="bbox 1950 4752 3544 4834">
     <span class='ocr_line' id='line_1_113' title="bbox 1950 4752 3544 4834; baseline -0.007 -17"><span class='ocrx_word' id='word_1_825' title='bbox 1950 4773 2113 4834; x_wconf 90' lang='lat' dir='ltr'><strong>atque</strong></span> <span class='ocrx_word' id='word_1_826' title='bbox 2157 4760 2453 4834; x_wconf 81' lang='lat' dir='ltr'><strong>Sirmondi,</strong></span> <span class='ocrx_word' id='word_1_827' title='bbox 2501 4772 2809 4834; x_wconf 79' lang='lat' dir='ltr'><strong>omnesque</strong></span> <span class='ocrx_word' id='word_1_828' title='bbox 2850 4755 3138 4834; x_wconf 53' lang='lat' dir='ltr'><strong>editiones:</strong></span> <span class='ocrx_word' id='word_1_829' title='bbox 3189 4752 3544 4834; x_wconf 75' lang='lat' dir='ltr'><strong>Conjccturas</strong></span> 
     </span>
    </p>
   </div>
   <div class='ocr_carea' id='block_1_114' title="bbox 1949 4824 3544 4900">
    <p class='ocr_par' dir='ltr' id='par_1_114' title="bbox 1949 4824 3544 4900">
     <span class='ocr_line' id='line_1_114' title="bbox 1949 4824 3544 4900; baseline -0.009 -9"><span class='ocrx_word' id='word_1_830' title='bbox 1949 4824 2247 4900; x_wconf 60' lang='lat' dir='ltr'><strong>Qu&#39;vsnelli,</strong></span> <span class='ocrx_word' id='word_1_831' title='bbox 2275 4829 2470 4898; x_wconf 86' lang='lat' dir='ltr'><strong>quibus</strong></span> <span class='ocrx_word' id='word_1_832' title='bbox 2499 4831 2681 4884; x_wconf 88' lang='lat' dir='ltr'><strong>mallet</strong></span> <span class='ocrx_word' id='word_1_833' title='bbox 2712 4824 2811 4896; x_wconf 79' lang='lat' dir='ltr'><strong>legi</strong></span> <span class='ocrx_word' id='word_1_834' title='bbox 2841 4842 2935 4888; x_wconf 83' lang='lat' dir='ltr'><strong>pro</strong></span> <span class='ocrx_word' id='word_1_835' title='bbox 2959 4825 3156 4880; x_wconf 69' lang='lat' dir='ltr'><strong>caeteris</strong></span> <span class='ocrx_word' id='word_1_836' title='bbox 3177 4824 3544 4894; x_wconf 81' lang='lat' dir='ltr'><strong>expendemus</strong></span> 
     </span>
    </p>
   </div>
   <div class='ocr_carea' id='block_1_115' title="bbox 1950 4899 2904 4970">
    <p class='ocr_par' dir='ltr' id='par_1_115' title="bbox 1950 4899 2904 4970">
     <span class='ocr_line' id='line_1_115' title="bbox 1950 4899 2904 4970; baseline -0.007 -10"><span class='ocrx_word' id='word_1_837' title='bbox 1950 4899 2004 4960; x_wconf 83' lang='lat' dir='ltr'><strong>in</strong></span> <span class='ocrx_word' id='word_1_838' title='bbox 2037 4907 2306 4959; x_wconf 86' lang='lat' dir='ltr'><strong>observat.</strong></span> <span class='ocrx_word' id='word_1_839' title='bbox 2335 4901 2401 4954; x_wconf 89' lang='lat' dir='ltr'><strong>ad</strong></span> <span class='ocrx_word' id='word_1_840' title='bbox 2434 4913 2546 4956; x_wconf 87' lang='lat' dir='ltr'><strong>not.</strong></span> <span class='ocrx_word' id='word_1_841' title='bbox 2579 4900 2821 4970; x_wconf 84' lang='lat' dir='ltr'><strong>ejusdem</strong></span> <span class='ocrx_word' id='word_1_842' title='bbox 2851 4899 2904 4953; x_wconf 89' lang='lat'><strong>7.</strong></span> 
     </span>
    </p>
   </div>
   <div class='ocr_carea' id='block_1_116' title="bbox 2023 4969 3028 5037">
    <p class='ocr_par' dir='ltr' id='par_1_116' title="bbox 2023 4969 3028 5037">
     <span class='ocr_line' id='line_1_116' title="bbox 2023 4969 3028 5037; baseline -0.006 -9"><span class='ocrx_word' id='word_1_843' title='bbox 2023 4977 2040 5028; x_wconf 92' lang='lat' dir='ltr'><strong>l</strong></span> <span class='ocrx_word' id='word_1_844' title='bbox 2089 4978 2225 5031; x_wconf 87' lang='lat' dir='ltr'><strong>Tres</strong></span> <span class='ocrx_word' id='word_1_845' title='bbox 2255 4974 2426 5027; x_wconf 89' lang='lat' dir='ltr'><strong>nostri</strong></span> <span class='ocrx_word' id='word_1_846' title='bbox 2459 4969 2620 5037; x_wconf 79' lang='lat' dir='ltr'><strong>mss.,</strong></span> <span class='ocrx_word' id='word_1_847' title='bbox 2641 4989 2741 5026; x_wconf 86' lang='lat' dir='ltr'><strong>non</strong></span> <span class='ocrx_word' id='word_1_848' title='bbox 2772 4969 3028 5024; x_wconf 83' lang='lat' dir='ltr'><strong>habuerit.</strong></span> 
     </span>
    </p>
   </div>
   <div class='ocr_carea' id='block_1_117' title="bbox 2021 5032 3544 5116">
    <p class='ocr_par' dir='ltr' id='par_1_117' title="bbox 2021 5032 3544 5116">
     <span class='ocr_line' id='line_1_117' title="bbox 2021 5032 3544 5116; baseline -0.01 -14"><span class='ocrx_word' id='word_1_849' title='bbox 2021 5046 2048 5086; x_wconf 72' lang='grc' dir='ltr'><strong>¹ι</strong></span> <span class='ocrx_word' id='word_1_850' title='bbox 2077 5048 2304 5116; x_wconf 85' lang='lat' dir='ltr'><strong>Quesn.,</strong></span> <span class='ocrx_word' id='word_1_851' title='bbox 2331 5043 2384 5098; x_wconf 89' lang='lat' dir='ltr'><strong>in</strong></span> <span class='ocrx_word' id='word_1_852' title='bbox 2415 5061 2582 5113; x_wconf 75' lang='lat' dir='ltr'><strong>marg.</strong></span> <span class='ocrx_word' id='word_1_853' title='bbox 2603 5032 2622 5097; x_wconf 69' lang='grc' dir='ltr'>ἐ</span> <span class='ocrx_word' id='word_1_854' title='bbox 2644 5045 2700 5098; x_wconf 86' lang='lat' dir='ltr'><strong>S.</strong></span> <span class='ocrx_word' id='word_1_855' title='bbox 2730 5043 2926 5116; x_wconf 78' lang='lat' dir='ltr'><strong>Paulus</strong></span> <span class='ocrx_word' id='word_1_856' title='bbox 2962 5040 2979 5094; x_wconf 94' lang='lat' dir='ltr'><strong>l</strong></span> <span class='ocrx_word' id='word_1_857' title='bbox 3008 5036 3136 5096; x_wconf 88' lang='lat' dir='ltr'><strong>Cor.</strong></span> <span class='ocrx_word' id='word_1_858' title='bbox 3159 5052 3274 5102; x_wconf 73' lang='lat' dir='ltr'><strong>xxv,</strong></span> <span class='ocrx_word' id='word_1_859' title='bbox 3296 5033 3369 5090; x_wconf 73' lang='grc'><strong>25</strong></span> <span class='ocrx_word' id='word_1_860' title='bbox 3396 5049 3412 5088; x_wconf 86' lang='lat'><strong>:</strong></span> <span class='ocrx_word' id='word_1_861' title='bbox 3443 5032 3544 5089; x_wconf 84' lang='lat' dir='ltr'><strong>Oc-</strong></span> 
     </span>
    </p>
   </div>
   <div class='ocr_carea' id='block_1_118' title="bbox 1950 5115 2892 5187">
    <p class='ocr_par' dir='ltr' id='par_1_118' title="bbox 1950 5115 2892 5187">
     <span class='ocr_line' id='line_1_118' title="bbox 1950 5115 2892 5187; baseline -0.008 -14"><span class='ocrx_word' id='word_1_862' title='bbox 1950 5115 2290 5174; x_wconf 82' lang='lat' dir='ltr'><strong>cultacordis</strong></span> <span class='ocrx_word' id='word_1_863' title='bbox 2312 5119 2426 5187; x_wconf 77' lang='lat' dir='ltr'><strong>ejus</strong></span> <span class='ocrx_word' id='word_1_864' title='bbox 2451 5116 2719 5184; x_wconf 81' lang='lat' dir='ltr'><strong>manifesta</strong></span> <span class='ocrx_word' id='word_1_865' title='bbox 2747 5115 2892 5182; x_wconf 79' lang='lat' dir='ltr'><strong>fient.</strong></span> 
     </span>
    </p>
   </div>
   <div class='ocr_carea' id='block_1_119' title="bbox 2026 5177 3542 5259">
    <p class='ocr_par' dir='ltr' id='par_1_119' title="bbox 2026 5177 3542 5259">
     <span class='ocr_line' id='line_1_119' title="bbox 2026 5177 3542 5259; baseline -0.009 -15"><span class='ocrx_word' id='word_1_866' title='bbox 2026 5188 2046 5228; x_wconf 81' lang='lat'>1</span> <span class='ocrx_word' id='word_1_867' title='bbox 2074 5190 2308 5244; x_wconf 78' lang='lat' dir='ltr'><strong>Verbum</strong></span> <span class='ocrx_word' id='word_1_868' title='bbox 2332 5177 2546 5257; x_wconf 58' lang='lat' dir='ltr'><strong>&#39;fateor,</strong></span> <span class='ocrx_word' id='word_1_869' title='bbox 2590 5177 2756 5255; x_wconf 75' lang='lat' dir='ltr'><strong>quod</strong></span> <span class='ocrx_word' id='word_1_870' title='bbox 2771 5193 2896 5259; x_wconf 66' lang='lat' dir='ltr'><strong>erat</strong></span> <span class='ocrx_word' id='word_1_871' title='bbox 2939 5183 3004 5259; x_wconf 87' lang='lat' dir='ltr'><strong>in_</strong></span> <span class='ocrx_word' id='word_1_872' title='bbox 3036 5177 3363 5259; x_wconf 73' lang='lat' dir='ltr'><strong>editionibtls</strong></span> <span class='ocrx_word' id='word_1_873' title='bbox 3415 5186 3542 5230; x_wconf 88' lang='lat' dir='ltr'><strong>ante</strong></span> 
     </span>
    </p>
   </div>
   <div class='ocr_carea' id='block_1_120' title="bbox 1950 5253 3512 5330">
    <p class='ocr_par' dir='ltr' id='par_1_120' title="bbox 1950 5253 3512 5330">
     <span class='ocr_line' id='line_1_120' title="bbox 1950 5253 3512 5330; baseline -0.01 -16"><span class='ocrx_word' id='word_1_874' title='bbox 1950 5263 2154 5330; x_wconf 83' lang='lat' dir='ltr'><strong>Quesn.</strong></span> <span class='ocrx_word' id='word_1_875' title='bbox 2185 5260 2250 5314; x_wconf 79' lang='lat' dir='ltr'><strong>ex</strong></span> <span class='ocrx_word' id='word_1_876' title='bbox 2276 5253 2474 5312; x_wconf 82' lang='lat' dir='ltr'><strong>nostris</strong></span> <span class='ocrx_word' id='word_1_877' title='bbox 2511 5253 2728 5330; x_wconf 25' lang='lat' dir='ltr'><strong>mssret</strong></span> <span class='ocrx_word' id='word_1_878' title='bbox 2755 5253 3043 5330; x_wconf 81' lang='lat' dir='ltr'><strong>Sirmondo</strong></span> <span class='ocrx_word' id='word_1_879' title='bbox 3070 5253 3462 5330; x_wconf 73' lang='lat' dir='ltr'><strong>remeavimus.</strong></span> <span class='ocrx_word' id='word_1_880' title='bbox 3501 5317 3512 5327; x_wconf 42' lang='lat'><strong><em>.</em></strong></span> 
     </span>
    </p>
   </div>
   <div class='ocr_carea' id='block_1_121' title="bbox 2020 5321 3539 5397">
    <p class='ocr_par' dir='ltr' id='par_1_121' title="bbox 2020 5321 3539 5397">
     <span class='ocr_line' id='line_1_121' title="bbox 2020 5321 3539 5397; baseline -0.011 -10"><span class='ocrx_word' id='word_1_881' title='bbox 2020 5342 2062 5370; x_wconf 72' lang='grc' dir='ltr'><strong><em>ω</em></strong></span> <span class='ocrx_word' id='word_1_882' title='bbox 2093 5331 2268 5386; x_wconf 86' lang='lat' dir='ltr'><strong>Nostri</strong></span> <span class='ocrx_word' id='word_1_883' title='bbox 2299 5330 2534 5387; x_wconf 87' lang='lat' dir='ltr'><strong>codices.</strong></span> <span class='ocrx_word' id='word_1_884' title='bbox 2563 5328 2778 5382; x_wconf 76' lang='lat' dir='ltr'><strong>delinire</strong></span> <span class='ocrx_word' id='word_1_885' title='bbox 2807 5326 2968 5397; x_wconf 90' lang='lat' dir='ltr'><strong>magis</strong></span> <span class='ocrx_word' id='word_1_886' title='bbox 3004 5321 3266 5397; x_wconf 71' lang='lat' dir='ltr'><strong>(quamvis</strong></span> <span class='ocrx_word' id='word_1_887' title='bbox 3291 5321 3401 5388; x_wconf 86' lang='lat' dir='ltr'><strong>ipse</strong></span> <span class='ocrx_word' id='word_1_888' title='bbox 3429 5321 3539 5370; x_wconf 85' lang='lat' dir='ltr'><strong>suis</strong></span> 
     </span>
    </p>
   </div>
   <div class='ocr_carea' id='block_1_122' title="bbox 1950 5392 3539 5473">
    <p class='ocr_par' dir='ltr' id='par_1_122' title="bbox 1950 5392 3539 5473">
     <span class='ocr_line' id='line_1_122' title="bbox 1950 5392 3539 5473; baseline -0.013 -17"><span class='ocrx_word' id='word_1_889' title='bbox 1950 5401 2365 5473; x_wconf 72' lang='lat' dir='ltr'><strong>responsionibus</strong></span> <span class='ocrx_word' id='word_1_890' title='bbox 2387 5401 2646 5473; x_wconf 70' lang='lat' dir='ltr'><strong>invitaret</strong></span> <span class='ocrx_word' id='word_1_891' title='bbox 2669 5441 2685 5465; x_wconf 93' lang='lat'><strong>,</strong></span> <span class='ocrx_word' id='word_1_892' title='bbox 2729 5397 2872 5473; x_wconf 80' lang='lat' dir='ltr'><strong>forte</strong></span> <span class='ocrx_word' id='word_1_893' title='bbox 2892 5392 3175 5473; x_wconf 45' lang='lat' dir='ltr'><strong>incitaret)</strong></span> <span class='ocrx_word' id='word_1_894' title='bbox 3225 5403 3384 5473; x_wconf 65' lang='lat' dir='ltr'><strong>quant</strong></span> <span class='ocrx_word' id='word_1_895' title='bbox 3416 5403 3539 5439; x_wconf 88' lang='lat' dir='ltr'><strong>con-</strong></span> 
     </span>
    </p>
   </div>
   <div class='ocr_carea' id='block_1_123' title="bbox 1953 5457 3537 5541">
    <p class='ocr_par' dir='ltr' id='par_1_123' title="bbox 1953 5457 3537 5541">
     <span class='ocr_line' id='line_1_123' title="bbox 1953 5457 3537 5541; baseline -0.011 -13"><span class='ocrx_word' id='word_1_896' title='bbox 1953 5457 2178 5541; x_wconf 49' lang='lat' dir='ltr'><strong>trisrtare,</strong></span> <span class='ocrx_word' id='word_1_897' title='bbox 2204 5481 2309 5528; x_wconf 88' lang='lat' dir='ltr'><strong>etc.</strong></span> <span class='ocrx_word' id='word_1_898' title='bbox 2344 5471 2489 5526; x_wconf 82' lang='lat' dir='ltr'><strong>Idem</strong></span> <span class='ocrx_word' id='word_1_899' title='bbox 2518 5457 2713 5541; x_wconf 77' lang='lat' dir='ltr'><strong>legitur</strong></span> <span class='ocrx_word' id='word_1_900' title='bbox 2734 5469 2896 5541; x_wconf 81' lang='lat' dir='ltr'><strong>apud</strong></span> <span class='ocrx_word' id='word_1_901' title='bbox 2915 5457 3260 5541; x_wconf 76' lang='lat' dir='ltr'><strong>Sirmondttm</strong></span> <span class='ocrx_word' id='word_1_902' title='bbox 3291 5457 3393 5541; x_wconf 79' lang='lat' dir='ltr'><strong>bac</strong></span> <span class='ocrx_word' id='word_1_903' title='bbox 3431 5473 3537 5541; x_wconf 58' lang='lat' dir='ltr'><strong>una</strong></span> 
     </span>
    </p>
   </div>
   <div class='ocr_carea' id='block_1_124' title="bbox 1954 5528 3536 5615">
    <p class='ocr_par' dir='ltr' id='par_1_124' title="bbox 1954 5528 3536 5615">
     <span class='ocr_line' id='line_1_124' title="bbox 1954 5528 3536 5615; baseline -0.013 -14"><span class='ocrx_word' id='word_1_904' title='bbox 1954 5528 2300 5612; x_wconf 75' lang='lat' dir='ltr'><strong>exceptione,</strong></span> <span class='ocrx_word' id='word_1_905' title='bbox 2323 5543 2467 5612; x_wconf 89' lang='lat' dir='ltr'><strong>quod</strong></span> <span class='ocrx_word' id='word_1_906' title='bbox 2499 5528 2600 5610; x_wconf 62' lang='lat' dir='ltr'><strong>prd</strong></span> <span class='ocrx_word' id='word_1_907' title='bbox 2621 5528 2855 5615; x_wconf 63' lang='lat' dir='ltr'><strong>incitaret</strong></span> <span class='ocrx_word' id='word_1_908' title='bbox 2886 5538 3053 5615; x_wconf 13' lang='lat' dir='ltr'><strong>habet,</strong></span> <span class='ocrx_word' id='word_1_909' title='bbox 3100 5528 3536 5615; x_wconf 39' lang='lat' dir='ltr'><strong>inuaderet.‘.ljo-</strong></span> 
     </span>
    </p>
   </div>
   <div class='ocr_carea' id='block_1_125' title="bbox 1955 5599 3537 5683">
    <p class='ocr_par' dir='ltr' id='par_1_125' title="bbox 1955 5599 3537 5683">
     <span class='ocr_line' id='line_1_125' title="bbox 1955 5599 3537 5683; baseline -0.011 -13"><span class='ocrx_word' id='word_1_910' title='bbox 1955 5599 2150 5671; x_wconf 82' lang='lat' dir='ltr'><strong>luitnits</strong></span> <span class='ocrx_word' id='word_1_911' title='bbox 2183 5599 2360 5670; x_wconf 74' lang='lat' dir='ltr'><strong>temeti</strong></span> <span class='ocrx_word' id='word_1_912' title='bbox 2391 5599 2597 5668; x_wconf 68' lang='lat' dir='ltr'><strong>mutare</strong></span> <span class='ocrx_word' id='word_1_913' title='bbox 2638 5612 2924 5683; x_wconf 82' lang='lat' dir='ltr'><strong>lectionem</strong></span> <span class='ocrx_word' id='word_1_914' title='bbox 2971 5605 3302 5683; x_wconf 77' lang='lat' dir='ltr'><strong>anteriorum</strong></span> <span class='ocrx_word' id='word_1_915' title='bbox 3343 5599 3537 5683; x_wconf 76' lang='lat' dir='ltr'><strong>editio-</strong></span> 
     </span>
    </p>
   </div>
   <div class='ocr_carea' id='block_1_126' title="bbox 1956 5676 3534 5758">
    <p class='ocr_par' dir='ltr' id='par_1_126' title="bbox 1956 5676 3534 5758">
     <span class='ocr_line' id='line_1_126' title="bbox 1956 5676 3534 5758; baseline -0.01 -16"><span class='ocrx_word' id='word_1_916' title='bbox 1956 5703 2105 5749; x_wconf 85' lang='lat' dir='ltr'><strong>num,</strong></span> <span class='ocrx_word' id='word_1_917' title='bbox 2133 5689 2294 5743; x_wconf 88' lang='lat' dir='ltr'><strong>etiam</strong></span> <span class='ocrx_word' id='word_1_918' title='bbox 2321 5684 2599 5754; x_wconf 83' lang='lat' dir='ltr'><strong>Quesnelli</strong></span> <span class='ocrx_word' id='word_1_919' title='bbox 2618 5684 2750 5758; x_wconf 17' lang='lat' dir='ltr'><strong>,Aqui</strong></span> <span class='ocrx_word' id='word_1_920' title='bbox 2782 5680 2857 5758; x_wconf 87' lang='lat' dir='ltr'><strong>ad_</strong></span> <span class='ocrx_word' id='word_1_921' title='bbox 2885 5676 3182 5758; x_wconf 71' lang='lat' dir='ltr'><strong>marginem</strong></span> <span class='ocrx_word' id='word_1_922' title='bbox 3204 5676 3414 5730; x_wconf 80' lang='lat' dir='ltr'><strong>notavit</strong></span> <span class='ocrx_word' id='word_1_923' title='bbox 3438 5686 3534 5743; x_wconf 89' lang='lat' dir='ltr'><strong>pro</strong></span> 
     </span>
    </p>
   </div>
   <div class='ocr_carea' id='block_1_127' title="bbox 1957 5750 3214 5821">
    <p class='ocr_par' dir='ltr' id='par_1_127' title="bbox 1957 5750 3214 5821">
     <span class='ocr_line' id='line_1_127' title="bbox 1957 5750 3214 5821; baseline -0.011 -9"><span class='ocrx_word' id='word_1_924' title='bbox 1957 5760 2226 5814; x_wconf 82' lang='lat' dir='ltr'><strong>innodaret</strong></span> <span class='ocrx_word' id='word_1_925' title='bbox 2261 5774 2278 5812; x_wconf 88' lang='lat'><strong><em>:</em></strong></span> <span class='ocrx_word' id='word_1_926' title='bbox 2309 5750 2472 5821; x_wconf 78' lang='lat' dir='ltr'><strong>Alias,</strong></span> <span class='ocrx_word' id='word_1_927' title='bbox 2506 5750 2746 5819; x_wconf 74' lang='lat' dir='ltr'><strong>irretiret,</strong></span> <span class='ocrx_word' id='word_1_928' title='bbox 2777 5752 2858 5806; x_wconf 82' lang='lat' dir='ltr'><strong>vel</strong></span> <span class='ocrx_word' id='word_1_929' title='bbox 2899 5750 3214 5819; x_wconf 77' lang='lat' dir='ltr'><strong>itnplicaret.</strong></span> 
     </span>
    </p>
   </div>
  </div>
