4006 6348
522 284 628 347 031

1654 286 1711 341 S.
1752 284 1999 340 LEONIS
2037 283 2251 339 MAGNI
2301 280 2683 339 EPISTOLE.

3740 112 3749 135 ἱ

3704 282 3800 343 658

521 419 641 475 ipse
654 418 712 460 se
725 416 837 458 suis
851 398 1287 473 responsionibus
1307 397 1778 467 innodaret,quam
1795 408 2116 455 contristare
2145 409 2194 462 Α
2220 399 2619 465 subscriptione
2638 398 2873 462 ﬁrmata,
2888 395 3319 451 invidiosissimis
3339 408 3527 454 contra
3549 399 3797 461 Hilarium

521 500 726 553 nostris
755 493 1292 554 interlocutionibus,
1346 491 1674 547 nitebamur.
1707 493 2004 549 Absolutus
2033 503 2116 549 est

523 587 838 644 Calidonius
866 587 1187 652 episcopus,
1216 583 1467 652 quoniam
1499 599 1559 639 se
1592 584 1787 652 injuste
1813 586 2117 640 sacerdotio

520 680 688 736 fuisse
715 680 1005 747 dejectum,
1040 676 1321 732 manifesta
1349 679 1563 734 teatiuin
1596 682 1966 748 resjionsioiie,
1998 681 2117 750 ipso

521 772 683 828 etiam
721 778 983 838 praesente
1006 811 1020 833 ,
1053 778 1482 837 monstraverat;
1510 773 1579 823 ita
1612 778 1689 837 ut,
1716 771 1857 839 quod
1882 772 2117 827 Hilarius

521 863 800 918 nobiscum
830 862 1078 916 residens
1125 873 1308 929 posset
1354 876 1663 932 opponeie,
1714 878 1819 916 non
1871 863 2111 917 haberet.

522 956 811 1010 Henioiuin
851 967 931 1010 est
963 972 1093 1025 ergo
1116 954 1377 1025 judicium
1404 998 1417 1019 ,
1450 955 1590 1025 quod
1632 955 1898 1024 prolatum
1929 956 1984 1010 in
2018 957 2119 1012 hac

521 1047 790 1103 sententia
822 1048 1119 1115 legebatur,
1154 1047 1294 1114 quod
1330 1056 1601 1114 tamquam
1632 1056 1656 1082 ἰ
1690 1046 1863 1101 vidua:
1892 1049 2118 1103 maritus

522 1142 891 1197 sacerdotium
918 1142 1084 1212 636
1111 1156 1293 1196 tenere
1324 1158 1428 1195 non
1453 1153 1653 1209 posset.
1685 1142 1837 1208 Quod
1872 1156 1969 1197 tios
1999 1144 2119 1213 qui-

524 1235 647 1291 dem
680 1248 959 1291 servantes
989 1236 1179 1299 legaiia
1210 1234 1827 1302 constituta,solticitius
1846 1235 2119 1291 voluimus

522 1329 808 1393 custodiri,
865 1343 969 1382 non
1018 1328 1193 1382 solum
1247 1327 1388 1381 circa
1441 1328 1792 1395 sacerdotes,
1837 1327 1933 1383 sed
1974 1330 2118 1384 circa

522 1422 753 1477 clericos
778 1435 994 1489 quoque
1028 1420 1251 1474 minoris
1290 1419 1450 1473 ofﬁcii
1482 1438 1494 1471 :
1528 1436 1594 1474 ue
1637 1419 1703 1473 ad
1735 1436 1945 1475 sarram
1978 1422 2121 1475 mili-

524 1515 651 1567 tiam
688 1513 738 1566 hi
773 1512 1153 1582 permittantur
1183 1513 1443 1567 accedere
1470 1513 1666 1582 quibus
1697 1514 1766 1567 sit
1794 1514 1900 1568 tale
1925 1516 2120 1585 conju-

523 1606 690 1675 ginm.
722 1601 752 1642 δ
782 1607 858 1660 vel
891 1606 982 1675 qui
1025 1617 1215 1661 contra
1251 1608 1599 1676 apostolicam
1631 1607 1971 1677 disciplinain
2012 1624 2118 1664 non

525 1700 682 1754 unius
735 1710 939 1753 tantum
990 1702 1174 1754 uxoris
1223 1700 1327 1753 viri
1380 1700 1545 1756 fuisse
1590 1712 1980 1757 mansurentur.
2013 1703 2119 1759 Sed

524 1792 671 1847 sicut
700 1808 813 1855 eos,
864 1806 998 1861 quos
1029 1790 1227 1847 factum
1261 1808 1415 1847 suum
1467 1810 1570 1847 non
1604 1803 1783 1861 potest
1812 1810 2077 1851 excusare
2103 1838 2118 1862 ,

525 1903 621 1945 aut
648 1907 751 1943 non
783 1890 1170 1956 admittendos,
1213 1901 1306 1945 aut
1355 1892 1397 1945 si
1446 1902 1467 1929 ε
1521 1892 1736 1955 fuerint,
1773 1894 2120 1949 decernimus

524 1983 904 2047 removendos,
952 1984 1023 2036 ita
1055 1984 1250 2050 quibus
1281 1984 1380 2037 lioc
1411 1984 1549 2039 falso
1575 1986 1846 2053 objicitur,
1880 1983 1906 2023 ἀ
1940 1986 2117 2043 habita

523 2092 747 2131 necesse
764 2088 847 2131 est
867 2078 1271 2133 examinatione
1297 2094 1606 2147 purgemus,
1623 2089 1678 2133 et
1698 2094 1853 2133 suum
1879 2081 2115 2134 officium

522 2169 755 2237 perdere
787 2183 890 2223 non
940 2170 1203 2224 sinamus.
1240 2180 1262 2206 ε
1290 2171 1572 2224 Mansisset
1621 2187 1851 2242 namque
1880 2174 1932 2226 in
1967 2174 2117 2228 illuni

522 2263 731 2331 prolata
763 2265 1056 2329 sententia,
1110 2265 1155 2318 si
1204 2263 1538 2333 objectorum
1568 2265 1771 2320 veritas
1797 2266 2114 2322 exstitisset.

522 2354 785 2410 Redditus
843 2361 1022 2426 itaque
1059 2365 1142 2410 est
1177 2357 1432 2412 Ecclesia:
1474 2373 1606 2423 suae,
1659 2368 1714 2413 et
1759 2358 1902 2424 huic,
1956 2376 2115 2430 quam

521 2446 771 2502 amittere
821 2464 929 2503 non
972 2447 1181 2515 debuit,
1235 2449 1480 2519 dignitati
1528 2452 1883 2520 coepiscopus
1934 2466 2117 2509 noster

522 2537 855 2602 Celidouius.
890 2543 1030 2597 sicut
1055 2550 1330 2610 gestorum
1359 2544 1528 2598 series
1548 2586 1563 2610 ,
1594 2554 1651 2597 et
1683 2554 1804 2613 post
1830 2545 2114 2601 decursam

521 2635 880 2702 cognitionem
933 2639 1200 2691 sententia
1226 2678 1242 2705 ,
1285 2652 1405 2707 quae
1444 2653 1475 2691 a
1530 2640 1687 2693 nobis
1740 2648 1821 2693 est
1867 2639 2115 2709 prolata,

520 2734 767 2782 testatur.

590 2819 721 2876 Car.
759 2821 848 2875 ιν.
870 2851 942 2863 -
971 2822 1105 2877 Huic
1133 2825 1349 2894 negotio
1378 2825 1458 2881 sic
1484 2824 1633 2880 linito
1658 2867 1672 2890 ,
1704 2827 1882 2881 fratris
1918 2835 1972 2882 et
2026 2841 2117 2882 co-

522 2915 761 2986 cpiscopi
794 2921 963 2972 nostri
999 2918 1230 2987 Projecti
1263 2922 1478 2988 querela
1510 2924 1771 2976 successit
1809 2938 1822 2975 :
1858 2922 2011 2991 enjus
2048 2922 2117 2976 ad

524 3024 623 3064 nos
655 3011 846 3065 litterae
874 3011 1251 3082 lacrymabiles
1288 3022 1342 3066 et
1386 3013 1658 3079 dolenda},
1694 3015 1760 3069 de
1805 3015 2117 3083 superordi-

521 3109 649 3155 nato
702 3102 807 3156 sibi
856 3103 1133 3173 episcopo,
1168 3112 1294 3158 sunt
1340 3105 1579 3161 directae.
1621 3107 1854 3176 Epistola
1900 3123 2115 3177 quoque

2222 493 2378 563 plena
2400 490 2753 562 querimoniis
2774 508 2785 544 :
2807 490 2947 560 quod
2973 488 3219 559 Projecto
3242 489 3372 559 epist
3394 506 3498 560 Opo
3521 508 3619 547 suo
3639 511 3800 565 aegro-

2222 597 2337 642 tare
2369 587 2591 640 liberum
2626 600 2733 639 non
2788 583 3016 651 fuisset,
3073 584 3295 652 ejusque
3340 585 3700 641 Sacerdmium
3749 588 3798 647 iii

2219 680 2380 733 alium
2410 688 2607 747 praeter
2628 694 2778 732 suam
2808 676 3052 732 n0titiam
3075 690 3199 732 esse
3229 679 3563 745 translatum,
3595 690 3644 734 et
3678 692 3800 737 tam.

2219 788 2377 842 quam
2409 771 2461 825 in
2493 786 2714 826 vacuam
2764 771 3159 840 posse~siouem
3192 774 3259 827 ab
3289 772 3493 828 Hilario
3522 788 3803 842 pervasore

2222 865 2490 921 heredem
2544 864 2775 919 viventis
2832 866 3129 920 inductum.
3178 866 3315 935 Quid
3370 866 3453 920 hic
3502 865 3803 924 fraternitas

2222 971 2407 1015 vestra
2460 957 2684 1026 sentiat,
2738 972 3059 1027 caperemus
3114 960 3322 1015 audire.
3364 958 3693 1027 Quamquam
3743 961 3803 1017 de

2221 1053 2416 1107 vestris
2437 1050 2631 1103 animis
2655 1059 2836 1103 nostra
2871 1064 2975 1103 non
3008 1049 3203 1105 debeat
3229 1051 3492 1105 sententia
3525 1050 3803 1108 dubitare:

2222 1160 2342 1200 cum
2376 1148 2588 1198 fratrem
2614 1145 2666 1197 in
2691 1142 2889 1197 lectulo
2916 1146 3416 1209 constitutum,tam
3451 1160 3555 1198 non
3579 1144 3802 1199 inﬁrmi-

2226 1246 2333 1289 tate
2377 1237 2622 1302 corporis
2668 1235 2944 1303 aggravari
2996 1250 3155 1303 quam
3201 1236 3309 1289 alio
3353 1236 3579 1290 videatis
3628 1236 3805 1293 dolore

2222 1329 2383 1401 637
2414 1328 2676 1398 torqueri.
2704 1328 2834 1393 Quae
2861 1341 2985 1394 spes
3018 1326 3089 1379 illi
3120 1327 3190 1383 de
3223 1328 3330 1382 vita
3358 1328 3700 1398 relinquitur.
3724 1331 3804 1386 cui

2223 1427 2291 1482 de
2314 1426 2616 1480 sacerdotio
2639 1440 2737 1478 suo
2760 1423 3082 1492 desperatio,
3112 1420 3237 1476 dum
3265 1420 3337 1474 illi
3371 1421 3509 1474 alter
3531 1423 3807 1477 sulismui-

2227 1533 2340 1586 tur,
2372 1518 2678 1588 irrogatur?
2708 1513 2994 1586 Apparetf
3031 1530 3190 1582 quam
3216 1514 3361 1569 mitis
3403 1516 3472 1568 sit
3513 1512 3675 1568 corde
3722 1514 3808 1571 Hi-

2224 1612 2411 1677 larius,
2446 1614 2535 1680 qui
2566 1611 2761 1664 obesse
2786 1608 3188 1677 prmstimiitiorii
3214 1623 3324 1662 sua:
3353 1606 3607 1663 fraterna
3629 1609 3811 1663 mortis

2226 1707 2457 1763 credidit
2502 1706 2833 1771 tarditatem.
2878 1705 3149 1771 Quantum
3182 1705 3325 1758 enim
3373 1704 3426 1757 in
3467 1718 3526 1759 se
3575 1703 3696 1771 fuit,
3741 1705 3811 1760 illi

2156 1798 2202 1857 B
2228 1803 2494 1858 subtraxit
2525 1802 2723 1865 lucem,
2760 1798 2981 1853 abstulit
3011 1799 3194 1861 vitam.
3219 1799 3309 1867 qui
3343 1798 3486 1854 hunc
3521 1806 3546 1846 ι
3575 1797 3812 1854 dolorem

2224 1897 2277 1953 in
2310 1899 2484 1953 locum
2519 1897 2636 1964 ejus
2667 1898 2899 1948 alterum
2934 1891 3308 1961 subrogando,
3356 1907 3424 1946 ne
3476 1892 3541 1945 ad
3588 1894 3813 1948 salutem

2224 1990 2297 2045 illi
2350 2003 2602 2043 recursus
2647 1995 2827 2055 esset,
2881 1986 3085 2055 injecit.
3123 1985 3249 2037 Esto
3282 1993 3338 2037 ut
3379 1983 3410 2020 ιι
3441 1983 3618 2039 brevis
3668 1983 3819 2041 fratri

2223 2084 2464 2139 evenerit
2494 2081 2744 2134 humanae
2767 2079 3092 2133 conditionis
3111 2087 3369 2132 consueta
3396 2077 3669 2148 migratio,
3692 2078 3818 2148 quid

2221 2176 2322 2230 sibi
2358 2175 2588 2228 Hilarius
2614 2174 2809 2242 quaerit
2839 2172 2893 2226 iii
2919 2172 3093 2226 aliena
3121 2169 3401 2239 provincia
3428 2212 3442 2235 ,
3476 2179 3531 2225 et
3572 2168 3624 2225 id
3679 2171 3822 2239 quod

2223 2268 2402 2323 nullus
2443 2267 2789 2320 deceSsorum
2831 2264 2999 2333 ipsius
3048 2272 3173 2317 ante
3225 2262 3530 2316 Patroclum
3588 2260 3817 2330 habuit,

2228 2359 2245 2399 ί
2278 2360 2403 2431 quid
2432 2366 2658 2428 usurpat
2680 2358 2703 2411 Τ
2725 2373 2845 2412 cum
2868 2366 2923 2412 et
2952 2357 3148 2424 ipsum,
3184 2354 3324 2424 quod
3348 2355 3596 2410 Patroclo
3622 2370 3656 2409 a
3691 2356 3826 2413 sede

2222 2455 2516 2525 apostolica
2546 2451 2919 2521 temporaliter
2957 2451 3245 2505 videbatur
3282 2464 3404 2503 esse
3450 2464 3782 2505 concessum
3805 2493 3821 2518 ,

2223 2547 2563 2617 postmodum
2597 2547 2668 2599 sit
2701 2546 2715 2595 i
2752 2543 3018 2599 sententia
3070 2544 3294 2598 meliore
3344 2543 3611 2597 sublatum
3641 2544 3668 2599 ἳ
3713 2545 3828 2601 Ex-

2220 2649 2600 2711 Spectarentur
2639 2648 2788 2693 certe
2823 2649 2946 2691 v0ia
2990 2636 3213 2701 civium,
3248 2636 3557 2691 testimonia
3589 2637 3831 2706 pepulo-

2221 2749 2371 2797 rum;
2427 2742 2761 2802 quaereretur
2808 2730 3199 2784 honoratorum
3257 2728 3579 2798 arbitrium,
3624 2730 3831 2785 electio

2221 2826 2564 2885 clericorum.
2587 2839 2708 2894 quae
2738 2823 2793 2878 in
2824 2822 3168 2877 sacerdotum
3191 2821 3367 2876 solent
3387 2821 3837 2878 ordinationibus

2220 2918 2289 2972 ab
2313 2917 2396 2971 liis
2418 2915 2445 2954 ¹ι
2473 2915 2562 2986 qui
2585 2926 2855 2970 noverunt
2883 2914 3101 2969 Patrum
3130 2913 3368 2982 regulas,
3388 2914 3649 2968 custodiri
3681 2933 3695 2967 ε
3727 2913 3749 2953 ι
3777 2924 3837 2970 ut

2220 3010 2531 3081 aposmlicaa
2563 3008 2901 3063 auctoritatis
2949 3021 3137 3061 norma
3184 3006 3235 3059 in
3276 2990 3532 3059 omnibus
3574 3021 3843 3061 servare-

2221 3113 2328 3170 tur,
2347 3119 2447 3173 qun
2469 3100 2781 3171 praicipitur
2805 3108 2862 3154 ut
2891 3099 3145 3154 sacerdos
3174 3096 3434 3153 Ecclesia:
3464 3097 3836 3167 prmfuturus,

521 3194 727 3267 ingesta
755 3207 837 3253 est
861 3199 1059 3253 civium
1105 3199 1293 3269 ipsius,
1338 3211 1393 3256 et
1442 3217 1731 3257 numerosa
1771 3203 2108 3270 singulorum
2135 3189 2182 3251 C
2215 3214 2322 3253 non
2369 3196 2544 3252 solum
2601 3196 2943 3251 attestatione
2988 3192 3223 3248 ﬁdelium
3251 3232 3265 3256 ,
3296 3190 3393 3247 sed
3426 3192 3591 3247 etiam
3630 3209 3838 3248 eorum

590 3412 617 3439 οι
645 3400 844 3455 Confer
872 3412 981 3455 not.
1013 3403 1045 3457 8
1069 3403 1365 3468 Quesnelli.

588 3472 617 3512 ι’
652 3472 726 3526 lta
758 3474 927 3545 nostri
959 3474 1117 3527 codd.
1163 3493 1284 3532 cum
1332 3478 1533 3544 Quesn.
1582 3475 1666 3530 Al.
1692 3515 1706 3539 ,
1761 3478 1839 3531 vel
1886 3486 2063 3533 contra
2096 3497 2115 3545 ,-

517 3544 857 3609 Sirmoudus,
895 3555 950 3597 ut
980 3556 1174 3600 contra.

595 3626 617 3653 ο
655 3614 973 3670 Sirmondus
1005 3617 1153 3671 addit
1180 3620 1431 3682 admissi,
1467 3618 1609 3688 quod
1645 3629 1823 3675 tamen
1854 3620 2019 3677 etiam
2058 3622 2113 3678 in

518 3688 715 3742 nostris
750 3703 879 3739 mss.
913 3692 1169 3741 omi~sum
1201 3692 1636 3753 stlbiiilclligtllll‘.

588 3756 612 3794 ἀ
644 3757 779 3812 Editi
807 3771 930 3812 ante
964 3760 1305 3833 Sirmondom
1361 3772 1414 3815 et
1450 3761 1651 3827 Qucsn.
1688 3776 1809 3816 cum
1835 3762 2111 3833 aliquibus

515 3844 673 3886 mss..
710 3844 1009 3895 perperam,
1042 3831 1103 3883 ab
1130 3849 1187 3885 ea
1220 3849 1415 3887 necesse
1441 3845 1533 3885 est.

592 3900 975 3953 eCelidoniuni
1033 3902 1512 3957 Vesontionenscm
1577 3904 1739 3958 fuisse
1788 3906 2108 3970 episcopum

517 3971 740 4040 liquebit
768 3988 829 4025 ex
862 3972 941 4023 liis
968 3990 1084 4035 qum
1107 3974 1364 4028 adversus
1388 3975 1732 4041 Qtie~nel|nm
1762 3978 2114 4039 disputabun-

516 4052 605 4096 ttir
636 4044 685 4096 in
720 4044 1184 4099 tiliSt‘l‘ValiOHibllS
1212 4048 1276 4099 ad
1310 4046 1741 4099 dissertationeni
1793 4049 1909 4113 ejus
1956 4054 2015 4110 5,
2056 4063 2104 4103 c.

515 4117 570 4169 1.⁴
595 4113 729 4169 Nihil
764 4113 942 4181 itaque
980 4116 1117 4182 juris
1170 4118 1219 4170 iti
1268 4118 1412 4170 illum
1440 4117 1769 4171 Arelateu~i3
1821 4119 2110 4185 episcorius

514 4186 787 4240 obtinebat
810 4228 823 4244 .
861 4202 923 4240 ac
956 4198 1235 4254 propterea
1268 4203 1386 4240 eum
1420 4192 1476 4241 S.
1517 4187 1625 4241 Leo
1653 4192 1869 4255 scripsi
1905 4208 1916 4241 :
1952 4189 2108 4244 Man-

514 4258 660 4329 sisset
691 4259 740 4309 in
772 4258 914 4309 illum
946 4259 1147 4329 prolata
1180 4260 1269 4325 (ab
1299 4260 1499 4313 Hilario
1537 4261 1836 4315 Arelatensi
1862 4262 1877 4328 )
1906 4274 2109 4315 senten-

515 4328 587 4381 tia
616 4371 630 4393 ,
666 4330 709 4381 si
751 4328 1063 4399 objectorum
1109 4334 1293 4383 veritas
1327 4333 1596 4385 exstitisset
1624 4373 1636 4389 .
1678 4348 1779 4386 non
1825 4348 1891 4386 eo
1940 4348 2107 4387 sensu

514 4400 884 4471 accipieiidotit
912 4411 1011 4454 est.
1039 4418 1099 4453 ac.
1142 4406 1183 4454 si
1228 4403 1285 4457 S.
1322 4404 1556 4471 pontifex
1584 4402 1667 4468 jus
1706 4406 1869 4458 ullntn
1918 4404 2105 4457 Hilarii

513 4473 792 4536 prapriuui
814 4470 865 4522 iii
885 4470 1221 4524 (Ii-lidoninm
1241 4470 1515 4537 agnoscat;
1538 4473 1941 4527 Va'entinianus
1958 4490 2102 4527 t-n'm

516 4539 567 4591 iii
620 4542 1002 4594 constitutione
1054 4559 1172 4596 mox
1209 4544 1577 4609 subjicienda,
1631 4560 1755 4609 qua“:
1799 4562 1864 4597 ex
1910 4544 2104 4599 Li-onis

515 4620 697 4682 mente
741 4614 935 4677 Scripta
972 4627 1020 4668 et
1054 4616 1193 4667 edita
1226 4627 1334 4673 est.
1367 4614 1433 4667 de
1468 4616 1667 4665 Hilario
1703 4618 2057 4682 pronuntians
2085 4658 2100 4682 ,

2297 3400 2316 3439 ί
2352 3401 2492 3456 Editi
2533 3401 2831 3455 anteriores
2861 3398 3149 3455 Sirmoudo
3177 3406 3232 3454 et
3258 3396 3575 3464 Quesnello,
3631 3406 3694 3453 et
3719 3400 3851 3469 qui-

2219 3475 2341 3529 dam
2373 3473 2530 3528 codd.
2566 3472 2769 3527 addunt
2798 3487 2938 3542 ergo.

2293 3554 2318 3591 8
2345 3544 2664 3601 Sirmoiidus
2695 3546 2882 3597 inserit
2911 3544 2978 3597 ei.

2290 3612 2316 3652 h
2348 3620 2549 3670 Sensus
2581 3616 2797 3681 exigere
2825 3614 3039 3668 videtur
3065 3613 3220 3667 brevi.
3247 3611 3387 3666 Editi
3420 3619 3549 3666 ante
3570 3611 3852 3668 Sirmon-

2217 3688 2367 3752 dttm,
2394 3688 2556 3741 breris
2579 3687 2725 3754 fratri
2756 3687 3021 3747 invenerit,
3045 3686 3145 3749 vel,
3167 3686 3372 3738 inventa
3401 3685 3561 3753 fuerit
3585 3682 3861 3741 humane

2214 3760 2525 3814 conditionis
2560 3765 2801 3811 consueta
2828 3758 3088 3827 migratio.
3121 3758 3270 3821 Apud
3302 3758 3505 3820 Quesn.
3534 3770 3677 3810 cum
3710 3757 3863 3813 duo-

2216 3832 2317 3886 bus
2347 3830 2543 3884 nostris
2576 3829 2849 3882 codicibus
2887 3844 3189 3895 perperam,
3225 3828 3531 3881 conditioni.

2296 3900 2310 3938 ί
2348 3902 2418 3954 lla
2461 3901 2803 3967 Quesiiellns,
2848 3909 2897 3951 et
2949 3900 3164 3965 quidam
3212 3900 3380 3952 nostri
3426 3898 3691 3953 codices.
3736 3900 3863 3967 AL,

2218 3990 2309 4027 cur
2336 3972 2592 4042 usurpat?
2640 3970 2806 4042 Paulo
2832 3981 2955 4021 ante
2996 3972 3123 4042 editi
3161 3972 3482 4042 vetustiores
3525 3968 3867 4042 Siriiioqdo

2216 4054 2267 4099 et
2291 4040 2603 4108 Qucsoello,
2637 4053 2721 4095 aut
2758 4041 3029 4095 Patroclus
3056 4041 3307 4099 habui-rit.
3339 4041 3510 4103 male;
3562 4049 3707 4096 ante
3750 4040 3868 4096 Pa-

2218 4116 2437 4169 troclum
2489 4116 2633 4167 enim
2686 4111 2886 4167 habent
2929 4124 3035 4165 tutu
3085 4111 3253 4166 nostri
3298 4122 3407 4165 tum
3440 4110 3753 4168 Sirmmidi
3811 4122 3876 4170 et,

2214 4186 2487 4253 Questielli
2516 4186 2753 4247 codices,
2777 4198 2839 4237 ac
2871 4185 3166 4256 przrserlini
3190 4186 3577 4247 (Iorlieieiists;
3610 4185 3873 4256 ipseque

2214 4259 2480 4309 sermonis
2511 4266 2797 4307 contextus
2826 4255 3052 4311 idipsuni
3085 4255 3326 4319 ﬂagitare
3352 4257 3766 4323 cognoscitur.

2289 4328 2302 4378 i
2340 4325 2880 4381 lndicatanmiifacii
2909 4326 2924 4379 I
2957 4342 3103 4392 iapa-p
3130 4332 3401 4379 decretum
3427 4325 3871 4384 conﬁrmatum

2212 4415 2239 4452 a
2272 4400 2489 4454 C(Blesti
2534 4416 2585 4457 ο,
2626 4414 2729 4465 quo
2757 4397 3122 4451 Narbonensis
3162 4398 3329 4465 prima
3374 4398 3651 4452 PatrOt-ln
3690 4408 3878 4457 antea

2214 4472 2405 4523 tributa
2430 4471 2648 4522 derrelo
2671 4467 2872 4522 Zosimi
2900 4470 3071 4520 eidem
3101 4470 3345 4535 atii-mpm
3381 4469 3501 4529 fuit,
3530 4479 3597 4521 el
3631 4469 3878 4525 Narbo-

2213 4544 2361 4595 ηρηεί
2400 4544 2653 4609 episcOpo
2694 4544 2954 4593 restilttla.
2995 4539 3051 4593 lii
3090 4541 3191 4594 hoc
3226 4556 3401 4594 autem
3430 4538 3732 4595 Zosimiis
3763 4545 3881 4598 Pa-

2213 4621 2380 4665 troclo
2414 4614 2632 4672 laverat,
2668 4611 2790 4678 quia
2839 4611 2882 4663 is
2915 4611 3232 4665 dect-ssoies
3263 4628 3387 4662 suos
3423 4628 3482 4661 ea
3540 4614 3880 4678 provincia

514 4680 647 4763 alios
686 4684 1081 4751 incompetentrr
1110 4687 1339 4747 removit,
1372 4684 1511 4752 quod
1543 4685 1605 4737 ad
1641 4680 2100 4766 Celidonii‘dc-poL
2133 4708 2179 4766 ι)
2210 4699 2424 4749 semper
2475 4683 2671 4766 po‘t'itos
2715 4683 2777 4735 iis
2822 4684 3151 4749 argumentis
3190 4683 3397 4766 statuit.
3453 4683 3693 4749 quibus
3750 4694 3886 4766 tum

516 4752 763 4825 sitionem
809 4755 1072 4818 refertur;
1098 4771 1225 4809 voce
1256 4759 1653 4825 inrompelenler
1678 4758 1763 4821 jus
1797 4760 1844 4808 io
1877 4752 2093 4810 Calido-

519 4823 665 4875 )tittm
693 4825 865 4878 eidem
893 4825 1125 4878 defuisse
1169 4830 1338 4892 palam
1379 4823 1633 4880 ἰιίςήηιιίιι.
1668 4830 1847 4887 Itaque
1878 4829 2100 4889 deposi-

512 4894 675 4949 ti0nis
724 4899 1045 4949 sententiam
1093 4914 1394 4951 mansuram
1434 4896 1596 4951 fuisse
1629 4902 1857 4951 asseruit
1899 4901 1949 4953 S.
1992 4900 2100 4953 Leo

510 4982 618 5018 non
656 4966 840 5019 Hilarii
878 4966 1017 5033 jure,
1058 4969 1148 5021 sed
1188 4970 1268 5023 vel
1308 4969 1427 5035 jure
1466 4969 1689 5022 aliorum
1723 4971 2097 5036 episcoporum

509 5038 752 5101 ejusdem
781 5036 1042 5091 Celtdoiiii
1073 5042 1381 5106 provinciae.
1406 5057 1539 5107 quos
1562 5056 1883 5095 corn-enisse
1913 5054 2100 5097 aut-tor

515 5107 646 5181 Vita:
689 5109 873 5181 Hilarii
926 5111 1145 5172 indicat,
1200 5112 1280 5165 vel
1315 5113 1500 5164 saltem
1546 5110 1712 5174 farto,
1742 5130 2099 5181 qtiatenusi-x

508 5176 769 5243 legalibus
798 5180 1056 5233 inStitutis
1083 5182 1360 5235 viduarum
1406 5188 1654 5237 maritum
1691 5204 1715 5232 :i
1756 5176 1925 5238 sacris
1961 5186 2099 5237 alta-

508 5249 659 5303 rilius
697 5252 984 5304 arcendum
1017 5252 1076 5308 S.
1111 5253 1344 5321 pontifex
1380 5255 1577 5320 paritrr
1602 5255 1897 5321 judicassi’t
1920 5273 1934 5317 ;
1961 5258 2101 5310 unde

511 5324 784 5397 praemisit
804 5340 831 5397 :A
855 5322 1005 5386 Quod
1032 5341 1135 5397 nos
1170 5324 1374 5391 quidem
1402 5335 1655 5397 iervantes
1693 5327 1879 5397 legatio
1904 5329 2097 5379 consti-

507 5400 636 5453 tuta,
666 5393 934 5445 sollicitius
963 5393 1212 5447 voluimus
1237 5395 1486 5447 custodiri
1520 5413 1618 5449 non
1652 5393 1817 5449 solum
1841 5398 1979 5451 circa
2009 5415 2095 5452 sa-

440 5530 441 5533 η
506 5466 752 5529 rerdotcs,
784 5465 873 5516 sed
906 5466 1042 5518 circa
1059 5467 1275 5538 clericos
1304 5483 1502 5536 quoque
1526 5471 1735 5521 minoris
1762 5469 1929 5538 o/jipii.
1961 5469 2099 5523 Hinc

428 5557 440 5600 ξ
505 5538 911 5607 capimgcndam
947 5536 1278 5607 credidimus
1313 5538 1575 5607 postillam
1608 5555 1635 5593 a
1658 5536 1950 5606 Quesnello
1975 5541 2097 5596 litiic

418 5614 427 5625 '
504 5604 621 5679 loco
676 5610 973 5676 appositam
1026 5628 1037 5660 ;
1086 5606 1281 5662 Hilarii
1315 5604 1630 5679 potestatem
1675 5604 1726 5663 in
1778 5612 2095 5672 provinciam

508 5672 846 5750 Yienncnaetn
879 5696 979 5731 non
1010 5680 1201 5749 impetit
1243 5681 1303 5735 S.
1331 5672 1456 5732 'Leo
1481 5722 1493 5744 ,
1551 5682 1695 5750 quod
1749 5681 2092 5736 Celidouiuni

497 5742 684 5877 :lilar‘ii
733 5750 893 5817 jure,
936 5742 1118 5808 Leone
1163 5751 1387 5818 fatente,
1443 5742 1746 5822 depositum
1794 5753 1929 5809 falso
1960 5770 2094 5823 prac-

534 5830 637 5868 UUN
672 5854 683 5870 ι

534 5830 683 5870 υιιιιι.

2208 4759 2493 4818 ιιυῇδροιηις
2529 4754 2777 4807 Nai-tione
2804 4759 2891 4805 isis
2922 4762 3045 4807 ante
3083 4755 3417 4819 restioodere
3459 4769 3582 4805 non
3642 4760 3880 4822 potuit.

2206 4825 2340 4879 Curii
2368 4841 2497 4878 vero
2527 4827 2625 4878 sub
2661 4824 2933 4876 llonifacio
2964 4825 2981 4878 1
3011 4824 3148 4876 idem
3183 4824 3465 4891 cpist'opus
3492 4823 3891 4883 Narbonen-

2207 4899 2281 4951 sis
2307 4899 2593 4965 re~uuipiis
2626 4898 2825 4948 Viribus
2853 4899 3182 4949 Contrarium
3209 4895 3507 4948 ostenderit
3556 4897 3890 4962 ejusmodi

2205 4968 2566 5027 thCtttttetttis,
2615 4983 2735 5035 qua:
2764 4966 2938 5021 allatis
2969 4966 3035 5018 ab
3069 4967 3365 5021 Arelatensi
3410 4966 3567 5021 adeo
3608 4981 3888 5036 ττι-ωειλ-

2206 5039 2352 5100 batit.
2407 5049 2465 5092 ut
2506 5054 2727 5091 omnino
2770 5042 3141 5091 convincentia
3191 5054 3476 5100 ςρηιιιιιινθς
3536 5046 3892 5104 pontifices

2204 5112 2555 5177 approbaveri
2568 5123 2639 5163 ut.
2670 5109 2791 5162 hinc
2810 5126 2926 5161 eain
2952 5124 3045 5172 pro
3056 5109 3285 5162 vinciam
3307 5110 3480 5162 t'ldelll
3502 5109 3894 5171 Arelatensi

2207 5184 2414 5235 meliore
2444 5182 2698 5235 sententia
2728 5181 2991 5235 sublatam
3029 5180 3135 5235 Leo
3167 5180 3420 5234 afﬁrmat.

2279 5250 2303 5289 ¹ί
2340 5254 2677 5316 Siruiondtis,
2732 5254 2819 5321 qui
2864 5262 3073 5327 norunt.
3122 5252 3581 5327 PorrohPatriim
3651 5257 3900 5327 regium

2205 5325 2458 5379 videntur
2488 5340 2606 5378 esse
2655 5338 2888 5376 canones
2917 5324 3131 5395 Patrum
3156 5322 3609 5395 Sardircosiiim
3667 5322 3903 5395 princi-

2204 5395 2468 5468 pieutiutn
2519 5411 2637 5449 can.
2672 5397 2704 5468 5
2743 5411 2863 5468 eum
2904 5394 3261 5448 ordinandum
3307 5394 3683 5468 episcopum,
3717 5404 3827 5468 qui
3862 5418 3899 5455 a

2205 5467 2401 5533 populo
2434 5468 2647 5535 petitur.
2682 5467 2754 5519 De
2786 5464 2889 5519 liac
2924 5477 3102 5518 autem
3131 5482 3187 5518 re
3222 5464 3461 5531 apertius
3509 5464 3904 5531 statuentes

2200 5537 2374 5591 Julius
2484 5537 2843 5615 Innocentius.
2870 5548 2929 5615 _et
2961 5537 3301 5602 leestintis,
3338 5550 3442 5591 non
3475 5545 3626 5595 tam
3671 5547 3904 5615 populi

2203 5625 2359 5678 quam
2384 5608 2514 5662 clcri
2548 5617 2726 5662 votum
2760 5608 3087 5677 ﬂagitartiut.

2282 5678 2293 5716 ¹
2333 5680 2651 5745 Quesncllns
2696 5690 2880 5732 contra
2912 5683 3152 5735 omnium
3204 5690 3529 5737 nostrorum
3587 5686 3904 5746 codicum

2205 5762 2251 5802 ct
2286 5756 2611 5825 unici-torum
2642 5752 2935 5825 editionum
2975 5753 3351 5809 auctoritatem
3387 5756 3559 5813 nullo
3606 5764 3908 5825 iudicato

2208 5837 2307 5877 im.
2336 5824 2537 5891 posuit,
2573 5829 2659 5875 aut
2683 5818 2994 5891 apostolica.
3636 5823 3642 5827 ’
