4006 6348
294 346 386 405 633

1689 341 2027 400 EPISTOLA
2066 344 2136 399 Χ.

3452 344 3559 403 638

295 466 372 537 qui
400 462 527 518 foris
568 469 692 517 sunt
746 462 1055 517 testimonio
1102 460 1372 515 muniatur
1408 458 1461 530 (I
1500 458 1632 513 Tim.
1663 474 1742 524 ιιι,
1775 459 1863 530 7),
1894 462 1945 523 Α
1975 476 2070 531 per
2092 460 2199 515 vim
2229 473 2452 516 necesse
2482 467 2584 523 est.
2617 459 2706 530 qui
2738 459 2949 529 ignotus
2976 457 3280 528 adducitur,
3314 460 3561 528 impona-

296 573 449 625 neque
484 557 633 610 illius
662 557 896 610 scandali
944 556 1280 625 relinquatur
1328 555 1583 620 occasio,
1621 570 1741 609 cum
1770 569 1866 625 per

294 666 459 721 pacem
488 663 542 704 et
572 650 679 704 Deo
707 649 953 716 placitam
978 648 1324 703 concordiam
1352 647 1605 703 consonis
1626 648 1865 702 omnium

292 742 483 807 studiis,
520 745 608 812 qui
639 742 828 797 doctor
871 743 1017 811 pacis
1054 742 1266 797 futurus
1293 752 1396 808 εει,
1429 741 1729 796 ordinatur.

349 834 470 891 Cn.
508 834 570 889 V.
602 864 671 876 —
696 836 799 891 S--d
825 835 915 891 ille
946 836 1248 903 insperatus
1279 835 1643 891 nescientibus
1674 849 1868 905 super—

292 928 443 991 venit,
493 936 550 982 et
578 928 901 996 improvisus
929 928 1207 991 abscessit,
1237 943 1419 994 cursu,
1468 934 1525 981 ut
1559 927 1866 991 didicimus,

291 1020 441 1075 celeri
491 1019 679 1073 itinera
729 1021 893 1074 multa
938 1019 1262 1086 conficiens,
1306 1029 1361 1074 et
1408 1034 1499 1089 per
1550 1018 1870 1089 longinquas

292 1112 589 1183 provincias
618 1120 762 1165 tanta
788 1120 813 1148 ει
846 1113 1231 1189 immaturitate
1256 1111 1585 1179 discurrens,
1613 1120 1669 1166 ut
1689 1111 1871 1167 videa-

293 1215 368 1259 tur
405 1204 635 1273 gloriam
683 1204 749 1257 de
795 1204 1006 1258 scurrili
1060 1204 1343 1259 velocitate
1391 1204 1567 1273 p0tius
1610 1219 1771 1272 quam
1802 1204 1870 1259 de

291 1295 600 1350 sacerdotali
627 1295 997 1351 moderatione
1023 1305 1289 1365 captasse.
1321 1295 1448 1349 Haec
1470 1294 1613 1350 enim
1635 1294 1870 1350 directa-

292 1404 394 1443 rum
427 1386 493 1439 ad
530 1402 625 1440 nos
660 1387 854 1440 civium
884 1389 1044 1441 verba
1075 1398 1197 1440 sunt
1226 1387 1520 1441 litterarum
1551 1404 1566 1441 :
1600 1386 1729 1440 Ante
1754 1388 1871 1441 abs-

290 1484 424 1535 cessit
462 1497 615 1550 quam
645 1497 760 1533 eum
780 1482 974 1534 venisse
1001 1480 1167 1552 638
1197 1496 1480 1534 nossemus.
1511 1478 1628 1533 Non
1655 1489 1737 1535 est
1769 1480 1871 1535 hoc

289 1573 481 1639 redire,
515 1572 609 1627 sed
638 1572 843 1642 fugere,
884 1588 984 1627 nec
1015 1572 1384 1626 salubritatem
1416 1572 1722 1641 impendere
1749 1571 1843 1625 diIi

290 1668 474 1737 gentia:
503 1666 807 1735 pastoralis,
862 1666 957 1721 sed
986 1668 1088 1721 vim
1137 1666 1340 1721 inferre
1371 1667 1594 1720 latronis
1622 1675 1673 1719 et
1715 1664 1869 1731 furis,

290 1762 493 1815 dicente
525 1761 751 1815 Domino
784 1779 794 1814 :
828 1760 928 1824 Qui
956 1776 1055 1813 non
1086 1761 1244 1813 intrat
1271 1776 1359 1830 per
1377 1762 1597 1831 januam
1628 1758 1655 1797 δ
1680 1760 1733 1811 in
1760 1775 1874 1812 cor-

1972 562 2080 608 tur.
2110 553 2369 610 Obtestor
2401 562 2457 608 et
2484 554 2732 618 obsecro,
2764 561 2819 607 et
2840 552 2939 606 sub
2971 551 3065 606 Dei
3097 567 3191 606 vos
3222 551 3563 608 invocatione

1971 650 2256 714 convenio,
2284 648 2591 717 prohibete,
2623 646 2837 715 fratres,
2863 646 3010 709 talia,
3036 654 3091 700 et
3113 660 3329 699 omnem
3354 644 3563 700 dissen-

1972 740 2145 795 sionis
2166 741 2444 795 materiam
2465 740 2531 794 de
2550 740 2744 794 vestris
2768 738 3057 809 provinciis
3071 738 3235 811 639
3261 746 3561 794 removete.

1970 833 2130 891 Certe
2156 850 2254 891 nos
2281 844 2404 889 ante
2435 834 2608 888 Deum
2660 833 3009 899 absolvimus,
3058 834 3148 903 qui
3178 847 3294 896 vos,
3331 847 3398 887 ne
3430 846 3561 902 per-

1972 931 2200 987 mittatis
2227 930 2366 985 ultra
2398 928 2515 984 haec
2548 929 2684 996 fieri,
2738 928 3109 983 convenimus.
3141 927 3242 981 Per
3282 942 3465 997 pacem
3510 933 3567 981 et

1972 1024 2208 1095 quietem
2240 1022 2553 1077 sacerdotes
2580 1021 2673 1090 qui
2715 1017 2878 1075 futuri
2909 1029 3031 1074 sunt
3073 1018 3427 1089 postulentur.
3456 1017 3564 1073 Te-

1974 1124 2167 1172 neatur
2197 1114 2524 1179 subscriptio
2549 1112 2893 1179 clericorum,
2920 1111 3303 1165 honoratorum
3328 1112 3566 1166 testimo-

1975 1209 2147 1273 nium,
2183 1207 2391 1262 ordinis
2415 1220 2714 1261 consensus
2742 1213 2797 1260 et
2826 1205 3017 1273 plebis.
3061 1204 3162 1270 Qui
3187 1202 3207 1241 ί
3244 1203 3564 1271 praefuturus

1975 1311 2057 1357 est
2075 1300 2349 1368 omnibus,
2373 1298 2441 1353 ab
2458 1298 2708 1354 omnibus
2734 1297 2984 1366 eligatur.
3007 1295 3412 1352 Ordinationetn
3439 1295 3565 1365 sibi,

1977 1402 2037 1447 ut
2064 1400 2186 1448 ante
2211 1392 2322 1461 jam
2354 1391 2609 1457 diximus,
2659 1388 2856 1460 singuli
2901 1387 3305 1457 metropolitani
3349 1402 3567 1442 suarum

1975 1484 2371 1556 provinciarum
2395 1499 2519 1538 cum
2545 1484 2627 1537 his
2652 1482 2739 1551 qui
2769 1491 2994 1538 caeteros
3026 1481 3312 1538 sacerdotii
3339 1480 3568 1549 antiqui-

1975 1586 2085 1633 tate
2117 1578 2471 1647 praeveniunt,
2528 1576 2777 1630 restituto
2808 1575 2907 1630 sibi
2942 1589 3037 1645 per
3080 1588 3178 1629 nos
3219 1574 3341 1643 jure
3383 1572 3569 1628 defen-

1977 1675 2122 1730 dant.
2154 1674 2401 1729 Alienum
2446 1673 2534 1742 jus
2564 1672 2699 1727 alter
2744 1672 2845 1727 sibi
2895 1688 3003 1727 non
3035 1672 3228 1727 audeat
3273 1670 3565 1725 vindicare.

1978 1766 2099 1822 Suis
2121 1766 2401 1827 limitibus,
2433 1766 2544 1818 suis
2576 1764 2819 1818 terminis
2847 1763 2918 1818 sit
2948 1766 3319 1833 unusquisque
3344 1770 3568 1817 conten-

289 1865 376 1908 tem
406 1855 605 1917 ovium,
644 1854 733 1907 sed
774 1853 1002 1907 ascendit
1048 1852 1277 1916 aliunde,
1309 1850 1393 1904 hic
1424 1855 1509 1921 fur
1548 1859 1597 1904 et
1635 1849 1769 1903 latro
1800 1858 1872 1905 est
1904 1863 1953 1924 B
1982 1868 2090 1922 ius,
2115 1867 2138 1905 ι
2163 1866 2217 1912 et
2244 1856 2584 1927 privilegium
2616 1856 2717 1909 sibi
2741 1855 2979 1909 debitum
3016 1857 3068 1909 in
3091 1856 3251 1909 alium
3279 1854 3570 1911 transferre

290 1947 458 2019 (Joan.
481 1948 630 2018 1,1).
656 1947 771 2001 Non
795 1962 925 2016 ergo
942 1947 1174 2000 llilarius
1198 1954 1305 2000 tam
1330 1945 1533 2000 studuit
1561 1945 1871 2014 episcopum

286 2058 600 2097 consecrare
628 2058 784 2111 quam
816 2057 938 2095 eum
972 2042 1148 2109 potius
1174 2040 1264 2106 qui
1287 2039 1580 2109 :rgrotabat
1603 2038 1870 2104 occidere,

288 2145 332 2189 et
356 2135 531 2203 ipsum
553 2149 711 2203 quem
739 2134 1082 2201 superposuit
1113 2133 1251 2187 male
1276 2132 1577 2185 ordinando
1598 2131 1869 2197 decipere.

286 2224 385 2279 Nos
416 2236 625 2288 tamen,
660 2226 799 2295 quod
830 2225 979 2279 vobis
1007 2225 1280 2279 credimus
1313 2226 1420 2278 Deo
1442 2223 1619 2291 judice
1652 2223 1875 2291 placitu-

292 2335 422 2384 rum,
481 2322 532 2372 in
578 2335 861 2374 commune
891 2320 1097 2373 cunctis
1142 2319 1394 2373 fratribus
1424 2317 1787 2385 consulentes,
1822 2326 1876 2370 et

286 2411 418 2465 male
448 2410 755 2464 ordinatum
781 2410 1111 2477 sobmoveri,
1150 2420 1204 2465 et
1225 2412 1536 2479 episcopum
1569 2409 1873 2479 Projectum

290 2503 337 2556 in
366 2517 469 2555 suo
499 2503 803 2557 sacerdotio
850 2518 1164 2570 permanere
1191 2504 1387 2557 debere
1413 2501 1749 2557 decrevimus
1779 2518 1794 2555 :
1823 2500 1874 2555 id

287 2604 591 2649 statuentes
620 2605 674 2647 ut
701 2594 745 2647 si
775 2596 1054 2665 quisquam
1080 2595 1305 2649 fratrum
1334 2605 1638 2649 nostrorum
1664 2597 1713 2648 in
1744 2609 1876 2665 qua-

284 2700 512 2751 cumque
542 2688 817 2756 provincia
854 2697 873 2723 ο
923 2689 1236 2755 decesserit,
1282 2687 1325 2741 is
1351 2688 1454 2740 sibi
1481 2686 1876 2741 ordinationem

286 2778 523 2833 vindicet
545 2780 861 2844 sacerdotis,
886 2794 1044 2849 quem
1069 2780 1211 2833 illius
1245 2781 1531 2848 provinciae
1556 2781 1875 2848 metropoli-

287 2883 465 2927 tanum
498 2888 621 2929 esse
668 2874 993 2928 constiterit.
1021 2872 1047 2910 ά
1096 2875 1245 2941 Duae,
1296 2884 1357 2933 ut
1398 2875 1666 2936 videmus,
1700 2890 1877 2929 causai

284 2974 571 3021 transacta:
619 2977 766 3033 sunt,
816 2967 869 3020 in
911 2966 1106 3035 quibus
1156 2976 1335 3021 tamen
1387 2966 1550 3020 multa
1595 2976 1717 3020 sunt
1758 2982 1878 3035 quas

284 3067 479 3128 praeter
510 3060 779 3113 rationem
810 3059 1233 3113 ecclesiasticam
1277 3059 1559 3114 videantur
1588 3075 1708 3115 esse
1731 3075 1879 3115 com-

283 3151 471 3218 missa,
502 3159 560 3207 et
580 3151 705 3220 justi
729 3151 919 3221 judicii
950 3152 1185 3207 debeant
1212 3162 1532 3222 eXSpectare
1571 3167 1874 3208 censuram.

1977 1967 2037 2008 se
2068 1967 2243 2021 posse,
2278 1951 2489 2005 noverit
2516 1965 2623 2004 non
2668 1950 2852 2004 licere.
2882 1950 3037 2017 Quod
3069 1951 3113 2004 si
3145 1950 3264 2019 quis
3297 1948 3571 2019 negligens

1978 2046 2300 2114 apostolicas
2327 2045 2654 2109 sanctiones,
2707 2045 2825 2113 plus
2873 2045 3061 2114 gratia:
3111 2043 3353 2097 tribuens
3381 2057 3570 2111 perso-

1978 2138 2109 2204 nali,
2143 2137 2225 2191 sui
2258 2126 2481 2193 honoris
2506 2136 2752 2191 desertor
2792 2150 2911 2190 esse
2941 2135 3189 2199 voluerit,
3232 2132 3570 2204 privilegium

1978 2244 2134 2284 suum
2169 2230 2220 2283 in
2270 2230 2434 2283 alium
2481 2229 2774 2283 transferre
2815 2243 2977 2297 posse
3013 2244 3071 2283 se
3104 2228 3352 2294 credens,
3390 2243 3494 2281 non
3528 2227 3572 2281 is

1978 2323 2065 2378 cui
2095 2324 2337 2387 cesserit,
2372 2322 2465 2377 sed
2513 2322 2559 2376 is
2598 2322 2685 2390 qui
2718 2322 2857 2375 intra
2891 2321 3222 2391 provinciam
3255 2320 3573 2389 antiquitate

1980 2416 2271 2485 episcOpali
2322 2427 2550 2470 Caeteros
2591 2413 2852 2483 praevenit
2895 2412 3238 2479 sacerdotes,
3291 2410 3573 2466 ordinandi

1979 2509 2079 2564 sibi
2097 2508 2330 2561 vindicet
2359 2515 2701 2576 potestatem.
2730 2505 2846 2560 Non
2873 2506 3093 2576 passim,
3115 2506 3207 2559 sed
3227 2504 3313 2558 die
3335 2503 3573 2572 legitimo

1980 2603 2249 2659 ordinatio
2279 2602 2614 2666 celebretur;
2640 2616 2739 2655 nec
2761 2600 2861 2654 sibi
2892 2612 3142 2653 constare
3172 2608 3343 2653 status
3374 2600 3452 2651 sui
3482 2611 3575 2652 no-

1978 2699 2120 2753 verit
2144 2697 2471 2761 firmitatem,
2514 2696 2601 2765 qui
2638 2710 2744 2748 non
2775 2693 2861 2748 die
2891 2691 3104 2746 sabbati
3134 2706 3376 2759 vespere,
3424 2688 3571 2753 quod

1981 2793 2205 2848 lucescit
2228 2792 2277 2844 in
2303 2789 2472 2856 prima
2497 2788 2724 2853 sabbati,
2749 2786 2832 2839 vel
2859 2788 2973 2854 ipso
2999 2785 3277 2839 Dominico
3298 2783 3383 2837 die
3407 2780 3570 2836 fuerit

1980 2886 2281 2941 ordinatus.
2307 2884 2495 2940 Solum
2536 2882 2679 2936 enim
2704 2880 2937 2948 majores
2963 2878 3129 2932 nostri
3164 2873 3575 2930 resurrectionis

1983 2977 2281 3032 Dominicaa
2316 2976 2459 3029 diem
2499 2973 2602 3027 hoc
2625 2973 2827 3025 honore
2855 2970 3071 3040 dignum
3092 2967 3491 3037 judicaverunt,
3517 2974 3577 3021 ut

1981 3068 2295 3126 sacerdotes
2329 3069 2419 3138 qui
2467 3072 2757 3121 sumuntur
2801 3064 2905 3120 hoc
2952 3063 3040 3119 die
3085 3062 3426 3133 potissimum
3475 3059 3574 3115 tri-

1984 3161 2237 3216 buantur.

284 3245 381 3300 Sed
415 3262 521 3301 nos
568 3246 769 3301 diutius
820 3246 906 3300 hic
938 3263 1043 3302 non
1093 3262 1375 3316 possumus
1421 3247 1717 3311 immorari.
1752 3262 1873 3301 cum
1903 3248 1946 3308 C
2050 3253 2180 3309 CAP.
2208 3251 2313 3306 VII.
2340 3251 2554 3306 ——Suis
2580 3264 2911 3320 unaquaeque
2938 3247 3215 3319 provincia
3234 3247 3575 3301 sitcontenta

282 3338 343 3393 ad
373 3341 482 3393 alia
526 3355 649 3410 qua:
684 3340 837 3395 nobis
884 3355 1005 3395 cum
1038 3350 1217 3395 vestra
1260 3340 1545 3395 sanctitate
1591 3340 1876 3396 sollicitius

280 3432 614 3489 conferenda
639 3444 763 3488 sunt
787 3450 1160 3504 provocemur.

342 3526 483 3582 CAP:
514 3528 680 3581 VL—
706 3529 945 3583 Militaris
974 3544 1185 3596 manus,
1214 3537 1270 3583 ut
1298 3527 1604 3595 didicimus,
1628 3542 1725 3598 per
1753 3543 1876 3597 pro-

279 3621 485 3677 vincias
534 3622 781 3691 sequitur
828 3622 1185 3687 sacerdotem,
1237 3630 1292 3677 et
1332 3632 1354 3658 °
1402 3622 1595 3676 armati
1641 3622 1873 3691 praesidii

280 3718 708 3784 praesumptione
740 3714 957 3768 suifnlto
997 3715 1060 3769 ad
1096 3714 1425 3769 invadendas
1458 3729 1552 3784 per
1585 3718 1871 3768 tumultum

282 3808 575 3861 famulatur
614 3808 887 3873 ecclesias,
936 3824 1054 3877 quae
1100 3810 1346 3878 proprios
1379 3809 1656 3862 amiserint
1694 3822 1877 3863 sacer-
1924 3836 1935 3845 -

279 3903 451 3958 dotes.
502 3904 813 3957 Trahuntur
848 3902 1131 3957 ordinandi
1172 3910 1297 3957 ante
1337 3904 1439 3957 hoc
1485 3902 1743 3971 officium,
1793 3900 1875 3955 bis

280 3994 476 4065 quibus
505 3994 833 4063 przeficiendi
860 4003 983 4048 sunt
1019 3995 1328 4049 civitatibus
1363 3995 1610 4064 ignorati.
1637 3994 1706 4049 Ut
1731 3994 1875 4048 cnim

279 4100 436 4143 noms
475 4088 570 4159 qui
597 4087 757 4143 fuerit
785 4098 839 4144 et
886 4088 1141 4157 probatus
1186 4104 1281 4159 per
1326 4104 1512 4159 pacem
1546 4087 1767 4158 petitur,
1798 4086 1873 4143 ita

348 4258 371 4285 ι
400 4248 556 4303 Idem
602 4249 921 4317 Quesnellus
971 4250 1020 4302 in
1068 4264 1240 4318 marg.
1284 4267 1295 4301 :
1342 4249 1525 4311 Forte.
1564 4249 1877 4315 maturitate,

279 4322 423 4397 quod
462 4335 564 4375 nec
591 4320 805 4376 codices
836 4321 1146 4391 przeferunt,
1182 4335 1280 4375 nec
1307 4335 1497 4375 sensus
1529 4321 1739 4374 videtur
1768 4323 1884 4375 exie

281 4413 429 4467 ger”:

349 4468 375 4505 ι’
410 4465 599 4519 Nostri
645 4463 829 4524 COdtl.,
867 4464 917 4516 in
944 4475 1151 4517 cttrtmt.
1200 4463 1423 4529 Quidam
1456 4463 1608 4525 editi,
1650 4464 1702 4516 in
1732 4462 1883 4515 chor-

279 4552 397 4601 tem,
446 4538 586 4589 alias
634 4539 688 4590 in
727 4535 1003 4589 cohortem.
1039 4534 1145 4590 Sed
1194 4551 1304 4587 cors
1346 4536 1499 4587 cortis
1544 4535 1684 4589 idem
1712 4544 1794 4587 e~t
1820 4549 1883 4588 ac

282 4613 499 4670 cohors,
532 4620 587 4661 et
617 4624 830 4676 proprie
862 4610 1034 4661 loeum
1069 4606 1233 4659 muris
1263 4606 1517 4671 cinctum,
1551 4622 1656 4677 quo
1683 4605 1881 4673 aliquid

279 4684 609 4745 ct15tmlitnr,
640 4681 923 4748 significat.

354 4766 375 4792 ε
423 4747 750 4807 Sirmondus
782 4749 929 4801 audit
955 4748 1017 4801 de
1049 4747 1144 4801 hac
1168 4749 1289 4802 vita.

345 4822 369 4861 ά
397 4824 634 4889 Quidam
662 4821 820 4875 codd.
850 4835 968 4873 cum
1002 4821 1159 4873 editis
1187 4830 1310 4873 ante
1336 4818 1701 4882 Sirmnntlum,
1733 4819 1875 4888 quia,

279 4908 331 4949 ut
361 4898 599 4948 ridemus
655 4893 772 4947 Mox
805 4895 911 4943 duo
950 4906 1075 4943 mss.
1116 4892 1363 4943 omittunt
1405 4899 1606 4953 tamen;
1650 4904 1745 4958 pro
1774 4906 1881 4960 quo

279 4968 551 5021 editiones
583 4970 892 5017 memoratae
919 4964 1248 5014 sub~titttunt
1275 4964 1449 5016 etiam.

352 5049 375 5075 ο
416 5042 617 5089 Locum
654 5038 795 5087 hunc
838 5033 888 5085 in
928 5034 1286 5088 anteriorilius
1310 5033 1635 5086 editiOnibus
1668 5044 1881 5100 pertur-

281 5110 466 5161 batum
486 5106 807 5162 Sirmontlus
831 5115 881 5156 et
904 5103 1223 5172 Quosnellus
1252 5120 1313 5157 ex
1340 5120 1470 5157 mss‘.
1505 5105 1875 5158 restituerunt.

282 5181 417 5233 \‘itle
454 5194 565 5230 not.
596 5178 628 5231 9
675 5176 916 5240 ejusdem
954 5180 1151 5240 Qucsn.
1202 5176 1290 5230 Sic
1329 5188 1506 5230 autem
1554 5176 1874 5233 legebatur:

280 5252 509 5303 Armatis
534 5249 933 5316 prtrsumptione
953 5246 1219 5312 suffultam
1246 5252 1310 5298 nd
1337 5246 1648 5299 invadendae
1684 5264 1770 5308 per
1798 5256 1882 5299 tu—

280 5324 505 5372 multum
544 5318 831 5387 famulitur
866 5318 1126 5381 eccle~ias,
1171 5334 1284 5382 quw
1324 5318 1558 5388 praprios
1587 5318 1876 5370 amiserint.

284 5392 589 5443 Traduntur
614 5388 892 5441 ordinandi
920 5388 987 5440 ad
1012 5392 1105 5441 hoc
1130 5388 1349 5457 ofﬁcium
1373 5430 1385 5453 ,
1432 5390 1509 5441 his
1537 5390 1719 5456 quibus
1747 5404 1881 5457 pra:-

282 5463 500 5530 ﬁciendi
525 5472 641 5513 sunt
674 5460 955 5530 civitatibus
984 5460 1164 5530 ignoti.

357 5534 374 5570 ί
420 5533 555 5586 ane
583 5539 695 5584 not.
730 5529 797 5585 10
819 5532 1019 5597 Quesn.

354 5614 377 5649 ε
418 5604 607 5657 Plures
638 5602 1198 5671 liic'metropolilanos
1230 5601 1557 5669 perstringit.
1590 5599 1668 5653 Illi
1704 5610 1880 5657 autem

282 5677 542 5729 videntur
573 5675 792 5741 intelligi
821 5673 886 5725 ad
909 5690 1133 5741 quorum
1160 5674 1457 5738 provincias
1484 5671 1797 5727 Cchdonius
1822 5688 1883 5727 ac

285 5748 570 5815 I’rojcctus
616 5745 991 5813 pertinebant:
1024 5746 1220 5813 quippe
1261 5747 1346 5811 qui
1393 5744 1632 5797 fortassis
1683 5744 1884 5798 IIilario

286 5820 665 5885 permittentes
696 5825 753 5869 ut
789 5815 984 5881 judicia
1018 5826 1069 5869 et
1116 5816 1481 5869 ordinationes
1515 5817 1563 5868 in
1616 5815 1725 5867 suis
1763 5832 1883 5882 pro-

288 5890 492 5942 vinciis
517 5885 855 5951 liaberet,jus
880 5902 1033 5942 suum
1060 5886 1453 5953 quodammodo
1479 5888 1529 5942 in
1556 5902 1679 5957 cum
1714 5897 1884 5951 trans-

1984 3346 2247 3412 conciliis,
2282 3360 2379 3400 nec
2410 3344 2547 3399 ultra
2582 3344 2816 3397 Hilarius
2862 3342 3058 3396 audeat
3104 3350 3399 3395 conventus
3440 3338 3579 3393 indi-

1984 3454 2108 3495 cere
2151 3437 2461 3510 synodales,
2513 3446 2567 3491 et
2610 3435 2952 3490 sacerdotum
3000 3432 3213 3487 Domini
3256 3430 3479 3502 judicia,
3518 3444 3579 3486 se

1984 3530 2359 3586 interserendo
2387 3529 2623 3584 turbare.
2659 3527 2688 3567 ιι
2733 3528 2835 3595 Qui
2866 3543 2971 3582 non
3018 3535 3226 3581 tantum
3276 3524 3488 3581 noverit
3520 3538 3579 3580 se

1984 3625 2053 3678 ab
2076 3624 2253 3679 alieno
2278 3625 2399 3692 jure
2431 3623 2738 3692 depulsum,
2771 3621 2866 3676 sed
2896 3621 3058 3677 etiam
3105 3619 3421 3674 Viennensis
3456 3631 3579 3687 pro-

1985 3718 2196 3781 vincite,
2238 3714 2255 3753 ί
2308 3731 2465 3785 quam
2506 3717 2645 3770 male
2683 3722 3056 3784 usurpaverat,
3107 3722 3371 3783 potestate
3404 3710 3579 3779 priva-

1984 3821 2113 3865 tum.
2164 3810 2392 3880 Dignum
2434 3818 2517 3864 est
2563 3810 2730 3875 enim,
2776 3809 2992 3874 fratres,
3042 3807 3375 3874 antiquitatis
3414 3802 3579 3875 640

1983 3912 2183 3957 statuta
2234 3902 2493 3971 reparari,
2536 3916 2657 3955 eum
2690 3904 2732 3953 is
2763 3901 2851 3971 qui
2900 3902 3001 3954 sibi
3031 3899 3420 3953 ordinationem
3456 3912 3581 3965 pro-

1982 3996 2175 4050 vincia:
2206 3995 2460 4050 indebitae
2502 3995 2829 4061 vindicabat,
2882 3994 3004 4047 talis
3032 3992 3087 4045 in
3126 3990 3378 4061 praesenti
3418 3991 3578 4043 etiam

1984 4090 2240 4158 probatus
2272 4088 2431 4142 fuerit
2460 4086 2473 4138 i
2526 4087 2820 4153 exstitisse,
2869 4096 2924 4138 ut
2946 4101 3067 4139 cum
3102 4086 3216 4155 ipse
3248 4082 3581 4153 frequentius

1987 4248 2245 4302 tulerunt.
2299 4248 2586 4316 Ingenuum
2627 4256 2887 4316 praeterea
2933 4246 3143 4313 Alpium
3188 4244 3578 4300 maritimarum

1990 4320 2387 4385 metroiiolitam
2421 4335 2449 4371 a
2496 4321 2673 4372 Lt'Otte
2720 4319 2885 4372 fuisse
2913 4318 3184 4385 culpatum
3227 4317 3296 4371 ob
3342 4317 3581 4371 illicitam

1988 4393 2070 4444 sui
2099 4390 2236 4458 juris
2282 4391 2604 4445 cessionem.
2655 4397 2878 4443 testatur
2914 4389 3127 4441 Hilarus
3162 4403 3290 4452 papa
3334 4389 3492 4455 epist.
3524 4386 3579 4441 4.

1988 4462 2255 4516 Incertum
2291 4476 2418 4515 vero
2448 4472 2527 4514 εει
2574 4476 2697 4513 num
2738 4461 2852 4513 haec
2884 4460 3101 4521 Ingenui
3136 4458 3487 4525 reprehenSio
3517 4459 3581 4515 ad

1990 4534 2086 4586 has
2120 4533 2313 4586 Leonis
2369 4534 2576 4585 litteras
2605 4530 2889 4585 referenda
2929 4533 3018 4593 sit,
3072 4546 3137 4583 an
3180 4545 3309 4583 vero
3340 4529 3403 4581 ad
3444 4530 3582 4584 alias

1989 4621 2107 4673 qua:
2146 4603 2552 4665 interciderint;
2586 4602 2654 4657 de
2684 4618 2791 4668 quo
2826 4602 2947 4656 vide
2987 4603 3133 4671 plura
3176 4603 3225 4654 in
3258 4602 3473 4655 dissert.
3516 4601 3583 4657 dc

1906 4695 1959 4754 D
1989 4678 2232 4754 eptsruns
2260 4675 2575 4743 deperditis,
2610 4690 2733 4754 num
2788 4674 2880 4729 97.

2058 4745 2087 4783 ιι
2118 4748 2188 4799 lta
2222 4742 2340 4799 cunt
2373 4758 2533 4798 antra
2561 4746 2719 4798 editis
2748 4756 2800 4797 et
2831 4744 3001 4798 tribus
3035 4745 3232 4798 nostris
3263 4742 3419 4797 codd.
3465 4742 3583 4797 Sir-

1988 4819 2241 4872 mondus.
2275 4817 2596 4884 Quesm-llus
2627 4832 2803 4868 amem
2827 4832 2949 4867 cum
2979 4830 3109 4867 mss.
3144 4815 3358 4869 collect.
3380 4812 3470 4881 24,
3494 4814 3584 4884 qui

1986 4898 2154 4942 tamen
2183 4890 2374 4943 noverit
2402 4904 2454 4942 se
2482 4905 2584 4941 non
2609 4888 2776 4941 solum
2798 4887 2859 4940 ab
2891 4887 3055 4939 alieno
3078 4890 3223 4958 jure.

2066 4959 2082 4997 ί
2113 4964 2313 5027 Quesn.
2348 4961 2400 5013 in
2432 4960 2669 5027 margine
2697 4978 2707 5010 :
2738 4959 2917 5016 Forte.
2948 4975 3047 5024 qua
3079 4956 3213 5011 ittale
3233 4973 3357 5012 usus
3389 4956 3580 5027 fuerat.

1984 5031 2042 5086 Id
2074 5042 2249 5086 autem
2283 5048 2343 5085 ea
2378 5032 2488 5084 sola
2519 5033 2587 5083 tle
2618 5046 2776 5083 causa
2809 5030 3046 5095 scripsit.
3086 5032 3205 5095 quia
3252 5032 3301 5081 in
3331 5044 3425 5081 sua
3454 5042 3582 5081 sen-

1988 5104 2175 5165 tentia,
2222 5118 2377 5169 quam
2431 5103 2480 5155 in
2532 5103 3002 5157 observationibus
3049 5102 3113 5152 ad
3163 5101 3405 5170 quintam
3448 5098 3580 5152 diss.

1988 5174 2443 5242 impugnabimns,
2492 5174 2744 5226 llilariutn
2807 5173 3009 5225 nullum
3037 5171 3123 5240 jus
3166 5168 3306 5241 quod
3347 5168 3446 5221 sibi
3478 5185 3583 5226 non

1986 5254 2319 5314 competeret
2348 5258 2634 5307 nsurpa~se
2665 5246 2963 5297 contendit.

2061 5316 2075 5366 ἱ
2113 5309 2261 5370 ἘιΙίιί
2308 5325 2434 5369 ante
2461 5316 2804 5370 Sirmomlum
2837 5323 2894 5370 et
2923 5320 3124 5381 ραι-δη.
3157 5328 3277 5367 cum
3311 5309 3583 5365 inferioris

1987 5397 2130 5441 notae
2153 5388 2426 5441 eodtcibas
2444 5390 2699 5441 omittunt
2720 5387 2988 5439 exstitisse.
3008 5384 3177 5437 Purro
3202 5383 3577 5450 metropolitte,

1986 5462 2073 5526 qui
2100 5460 2152 5512 in
2185 5459 2364 5525 aliquo
2390 5458 2675 5513 defecisset
2706 5468 2889 5511 contra
2925 5457 3138 5526 regulas
3158 5468 3447 5526 canonum,
3472 5469 3583 5526 sua:

1986 5524 2182 5583 tantum
2213 5528 2460 5584 Ecclesiae
2480 5530 2817 5583 sacerdotium
2858 5542 2947 5593 pro
2980 5525 3112 5579 sedis
3140 5524 3437 5593 apostolica:
3467 5524 3577 5589 pie-

1988 5610 2089 5655 tate
2117 5603 2331 5667 servari,
2374 5602 2727 5655 ordinationis
2755 5598 3128 5666 episcoporum
3157 5596 3276 5661 jure
3303 5596 3576 5667 adempto,

1986 5682 2141 5727 vetus
2190 5665 2471 5742 disciplina
2516 5681 2654 5732 erat.
2710 5679 2765 5723 ut
2795 5665 2992 5721 videre
3042 5676 3124 5742 est
3169 5666 3312 5742 a_pud_
3338 5665 3578 5742 Hilarum

1988 5761 2176 5815 papam
2210 5738 2370 5813 epist.
2405 5748 2457 5807 8,
2507 5746 2569 5799 ad
2598 5742 2928 5803 Gallicanos,
2979 5754 3032 5792 ll.
3074 5738 3118 5792 I.
3171 5738 3371 5795 Confer
3419 5739 3581 5797 etiam

1990 5820 2181 5877 Leonis
2213 5826 2367 5894 cpisl.
2414 5824 2494 5879 1:2,
2528 5840 2573 5876 «ι,
2614 5822 2661 5872 ft,
