4006 6348
447 306 553 378 βξδ

1560 305 1618 362 S.
1659 304 1904 362 LEONIS
1942 303 2158 362 MAGNI
2203 305 2583 364 EPISTOLE.

3611 307 3713 372 656

446 425 749 494 temerariis
773 432 828 481 et
855 423 1206 482 insolentibus
1225 422 1410 480 verbis
1442 426 1765 480 sententiam
1797 425 2024 482 damna—
2054 425 2108 487 Α
2131 425 2302 480 cussis
2362 426 2708 496 probatisque
2777 439 2918 481 nunc
2977 425 3228 482 omnibus
3280 425 3458 480 causis
3505 423 3721 484 decreta

446 520 609 580 tionis
637 529 933 590 expeteret,
983 533 1092 571 sua:
1139 525 1341 571 tantum
1383 520 1614 572 civitatis
1662 519 1734 572 illi
1782 521 2031 573 Sacerdo-

446 613 600 679 tium,
632 629 728 684 pro
757 611 900 674 sedis
927 610 1239 679 apostolicae
1281 610 1502 684 pietate,
1534 610 1823 686 praeceptio
1848 622 2031 668 nostra

443 707 759 762 servaverit.
785 712 812 742 ⁸
850 703 966 760 Non
996 718 1128 774 ergo
1164 705 1376 760 intersit
1413 705 1504 760 ulli
1537 706 1890 771 ordinationi;
1923 721 2032 759 non

444 799 679 864 ordinet,
710 797 803 866 qui
835 796 1012 851 meriti
1034 797 1115 851 sui
1143 798 1411 864 conscius,
1443 813 1564 854 cum
1597 807 1933 870 quaereretur
1964 798 2030 854 ad

444 904 682 956 causam,
729 890 868 959 turpi
902 889 1026 960 fuga
1055 905 1114 944 se
1154 891 1382 946 credidit
1409 892 1854 957 subtrahendum,
1882 890 1910 930 δ
1939 908 2032 952 cx-

444 992 563 1036 Sors
605 981 914 1048 apostolicae
947 983 1361 1049 communionis,
1407 984 1562 1052 cujus
1603 987 1872 1054 particeps
1911 993 2034 1040 esse

446 1087 552 1128 non
577 1075 770 1128 meruit
797 1093 808 1128 :
831 1075 960 1142 Deo,
990 1085 1044 1129 ut
1066 1077 1360 1141 credimus,
1382 1076 1483 1130 hoc
1508 1087 1721 1147 agente,
1742 1077 1832 1146 qui
1859 1077 2030 1144 illum,

448 1166 846 1236 in0pinantibus
877 1168 1054 1237 nobis,
1105 1179 1158 1224 et
1190 1169 1256 1223 ad
1293 1170 1491 1239 judicia
1535 1179 1716 1225 nostra
1749 1170 2030 1237 pertraxit,

447 1266 502 1322 et
554 1256 695 1313 inter
742 1262 1168 1316 examinationes
1218 1261 1457 1329 habitas,
1521 1277 1588 1316 ne
1641 1261 2034 1317 communionis

448 1364 646 1416 nostrae
668 1370 893 1412 consors
919 1356 1094 1423 fieret,
1129 1367 1185 1410 ut
1203 1356 1519 1412 abscederet
1543 1359 1794 1422 latenter,
1833 1355 2032 1412 effecit.

516 1446 646 1502 CAP.
682 1447 812 1508 Vill.
830 1478 900 1491 —
922 1431 1061 1503 Nulli
1086 1445 1516 1503 Christianorum
1545 1448 1702 1504 facile
1729 1449 2035 1504 communio

447 1537 763 1609 denegetur,
790 1554 888 1595 nec
923 1541 990 1596 ad
1025 1541 1347 1610 indignantis
1376 1542 1466 1595 fiat
1496 1541 1596 1595 hoc
1623 1541 1900 1596 arbitrium
1943 1556 2032 1594 sa-

446 1633 703 1700 cerdotis,
750 1635 891 1704 quod
931 1635 982 1690 in
1025 1638 1201 1706 magni
1242 1646 1422 1690 reatus
1466 1636 1722 1691 ultionem
1756 1636 1953 1690 invitus
1980 1642 2034 1691 et

447 1723 637 1780 dolens
665 1726 1061 1795 quodammodo
1089 1728 1248 1784 debet
1277 1728 1473 1783 inferre
1502 1730 1710 1782 animus
1735 1736 1758 1765 ο
1787 1728 2036 1798 judican-

2135 529 2283 584 sunt,
2310 536 2404 588 pro
2437 528 2614 575 vestra
2646 534 2776 589 pace
2799 531 2848 572 et
2874 519 3132 589 dignitate
3164 518 3390 573 servetis
3414 535 3430 572 :
3453 519 3586 574 certi
3615 533 3721 575 non

2138 623 2244 668 tam
2275 622 2457 668 nostro
2486 628 2646 684 quam
2679 624 2862 667 vestro
2893 612 3080 667 honori
3115 609 3394 682 prolicere,
3427 611 3570 682 quod
3601 611 3723 670 talia

2136 706 2386 760 statuisse
2416 704 2813 774 cognoscimnr.
2847 704 2962 759 Non
2993 704 3135 759 enim
3174 701 3328 760 nobis
3356 705 3727 762 ordinationes

2127 809 2437 858 .vestrarum
2494 798 2887 868 provinciarum
2945 796 3312 870 defendimus,
3359 795 3501 866 quod
3548 807 3728 870 potest

2137 893 2363 970 forsitan
2408 891 2473 948 ad
2524 893 2897 959 depravandos
2939 900 3136 945 vestra:
3176 893 3476 947 Sanctitatis
3515 873 3726 947 animos

2136 985 2369 1040 Hilarius
2401 999 2497 1054 pro
2513 999 2614 1039 suo
2641 1000 2791 1038 more
2811 985 3057 1048 mentiri;
3088 985 3181 1040 sed
3201 983 3349 1039 vobis
3367 999 3463 1058 per
3486 993 3724 1040 nostrant

2135 1077 2548 1133 sollicitudinem
2597 1077 2950 1142 vindicamus,
3003 1091 3070 1132 ne
3115 1075 3243 1147 quid
3290 1076 3515 1131 ulterius
3565 1077 3730 1133 liceat

2137 1169 2382 1236 novitati,
2436 1186 2536 1250 nec
2584 1172 2961 1241 prmsumptori
3009 1171 3156 1225 locus
3205 1169 3342 1224 ultra
3389 1172 3499 1239 jam
3546 1179 3730 1240 pateat

2139 1263 2414 1334 privilegia
2434 1273 2607 1321 vestra
2634 1263 2901 1319 cessandi.
2926 1261 3135 1319 Nostrae
3155 1259 3176 1300 ί
3200 1263 3360 1318 etiam
3383 1262 3727 1332 gratulationi

2140 1359 2240 1412 hoc
2263 1358 2434 1412 solum
2466 1371 2711 1412 crescere
2740 1355 3076 1423 proﬁtemur,
3099 1355 3144 1410 si
3165 1362 3219 1409 et
3247 1354 3557 1425 apostolicae
3576 1354 3725 1411 sedis

2137 1450 2412 1519 diligentia
2439 1449 2577 1520 apud
2610 1463 2703 1503 vos
2731 1448 2935 1502 illibata
2965 1457 3237 1514 servetur,
3267 1459 3321 1504 et
3350 1463 3446 1518 per
3473 1448 3730 1504 sacerdo-

2141 1541 2266 1596 talis
2287 1540 2586 1610 disciplinae
2616 1538 2925 1599 custodiam,
2941 1538 3130 1593 honori
3163 1548 3340 1592 vostro
3364 1540 3560 1608 petire,
3583 1539 3731 1610 quod

2139 1649 2296 1688 suum
2329 1641 2432 1697 est,
2463 1640 2488 1679 ε
2538 1631 2794 1700 improbis
2843 1630 3279 1700 usurpationibus
3318 1647 3422 1683 non
3466 1630 3729 1686 sinamus.

2138 1729 2204 1786 Et
2231 1727 2480 1798 quoniam
2515 1724 2829 1781 honoranda
2873 1736 2957 1779 est
2999 1740 3214 1791 semper
3264 1725 3571 1794 antiquitas,
3626 1724 3707 1779 fra

449 1818 538 1872 ti.
562 1818 926 1888 Cognovimus
942 1822 1082 1874 enim
1111 1837 1206 1890 pro
1227 1822 1532 1875 commissis
1555 1833 1606 1874 et
1627 1820 1829 1875 levibus
1860 1817 2038 1872 verbis
2068 1825 2117 1886 B
2145 1829 2279 1876 trem
2301 1829 2355 1874 et
2370 1819 2746 1888 coepiscopum
2773 1828 3011 1872 nostrum
3029 1813 3057 1853 ιι
3087 1817 3366 1872 Leontium
3400 1816 3734 1888 probabilem

449 1912 708 1982 quosdam
741 1928 772 1968 a
803 1917 970 1984 gratia
1000 1914 1397 1968 communionis
1425 1915 1692 1974 exclusos,
1723 1922 1777 1967 et
1803 1911 2034 1965 animam

449 2017 548 2075 pro
580 2019 683 2075 qua
712 2005 912 2060 Christi
940 2010 1155 2075 Sanguis
1182 2005 1386 2061 ell‘usus
1416 2017 1519 2071 est,
1572 2007 1897 2075 irrogatiOne
1927 2015 2036 2058 tam

449 2098 579 2152 saevi
624 2099 871 2168 supplicii
914 2099 1205 2152 sauciatam
1237 2109 1290 2153 et
1319 2101 1577 2152 inermem
1612 2097 2030 2168 quodammodo,

449 2201 772 2261 exutumque
799 2193 945 2246 omni
990 2191 1301 2257 munimine,
1335 2191 1615 2246 diabolicis
1639 2189 1662 2226 ἀ
1710 2192 2036 2258 incursibus,

453 2291 509 2336 ut
537 2281 692 2338 facile
714 2295 1019 2352 caperetur,
1039 2285 1327 2354 objectam.
1356 2284 1512 2338 Certe
1534 2292 1555 2319 θ
1581 2286 1624 2338 si
1648 2285 1861 2352 quando
1878 2299 2036 2338 causa

452 2373 575 2430 talis
609 2377 927 2443 emerserit,
975 2385 1030 2429 ut
1061 2392 1154 2445 pro
1193 2377 1467 2430 commissi
1509 2377 1750 2429 criminis
1780 2377 2038 2443 qualitate

450 2468 680 2538 aliquem
713 2469 860 2538 juste
890 2467 1050 2525 faciat
1075 2474 1455 2524 communione
1490 2469 1709 2539 privari,
1756 2469 1798 2523 is
1833 2478 2036 2524 tantum

450 2575 627 2631 pteuae.
657 2563 964 2619 subdendus
991 2572 1072 2618 est
1106 2579 1263 2634 quem
1287 2575 1468 2620 reatus
1501 2565 1756 2631 involvit;
1791 2579 1888 2618 nec
1916 2580 2039 2636 par-

451 2655 620 2723 ticeps
650 2657 809 2712 debet
839 2672 959 2713 esse
989 2659 1257 2728 supplicii,
1307 2659 1396 2729 qui
1428 2675 1652 2715 consors
1684 2676 1787 2715 non
1817 2661 2040 2715 docetur

437 2747 619 2808 fuisse
647 2749 940 2804 commissi.
965 2749 1070 2806 Sed
1098 2751 1225 2820 quid
1249 2751 1442 2806 mirum
1466 2733 1588 2807 eum
1619 2755 1667 2806 in
1694 2753 1854 2808 laicos
1880 2753 2039 2808 talem

449 2840 705 2908 existere,
737 2841 827 2911 qui
858 2842 1028 2898 soleat
1057 2842 1126 2898 de
1151 2843 1493 2898 sacerdotum
1526 2844 1871 2922 damnatione
1905 2861 2038 2916 gau-

451 2933 581 2995 dere
601 2935 624 2988 ‘l

523 3026 652 3083 Car.
679 3027 769 3084 1X.
802 3028 1046 3084 --Unde
1096 3030 1217 3099 quia
1258 3040 1439 3086 nostra
1483 3032 1638 3102 longe
1680 3032 1785 3086 alia
1826 3033 2040 3088 videtur

453 3118 702 3186 intentio,
745 3134 867 3174 nam
895 3122 1134 3176 omnium
1169 3122 1532 3178 Ecclesiarum
1565 3134 1761 3179 statum
1792 3126 1954 3198 641
1985 3133 2040 3181 et

2141 1916 2506 1978 sacerdotem,
2543 1915 2664 1978 hac,
2696 1914 2740 1966 si
2772 1911 2925 1966 vobis
2955 1912 3152 1981 placet,
3197 1910 3456 1978 dignitate
3485 1914 3734 1966 volumus

2140 2009 2383 2065 decorari
2417 2027 2429 2062 :
2459 2019 2516 2063 ut
2543 2017 2740 2076 prmter
2766 2006 2882 2075 ejus
2910 2019 3236 2059 consensum
3265 2006 3486 2059 alterius
3515 2005 3733 2077 provin-

2141 2103 2239 2157 ciae
2268 2117 2372 2156 non
2415 2100 2680 2156 indicatur
2706 2115 2736 2153 a
2763 2106 2938 2154 vestra
2966 2099 3249 2154 sanctitate
3271 2097 3578 2168 concilium,
3617 2106 3672 2154 et
3701 2113 3736 2153 a

2141 2195 2295 2249 vobis
2346 2193 2632 2259 omnibus,
2681 2189 3133 2261 quemadmodum
3181 2187 3467 2245 vetustasi
3521 2190 3638 2259 ejus
3681 2197 3734 2245 et

2144 2285 2384 2356 probitas
2415 2283 2600 2354 exigit,
2656 2282 2973 2349 honoretur,
3006 2279 3437 2350 metropolitanis
3468 2281 3738 2352 privilegii

2140 2378 2223 2432 sui
2255 2376 2513 2445 dignitate
2559 2382 2792 2429 servata.
2837 2371 3072 2444 lEquum
3099 2383 3181 2428 est
3208 2375 3374 2438 enim,
3409 2388 3508 2428 nec
3537 2373 3633 2428 ulli
3665 2372 3739 2428 de

2143 2469 2398 2524 fratribus
2429 2466 2549 2523 fieri
2578 2467 2789 2523 videtur
2833 2467 3050 2537 injuria,
3095 2465 3142 2521 si
3185 2466 3266 2521 his
3305 2467 3393 2537 qui
3443 2466 3736 2523 sacerdotii

2146 2571 2411 2617 vetustate
2441 2560 2772 2631 praecedunt,
2824 2574 2922 2630 pro
2961 2558 3134 2614 aetatis
3164 2574 3275 2614 suae
3313 2558 3502 2614 merito
3533 2559 3586 2613 in
3617 2558 3734 2615 suis

2143 2655 2429 2726 provinciis
2459 2669 2488 2707 a
2519 2652 2888 2708 sacerdotibus
2915 2653 3129 2709 caeteris
3153 2651 3447 2708 deferatur.
3471 2650 3614 2708 Deus
3633 2666 3735 2706 vos

2142 2748 2438 2802 incolumes
2466 2747 2751 2812 custodiat,
2787 2745 2979 2800 fratres
3008 2743 3338 2799 charissimi.

2568 2901 2731 2973 31,2
2772 2900 2786 2952 ι
2835 2880 3168 2956 Etitsrona
3208 2898 3301 2966 χι,

2896 3010 2986 3048 seu

2357 3085 2384 3125 ι
2411 3099 2756 3142 εοκετιτυτιο
2793 3099 3171 3143 νιιιιςχτιιιιιιιηι
3207 3099 3264 3140 ιιι
3294 3098 3537 3148 AUGUSTI,

451 3212 796 3268 concordiam
840 3217 1096 3270 custodiri
1142 3219 1390 3286 cupimus
1417 3223 1776 3285 sacerdotum,
1819 3220 1886 3272 ad
1917 3221 2036 3274 uni-

2175 3202 2195 3241 ι
2220 3219 2323 3257 una
2347 3218 2458 3256 cum
2488 3203 2792 3285 praecedenti
2802 3201 3192 3286 'Leonis'papw.
3200 3201 3422 3286 epistola
3450 3199 3513 3252 de
3535 3201 3720 3253 eodem

453 3314 620 3360 tatem
644 3321 736 3360 vos
767 3306 978 3362 vinculo
1004 3311 1283 3364 cbaritatis
1311 3312 1586 3368 hortantes
1605 3321 1661 3367 et
1683 3312 2034 3386 obtestamur,

451 3409 505 3464 et
532 3399 818 3476 aﬂ’ectione
844 3417 1076 3473 congrua
1105 3420 1534 3475 commonemus,
1566 3418 1621 3462 ιιι
1649 3423 1711 3463 ea
1739 3424 1858 3479 quae
1888 3424 1919 3463 a
1941 3423 2039 3464 no-

452 3492 535 3550 bis
563 3492 678 3550 Deo
704 3493 1002 3564 inSpiraute
1030 3508 1084 3553 et
1113 3497 1426 3556 beatissimo
1448 3499 1607 3556 Petro
1633 3505 1899 3572 apostolo,
1920 3502 2038 3559 dis-

523 3678 547 3745 ?
579 3669 750 3745 Locus
773 3671 1068 3745 emendatus
1094 3688 1158 3728 ea:
1185 3690 1304 3727 mss.
1340 3672 1607 3728 Sirmondi
1637 3683 1684 3728 et
1714 3677 1925 3745 nostris,
1959 3679 2042 3733 in-

451 3741 567 3813 quit
585 3743 636 3796 itt
658 3742 866 3816 postilla
889 3745 1161 3809 tnargtnali
1179 3747 1518 3812 Quesnetlus.
1543 3746 1840 3816 Legebalnr
1858 3741 2040 3804 autem

449 3810 607 3868 antea
636 3810 804 3866 {Non
833 3830 955 3883 ergo
977 3819 1038 3866 sit
1072 3816 1151 3868 illi
1181 3810 1461 3879 ordinatio,
1493 3818 1582 3886 qui
1607 3810 1772 3871 meriti
1804 3821 1885 3873 sui
1915 3829 2041 3875 con-

452 3886 604 3960 scius,
635 3901 750 3960 cum
779 3898 1089 3960 qtttereretur
1115 3889 1180 3939 ad
1211 3888 1575 3949 accusandum,
1601 3893 1736 3957 turpi
1761 3891 1908 3960 fuga,
1935 3902 2040 3947 etc.

452 3957 767 4020 Cormptitts
815 3958 865 4009 iu
917 3969 1115 4011 nostris
1162 3976 1290 4012 mss.
1341 3962 1551 4012 collect.
1587 3961 1653 4013 l9.
1687 3974 1739 4015 et
1762 3957 1840 4015 7‘24;
1874 3980 1886 4014 :
1919 3962 2042 4018 Non

451 4027 765 4101 ergositilli
793 4028 1131 4101 ordinatione,
1166 4046 1264 4082 non
1287 4029 1506 4094 ordinet,
1537 4031 1623 4101 qui
1645 4033 1836 4097 meriti,
1861 4046 1965 4087 etc.

524 4099 551 4138 ¹³
582 4099 717 4152 Male
747 4099 990 4152 nonnulli
1021 4100 1158 4154 hunc
1185 4102 1356 4154 locum
1386 4107 1451 4154 de
1481 4099 2039 4161 cxcomtnunicatioue

453 4186 556 4243 qua
585 4169 643 4226 S.
670 4169 778 4223 Leo
803 4170 1059 4223 llilariuut
1093 4188 1119 4223 a
1158 4188 1250 4225 sua
1277 4176 1656 4228 communione
1687 4183 2036 4243 separaverit,

455 4241 895 4306 interpretantur.
946 4245 1016 4295 lix
1051 4250 1397 4312 sequentibus
1437 4247 1578 4296 enim
1625 4241 1796 4312 palatii
1838 4249 1890 4300 fit
1921 4241 2040 4302 ideo

455 4313 714 4389 Hilarium
745 4312 847 4389 dici
881 4326 1128 4389 exsortem
1161 4316 1456 4389 apostolica:
1486 4318 1884 4382 communionis,
1916 4320 2038 4389 quia

455 4383 573 4454 ipse
619 4385 783 4437 Roma
834 4385 1105 4449 inopinate
1156 4386 1250 4439 :tttf
1285 4386 1434 4454 giens
1489 4398 1626 4440 Inter
1666 4401 1815 4440 saera
1859 4383 2040 4457 utique

2573 3270 2974 3344 negotio'ntissa
3007 3275 3059 3326 in
3090 3271 3308 3327 Gallias.

2499 3387 2578 3442 De
2619 3375 2980 3460 episcoporum
3025 3385 3368 3441 ordinatione.

2146 3513 2186 3545 ω
2209 3503 2569 3573 Imperatores
2584 3502 2925 3560 Tnsonostus
2945 3509 3001 3556 et
3028 3499 3470 3555 VALENTINIANUS
3489 3495 3720 3565 Augusti

2150 3677 2334 3736 caudis
2363 3677 2697 3733 diversarum
2737 3675 3136 3748 provinciarum
3179 3675 3422 3748 synodis,
3457 3689 3559 3746 qua
3592 3673 3716 3728 llila

2148 3750 2261 3806 rius
2298 3749 2617 3819 potiebatur,
2676 3747 2779 3802 lto’c
2831 3749 2948 3803 loco
2998 3747 3579 3819 tribuitur._Caaterum
3615 3759 3740 3819 verc

2143 3821 2233 3889 jus
2264 3816 2720 3890 metropoliticum
2753 3819 2928 3874 eidem
2972 3819 3180 3873 Hilario
3239 3817 3550 3890 ademptum
3574 3857 3590 3877 .
3628 3816 3744 3870 alia

2149 3893 2350 3947 Leonis
2399 3888 2646 3959 epistola,
2702 3906 2824 3958 qua:
2869 3891 3225 3953 desideratur,
3279 3890 3331 3942 in
3379 3888 3747 3959 Viennensem

2151 3957 2462 4034 episcopum
2494 3962 2661 4016 fuisse
2676 3961 3172 4034 _traductntnliquet
3197 3976 3264 4015 ex
3291 3960 3450 4034 epist.
3486 3959 3579 4034 69',
3610 3973 3659 4012 c.
3686 3957 3726 4011 2

2150 4029 2352 4089 Confer
2384 4051 2500 4102 qua:
2535 4035 2633 4084 hac
2657 4032 2722 4087 de
2759 4050 2815 4086 re
2848 4029 3087 4097 pluribus
3118 4031 3369 4102 dicentur
3399 4030 3453 4084 in
3491 4029 3744 4084 observa.

2155 4101 2488 4160 tionibus’ad
2517 4105 2735 4158 dissert.
2761 4106 2792 4158 5
2813 4103 3111 4170 Qnesoelli,
3139 4115 3278 4171 part.
3310 4101 3364 4157 ὅ.

2231 4174 2245 4213 ί
2288 4177 2397 4229 Vox
2430 4180 2561 4246 ejus,
2617 4189 2648 4227 a
2695 4175 2980 4246 Quesnello
3009 4176 3228 4231 omissa.
3261 4190 3327 4226 ex
3363 4171 3614 4226 omnibus
3644 4186 3722 4226 uo

2153 4248 2282 4301 stris
2314 4245 2457 4300 mss.
2477 4258 2526 4300 et
2552 4250 2767 4300 caeteris
2788 4245 3115 4300 editionibos
3143 4253 3450 4300 revocatur.

2228 4320 2241 4368 l
2279 4318 2492 4387 Scrtpta
2519 4319 2549 4372 8
2580 4317 2705 4370 Julii
2737 4334 2827 4370 an.
2858 4317 2986 4371 ΗΞ.

2223 4388 2251 4426 ιι
2283 4385 2603 4455 Lluesnelltts
2636 4389 2686 4441 in
2713 4390 2949 4443 secunda
2977 4387 3214 4440 editione
3256 4385 3431 4440 varias
3479 4385 3752 4441 lectiones

453 4466 737 4530 mysteria,
748 4458 1116 4530 communionis
1137 4468 1341 4530 nostrae,
1363 4458 1815 4530 snlulitpontifex,
1835 4456 2040 4513 consors
2072 4469 2125 4528 1)
2150 4462 2400 4530 apposuit
2431 4476 2495 4513 ex
2529 4476 2629 4512 ms.
2663 4460 2921 4514 Thttaneo
2949 4456 3291 4530 Collriertino.
3340 4458 3445 4530 Nos
3494 4459 3748 4530 eamdem

454 4525 568 4596 ﬁeri
600 4527 780 4579 noluit.
814 4526 1042 4578 Hllnl‘llls
1071 4527 1296 4587 scilict-t,
1328 4531 1416 4595 qui
1437 4544 1499 4580 ex
1520 4541 1739 4582 auctore
1765 4529 1901 4583 vim;
1927 4532 2042 4595 pius

456 4611 506 4650 c.
543 4598 606 4651 ΓΙ
634 4599 769 4663 apud
805 4596 1035 4650 Leonem
1061 4609 1282 4666 ιιιιμεςιιιε
1317 4599 1490 4651 fut-rat
1515 4600 1724 4665 aliquos
1753 4606 1889 4666 apud
1919 4601 2044 4657 Gal-

458 4666 539 4720 los
562 4667 772 4736 publica
801 4671 1065 4723 sententia
1091 4670 1393 4728 damnatos,
1425 4671 1478 4721 in
1515 4669 1648 4723 Urbe
1679 4674 1837 4724 sacris
1865 4671 2044 4726 altari-

457 4737 550 4791 bus
578 4740 839 4800 interesse,
872 4740 1212 4792 communioni
1257 4744 1368 4810 ejus
1398 4742 1564 4810 (tlelid
1595 4741 1705 4806 Iuni)
1736 4758 1886 4810 quem
1928 4761 2043 4797 cum

458 4811 609 4862 tantis
640 4810 760 4862 viris
791 4814 1137 4862 damnaverat.
1173 4817 1415 4881 conjungi
1446 4812 1732 4864 nullatenus
1756 4818 2044 4882 acquievit;

457 4892 509 4934 et
540 4896 604 4933 ne
625 4895 909 4946 cogeretur
937 4896 1055 4934 cum
1085 4895 1170 4942 eo,
1202 4897 1358 4949 quum
1391 4885 1775 4937 absolvendum
1803 4903 2043 4949 .n-zrsen-

460 4951 646 5010 tiebat.
683 4953 861 5004 liouttn
894 4954 1311 5016 cuttttttttttit'arc,
1357 4965 1600 5015 rect'SSIt,
1634 4967 1686 5007 et
1715 4968 1938 5012 eatettus
1977 4958 2045 5013 ab

458 5022 572 5091 ipsa
602 5024 889 5090 stpOSIOIlCu
922 5027 1301 5077 communione
1329 5039 1386 5078 se
1415 5025 1684 5078 subduxit.

536 5093 662 5168 °_lta
711 5093 1031 5168 Quesnellus
1074 5110 1193 5149 cum
1244 5096 1452 5150 duobus
1487 5099 1688 5151 nostris
1735 5099 1892 5155 codd.
1929 5099 2040 5168 AL,

458 5165 786 5220 ulndtcmttis.

529 5237 555 5272 (³
589 5233 928 5298 Sirmottdus,
957 5234 1355 5292 incursionibus.

537 5317 559 5344 ε
587 5311 830 5372 Quatuor
861 5308 1027 5358 nostri
1059 5310 1293 5375 codices,
1321 5309 1366 5363 si
1395 5325 1494 5376 qua
1518 5325 1694 5364 causa.

535 5378 553 5416 ί
579 5378 668 5434 Sic
696 5380 984 5454 Quesnset
1011 5378 1180 5454 nostri
1207 5380 1366 5454 codd.
1395 5382 1503 5446 AL,
1536 5383 1670 5454 enim
1687 5381 2041 5454 gratulationi.

459 5451 578 5506 Mox
607 5463 702 5519 pro
732 5447 1018 5519 custodiam
1038 5448 1356 5506 Strtnondtts
1379 5447 1722 5506 concordiani.

533 5530 556 5568 8
587 5518 661 5576 Ita
706 5535 826 5575 cum
859 5518 1145 5575 Strmondo
1174 5521 1516 5588 Quesnellus.
1571 5526 1888 5580 Anteriores
1927 5526 2046 5582 edi-

461 5595 635 5648 tiones
661 5607 780 5645 cntu
817 5591 933 5664 Vat.
965 5593 1178 5664 collect.
1201 5593 1292 5663 24,
1321 5610 1416 5664 pro
1438 5596 1599 5650 novis.
1630 5598 1817 5651 Melius
1845 5598 1898 5651 in
1929 5598 2047 5653 aliis

463 5667 635 5720 tribus
660 5663 864 5719 nostris
893 5663 1076 5728 Codd.,
1109 5667 1274 5720 novis.

537 5734 562 5773 δ
585 5735 723 5790 Huic
758 5733 1007 5800 Leontio,
1047 5735 1114 5790 de
1143 5753 1246 5801 quo
1272 5737 1392 5792 vide
1425 5746 1658 5793 nostram
1700 5741 2045 5796 observatio-

460 5821 587 5867 nem
615 5823 665 5860 ιιι
695 5816 807 5861 not.
837 5803 898 5860 il
924 5805 1218 5875 Quesnelli,
1249 5810 1361 5864 sola
1388 5812 1739 5881 praerogativa
1768 5814 1821 5866 in
1845 5827 2046 5866 conro-

2152 4527 2570 4600 recognovimns
2601 4546 2721 4584 cum
2753 4546 2852 4584 ms.
2893 4531 3008 4583 Vat.
3042 4528 3183 4584 5355
3211 4527 3550 4583 collectionis
3579 4542 3748 4583 cano-

2149 4619 2277 4656 nnm
2325 4601 2617 4656 cardinalis
2653 4601 2962 4664 Deusdedit,
2986 4605 3072 4669 qui
3118 4601 3256 4654 hanc
3291 4600 3463 4662 legem
3494 4615 3560 4654 ex
3593 4613 3748 4653 vetuv

2149 4673 2298 4727 stiori
2350 4673 2642 4739 exemplari
2691 4684 2959 4736 sumptam
2988 4672 3160 4724 eidem
3184 4671 3488 4726 colleCtioni
3523 4672 3748 4724 inseruit

2149 4745 2244 4800 lib.
2275 4761 2314 4811 ι,
2347 4760 2464 4813 pag.
2499 4743 2589 4798 48.
2621 4744 2693 4797 Ex
2725 4759 2826 4796 ms.
2852 4743 3104 4797 Ottobon.
3139 4741 3256 4794 Vat.
3279 4743 3444 4796 solius
3475 4741 3746 4796 chronica

2149 4827 2294 4870 nota:
2324 4818 2610 4869 lectionem
2648 4815 2915 4881 posterius
2944 4817 3270 4877 accepimus.

2227 4884 2246 4924 1
2282 4888 2411 4953 Quae
2439 4898 2736 4954 sequuntur
2770 4888 3012 4953 apposita
3036 4888 3248 4938 luerunt
3278 4899 3308 4937 a
3336 4883 3397 4939 P.
3430 4881 3747 4954 Sirmottdo,

2157 4969 2210 5012 et
2239 4952 2433 5012 exinde
2464 4972 2492 5007 a
2520 4952 2819 5022 Quesnello
2843 4973 2858 5022 ;
2891 4972 2954 5010 ac
2987 4956 3477 5023 probabilissintnm
3505 4964 3587 5008 est
3609 4952 3739 5008 Leo-

2151 5032 2234 5083 nis
2261 5030 2584 5084 decretalem
2622 5045 2724 5081 una
2761 5043 2883 5082 cum
2925 5029 3023 5080 hac
3057 5027 3172 5094 lege
3205 5027 3258 5079 in
3291 5025 3492 5081 Gallias
3523 5026 3751 5078 missam

2149 5100 2340 5165 fuisse,
2377 5115 2442 5152 ne
2481 5100 2815 5154 exsecutioni
2860 5100 2976 5167 ejus
3024 5097 3470 5166 impedimentum
3500 5110 3749 5164 oppone-

2145 5182 2320 5227 retur.

2224 5253 2263 5280 ω
2295 5243 2419 5296 Mss.
2452 5241 2663 5296 Thuan.
2687 5250 2744 5296 et
2770 5240 2892 5295 Vat.
2936 5244 3074 5295 hanc
3105 5238 3514 5309 inscriptionem
3548 5235 3755 5309 pr.rl‘e-_-

2151 5324 2278 5370 runt
2306 5333 2318 5369 :
2353 5312 2648 5381 Imperator
2685 5311 3072 5366 Valentinianus
3093 5307 3357 5379 Augustus
3394 5310 3626 5364 omnibus
3658 5307 3761 5361 sub

2149 5386 2366 5454 imperio
2411 5380 2616 5439 (eterna:
2664 5384 2803 5437 urbis
2848 5381 3028 5437 Romae
3049 5382 3236 5450 ubique
3279 5380 3764 5454 terrartnn‘degeu-

2154 5449 2304 5510 tibus.
2337 5455 2484 5510 Licet
2511 5455 2793 5510 occasione
2807 5454 3024 5525 quidem
3045 5449 3429 5525 controversiae
3451 5449 3758 5525 Gallicana:

2151 5529 2220 5582 ob
2249 5528 2504 5580 nonnulla
2530 5526 2718 5581 Hilarii
2762 5521 3100 5580 Arelatensis
3136 5533 3285 5589 gesta
3318 5523 3432 5577 haec
3462 5521 3548 5574 lex
3605 5521 3762 5574 edita

2154 5597 2336 5664 fuerit,
2368 5613 2473 5652 non
2507 5608 2684 5652 tamen
2717 5613 2813 5666 pro
2853 5597 2984 5670 solis
3006 5595 3320 5670 Gallinanis,
3351 5592 3442 5648 sed
3495 5604 3592 5660 pro
3625 5592 3758 5670 nni-

2154 5662 2330 5724 vcrsis'
2375 5670 2582 5734 imperii
2638 5662 2930 5734 provinciis
2959 5668 3118 5721 latam
3155 5665 3318 5719 fuisse
3362 5671 3508 5733 patet
3537 5677 3602 5716 ex
3643 5662 3756 5734 illis

2152 5742 2364 5796 verbis:
2413 5729 2494 5793 Ne
2518 5729 2650 5808 quid
2669 5750 2772 5793 tam
2803 5739 3055 5810 episcopis
3100 5729 3387 5812 Gallicanis
3415 5749 3567 5802 quam
3599 5729 3752 5812 [illius

2153 5829 2268 5865 rum
2299 5799 2677 5879 provinciarum
2705 5799 2885 5866 contra
2907 5799 3327 5865 consuetudinem
3352 5799 3569 5864 ceteram
3592 5799 3755 5854 liceat
