4006 6348
526 366 631 427 639
1650 360 1707 415 S.
1746 355 1998 414 LEONIS
2039 356 2108 412 Ml

2234 355 2254 411 Ι
2299 355 2676 412 EPISTOLE.
3712 357 3815 412 σω

524 481 699 554 genda
733 492 802 537 an
830 491 1155 550 unoquoque
1186 476 1369 547 judice
1404 475 1495 546 qui
1539 487 1729 545 passus
1774 469 1951 542 fuerit}
1974 485 2114 542 prae-
2140 478 2192 539 Α
2218 478 2309 525 vet
2337 484 2433 539 per
2462 468 2661 523 multos
2691 477 2884 529 annos.
2917 477 3115 535 parens
3142 462 3452 534 karissime,
3489 473 3516 505 ι
3550 466 3669 522 Dat.
3722 482 3815 527 vui

525 586 677 647 cepta
700 583 884 631 nostra
906 572 1116 627 violari.
1146 568 1212 624 Et
1235 586 1389 624 manu
1411 569 1615 623 divina:
1636 566 1901 622 Divmitas
1924 574 1976 622 te
1998 581 2114 621 ser-
2226 562 2301 619 id.
2331 562 2436 617 Jul.
2466 560 2653 615 Roma:
2679 558 3059 615 Valentiniano
3078 561 3144 614 A.
3167 574 3219 613 γι
3241 569 3296 615 et
3317 558 3492 615 Nomo
3522 576 3573 616 v.
3594 577 3645 617 c.
3672 575 3813 618 coss.

602 717 628 745 ⁸
651 708 796 763 Editi
826 725 839 759 :
874 707 997 760 Dat.
1028 721 1123 761 vni
1152 706 1225 759 id.
1255 703 1382 759 Jun.
1434 706 1614 761 Roma:
1646 705 2008 760 Valentiniano
2043 704 2111 760 Α.
2224 705 2290 760 lis
2321 704 2517 774 legitur
2562 701 2614 756 in
2643 699 2900 774 anteriori
2950 699 3107 770 hujus
3135 701 3698 774 anniConstitutione
3725 718 3816 759 suo

526 794 579 834 vi
606 796 709 834 cos.
738 779 1157 835 Emendavimus
1207 792 1447 832 mensem
1478 778 1773 833 exduobus
1799 779 2111 833 memoratis
2220 773 2406 845 peritis
2458 774 2728 845 descripta
2773 773 2931 843 epist.
2977 774 3010 828 8
3049 782 3104 828 et
3138 773 3189 828 in
3240 773 3362 828 aliis
3394 773 3641 844 ejusdem
3691 774 3817 833 anni

530 866 661 905 mss.
686 850 836 905 libris
859 866 959 905 nec
990 867 1095 904 non
1122 866 1187 905 ex
1216 850 1601 917 Ottobnniano,
1636 866 1777 904 nunc
1825 850 1970 919 Vat.,
2019 850 2111 917 qui
2218 848 2471 903 Novellis.

526 922 686 975 etiam
712 922 974 993 integram
1006 921 1314 977 consulatus
1337 920 1670 976 notationem
1706 922 1956 991 praebuit,
1980 937 2113 992 qua-

525 1037 3799 1061 ww“

1357 1124 1814 1186 ADMONITIO
1856 1124 1939 1185 IN
1981 1122 2438 1186 EPISTOLAM
2482 1121 2988 1196 SEQUENTEM.

606 1260 630 1313 l
665 1256 798 1312 Cum
831 1256 1024 1327 triplex
1047 1255 1271 1325 insignis
1299 1254 1549 1327 varietas,
1582 1269 1688 1327 qua
1718 1252 2199 1327 seqtiensepisto‘la
2218 1249 2456 1327 reperiri
2479 1253 2615 1306 solet
2642 1252 2694 1306 in
2725 1267 2859 1327 mss.
2885 1251 3187 1327 codicibus,
3211 1262 3265 1308 et
3295 1252 3496 1327 exinde
3511 1253 3708 1327 triplici
3731 1270 3827 1311 rae

533 1330 684 1384 tione
704 1344 800 1383 seu
832 1324 999 1383 forma
1026 1329 1078 1382 in
1105 1324 1265 1381 editis
1289 1326 1507 1395 prodiit.
1543 1326 1830 1390 plurimum
1856 1324 2185 1378 difﬁcultatis
2215 1324 2381 1395 injicit
2409 1340 2422 1387 ;
2460 1334 2568 1375 lttm
2596 1340 2727 1378 vero
2750 1324 3027 1389 Quesnelli
3055 1324 3349 1393 disputatio
3387 1325 3529 1381 notis
3554 1324 3609 1380 et
3636 1326 3825 1383 obser-

535 1400 844 1455 vationibus
872 1402 989 1468 ejus
1017 1400 1238 1459 inserta,
1271 1394 1373 1464 qua
1407 1412 1567 1449 tinam
1600 1398 1865 1449 rationem
1900 1400 2133 1450 retinere
2162 1410 2225 1450 ac
2272 1394 2588 1455 defendere,
2622 1395 2754 1468 alias
2804 1411 2932 1450 vero
2963 1395 3096 1468 duas
3123 1397 3429 1468 repudiare,
3475 1406 3527 1451 et
3575 1412 3825 1467 magnam

538 1472 780 1541 epistolae
810 1465 1015 1541 partem
1050 1469 1213 1524 veluti
1238 1470 1662 1523 additamentum
1695 1468 1763 1522 ab
1792 1469 1971 1537 aliquo
2004 1468 2609 1541 itnpostorerc‘onfictnm
2638 1465 2865 1541 rejtcere
2892 1466 3115 1541 studuit,
3151 1469 3220 1521 ita
3248 1467 3619 1541 difficultatem
3654 1465 3826 1541 adau-

536 1538 645 1612 get,
679 1556 734 1595 ut
760 1538 875 1597 sine
904 1543 1016 1596 ullo
1044 1556 1184 1595 novo
1215 1542 1422 1604 codice,
1456 1542 1547 1609 qui
1581 1554 1697 1593 rem
1726 1555 1941 1594 omnem
1976 1541 2145 1609 probe
2169 1538 2442 1603 conciliet,
2469 1550 2677 1594 certum
2708 1538 2909 1607 aliquid
2940 1548 3179 1594 statuere
3218 1552 3270 1594 ei
3300 1539 3463 1595 edere
3492 1540 3828 1610 impossibile

536 1615 801 1668 videatur.

609 1684 663 1737 2.
705 1684 879 1738 l’rima
913 1684 1155 1749 epismlaa
1176 1676 1365 1738 ratio‘a
1396 1681 1619 1737 Merlino
1645 1682 1785 1736 edita
1818 1691 1979 1751 atque
2008 1681 2292 1748 Sicliardo,
2317 1690 2372 1736 et
2399 1697 2493 1751 per
2520 1696 2617 1736 nos
2648 1686 2809 1736 etiam
2834 1682 3076 1737 secundo
3112 1682 3233 1737 loco
3261 1682 3468 1738 edenda
3488 1726 3500 1747 ,
3537 1682 3829 1753 epismlam

537 1756 907 1810 tantummodo
940 1756 1186 1823 producit
1215 1758 1279 1807 ad
1306 1753 1537 1809 medium
1566 1766 1725 1823 caput
1754 1769 1950 1807 nonntii
1980 1770 2169 1825 usque,
2193 1763 2354 1823 atque
2374 1758 2631 1826 terminat
2662 1754 2777 1826 illis
2805 1753 3047 1826 ejusdem
3076 1755 3266 1823 capitis
3293 1756 3655 1826 verliis,justa
3683 1764 3830 1826 post-

538 1829 629 1881 hac
664 1828 856 1881 ultione
884 1828 1182 1896 plectamm.
1218 1827 1343 1881 Haec
1369 1826 1555 1880 eadem
1580 1829 1716 1880 ratio
1748 1826 2017 1880 invenitur
2046 1823 2095 1879 iii
2122 1841 2251 1880 mss.
2284 1825 2443 1879 codd.
2476 1825 2812 1879 collectionis
2842 1823 2877 1878 5
2917 1841 2945 1896 a
2987 1826 3279 1890 Quesnello
3320 1823 3575 1893 vulgatae.
3611 1823 3832 1896 ex'qni-

538 1899 638 1953 bus
670 1900 803 1953 duos
849 1899 939 1953 ille
967 1909 1375 1959 commemorat,
1408 1898 1722 1951 Tltiianeuin
1769 1908 1822 1951 et
1870 1897 2403 1967 Trecopitlimanutn,
2451 1912 2549 1951 nos
2581 1912 2710 1950 vero
2750 1897 2885 1951 duos
2926 1895 3268 1951 bibliotheca:
3299 1896 3563 1951 Cmsareae
3592 1895 3834 1963 adjicere

538 1986 823 2041 possamus
846 1972 1084 2039 signatos
1110 1987 1255 2024 num.
1290 1968 1358 2025 59
1388 1978 1443 2023 et
1470 1969 1560 2023 4‘2.
1594 1970 1779 2023 Exstat
1820 1972 1980 2022 etiam
2012 1969 2063 2023 iii
2095 1986 2225 2025 mss.
2279 1968 2493 2041 collect.
2532 1969 2609 2041 107
2640 1967 2830 2041 Isidori
2854 1979 2907 2022 et
2936 1972 3153 2024 collect.
3182 1968 3270 2033 12,
3304 1970 3370 2041 ad
3403 1984 3561 2041 quam
3594 1969 3834 2041 pertinet

538 2038 703 2096 codex
728 2057 756 2094 a
791 2042 1007 2095 Merlino
1030 2042 1322 2109 adhibitus,
1355 2056 1453 2094 nec
1473 2056 1578 2093 non
1611 2041 2017 2095 l-lerovalliantis
2045 2041 2113 2095 ab
2143 2041 2331 2094 eodem
2360 2040 2652 2105 Qtiesnello
2694 2039 2974 2104 laudatus;
3013 2052 3067 2095 et
3106 2041 3156 2094 iii
3186 2039 3346 2095 codd.
3390 2040 3730 2094 collectionis
3758 2038 3835 2093 24

541 2130 659 2182 quae
681 2115 796 2167 sola
828 2113 965 2167 inter
991 2114 1337 2168 collectiones
1369 2114 1691 2180 posteriores
1720 2113 1857 2165 hanc
1886 2116 2129 2180 epistolae
2160 2112 2382 2165 fni-mam
2408 2112 2655 2173 exhibet;
2687 2126 2750 2164 ac
2776 2127 2825 2179 pi
2839 2118 3037 2165 :eterea
3080 2111 3218 2165 inter
3250 2110 3559 2181 hujusmodi
3604 2112 3831 2166 codices

542 2186 795 2239 censendi
828 2184 1151 2245 ViCltll‘intlS,
1182 2184 1586 2253 Regniacensis.
1616 2191 1673 2237 et
1693 2185 1749 2239 S.
1778 2183 1987 2237 Martini
2011 2183 2470 2245 Altisiodoretisis,
2501 2184 2589 2251 qui
2622 2183 2867 2236 eamdem
2896 2183 3112 2238 ctillect.
3140 2183 3211 2238 2‘
3243 2198 3368 2237 cum
3404 2183 3631 2248 epistola
3666 2182 3834 2252 hujus

541 2256 725 2310 forma:
756 2259 943 2310 eodem
987 2267 1278 2311 annotante
1313 2254 1684 2323 praeseferunt.
1719 2256 1810 2309 llis
1839 2255 2115 2309 codicibus
2144 2255 2465 2320 Quesnelltis
2490 2256 2538 2306 iit
2568 2255 2798 2307 secunda
2831 2254 3074 2310 edittotie
3102 2256 3299 2318 adjecit
3336 2255 3471 2308 alios
3497 2253 3653 2309 dtios.
3683 2268 3830 2324 quo-

540 2342 656 2381 rum
689 2327 1101 2395 descriptionem
1132 2337 1249 2397 post
1278 2331 1503 2395 primaut
1538 2327 1945 2395 iiiipressionetn
1975 2327 2142 2379 Roma
2163 2330 2386 2391 :iceepit,
2418 2325 2668 2379 nimirum
2700 2325 2918 2379 Barber.
2954 2326 3022 2379 77
3050 2340 3101 2380 et
3128 2326 3290 2381 2883.
3323 2325 3524 2397 Horum
3558 2326 3766 2394 primus
3794 2338 3830 2379 ι

542 2400 698 2452 ιιοιιίκ
724 2401 848 2452 item
871 2396 1186 2454 observatos
1214 2408 1372 2469 atque
1398 2398 1647 2459 collatus,
1679 2406 1763 2452 est
1785 2412 1855 2450 χιι
1886 2398 2101 2469 circiter
2125 2398 2325 2462 saeculi,
2352 2404 2407 2450 et
2432 2400 2576 2449 varia
2608 2399 2864 2469 opuscula
2892 2398 3052 2450 etiam
3080 2396 3398 2467 posterioris
3424 2398 3523 2451 aevi
3551 2397 3829 2464 continet,

542 2484 604 2525 ex
636 2470 812 2525 Leone
836 2482 1013 2524 autent
1044 2470 1182 2525 hanc
1204 2468 1415 2524 unicam
1444 2470 1726 2537 epistolam
1759 2470 1996 2523 exhibet.
2031 2468 2182 2522 Αἰίει·
2205 2484 2330 2523 vero
2360 2468 2769 2537 antiquissimus
2789 2478 2843 2520 et
2866 2470 3179 2531 maiusculis
3206 2470 3399 2523 litteris
3421 2469 3655 2534 scriptos
3673 2483 3837 2523 com-

544 2543 794 2612 pleCtitnr
818 2552 1081 2596 Vetustam
1111 2542 1326 2595 etillect.
1356 2544 1411 2605 5,
1442 2541 1530 2595 cui
1559 2542 1721 2594 aliuin
1746 2541 1979 2594 similem
2014 2540 2312 2594 invenimus
2344 2542 2395 2594 in
2426 2544 2743 2608 pei'atitiquo
2779 2539 2893 2612 Vat.
2933 2538 3090 2594 1542,
3126 2540 3233 2595 Nos
3265 2542 3484 2609 insuper
3510 2539 3651 2594 hanc
3674 2554 3836 2594 eam-

544 2611 665 2667 dem
695 2614 935 2682 epismla:
958 2617 1248 2668 decurtata)
1275 2612 1377 2674 (sic
1408 2614 1548 2667 enim
1576 2612 1993 2681 appellabimus)
2026 2613 2285 2667 rationein
2313 2612 2453 2665 nacti
2484 2626 2666 2663 sumus
2700 2612 2750 2663 in
2777 2611 2947 2665 tribus
2972 2612 3088 2665 aliis
3110 2612 3545 2672 collec1i0titbus.
3573 2611 3839 2665 nimirum

543 2684 597 2738 in
629 2700 732 2739 nis.
764 2685 877 2737 Vat.
922 2686 1138 2752 Reginae
1168 2685 1379 2739 cttllect.
1420 2686 1467 2745 l,
1506 2686 1556 2737 in
1583 2695 1792 2737 vetusto
1828 2684 1951 2736 cod.
1987 2683 2217 2737 Luceiisi
2260 2683 2477 2738 collect.
2509 2683 2543 2735 4
2571 2682 2732 2735 simili
2761 2682 3077 2736 Ctilbertiiio
3116 2684 3240 2747 784,
3280 2683 3371 2752 qui
3420 2700 3447 2735 a
3506 2682 3839 2736 Constantio

516 2756 793 2809 -laudatur
824 2758 872 2809 iti
902 2760 1109 2822 pra-lat.
1139 2758 1204 2809 ad
1240 2755 1511 2823 Epistolas
1539 2755 1766 2813 Roman.
1799 2754 1987 2821 poiitif.
2015 2771 2161 2808 num.
2198 2755 2287 2814 89.
2320 2770 2381 2807 ac
2406 2764 2665 2820 praeterea
2699 2754 2750 2807 in
2778 2756 3159 2819 manuscriptis
3196 2754 3535 2808 collectionis
3567 2752 3600 2808 9
3627 2754 3834 2821 llispa-

549 2828 703 2889 uicae,
743 2829 860 2881 Vat.
890 2830 1021 2883 13H
1058 2840 1110 2882 et
1133 2828 1435 2881 \liiideltoo.
1459 2824 1709 2881 Cmsareo
1740 2827 1828 2884 41.
1862 2837 1917 2880 ιιι
1943 2839 2327 2891 ιιι-ιιξιθιειιιιιιιε
2354 2826 2453 2878 alia
2487 2827 2636 2893 plura
2662 2826 2865 2894 scripta
2893 2828 3221 2895 exemplaria
3255 2836 3678 2879 memoratarum
3702 2824 3839 2877 col-

546 2898 834 2953 leettonuni
870 2899 954 2959 tu.
986 2901 1051 2952 1‘2
1078 2912 1131 2953 et
1158 2902 1248 2963 24,
1276 2915 1393 2961 quae
1423 2902 1473 2951 iii
1505 2898 1715 2963 praefat.
1747 2900 1811 2952 ad
1839 2900 2099 2961 epismlas
2126 2898 2514 2952 recensiiiinus.
2552 2896 2627 2949 lta
2673 2910 2794 2950 octo
2823 2897 3177 2952 collectiones
3207 2900 3258 2962 1,
3284 2896 3341 2965 '5,
3373 2895 3428 2963 4,
3461 2896 3514 2962 5,
3546 2896 3601 2963 9,
3638 2895 3730 2962 10,
3768 2896 3843 2950 12

547 2984 599 3023 ei
622 2970 713 3035 24,
744 2987 806 3025 ac
840 2971 1130 3039 peculiaris
1158 2970 1276 3024 cod.
1306 2970 1466 3023 Barb.
1499 2970 1587 3034 77,
1624 2971 1759 3023 lianc
1791 2970 2014 3033 primam
2050 2969 2297 3033 epistola:
2329 2968 2553 3039 formam
2577 2969 2856 3039 exhibent.
3458 2997 3462 3002 -

619 3040 671 3094 '5.
714 3035 959 3098 Secunda
987 3043 1226 3109 ejusdem
1255 3043 1424 3093 fmina
1455 3040 1596 3094 edita
1630 3052 1709 3093 est
1736 3041 1961 3109 primum
1993 3055 2021 3093 a
2057 3040 2400 3102 Wendelitio,
2429 3038 2556 3092 dein
2587 3054 2617 3091 a
2652 3038 2876 3101 Pithaeo,
2907 3054 2969 3094 ac
2995 3039 3213 3095 demum
3247 3054 3277 3093 a
3300 3038 3489 3094 Voello
3517 3047 3573 3095 et
3602 3035 3843 3093 Justello

546 3112 598 3166 in
626 3114 950 3169 collectione
981 3113 1225 3183 Dionysii
1251 3112 1456 3181 Exigiii.
1498 3112 1621 3166 Ha-c
1648 3123 1827 3167 autem
1857 3112 2057 3165 omittit
2086 3114 2183 3164 tria
2216 3110 2421 3183 integra
2460 3109 2656 3183 capita,
2696 3122 2931 3183 sextum,
2965 3113 3288 3176 septimum,
3322 3120 3385 3183 et
3404 3120 3677 3183 octavum.
3712 3123 3845 3183 qua

547 3183 601 3237 in
638 3192 803 3253 prima
837 3186 1003 3238 forma
1036 3178 1311 3263 deportata
1344 3178 1697 3263 exhibentur;
1728 3195 1781 3237 et
1814 3184 2101 3263 postremis
2144 3178 2600 3263 verbis‘ejusdem
2632 3180 3226 3263 priiiizo_foriii_ze,justa
3253 3182 3465 3263 post/iac
3494 3182 3686 3263 ultione
3714 3178 3846 3263 ple-

548 3252 764 3325 ctainus,
794 3267 988 3311 ca-tera
1016 3256 1185 3321 addit,
1219 3271 1337 3319 qua:
1366 3271 1533 3321 usque
1561 3256 1624 3308 ad
1662 3252 1823 3309 linem
1863 3255 2088 3322 integrae
2126 3256 2367 3322 epistola:
2401 3254 2766 3325 proferentur.
2803 3252 2930 3309 Ηιιξο
2978 3252 3151 3308 forma
3182 3254 3470 3309 exhibetur
3499 3254 3550 3307 iii
3581 3252 3849 3325 omnibus

552 3342 681 3398 mss.
715 3323 875 3383 codd.
910 3327 1028 3396 ejus
1056 3327 1393 3381 colleCIionis
1422 3341 1542 3395 qua:
1574 3326 1895 3398 Dionysiana
1924 3336 2167 3391 vocatur,
2198 3335 2255 3398 at
2277 3325 2452 3378 verius
2485 3323 2783 3398 Hadrianea
2808 3326 3125 3394 appellanda
3151 3338 3265 3391 est,
3293 3338 3626 3398 cumgomnes
3656 3323 3721 3398 lii_
3743 3336 3850 3377 co-

549 3397 695 3452 dices
726 3402 788 3450 ail
825 3395 1182 3452 lladi'ianeain
1209 3399 1581 3452 collectinneiii
1614 3398 1645 3451 7
1680 3395 1800 3452 vere
1823 3398 2149 3465 pertineant,
2175 3397 2241 3449 ad
2276 3411 2394 3451 eam
2420 3397 2623 3452 scilicet
2656 3412 2815 3464 quam
2849 3402 3057 3463 aliquot
3084 3396 3464 3451 additamentis
3508 3395 3850 3460 Dionysiana

550 3472 869 3532 auctiorem,
898 3472 1195 3524 Hadrianus
1228 3470 1246 3523 Ι
1282 3469 1515 3537 pontifex
1559 3470 1752 3523 Carolo
1782 3469 1970 3534 Magno
2001 3469 2051 3520 in
2085 3483 2236 3520 usum
2287 3467 2715 3521 Occidentalium
2757 3468 3121 3522 Ecclesiarnm
3162 3467 3400 3521 tradidit.
3432 3466 3567 3521 lliiic
3600 3465 3852 3537 plurima

552 3540 711 3611 hujus
742 3542 1078 3595 Collectionis
1104 3535 1450 3594 inveniuntur
1480 3542 1675 3611 ultique
1703 3539 2054 3611 exemplaria,
2085 3554 2205 3607 qnze
2230 3538 2375 3611 banc
2402 3539 2645 3611 epistola
2676 3538 2905 3611 formam
2940 3550 3179 3593 tuentur.
3209 3540 3353 3611 Duos
3382 3547 3590 3611 tantum
3622 3535 3855 3611 codich

551 3610 840 3666 Tliuantios
870 3614 1174 3667 GalliCanos
1205 3612 1443 3665 laudavit
1480 3608 1833 3679 Qtie'snellus;
1865 3608 1957 3665 sed
1993 3612 2159 3663 multo
2190 3610 2371 3679 plures
2413 3612 2463 3661 iti
2508 3608 2697 3664 Galliis
2727 3609 2951 3665 diffusos
2983 3620 3250 3666 memorat
3288 3610 3349 3665 P.
3395 3608 3752 3665 Constantius
3792 3608 3856 3662 in

551 3682 865 3752 praefatione
893 3684 1099 3738 laudata
1132 3700 1277 3737 iittiti.
1313 3683 1438 3748 128,
1474 3685 1614 3736 inter
1643 3698 1779 3750 quos
1807 3700 1942 3737 unus
1968 3689 2053 3735 est
2079 3682 2205 3735 anni
2233 3682 2357 3736 805.
2394 3680 2587 3733 Multos
2622 3682 2753 3737 item
2792 3683 3041 3751 antiquos
3076 3684 3174 3749 ipsi
3210 3684 3393 3736 Roma:
3415 3680 3670 3752 vidimus,
3702 3692 3858 3752 quos

551 3749 947 3809 nominavimus
972 3757 1022 3809 iti
1050 3755 1253 3821 pra'fat.
1285 3756 1346 3806 :id
1381 3754 1635 3819 epistolas
1661 3749 1808 3808 tium.
1838 3753 1920 3807 16.
1959 3753 2052 3807 His
2085 3752 2206 3806 addi
2236 3761 2464 3821 possunt
2494 3752 2655 3806 etiam
2696 3749 3294 3809 codices—collectionis
3334 3753 3391 3820 8,
3418 3767 3567 3807 num.
3600 3750 3668 3803 17
3699 3749 3862 3805 indi~

551 3827 678 3894 cati,
706 3830 794 3894 qni
824 3826 1177 3880 lladriaiieam
1209 3825 1582 3879 ctillecttoneni
1614 3825 1764 3879 initio
1788 3824 2062 3879 exhibent.

623 3898 676 3950 4.
720 3893 897 3951 Tertia
928 3896 1181 3951 ediiioiiis
1214 3897 1382 3949 forma
1414 3912 1476 3950 ex
1509 3907 1731 3965 utraque
1763 3896 2018 3949 anteriori
2047 3893 2297 3957 conﬂata,
2328 3910 2489 3965 quam
2512 3894 2804 3950 editionem
2843 3895 3069 3950 mixtam
3118 3896 3565 3963 iiuncupahimus,
3596 3893 3762 3948 aliter
3795 3893 3861 3949 in

553 3981 712 4031 mss.,
737 3973 891 4023 aliter
929 3971 980 4022 iti
1013 3969 1172 4021 editis
1200 3969 1489 4021 invenitur.
1518 3967 1573 4020 lii
1597 3968 1876 4021 codicibus
1906 3969 2048 4021 enim
2082 3981 2217 4034 quos
2249 3966 2501 4030 vidimus,
2526 3969 2742 4021 omissis
2782 3968 3045 4035 capitibus
3077 3968 3130 4031 6,
3168 3969 3220 4034 7,
3245 3968 3299 4032 8,
3329 3977 3384 4021 et
3419 3965 3643 4021 dimidio
3688 3966 3864 4031 noni,

554 4046 659 4093 tota
693 4039 995 4095 Hadrianea
1024 4040 1189 4094 editio
1220 4042 1449 4107 primum
1482 4038 1789 4101 exhibetur,
1817 4040 1927 4092 fere
1956 4054 2077 4091 cum
2107 4038 2360 4091 chronica
2392 4042 2665 4092 notatione
2703 4037 2824 4092 Dat.
2860 4052 2911 4091 tv
2946 4040 3061 4093 idus
3097 4041 3333 4109 Augusti.
3369 4037 3498 4091 Dein
3544 4035 3866 4109 subjiciun-

554 4118 641 4164 tur
666 4118 808 4166 velut
837 4111 1105 4181 appendix
1137 4124 1432 4181 memorata
1456 4112 1687 4176 capitula
1721 4111 1918 4163 omissa
1958 4119 2011 4162 et
2038 4117 2248 4179 sumpta
2280 4125 2343 4162 ex
2386 4110 2565 4181 prima,
2594 4109 2873 4163 decurtata
2906 4110 3144 4165 editione
3182 4107 3353 4180 usque
3397 4109 3465 4163 ad
3504 4108 3619 4176 ejus
3642 4107 3862 4181 tinem,

556 4182 627 4236 ita
654 4192 714 4237 ut
741 4178 1049 4252 repeiaiiiur
1080 4182 1165 4235 illa
1196 4199 1207 4233 :
1242 4180 1368 4235 Cum
1401 4182 1573 4248 itaque
1602 4183 1859 4244 omnibus,
1888 4190 2022 4247 etc.,
2049 4178 2173 4252 quas
2194 4182 2247 4233 in
2270 4181 2506 4252 editione
2536 4180 2813 4235 decurtata
2841 4182 3119 4250 epistolam
3146 4178 3422 4244 claudunt,
3459 4180 3512 4252 iii
3543 4178 3872 4252 Hadriano:

557 4264 735 4307 autem
768 4250 865 4309 suo
896 4256 1014 4308 locti
1044 4254 1218 4324 capite
1242 4269 1385 4307 nono
1418 4256 1616 4307 inserta
1648 4255 1879 4307 fuerant.
1914 4252 2058 4305 Hanc
2087 4251 2377 4324 let-tionem
2401 4251 2953 4324 Quesiiellusreperit
2984 4256 3034 4307 in
3066 4254 3279 4307 duobus
3309 4267 3441 4306 mss.
3473 4250 3775 4324 Tliuanejs,
3809 4257 3873 4303 et

556 4341 664 4379 uno
690 4319 1125 4394 Cantalirigensi.
1146 4326 1254 4378 Nos
1284 4324 1583 4392 reperimus
1607 4326 1658 4377 in
1686 4340 1814 4378 mss.
1841 4337 2071 4387 quatuor
2094 4322 2475 4377 collectionum
2507 4321 2592 4384 11,
2611 4323 2702 4388 20,
2732 4322 2793 4377 21
2822 4332 2877 4377 et
2902 4326 2991 4383 ‘23.
3014 4326 3077 4379 ad
3107 4340 3238 4393 quas
3262 4324 3447 4379 referri
3478 4330 3587 4394 tres
3613 4336 3642 4375 a
3668 4319 3876 4394 Ques-

558 4398 702 4451 nello
731 4392 971 4451 laudatos
1003 4397 1215 4449 codices
1247 4397 1379 4449 nihil
1426 4398 1767 4464 ambiginius.
1798 4396 2058 4449 Collectio
2092 4394 2181 4457 ii,
2204 4409 2233 4446 a
2273 4409 2379 4464 qna
2400 4402 2612 4447 caetera!
2643 4395 2989 4449 collectiones
3020 4392 3157 4450 hanc
3198 4395 3454 4451 ediiionis
3486 4393 3715 4448 formam
3772 4392 3879 4446 vi-

560 4468 755 4523 denlur
785 4473 1103 4537 sumpsisse,
1138 4470 1407 4535 [ll'a‘Cipue
1438 4467 1829 4521 cctiSideraiida
1855 4477 1959 4537 est,
1984 4480 2104 4519 cititi
2134 4467 2403 4537 antiquior
2428 4471 2499 4537 sit
2529 4465 2803 4537 lliiicniari
2834 4476 3014 4537 mtate,
3051 4468 3126 4522 uti
3158 4466 3505 4536 probavimus
3535 4466 3587 4518 in
3624 4464 3875 4537 praefat,

558 4541 623 4593 ad
652 4534 1082 4607 epistolas'iiniti.
1111 4537 1200 4591 25.
1232 4542 1283 4591 lii
1319 4556 1423 4589 tino
1454 4547 1656 4591 tantum
1686 4540 1871 4591 codice
1906 4536 2110 4590 Veneto
2140 4535 2197 4589 S.
2229 4534 2393 4590 Marci
2426 4536 2497 4590 79
2525 4536 2860 4591 collectionis
2878 4536 2950 4590 22
2978 4538 3113 4592 hanc
3152 4534 3365 4591 tertiam
3412 4538 3673 4591 rationem
3700 4534 3882 4591 nacti

557 4623 740 4662 sumtis
769 4611 971 4679 absque
1002 4607 1321 4675 repetitimie
1351 4619 1577 4662 extremi
1612 4611 1802 4677 capitis
1830 4609 1955 4660 (lum
1988 4610 2161 4677 itaque
2182 4608 2244 4659 de
2269 4607 2526 4668 omnibus,
2557 4621 2688 4669 etc.,
2717 4611 2785 4659 ita
2816 4617 2873 4661 ut
2907 4609 3121 4663 lectioni
3157 4610 3473 4663 lladrianeze
3505 4608 3605 4661 tria
3637 4615 3881 4679 tantum

560 4683 735 4744 capita
768 4676 964 4734 omissa
996 4698 1058 4734 ex
1093 4681 1157 4734 ed
1188 4681 1331 4733 tione
1356 4682 1633 4733 decurtata
1664 4676 2022 4746 sttbjiciaiitur
2050 4676 2218 4745 usque
2244 4681 2307 4731 ad
2338 4680 2450 4746 illa,
2484 4680 2559 4731 uel
2589 4695 2804 4745 corpore
2830 4682 3133 4747 perdidisse.
3176 4683 3227 4733 lti
3261 4681 3417 4734 editis
3444 4688 3619 4733 antem
3648 4676 3884 4733 Leonis

560 4751 851 4817 Quesnello
890 4752 1250 4805 aiiierioribiis
1280 4766 1341 4802 ac
1371 4750 1423 4803 iii
1474 4751 1839 4803 Conciltorttni
1881 4750 2111 4818 vulgatis
2150 4763 2271 4818 qum
2319 4765 2383 4803 ex
2427 4751 2701 4803 codicibus
2735 4751 2890 4819 liujus
2921 4754 3092 4805 tertia:
3133 4753 3374 4806 lectionis
3410 4750 3642 4819 profecta
3697 4757 3883 4815 sunt,

563 4827 818 4883 editores,
852 4838 973 4877 cum
998 4824 1135 4875 hanc
1168 4824 1389 4874 formam
1426 4824 1776 4889 inctiiigruaiii
1801 4820 2305 4889 depretienuissetit,
2337 4833 2442 4873 tam
2474 4823 2544 4873 ob
2575 4823 2883 4875 chronicam
2916 4834 3097 4877 notam
3140 4824 3294 4877 sitam
3334 4837 3459 4877 ante
3489 4823 3586 4875 tria
3609 4820 3885 4885 Capitula

562 4895 615 4954 6.
642 4898 670 4947 7
702 4906 755 4947 et
779 4894 832 4958 8,
866 4910 1023 4961 quam
1051 4893 1121 4948 ob
1149 4894 1503 4961 importunam
1531 4892 1902 4959 repetitionem
1938 4894 2142 4960 periodi
2166 4890 2292 4945 Cum
2317 4893 2487 4961 itaque
2516 4892 2578 4945 de
2608 4893 2861 4957 omnibus,
2893 4896 3037 4948 nulla
3076 4896 3195 4949 licet
3240 4894 3485 4948 codicum
3529 4891 3889 4947 aucmt’itate

560 4966 699 5025 fulti,
727 4966 989 5018 dederunt
1016 4968 1186 5031 primo
1208 4964 1497 5015 editionem
1532 4964 1909 5032 lladrianeam,
1942 4975 2165 5033 excepta
2195 4975 2432 5017 extre-nia
2468 4964 2710 5031 periodo,
2746 4964 2939 5034 Siqua
2964 4982 3078 5019 vero
3118 4966 3235 5020 alia:
3272 4976 3392 5020 sunt
3429 4978 3617 5029 cauam,
3640 4964 3893 5034 termi-

562 5047 752 5090 iiatites
783 5038 884 5089 illis
916 5038 1162 5101 Vocibus,
1192 5036 1277 5103 qui
1312 5034 1775 5105 σοηδεειίιὺαιιιιιι·Ἀ
1792 5038 2084 5101 exciperet;
2115 5051 2237 5087 mox
2269 5035 2617 5089 subdiderunt
2648 5052 2710 5088 ex
2741 5033 3017 5090 decurtata
3045 5038 3281 5091 editione
3322 5040 3422 5090 tria
3454 5033 3684 5105 capitula
3721 5041 3792 5099 ti,
3845 5035 3889 5088 7

560 5120 608 5163 ei
647 5108 698 5173 8,
730 5107 1043 5161 omitteiites
1073 5109 1447 5174 repetitionem
1482 5107 1708 5173 periodi,
1738 5103 1867 5160 Cum
1888 5106 2058 5173 itaque
2087 5108 2149 5160 de
2172 5107 2517 5171 omnibus;ac
2549 5108 2763 5160 tandem
2798 5120 2914 5175 post
2942 5110 3099 5163 verba
3132 5110 3305 5164 octavi
3329 5103 3897 5178 capitis‘rejecerunt

560 5179 864 5249 periodum,
897 5178 958 5231 Si
978 5194 1098 5230 vero
1127 5179 1246 5230 alia:
1274 5188 1390 5229 sunt
1421 5193 1609 5237 caueat.
1636 5192 1766 5241 etc.,
1800 5191 1958 5246 atque
1984 5180 2290 5229 cbronicam
2325 5188 2525 5241 notam,
2555 5178 2747 5247 quibus
2770 5182 3052 5247 epistolam
3077 5181 3413 5234 conclusere.

634 5252 685 5305 5.
733 5254 866 5304 tlinc
896 5258 1070 5301 autem
1098 5249 1227 5302 nihil
1258 5250 1450 5301 mirum
1476 5249 1520 5301 si
1544 5250 1867 5313 Quesoelltis
1897 5249 2256 5321 sollicitusde
2280 5250 2610 5321 corrigendis
2646 5266 2708 5301 ex
2753 5250 2855 5303 fide
2886 5252 3129 5304 codictiin
3164 5254 3391 5321 vulgata!
3418 5248 3476 5306 S.
3506 5248 3704 5321 [Aonis
3736 5248 3895 5321 tedi-

561 5323 721 5377 tionis
743 5322 1034 5383 errortbus,
1071 5321 1210 5375 lianc
1234 5321 1553 5386 impressam
1584 5322 1897 5383 editionem,
1927 5336 2047 5388 qua:
2077 5319 2235 5373 nullis
2258 5334 2386 5371 mss.
2422 5320 2629 5379 nititur.
2657 5324 2973 5388 repudiavit.
3003 5320 3137 5377 Cum
3167 5319 3298 5376 vero
3326 5325 3377 5376 in
3410 5322 3541 5390 ipsis
3569 5320 3897 5376 codeibus

562 5403 765 5449 tantam
801 5392 1115 5446 varietatem
1143 5394 1495 5461 perspiceret,
1532 5406 1630 5445 nec
1660 5407 1826 5445 unum
1850 5393 2090 5444 codicem
2123 5392 2357 5443 nancisci
2400 5395 2681 5455 potuisset,
2715 5394 2805 5456 qui
2835 5405 3018 5461 aptum
3051 5394 3231 5448 omnia
3266 5391 3590 5448 conciliandi
3624 5392 3898 5448 modum

560 5475 904 5536 suggereret;
934 5467 1157 5536 primam
1176 5461 1438 5536 editionis
1462 5462 1937 5536 ratiuiietii,gqtiam
1964 5466 2014 5515 in
2041 5462 2433 5536 antiquioribus
2457 5463 2891 5536 _t-ollectioiiibns,
2924 5476 2979 5519 et
3008 5480 3137 5519 mss.
3172 5466 3495 5536 descriptam
3526 5465 3677 5523 vidit.
3723 5463 3905 5536 (eti-

564 5532 794 5595 neiidum
818 5545 874 5591 et
902 5534 1277 5589 vindicandam
1310 5536 1533 5603 putavit.
1560 5532 1856 5587 Secundam
1888 5548 2017 5605 vero
2044 5537 2306 5587 rationem
2340 5532 2591 5587 editionis
2631 5534 2945 5589 lladrianeze
2976 5552 3041 5591 eo
3088 5537 3340 5591 libentius
3360 5532 3579 5605 rejecit,
3621 5534 3790 5603 quod
3831 5537 3903 5590 in

564 5626 627 5664 ea
657 5608 932 5663 nonnulla:
960 5606 1217 5661 Romana:
1242 5608 1388 5659 sedis
1419 5610 1784 5674 praerogativa:
1816 5604 2186 5673 praeferantur,
2217 5605 2270 5659 in
2303 5620 2435 5673 quas
2464 5620 2583 5657 cuin
2617 5620 2723 5659 non
2754 5605 2890 5661 bene
2914 5617 3053 5663 esset
3086 5608 3375 5670 animatus,
3405 5604 3649 5674 apertam
3679 5608 3907 5661 inter~

567 5680 917 5748 polationeui,
944 5682 1233 5749 pluresque
1258 5679 1565 5747 imposturte
1594 5678 1789 5746 gradus
1812 5678 1865 5730 in
1894 5676 2010 5746 ejus
2036 5677 2308 5743 editionis,
2340 5686 2395 5730 ut
2422 5685 2597 5742 vocat,
2630 5676 3013 5735 additamentis
3045 5680 3227 5735 videre
3254 5678 3358 5735 sibi
3397 5679 3543 5733 visus
3585 5687 3690 5745 est,
3714 5691 3910 5747 quos

567 5754 618 5806 iii
652 5754 791 5807 notis
814 5751 1068 5807 latissime
1089 5754 1358 5819 exposuit.

641 5824 691 5876 6.
735 5824 834 5889 Qui
864 5840 993 5879 vero
1023 5839 1127 5877 non
1161 5818 1380 5895 perinde
1420 5820 1471 5874 in
1503 5818 1868 5874 Romanorum
1906 5819 2214 5895 pontificum
2246 5819 2527 5895 privilegia
2570 5819 2787 5889 infensi,
2836 5824 2940 5878 etsi
2978 5823 3270 5881 Gallicanis
3311 5822 3588 5895 principiis
3630 5821 3903 5895 imbuti,

570 5892 838 5957 Otiesnelli
880 5904 1030 5951 notas
1069 5895 1134 5950 ad
1182 5894 1417 5951 calculos
1467 5900 1811 5961 revocarunt,
1862 5892 2259 5958 approbantium
2305 5893 2521 5967 quidem
2572 5905 2899 5952 censuerunt
2947 5895 3239 5954 editionem
3279 5892 3621 5954 decurtatam
3660 5892 3917 5967 prima
