4006 6348
486 308 588 373 Ol?

1610 317 1670 375 S.
1712 316 1954 375 LEONIS
1994 314 2211 375 MAGNI
2249 316 2627 378 EPISTULA}.

3656 327 3756 385 618

478 434 732 492 Ecclesiae
762 433 1067 491 dederetur.
1100 428 1215 488 Non
1255 440 1337 489 est
1374 434 1475 489 hoc
1504 437 1792 493 consulere.
1826 437 2059 508 populis,
2091 445 2139 503 Α
2171 454 2401 511 persona
2431 437 2947 509 praetermittendum
2971 444 3054 493 est
3080 437 3221 508 quod
3252 436 3509 496 institutis
3534 456 3754 511 genera-

474 530 568 585 sed
592 544 809 595 nocere,
836 542 934 583 nec
956 535 1210 596 praestare
1233 528 1499 597 regimen,
1527 527 1620 584 sed
1646 543 1840 600 augere
1865 530 2060 585 discri-

473 636 618 677 men.
650 620 929 689 lntegritas
969 619 1113 673 enim
1146 620 1552 689 praesidentium
1581 622 1726 677 salus
1756 632 1837 678 est
1877 623 2062 679 subdi-

470 726 669 777 torum,
694 723 747 768 et
767 714 855 767 ubi
883 722 965 767 est
994 713 1335 770 incolumitas
1361 716 1704 785 obedientiae,
1730 716 1804 772 ibi
1827 732 1955 773 sana
1979 727 2060 773 est

466 807 640 863 forma
683 807 962 861 doctrinm.
999 815 1023 842 ⁸
1054 806 1390 876 Principatus
1421 818 1598 864 autem
1648 826 1806 881 quem
1854 822 1946 865 aut
1975 826 2062 867 se-

465 898 596 953 ditio
617 899 865 963 contulit,
890 907 981 953 aut
1002 900 1234 954 ambitus
1256 904 1555 971 occupavit,
1582 904 1795 958 etiamsi
1820 904 2068 959 moribus

463 1003 625 1063 atque
655 994 863 1049 actibus
893 992 919 1032 δ
948 1011 1052 1049 non
1083 995 1329 1061 offendit,
1366 1000 1533 1068 ipsius
1570 1007 1748 1053 tamen
1794 999 1927 1052 initii
1975 998 2058 1052 sui

462 1097 543 1141 est
579 1089 909 1157 perniciosus
934 1093 1203 1161 exemplo,
1234 1103 1286 1147 et
1314 1092 1536 1148 difficile
1564 1103 1647 1149 est
1678 1104 1735 1148 ut
1760 1094 1906 1148 bono
1929 1109 2055 1163 per-

462 1191 689 1251 agantur
720 1183 893 1247 exitu,
927 1199 1045 1253 quae
1078 1186 1220 1238 malo
1252 1196 1379 1240 sunt
1412 1187 1658 1240 inchoata
1694 1186 1982 1257 principio.

533 1274 655 1331 CAP.
696 1278 1004 1344 li.——Qnod
1031 1281 1074 1332 si
1101 1280 1151 1333 in
1175 1281 1497 1348 quibuslibet
1528 1282 1783 1337 Eet'lesia:
1805 1282 2055 1351 gradibus

461 1374 806 1439 providenter
842 1374 1179 1441 scienterque
1214 1374 1508 1428 curandum
1541 1389 1621 1429 est
1658 1389 1712 1429 ut
1758 1378 1807 1429 iti
1842 1376 2053 1432 Domini

461 1461 623 1516 domo
654 1465 780 1515 nihil
815 1465 885 1516 sit
927 1464 1287 1519 inordinatum
1339 1466 1578 1534 nihilque
1622 1481 2048 1538 prtepoSterum,

460 1567 658 1621 quanto
700 1556 869 1625 magis
904 1557 1289 1611 elaborandum
1327 1571 1409 1612 est
1447 1569 1502 1611 ut
1543 1561 1593 1612 in
1624 1561 1889 1615 electione
1934 1562 2052 1631 ejus

459 1645 547 1712 qui
594 1661 749 1708 supra
802 1662 991 1701 omnes
1020 1648 1214 1716 gradus
1251 1650 1601 1703 constituitur
1646 1667 1750 1705 non
1796 1653 2051 1706 erretur?

459 1735 590 1790 Nam
624 1740 780 1792 totius
808 1740 1018 1793 familiae
1061 1740 1271 1794 Domini
1296 1752 1466 1796 status
1492 1756 1545 1797 et
1568 1744 1702 1797 ordo
1735 1746 1969 1808 nutabit,
2002 1746 2047 1800 si

2168 531 2308 588 libus
2338 534 2664 596 continetur,
2702 545 2801 585 nec
2836 529 3101 600 putandus
3128 541 3211 586 est
3242 532 3416 586 honor
3455 533 3546 589 ille
3578 536 3754 605 legiti-

2164 639 2287 680 mus
2315 625 2405 695 qui
2432 625 2587 680 fuerit
2612 631 2803 679 contra
2832 622 3032 679 divinae
3058 624 3187 694 legis
3211 634 3476 695 praecepta
3504 626 3752 686 collatus.

2234 718 2367 774 CAP.
2400 718 2475 772 ΙΙΙ.
2507 748 2577 758 --
2600 717 2820 772 Dicente
2849 718 2994 772 enim
3032 718 3294 785 Apostolo
3322 714 3337 754 ί
3374 729 3431 772 ιιι
3458 718 3599 775 inter
3624 723 3753 782 alias

2164 814 2446 869 electionis
2477 812 2693 881 regulas
2718 814 2762 866 is
2791 814 3081 881 episcopus
3104 812 3384 867 ordinetur
3406 829 3569 884 quem
3599 818 3751 870 unius

2162 908 2341 961 uxoris
2369 908 2532 960 virum
2564 905 2731 961 fuisse
2763 904 2776 956 i
2819 914 2913 960 aut
2951 921 3074 960 esse
3101 907 3403 960 constiterit
3434 907 3489 976 (Ι
3521 908 3750 964 Timoth.

2163 1015 2240 1065 ιιι,
2269 1000 2303 1052 ‘2
2325 1008 2363 1067 ),
2388 1007 2495 1051 tam
2524 1008 2731 1053 sacrata
2756 1012 2972 1065 semper
3003 999 3179 1053 habita
3206 1006 3289 1053 est
3312 1001 3410 1053 ista
3440 1001 3749 1071 praeceptio,

2162 1104 2220 1146 ut
2249 1093 2410 1146 etiam
2440 1092 2507 1145 de
2529 1093 2754 1145 muliere
2781 1092 3078 1145 sacerdotis
3107 1090 3337 1160 eligendi
3369 1091 3558 1146 eadem
3592 1092 3752 1147 intel-

2161 1182 2412 1253 ligeretur
2435 1181 2698 1236 servanda
2720 1181 2991 1244 conditio;
3027 1196 3094 1235 ne
3119 1180 3255 1235 forte
3283 1180 3393 1246 illa,
3442 1182 3752 1252 priusquam

2160 1270 2187 1310 ¹ί
2232 1274 2285 1327 in
2325 1273 2725 1327 matrimonium
2759 1273 2877 1339 ejus
2908 1272 3139 1337 veniret,
3186 1272 3277 1342 qni
3326 1273 3482 1325 aliam
3518 1289 3623 1327 nou
3655 1272 3753 1328 ha-

2160 1366 2363 1420 buisset
2394 1381 2648 1431 uxorem,
2696 1365 2920 1418 alterius
2959 1365 3055 1419 viri
3097 1374 3243 1419 esset
3287 1375 3509 1435 experta
3557 1367 3752 1435 conju-

2157 1460 2322 1529 gitno.
2357 1458 2485 1524 Quis
2510 1458 2673 1527 igitur
2706 1454 2724 1493 ι
2762 1458 2996 1510 tolerare
3026 1458 3220 1510 audeat
3248 1460 3388 1526 quod
3417 1461 3465 1510 in
3502 1459 3631 1512 tattti
3663 1472 3752 1512 sa-

2156 1550 2417 1606 cramenti
2453 1558 2792 1618 perpetretur
2821 1548 3095 1617 injuriam,
3127 1565 3246 1604 cum
3282 1550 3405 1602 huic
3436 1566 3627 1619 magno
3657 1565 3751 1606 ve—

2158 1645 2503 1713 nerandoque
2530 1644 2788 1714 mysterio
2811 1658 2910 1696 nec
2928 1644 3122 1696 divina:
3147 1643 3361 1710 quidem
3388 1644 3522 1712 legis
3543 1654 3748 1700 statuta

2155 1738 2459 1804 defuerint,
2503 1737 2698 1808 quibus
2743 1736 3024 1791 evidenter
3065 1745 3151 1790 est
3189 1735 3470 1791 deﬁnitum
3505 1747 3561 1791 ut
3590 1737 3751 1808 virgi-

460 1832 600 1898 quod
632 1833 923 1899 requiritur
964 1835 1013 1885 in
1049 1848 1303 1902 corpore,
1339 1846 1361 1873 ο
1394 1851 1498 1888 nou
1532 1836 1839 1890 inveniatur
1876 1837 1930 1891 in
1961 1853 2047 1892 ca-
2084 1832 2128 1891 Β
2160 1849 2282 1887 nem
2324 1830 2578 1887 sacerdos
2620 1831 2851 1897 accipiat
2883 1840 2922 1866 ω
2950 1845 3171 1883 uxorem
3205 1829 3403 1899 (Leuit.
3438 1846 3557 1895 ut.
3591 1832 3660 1886 15
3703 1840 3752 1884 et

458 1922 586 1990 pite.
632 1922 728 1977 Ubi
767 1938 847 1977 eSt
888 1924 975 1977 illa
1018 1924 1159 1979 beati
1205 1925 1355 1979 Pauli
1401 1929 1626 1997 apostoli
1664 1944 1759 1997 per
1790 1929 2044 1997 Spiritum

461 2013 551 2067 Dei
582 2013 773 2066 emiSsa
806 2015 1114 2082 praeceptio,
1144 2031 1245 2083 qua
1276 2017 1325 2069 iu
1358 2032 1585 2084 persona
1620 2021 1891 2075 Timothei
1925 2036 2045 2075 om-

456 2103 603 2157 nium
632 2103 828 2159 Christi
857 2108 1192 2160 sacerdomtn
1222 2124 1478 2163 tmiuertts
1507 2109 1770 2176 eruditur,
1799 2108 1826 2149 ἀ
1849 2122 1900 2167 et
1928 2113 2045 2167 uui-

455 2199 647 2268 cuique
671 2210 911 2253 nostrum
935 2200 1158 2254 dicitur:
1178 2200 1368 2255 Manus
1388 2205 1486 2257 cito
1508 2206 1698 2259 nemini
1720 2208 2044 2277 imposueris,

454 2305 613 2357 neque
647 2291 984 2345 communices
1024 2295 1243 2361 peccatis
1275 2292 1457 2349 alienis
1482 2296 1531 2366 (Ι
1558 2295 1779 2350 ΤίηιοιΙι.
1814 2314 1865 2363 v,
1898 2298 2047 2368 22)?

457 2393 480 2419 ο
510 2384 645 2451 Quid
677 2394 759 2439 est
785 2385 892 2439 cito
936 2402 1126 2441 manus
1170 2388 1475 2457 imponere,
1523 2391 1625 2444 nisi
1662 2401 1787 2447 ante
1825 2400 2045 2447 :etatem

453 2479 794 2544 maturitatis,
827 2488 952 2535 ante
992 2490 1202 2551 tempus
1243 2486 1536 2551 examinis,
1574 2482 1595 2521 ί
1628 2496 1755 2540 ante
1796 2487 2047 2541 meritum

452 2571 800 2636 obedientize,
830 2582 956 2626 ante
979 2577 1367 2642 experientiam
1402 2577 1706 2645 disciplinae
1735 2579 2048 2635 sacerdota-

451 2663 555 2718 lem
605 2664 864 2718 honoi'etn
911 2665 1149 2721 tribuere
1178 2683 1283 2721 non
1307 2668 1471 2738 650
1504 2670 1784 2739 probantis?
1823 2672 1889 2725 Et
1916 2672 2045 2741 quid

450 2765 531 2810 est
586 2759 983 2813 communicare
1050 2763 1282 2825 peccatis
1342 2762 1561 2828 alienis,
1622 2762 1726 2817 nisi
1777 2773 1831 2817 et
1884 2767 2043 2821 talem

450 2846 587 2903 efﬁci
618 2850 978 2917 ordinantem,
1009 2853 1183 2921 qualis
1213 2864 1295 2908 est
1331 2855 1423 2909 ille
1451 2855 1543 2925 qui
1582 2871 1686 2911 non
1718 2857 1920 2912 meruit
1949 2873 2045 2912 or-

449 2940 657 2995 dinari?
677 2944 823 2997 Sicut
845 2944 988 2998 enim
1018 2945 1145 2998 boui
1168 2947 1350 3015 operis
1375 2948 1477 3001 sibi
1500 2959 1780 3018 comparat
1804 2950 2042 3007 fructum

448 3034 538 3103 qui
577 3046 782 3089 rectum
816 3045 841 3083 κ
889 3046 1035 3091 tenet
1066 3040 1117 3091 in
1149 3040 1400 3109 eligendo
1430 3043 1711 3097 sacerdote
1749 3044 2043 3113 judicium,

366 3116 367 3119 1
449 3126 521 3181 ita
559 3127 707 3196 gravi
750 3130 1099 3197 semetipsum
1140 3132 1307 3186 afﬁcit
1355 3135 1553 3190 damno
1586 3136 1678 3207 qui
1720 3137 1750 3174 ¹ι
1792 3139 1846 3193 in
1886 3154 2043 3194 suum

2155 1927 2254 1992 14;
2291 1924 2480 1980 Ezeclt.
2511 1940 2669 1989 xuv,
2699 1925 2771 1979 22
2792 1925 2832 1992 ),
2860 1933 2912 1978 et
2942 1923 3161 1977 alterius
3190 1934 3364 1976 torum
3391 1924 3595 1977 nesciat
3618 1939 3751 1980 con-

2146 2018 2311 2088 jugis,
2362 2032 2483 2087 quae
2528 2032 2662 2070 uxor
2710 2015 2885 2069 futura
2929 2026 3007 2069 est
3042 2023 3068 2050 τι
3097 2015 3434 2069 sacerdotis?
3482 2015 3596 2069 Jam
3628 2026 3745 2070 tum

2152 2113 2294 2167 enim
2327 2113 2379 2165 in
2413 2110 2790 2165 sacerdotibus
2821 2110 3152 2178 tignrabatur
3183 2108 3382 2164 Christi
3409 2118 3464 2165 et
3486 2110 3749 2166 Ecclesiae

2151 2206 2401 2274 spiritale
2426 2204 2759 2273 conjugium,
2796 2214 2820 2239 υ
2848 2213 2905 2256 ut
2935 2205 3189 2273 quoniam
3222 2206 3304 2257 vir
3328 2215 3489 2273 caput
3518 2214 3601 2259 est
3630 2221 3752 2260 mu-

2151 2300 2298 2354 lieris
2325 2297 2505 2369 (Eph.
2532 2314 2587 2361 v,
2615 2298 2715 2362 25;
2742 2298 2761 2352 l
2784 2293 2903 2350 Cor.
2923 2312 2997 2362 χι,
3026 2298 3060 2351 5
3079 2298 3119 2367 ),
3155 2297 3327 2351 discat
3354 2299 3559 2366 Sponsa
3584 2298 3750 2355 Verbi

2152 2408 2258 2447 non
2289 2391 2453 2445 alium
2486 2390 2659 2443 virum
2694 2404 2855 2443 nosse
2885 2404 3044 2458 quam
3076 2386 3381 2455 Christum,
3414 2390 3503 2459 qui
3550 2390 3750 2446 merito

2152 2500 2312 2541 unam
2335 2484 2507 2554 eligit,
2534 2498 2691 2537 unam
2717 2482 2891 2551 diligit
2911 2491 2963 2536 et
2984 2483 3145 2554 661
3173 2482 3332 2537 aliam
3360 2494 3553 2551 praeter
3574 2484 3748 2552 ipsam

2151 2596 2249 2636 suo
2288 2579 2561 2633 consortio
2593 2591 2699 2631 non
2731 2575 2993 2645 adjungit.
3038 2576 3093 2630 Si
3127 2591 3255 2643 ergo
3297 2578 3461 2631 etiam
3494 2578 3546 2630 in
3578 2578 3752 2632 veteri

2150 2672 2498 2729 TeStamento
2526 2668 2645 2723 haec
2685 2667 3103 2722 sacerdotalinm
3149 2669 3522 2738 conjugiortnn
3575 2669 3751 2724 forma

2151 2773 2362 2821 servata
2408 2775 2521 2830 est,
2571 2773 2773 2832 quanto
2824 2762 2991 2829 magis
3027 2772 3054 2812 P
3096 2763 3196 2817 sub
3248 2762 3523 2831 Evangelii
3570 2761 3753 2831 gratia

2150 2856 2450 2920 constituti,
2476 2854 2793 2922 apostolicis
2821 2853 3079 2907 debemus
3109 2855 3316 2907 servire
3350 2853 3655 2922 praeceptis,
3687 2862 3753 2908 ut

2150 2948 2445 3020 quamlibet
2487 2944 2607 3016 quis
2650 2946 2806 3001 bonis
2848 2948 3086 3001 moribus
3135 2948 3414 3016 praeditus,
3460 2958 3513 3001 et
3543 2946 3755 3003 sanctis

2151 3042 2406 3113 operibus
2444 3039 2745 3095 inveniatur
2774 3048 3032 3103 ornatus;
3064 3054 3401 3107 nequaquam
3445 3047 3624 3093 tamen
3655 3037 3755 3095 vel

2151 3136 2218 3190 ad
2250 3132 2461 3188 diaconi
2491 3132 2737 3198 gradum,
2776 3131 2857 3185 vel
2890 3130 2953 3184 ad
2985 3130 3311 3201 presbyterii
3342 3131 3625 3197 honorem,
3659 3130 3756 3187 vel

449 3221 734 3292 collegium
765 3226 991 3278 assumit
1015 3226 1312 3297 indignum.
1344 3228 1461 3283 Non
1486 3245 1613 3301 ergo
1639 3231 1691 3286 itt
1721 3232 2043 3304 cujusquam
2072 3224 2120 3288 C
2151 3230 2219 3285 ad
2266 3229 2608 3298 episc0patus
2647 3224 2861 3280 culmen
2909 3223 3186 3290 ascendat,
3223 3224 3268 3278 si
3307 3234 3400 3278 aut
3426 3224 3599 3293 ipsum
3634 3240 3754 3280 non

521 3370 547 3433 ξ
591 3362 642 3433 1,
676 3376 729 3430 q.
768 3362 817 3426 1,
848 3376 897 3415 σι.
930 3362 1023 3426 25,
1060 3363 1409 3433 Principatus.

519 3431 548 3470 δ
591 3432 662 3485 Ita
695 3449 765 3487 ex
798 3448 924 3487 mss.
961 3435 1079 3488 Vat.
1110 3431 1272 3503 5845,
1304 3437 1557 3501 Vercell.,
1592 3439 1833 3495 Florent.
1860 3456 1924 3497 ac
1953 3442 2049 3496 tri-

449 3505 548 3577 bus
581 3505 723 3557 aliis.
760 3505 873 3577 AL,
916 3523 1015 3559 nun
1061 3505 1309 3571 o/Iendat.
1358 3509 1508 3575 Mox,
1538 3511 1653 3577 ipso
1696 3522 1863 3566 tamen
1909 3514 2047 3567 initii

449 3576 627 3651 sui...
670 3576 906 3651 exempto
943 3577 994 3630 in
1033 3582 1405 3651 antiquissimo
1450 3576 1567 3635 Vat.
1599 3594 1650 3635 et
1680 3581 1939 3651 Vercell.,
1964 3596 2045 3639 at-

449 3662 553 3716 que
582 3645 634 3699 io
670 3646 787 3699 Vat.
824 3647 974 3715 llisp.
1004 3658 1057 3701 et
1081 3645 1206 3703 Isid.
1243 3652 1487 3704 lectionis-
1520 3654 1835 3709 decurtatai.

524 3728 545 3755 ο
589 3718 686 3772 Ms.
725 3716 952 3771 Vercell.
985 3735 1105 3772 cum
1144 3720 1352 3773 duobus
1385 3722 1504 3776 aliis
1536 3724 1722 3785 codd.,
1755 3742 1855 3779 non
1890 3728 1959 3781 sit
1990 3728 2043 3782 in

448 3789 634 3862 capite.
678 3787 808 3843 Post
844 3804 1032 3859 pauca,
1064 3808 1152 3860 per
1191 3791 1445 3862 Spiritum
1484 3805 1716 3848 sanctum
1746 3794 1798 3849 in
1831 3812 1936 3853 ms.
1978 3798 2036 3854 S.

449 3860 661 3914 Crucis.

517 3931 543 3966 α
584 3931 900 4008 Quesnellus
948 3946 1068 4008 cum
1113 3933 1376 4008 vulgatis,
1426 3944 1473 3989 et
1504 3938 1723 4005 proinde
1768 3939 2043 4008 unicuique

445 4012 701 4056 nostrum.
732 4002 843 4073 Vox
862 4004 1074 4073 proinde
1094 4004 1246 4058 deeSt
1271 4004 1322 4059 iu
1341 4002 1591 4061 omnibus
1616 4024 1743 4062 mss.
1783 4002 2037 4066 lladrian.

444 4083 497 4125 et
518 4073 569 4127 iti
584 4074 703 4127 cod.
727 4072 985 4140 Florent.,
1006 4085 1059 4129 et
1074 4075 1518 4131 haheturtantnm
1541 4096 1588 4131 in
1609 4080 1766 4133 codd.
1792 4081 2039 4137 lcetiouis

443 4144 733 4198 decurtata:
751 4156 841 4197 aut
863 4147 1059 4201 niixtze.
1095 4149 1335 4211 Quatuor
1362 4164 1426 4203 ex
1453 4149 1535 4203 his
1566 4149 1763 4206 habent
1786 4161 1831 4205 et
1855 4154 1993 4209 inde.

516 4226 540 4253 θ
585 4220 717 4270 UiSI.
748 4217 835 4283 7i,
877 4237 926 4270 υ.
958 4220 1011 4282 ὅ,
1049 4218 1184 4283 Quid
1216 4230 1309 4273 est.

516 4285 536 4323 τ
584 4287 656 4340 1ι;ι
700 4302 887 4340 omnes
918 4303 1048 4343 mss.
1086 4290 1200 4341 libri
1246 4290 1503 4347 Hadrian.
1538 4309 1660 4347 cum
1694 4294 1854 4347 codd.
1887 4293 2033 4350 Flor.

441 4356 757 4423 Quesnellus
787 4374 906 4410 cum
934 4374 1062 4414 mss.
1096 4371 1147 4413 et
1188 4362 1347 4415 editis
1382 4366 1627 4418 teetionis
1656 4366 1948 4420 decurtata:
1979 4375 2034 4422 et

441 4428 639 4509 mixta},
670 4437 790 4509 ante
831 4432 1061 4509 meritum
1087 4431 1296 4509 laboris.
1331 4433 1594 4509 Justeltus
1618 4446 1908 4509 utrumque
1938 4453 2032 4509 po-

438 4501 547 4552 suit
578 4500 652 4553 sic
681 4517 692 4551 :
721 4501 851 4552 Ante
876 4502 1111 4553 meritum
1138 4501 1437 4558 obedientiw
1461 4507 1674 4559 laboris.

511 4578 535 4615 ε
574 4570 710 4626 Cod.
743 4570 1006 4637 Ftureot.,
1037 4584 1237 4638 servat;
1259 4578 1441 4629 caeteri
1472 4578 1731 4631 Hadrian.
1758 4578 2030 4633 collectio-

438 4639 519 4694 nis
538 4686 551 4707 ,
583 4651 731 4693 tenet.

510 4708 533 4747 δ
577 4713 665 4765 Sic
706 4726 807 4769 ms.
855 4711 1001 4767 Flor.
1041 4728 1164 4767 cum
1195 4714 1352 4770 editis
1381 4724 1435 4771 et
1465 4732 1599 4771 mss.
1633 4718 1881 4772 omnibus
1923 4719 2029 4775 Ha-

436 4781 611 4863 drian.
649 4783 830 4863 Lectio
872 4783 1170 4863 Quesnelli,
1215 4787 1283 4863 ad
1321 4804 1427 4863 sua:
1457 4790 1724 4863 dignitatis
1755 4790 2028 4863 collegium

433 4852 672 4906 sublimat
690 4854 993 4931 indignant.
1032 4855 1151 4931 Non
1180 4858 1312 4909 enim
1345 4861 1395 4911 in
1422 4852 1745 4931 cujusquam,
1774 4852 1912 4926 etcf,
1946 4874 2029 4919 est

432 4926 916 4992 ntannscriptorum
942 4926 1187 4981 lectionis
1219 4926 1511 4984 decurtati'e
1538 4926 1592 4985 et
1618 4933 1820 4987 mixtae.
1858 4933 2025 4990 Paulo

434 5004 556 5073 post
580 4996 631 5049 in
666 5012 765 5073 ius.
793 4995 937 5073 Flor.
974 5000 1030 5051 S.
1056 4996 1263 5073 crocis,
1294 5016 1392 5056 nec
1416 5018 1520 5056 non
1545 5003 1601 5057 in
1624 5005 1892 5073 aliquibus
1919 5005 2023 5059 Ha-

430 5065 630 5130 driam,
659 5067 710 5118 in
759 5068 960 5120 statutis
990 5083 1084 5135 pro
1114 5071 1375 5125 institutis.

505 5136 521 5174 ί
569 5138 836 5214 Particola
862 5145 915 5189 ut
936 5140 1274 5196 desideratur
1306 5146 1357 5198 in
1381 5144 1538 5200 codd.
1570 5144 1826 5214 VercelL,
1863 5144 2016 5203 Flor.

428 5217 482 5263 et
512 5211 805 5277 Auge-lica).

501 5280 515 5329 ι
579 5281 631 5333 lo
662 5282 781 5333 cod.
814 5281 961 5335 Flor.
986 5281 1181 5337 desunt
1210 5299 1371 5341 voces
1399 5298 1487 5340 aut
1516 5304 1642 5342 esse.
1675 5288 1817 5353 Mox,
1851 5298 2019 5345 tamen

426 5361 647 5419 sacrata,
681 5368 775 5419 pro
808 5363 910 5405 tam
949 5368 1099 5406 sacra
1133 5365 1207 5409 est
1246 5357 1298 5410 in
1333 5360 1584 5413 omnibus
1612 5375 1742 5414 mss.
1774 5370 1829 5415 et
1858 5362 2019 5416 editis

426 5422 683 5476 Hadrian.
717 5436 769 5476 et
799 5426 848 5476 in
882 5424 1118 5479 Florent.

497 5493 520 5529 κ
565 5494 1008 5562 Antiquissimum
1059 5513 1159 5552 ms.
1194 5497 1313 5553 Vat.
1346 5508 1400 5554 et
1425 5499 1686 5562 Vercell..
1716 5503 1770 5555 in
1800 5505 2020 5559 societa-

426 5576 522 5617 tem
545 5566 657 5633 ejus
686 5568 895 5619 veniret.
928 5567 1170 5635 Quatuor
1196 5571 1288 5624 alii
1311 5572 1523 5627 codices
1551 5572 1805 5627 editionis
1834 5577 2017 5631 mixta:

425 5636 495 5687 ita
532 5636 734 5703 pariter
762 5637 965 5704 legunt.
1000 5640 1344 5697 Retinuimus
1371 5654 1547 5697 tamen
1585 5646 1871 5699 lectionem
1898 5648 2017 5702 vul-

425 5714 773 5781 gataoi,__qiize
804 5710 854 5761 in
896 5726 996 5763 ms.
1031 5712 1175 5767 Flor.
1207 5714 1349 5781 apud
1387 5715 1695 5780 Justellum,
1726 5727 1781 5770 et
1812 5719 1861 5770 in
1894 5720 2013 5774 aliis

425 5777 585 5851 codd.
620 5778 872 5832 lladt‘iatt.
909 5786 1213 5851 praefertur.

500 5844 516 5888 ι
555 5847 635 5902 ιω
659 5865 846 5906 omnes
889 5844 1019 5907 editi
1045 5863 1100 5909 et
1127 5870 1227 5910 ms.
1271 5858 1525 5915 Hadrian.
1561 5858 1722 5915 codd.
1756 5860 2010 5917 editiOnis

2060 4677 2109 4737 D

2152 3368 2447 3421 decurtata:
2493 3376 2613 3416 cum
2659 3358 2927 3427 vulgatis:
2959 3357 3088 3424 Quis
3117 3374 3238 3428 ergo
3268 3356 3599 3412 dissimulare
3641 3376 3754 3413 au—

2152 3440 2287 3493 deat.
2328 3435 2462 3490 Cod.
2506 3448 2637 3486 vero
2682 3432 2827 3483 Flor.
2868 3440 3151 3495 utramque
3200 3430 3483 3482 lectionem
3532 3431 3748 3486 habet:

2155 3510 2284 3578 Quis
2318 3508 2477 3578 igitur
2513 3504 2843 3556 dissimulare
2869 3499 2946 3578 vei
2972 3498 3194 3578 tolerare
3223 3503 3431 3578 audeat.

2170 3571 2262 3633 Ϊηι
2306 3571 2420 3630 Vox
2454 3590 2684 3638 uxorem,
2718 3588 2876 3640 quam
2910 3572 3232 3640 Quesnellus
3265 3571 3315 3625 in
3356 3571 3592 3626 secunda
3621 3572 3753 3628 edi-

2150 3654 2298 3706 tione
2327 3648 2525 3714 adjecit
2551 3662 2612 3699 cx
2639 3639 2769 3697 mss.
2794 3654 2840 3696 et
2869 3642 3114 3714 Dionysio
3144 3639 3368 3714 Exiguo,
3399 3644 3616 3698 inventa
3650 3660 3748 3712 pa.

2146 3725 2280 3779 riter
2307 3737 2335 3773 a
2366 3712 2516 3771 nobis
2546 3716 2643 3770 fuit
2666 3715 2715 3768 in
2742 3731 2841 3767 ms.
2878 3712 3023 3767 Flor.
3051 3713 3107 3766 S.
3144 3712 3324 3773 Marci,
3348 3716 3476 3768 etin
3508 3716 3755 3772 nonnul-

2147 3795 2215 3848 lis
2244 3795 2405 3848 etiam
2435 3789 2642 3843 collect.
2682 3785 2939 3840 Hidriau.
2984 3784 3145 3838 Deest
3185 3792 3361 3838 tamen
3392 3786 3444 3839 in
3478 3800 3579 3839 ms.
3614 3785 3751 3843 Vat.

2146 3864 2287 3920 5845
2315 3877 2377 3915 ac
2408 3860 2659 3919 Vercell.,
2695 3864 2819 3911 item
2855 3856 3187 3909 lladrianeis.

2217 3945 2244 3971 ιι
2284 3936 2372 3990 Sic
2406 3931 2543 3985 idern
2567 3931 2689 3984 cod.
2717 3928 2860 3982 Flor.
2898 3942 3018 3982 cum
3049 3925 3298 3980 omnibus
3321 3940 3451 3981 mss.
3476 3926 3751 3986 Hadrian.

2144 4015 2200 4061 et
2242 4006 2298 4061 S.
2348 4003 2533 4056 Crocis
2580 4011 2739 4070 atque
2770 4008 3000 4059 quatuor
3026 3999 3142 4050 alii~
3179 3998 3453 4053 codicibus
3482 4000 3757 4070 editionis

2144 4078 2345 4131 mixtae.
2376 4073 2545 4128 Codd.
2572 4069 2701 4126 vero
2738 4072 2990 4124 editionis
3020 4070 3312 4140 decurtata:
3339 4083 3459 4122 Clllll
3490 4069 3701 4137 Quem.
3730 4116 3755 4140 ,

2143 4146 2421 4219 pontiﬁcis.
2470 4144 2634 4198 Porro
2682 4157 2927 4219 sequens
2961 4141 3231 4219 periodus,
3270 4137 3394 4219 dunt
3429 4137 3752 4219 tamenim;

2142 4209 2312 4285 usque
2349 4218 2412 4271 ad
2447 4232 2545 4269 non
2586 4215 2851 4287 ndjungit1
2897 4211 3237 4287 dﬂ‘itit'l‘:tl_l_ll‘
3269 4209 3470 4287 iii_V_a_t.
3506 4213 3659 4287 5845
3687 4209 3760 4271 ei,

2141 4291 2192 4345 in
2227 4282 2392 4344 iluoh.
2425 4282 2767 4347 l‘iadrian'ets,
2812 4283 3039 4337 Vchell.
3073 4292 3127 4336 et
3159 4282 3276 4336 Vat.
3312 4282 3474 4338 1337.
3522 4283 3578 4336 In
3610 4286 3757 4341 aliis

2139 4374 2316 4417 autem
2342 4357 2750 4427 quampluiibos
2777 4354 3178 4427 CtltideOllt'Cl.
3202 4354 3517 4427 lludrianfte
3540 4355 3756 4427 iisdem

2139 4422 2373 4499 antiquis
2402 4432 2574 4503 (inter
2607 4444 2742 4496 quos
2774 4438 2896 4503 situt
2937 4425 3059 4503 Vat.
3091 4424 3233 4503 497g!
3268 4426 3386 4478 Vat.
3421 4422 3555 4494 Reg.
3590 4426 3750 4482 1021

2138 4514 2193 4558 et
2226 4496 2527 4567 1045l‘nec
2563 4514 2668 4554 non
2700 4517 2748 4549 ιιι
2780 4496 3339 4567 Floretitiitolegitttr.

2213 4584 2262 4629 ο.
2284 4577 2336 4628 In
2362 4574 2484 4629 cod.
2514 4571 2826 4625 Florentino
2852 4569 2964 4622 haec
2992 4566 3145 4622 lcetin
3173 4566 3457 4635 peculiaris
3478 4567 3757 4623 habetur:

2141 4645 2207 4700 Ut
2237 4645 2489 4706 quomodo
2528 4646 2603 4696 vir
2636 4652 2788 4713 caput
2814 4652 2888 4693 est
2920 4638 3282 4713 nttttietjisdta
3321 4638 3550 4713 Christus
3578 4648 3762 4712 caput

2136 4730 2208 4771 est
2245 4718 2508 4775 Ecclesiae,
2540 4708 2708 4765 dissut'
2732 4713 2937 4776 Sponsa
2984 4709 3156 4762 Verbi.
3186 4710 3388 4763 Nomen
3433 4708 3583 4764 Verbi
3611 4708 3767 4769 erat

2134 4790 2295 4842 etiam
2331 4789 2382 4842 in
2406 4788 2565 4841 editis
2596 4795 2720 4839 ante
2745 4782 3116 4848 Quesnellum.
3147 4791 3196 4832 ct
3223 4780 3414 4850 legitur
3441 4782 3584 4849 apud
3607 4781 3767 4838 Jus-

2137 4862 2347 4921 lellttm,
2381 4872 2541 4928 atque
2571 4858 2619 4906 in
2652 4869 2780 4909 mss.
2814 4855 3027 4907 ctillect.
3065 4852 3296 4928 Hadrian
3330 4893 3345 4915 ,
3381 4864 3644 4928 isneterea
3677 4853 3759 4911 in

2132 4932 2383 4984 omnibus
2424 4923 2831 5005 collectionibus
2886 4940 3019 4993 quas
3046 4923 3367 5005 _consn_|ere
3406 4924 3760 5005 ptituiinus_,

2129 5002 2380 5056 editionis
2412 5002 2725 5059 decurtatte,
2762 4995 2812 5049 id
2844 5008 2925 5048 est
2955 5001 2975 5049 1
3002 5036 3015 5059 ,
3046 4994 3197 5062 3,4,
3307 4993 3458 5062 Hisp.
3502 4995 3560 5058 9,
3593 4993 3767 5053 Isid;

2130 5072 2215 5138 10,
2254 5073 2341 5132 12,
2371 5084 2423 5126 et
2443 5072 2534 5136 24,
2563 5086 2622 5122 ac
2659 5071 2710 5121 in
2744 5067 3037 5121 Barberino
3059 5060 3147 5127 77,
3182 5080 3281 5119 nec
3312 5060 3418 5138 nou
3450 5067 3501 5117 in
3534 5082 3767 5122 exem—

2126 5137 2213 5212 plo
2229 5145 2497 5207 Sichardi,
2520 5148 2644 5195 item
2666 5140 2717 5193 in
2735 5140 2892 5192 codd.
2917 5137 3133 5212 collect.
3162 5137 3495 5212 iletlitionis
3513 5140 3728 5212 mixtae
3744 5184 3765 5196 .

2126 5204 2237 5271 Soli
2285 5204 2497 5268 codices
2539 5212 2914 5265 collectionum
2957 5207 3046 5269 9.0,
3072 5204 3164 5271 21,
3193 5208 3264 5261 2‘2
3293 5217 3349 5260 et
3371 5208 3443 5261 25
3468 5209 3773 5267 editionis

2126 5289 2306 5340 mixtae
2337 5286 2534 5338 habent
2565 5279 2954 5358 Christi,__quod
2984 5294 3080 5332 cur
3108 5279 3433 5358 Quesoellus
3467 5280 3779 5347 praetule-

2123 5360 2224 5415 rit.
2259 5369 2313 5411 et
2355 5372 2421 5411 ex
2454 5357 2694 5424 margine
2731 5352 2997 5407 editorum
3042 5352 3339 5404 traduxerit
3378 5352 3432 5404 in
3476 5360 3710 5405 textum
3746 5395 3775 5421 ,

2124 5430 2454 5498 ignoramus.
3063 5492 3073 5503 ,
3188 5491 3220 5504 __
3297 5499 3307 5504 Δ
3368 5491 3411 5504 η
3465 5491 3478 5504 ε
3516 5491 3528 5504 ,

2197 5510 2224 5549 P
2251 5501 2325 5555 lla
2349 5512 2539 5553 omnes
2562 5510 2692 5550 mss.
2719 5504 2771 5548 et
2794 5493 2923 5549 editi
2955 5492 3077 5546 libri
3119 5491 3333 5547 collect.
3368 5491 3623 5546 Hadrian.
3680 5507 3781 5552 et

2124 5572 2244 5626 cod.
2275 5570 2517 5625 Floreat.
2550 5584 2671 5622 cum
2698 5566 2937 5635 quinque
2968 5564 3090 5617 aliis
3121 5564 3372 5617 editionis
3396 5565 3599 5629 mixtae,
3625 5570 3779 5633 qui

2124 5654 2328 5696 tantum
2357 5643 2472 5696 voci
2499 5640 2667 5711 gratia
2689 5639 3023 5711 praemittunt
3047 5635 3368 5711 particulam
3391 5638 3525 5711 jam.
3556 5635 3782 5711 Atpr

2122 5705 2602 5781 QiteSIielluiti,'sub
2629 5705 2975 5785 reuela‘ajant
2998 5705 3355 5785 g_r_atia,__quod
3379 5716 3462 5785 est
3479 5708 3734 5785 incudd
3751 5751 3779 5785 τ

2120 5776 2724 5859 e'ditionisdecurtatze,
2757 5776 2997 5848 exceptis
3030 5777 3147 5859 Vat.
3183 5777 3331 5859 llisp.
3363 5788 3417 5834 et
3444 5776 3598 5845 lsid.,
3621 5782 3787 5853 qui

2118 5871 2241 5912 cum
2274 5856 2502 5909 lectione
2530 5852 2831 5909 Hadrianea
2860 5852 3224 5906 consentiunt.
