4006 6348
484 313 590 374 668

1622 308 1682 363 S.
1724 302 1971 367 LEONIS
2011 310 2224 368 MAGNI
2265 311 2644 376 EPISTOLE.

3657 314 3763 372 356

481 423 682 481 tactum
712 435 834 481 esse
860 427 1113 478 causatus
1139 426 1241 486 est,
1271 428 1325 472 et
1351 416 1739 473 rationabiliter
1769 418 2063 487 postulavit
2089 425 2143 483 Α
2170 422 2363 479 merito
2407 438 2529 479 eum
2571 421 2845 495 pendente
2873 424 3088 495 negotio
3126 437 3158 479 a
3186 423 3572 482 communione
3608 427 3763 485 vide-

481 527 543 573 ut
576 517 625 571 si
652 514 891 586 episcopi
920 526 1106 568 eorum
1140 511 1380 564 locorum
1411 508 1465 563 in
1508 507 1703 579 quibus
1730 523 1837 564 non
1868 510 2069 566 debue-

480 615 605 663 rant
632 607 868 663 ordinari
918 606 1149 659 humana
1196 600 1505 657 conditione
1536 601 1891 670 decesserint,
1947 604 2066 661 loca

2173 516 2364 572 bamus
2414 515 2582 571 fuisse
2608 529 2953 585 suspensum.
3002 514 3287 586 Adjectum
3317 517 3479 573 etiam
3517 517 3650 575 illud
3676 528 3763 577 est

2171 606 2319 678 quod
2346 605 2473 663 huic
2502 615 2706 666 temere
2734 607 3178 678 superordinatus
3226 622 3349 666 esse
3388 609 3759 681 cognoscitur,

484 701 601 771 ipsa
632 710 659 737 ει
686 700 752 754 ad
776 698 869 768 jus
894 696 1134 766 ejusdem
1173 695 1386 753 antistis
1430 695 1515 753 cui
1560 696 1686 750 olim
1736 698 1949 767 propria
1980 697 2068 753 vel
2170 700 2262 769 qui
2316 714 2427 757 non
2479 699 2666 756 debuit
2717 698 2961 758 ordinari
3026 710 3313 773 antequam
3362 700 3655 773 Lupicinus
3702 703 3759 759 in

478 791 728 861 contigua
777 788 997 845 fuerunt
1042 796 1401 845 revertantur.
1452 787 1521 845 Et
1568 787 1753 843 inutile
1782 789 1949 860 668
1984 795 2068 847 est

478 888 536 936 ut
564 878 915 935 sacerdotalis
946 878 1179 949 dignitas
1220 878 1621 936 inconsiderata
1659 878 1958 940 ordinantis
1986 878 2065 936 fa-

475 971 679 1028 cilitate
707 968 981 1041 superﬂua
1008 968 1453 1041 multiplicatione
1482 969 1776 1027 minuatur.
1854 1032 1857 1033 ν

541 1060 669 1117 Car.
703 1060 794 1116 XI.
824 1091 895 1100 —
925 1060 999 1115 De
1028 1060 1113 1117 his
1140 1067 1320 1119 autem
1347 1075 1467 1131 quae
1506 1061 1561 1117 in
1586 1075 1746 1122 sacro
1788 1060 2068 1133 virginita-

472 1152 542 1208 tis
572 1155 849 1226 proposito
874 1154 1184 1211 constitutae
1209 1195 1223 1220 ,
1260 1152 1288 1191 ι’
1320 1161 1379 1209 ut
1420 1154 1671 1225 superius
1707 1153 1912 1212 dictum
1956 1162 2059 1224 est,

473 1246 807 1306 barbaricam
868 1247 1139 1317 pertulere
1184 1246 1542 1315 violentiam,
1587 1254 1644 1303 et
1693 1246 2061 1318 integritatem

468 1342 691 1411 pudoris
721 1358 827 1400 non
856 1342 1058 1405 animo,
1090 1341 1187 1398 sed
1213 1355 1442 1411 corpore
1472 1340 1840 1413 perdiderunt,
1871 1356 1932 1396 ea
1966 1357 2062 1400 no-

468 1433 551 1489 bis
600 1434 812 1493 videtur
860 1435 1123 1491 servanda
1172 1434 1500 1502 moderatio,
1532 1443 1593 1491 ut
1637 1446 1658 1472 °
1691 1450 1866 1505 neque
1891 1436 1949 1492 in
1980 1436 2061 1492 vi-

467 1524 696 1582 duarum
746 1526 1071 1595 dejiciantur
1118 1527 1377 1595 gradum,
1433 1540 1535 1583 nec
1587 1526 1639 1581 in
1691 1540 1963 1584 sacrarum
2008 1536 2064 1585 et

468 1618 930 1686 perseverantium
974 1618 1247 1687 virginum
1276 1634 1504 1674 numero
1533 1628 1856 1676 censeantur
1886 1638 1900 1673 :
1934 1620 2054 1690 qui-

466 1710 606 1779 bus,
654 1710 682 1747 d
732 1713 777 1765 si
825 1712 877 1766 in
931 1712 1171 1766 moribus
1201 1712 1557 1781 virginalibus
1584 1722 1958 1783 perseverant,
2003 1722 2062 1773 et

2174 791 2430 861 praesenti
2479 791 2706 863 positus,
2754 800 2849 850 aut
2890 791 3222 861 confutatus,
3272 802 3363 848 aut
3402 801 3551 849 certe
3579 802 3605 841 ε
3631 808 3760 849 con-

2170 882 2346 943 fessus
2369 884 2532 955 justas
2560 894 2744 959 posset
2771 884 3055 956 subiacere
3102 888 3421 954 sententiae;
3463 895 3524 944 ut
3561 902 3759 946 vacan-

2170 988 2282 1039 tem
2327 981 2541 1052 locum,
2590 980 3045 1051 quemadmodum
3072 980 3357 1052 disciplina
3387 980 3761 1043 ecclesiastica

2162 1070 2355 1141 exigit,
2388 1073 2433 1128 is
2463 1072 2554 1141 qui
2583 1072 3001 1129 consecrabatur
3026 1068 3057 1111 ¹ι
3085 1071 3379 1142 acciperet.

2238 1160 2370 1220 Car.
2400 1161 2543 1221 Xlll.
2568 1192 2640 1205 —
2658 1162 2720 1222 Si
2744 1178 2862 1234 qua:
2892 1160 2913 1206 ί
2941 1177 3073 1222 vero
3094 1162 3212 1221 alite
3231 1162 3554 1223 emerserint
3578 1177 3758 1219 causae

2171 1268 2293 1323 qua:
2342 1254 2410 1311 ad
2455 1263 2659 1313 statum
2704 1254 3128 1313 ecclesiasticum
3179 1264 3237 1313 et
3287 1254 3357 1313 ad
3409 1254 3757 1313 concordiam

2166 1348 2471 1418 pertineant
2498 1348 2864 1418 sacerdotum,
2910 1350 3018 1406 illic
3060 1349 3160 1408 sub
3208 1347 3372 1421 θω
3419 1349 3610 1406 timore
3651 1349 3757 1404 Do-

2164 1442 2300 1499 mini
2333 1445 2347 1493 t
2386 1444 2635 1502 volumus
2667 1444 3021 1512 ventilentur,
3053 1452 3115 1503 et
3149 1443 3219 1501 de
3259 1442 3650 1513 componendis
3677 1449 3757 1495 at-

2167 1548 2276 1608 que
2319 1538 2636 1608 compositis
2666 1537 2919 1595 omnibus
2957 1536 3026 1593 ad
3055 1551 3155 1593 nos
3184 1534 3378 1594 relatio
3423 1535 3581 1605 plena
3629 1534 3758 1589 mit-

2163 1635 2336 1695 tatur,
2382 1638 2446 1686 ut
2488 1644 2553 1689 ea
2579 1645 2702 1701 quae
2726 1628 2881 1700 juxta
2910 1628 3341 1689 ecclesiasticum
3370 1641 3577 1685 morem
3607 1626 3756 1697 justo

2162 1727 2220 1775 et
2242 1720 2645 1779 rationabiliter
2673 1721 2876 1781 fuerint
2903 1720 3147 1790 deﬁnita,
3175 1728 3360 1778 nostra
3391 1734 3602 1790 quoque
3629 1733 3755 1774 sen-

466 1803 799 1858 castimoniat
848 1804 1173 1858 soliditatem
1224 1814 1405 1859 mente
1449 1805 1781 1873 custodiunt,
1817 1816 1841 1844 ε
1871 1821 2058 1866 sacra-
2086 1844 2137 1906 Β
2163 1813 2329 1870 tentia
2359 1814 2708 1875 roborentur.
2736 1812 2765 1855 ¹ι
2796 1813 2920 1872 Dat.
2952 1828 3005 1873 tv
3035 1811 3112 1871 id.
3136 1812 3385 1885 Augusti.

464 1901 767 1948 mentorum
797 1909 903 1949 non
927 1905 1007 1950 est
1033 1896 1277 1967 neganda
1303 1896 1774 1969 communio,quia
1793 1898 2056 1968 injustum

464 1995 551 2042 est
597 1987 719 2041 illas
766 1989 821 2041 in
850 2002 915 2043 eo
968 1989 1053 2043 vel
1093 1990 1245 2061 argui
1289 1989 1374 2043 vel
1408 1990 1605 2059 notari,
1651 1990 1793 2061 quod
1826 2006 1934 2053 non
1959 2008 2048 2047 vo-

464 2079 644 2135 luntas
675 2080 877 2147 amisit,
907 2080 1001 2137 sed
1030 2081 1113 2139 vis
1140 2081 1356 2139 hostilis
1381 2082 1597 2155 eripuit.
1886 2064 1893 2071 ’
2030 2095 2039 2105 ν

532 2170 661 2227 Car.
712 2172 1181 2232 XII.—-—Causam
1237 2189 1452 2247 quoque
1505 2174 1757 2247 Lupicini
1812 2177 2050 2249 episcopi

462 2264 574 2319 illic
616 2265 868 2333 jubemus
915 2265 1132 2333 audiri,
1181 2267 1269 2323 cui
1299 2268 1525 2326 multum
1556 2277 1610 2326 et
1635 2269 1836 2340 saepius
1863 2280 2052 2343 postu.

461 2357 595 2412 lanti
622 2360 1059 2419 communionem
1088 2360 1193 2418 hac
1216 2362 1427 2421 ratione
1458 2361 1479 2402 ί
1510 2362 1865 2429 reddidimus,
1916 2379 2050 2435 quo-

462 2447 607 2506 niam
652 2466 775 2509 cum
819 2451 889 2509 ad
936 2463 1179 2516 nostrum
1219 2452 1487 2529 judicium
1515 2463 1895 2525 provocasset,
1942 2454 2045 2510 im-

530 2736 556 2765 ι
594 2724 673 2779 lta
701 2720 1101 2779 emendavimus
1124 2734 1189 2778 ex
1220 2734 1323 2778 ms.
1357 2719 1695 2777 Florentino.
1730 2718 1840 2786 ΑΙ..
1864 2720 1933 2775 ad
1961 2722 2045 2787 ius

459 2800 570 2874 ejus
610 2793 1149 2874 uatistislredigantur
1174 2831 1190 2856 ,
1214 2794 1387 2874 cujus
1434 2796 1638 2874 fuerant
1679 2801 1797 2874 ante
1847 2792 2045 2874 priora.

459 2820 486 2852 ε
513 2820 570 2853 us
611 2820 809 2850 anulus
851 2820 1148 2863 Tculytuuul'
1174 2831 1190 2856 ,
1234 2820 1387 2874 fuluo
1434 2820 1637 2860 lucrum
1679 2820 1797 2846 uuw
1847 2820 2045 2872 μιιυιοαο

458 2820 732 2931 Iitstellus,
762 2865 829 2918 ad
866 2866 963 2935 jus
986 2867 1100 2935 ejus
1136 2862 1614 2935 antisttsredeant,
1661 2865 1812 2935 cujus
1859 2863 2047 2935 fuerint

459 2950 577 2995 ante
604 2932 1056 3011 priora._Quidain
1087 2933 1243 3011 codd.
1281 2932 1444 3011 hujus
1469 2932 1761 3011 postrema;
1796 2933 2045 3011 lectionis

457 3001 773 3080 pro-priora
814 3001 1014 3059 habent
1040 3004 1275 3080 propria.
1308 3002 1429 3058 Vat.
1467 3001 1632 3069 5845,
1687 3004 1753 3057 ad
1794 3006 1885 3076 jus
1930 3004 2048 3073 ejus

457 3076 659 3136 antistis
686 3078 924 3143 redeant;
964 3076 1084 3145 quia
1109 3076 1288 3128 inutile
1313 3084 1403 3141 est,
1438 3084 1542 3130 etc.

528 3151 554 3189 δ
593 3150 772 3205 Verba
800 3158 854 3203 ut
885 3144 1118 3216 superius
1158 3145 1353 3199 dictant
1397 3153 1471 3216 est
1494 3144 1793 3216 adjecimuﬁs
1821 3159 1886 3199 ex
1918 3145 2039 3199 cod.

457 3221 794 3285 Florentino,
837 3214 1079 3287 quicum
1110 3217 1371 3287 integram
1398 3214 1557 3285 hujus
1583 3214 1826 3287 epistolm
1856 3216 2043 3287 lectio-

457 3308 579 3346 nem
626 3285 921 3353 exhibeat,
972 3302 1078 3342 non
1137 3286 1365 3351 omittit,
1415 3294 1475 3341 ut
1530 3287 1710 3343 caeteri
1756 3285 2043 3343 lladrianei

459 3365 734 3426 omittunt,
778 3368 933 3429 caput
966 3367 1243 3429 octavum,
1270 3358 1328 3412 in
1366 3372 1476 3429 quo
1506 3356 1573 3413 de
1602 3356 1793 3429 iisdem
1822 3358 2041 3427 virgini-

462 3434 561 3489 bus
589 3448 681 3502 per
712 3432 823 3485 vim
846 3426 1121 3502 corruptis
1148 3428 1251 3481 alia
1278 3426 1485 3484 ratione
1514 3438 1689 3502 actum
1718 3426 1915 3482 fuerat.

532 3514 563 3542 ο-
590 3499 842 3573 Virgines
894 3516 988 3555 sua
1041 3500 1196 3568 culpa
1240 3508 1505 3625 corruget:
1552 3499 1716 3553 vidua:
1764 3508 2036 3569 antequam

535 3582 635 3625 pta:
676 3572 856 3625 vocari
906 3570 1179 3625 solebant:
1223 3568 1364 3624 unde
1438 3568 1691 3625 vorianus
1716 3568 1769 3624 in
1798 3568 1936 3623 libro
1966 3570 2033 3625 de

458 3582 635 3641 nupta:
676 3568 856 3628 v'ocari
906 3570 1179 3641 solebant;
1223 3568 1364 3624 unde

456 3638 634 3701 ﬂabit.
666 3644 813 3713 Virg.
840 3642 917 3697 ait
950 3660 961 3694 :
995 3640 1133 3694 Dum
1179 3642 1353 3713 ornari
1404 3640 1610 3713 cultius,
1658 3640 1785 3713 dum
1829 3638 2039 3713 liberius

455 3718 658 3787 evagari
697 3711 912 3785 virgines
937 3714 1135 3787 volunt,
1157 3728 1263 3766 esse
1302 3711 1522 3782 virgines
1560 3711 1819 3774 desinunt,
1849 3712 2037 3778 furtivo

457 3784 704 3841 dedecore
748 3784 1531 3855 corruptis,Avidute_autequam
1572 3789 1767 3851 nuptas,
1789 3798 1896 3855 non
1922 3798 2038 3855 rna-

455 3859 565 3925 riti,
597 3858 685 3912 sed
707 3850 1181 3925 Christi-adulterat.
1214 3853 1287 3925 Et
1306 3850 1363 3907 S.
1392 3850 1755 3925 Hieronymus
1787 3853 2036 3925 ingenim.

456 3922 925 3983 ad'Eustochium
974 3925 1041 3979 de
1084 3922 1404 3993 Virginitate
1451 3923 1717 3978 servanda
1770 3924 2034 3990 :Videas,

455 4001 630 4080 inquit
654 4042 669 4067 ,
721 3995 1208 4080 plerasqueviduas
1252 4002 1523 4080 antequam
1547 3994 2037 4080 ‘nuptasninfelicem

455 4065 818 4125 conscientiam
844 4065 1053 4122 mentita
1073 4074 1269 4137 tantum
1291 4075 1422 4119 veste
1443 4072 1726 4137 protegere.
1750 4065 2038 4137 Hincivero

458 4149 607 4223 patet
648 4156 745 4195 cur
769 4142 825 4221 S.
859 4139 968 4219 Leo
1015 4139 1068 4191 in
1100 4134 1647 4223 viduauumgraduin
1668 4136 1829 4223 haud
1870 4136 2037 4223 dejici

455 4207 611 4281 jubet
657 4226 748 4267 eas
777 4211 1010 4279 virgines
1039 4223 1159 4278 qum
1202 4207 1349 4281 nulla
1391 4222 1486 4261 sua
1535 4207 1689 4281 c_u_lpa
1738 4222 1835 4281 per
1864 4207 2035 4263 solam

456 4276 811 4339 barbarorum
856 4276 963 4334 vim
992 4276 1261 4347 corrupta:
1290 4276 1525 4334 fuerunt.
1558 4277 1679 4334 Mox
1702 4319 1715 4338 .
1750 4279 1868 4334 loco
1914 4294 2033 4335 ver-

454 4353 652 4410 borum
699 4368 856 4421 neque
901 4352 951 4404 in
998 4366 1283 4415 sacrarum,
1328 4362 1461 4405 mss.
1493 4348 1613 4421 Vat.
1643 4348 1785 4404 5845
1820 4358 1873 4404 et
1911 4348 2041 4421 Ver-

453 4426 578 4481 cell.
627 4418 896 4480 contrario
942 4436 1103 4478 sensu
1150 4421 1369 4487 habent,
1415 4418 1506 4473 sed
1542 4420 1596 4473 in
1643 4435 1928 4475 sacrarum.
1966 4419 2037 4475 At

454 4510 741 4564 perperam
765 4511 778 4549 :
805 4509 927 4547 nam
959 4500 1318 4560 praeterquam
1341 4490 1483 4557 quod
1509 4492 1750 4564 anterior
1774 4491 2034 4564 particula

456 4560 617 4635 neque
638 4566 794 4620 aliam
826 4564 1057 4635 similem
1085 4578 1199 4625 nec,
1224 4575 1332 4635 non
1360 4574 1491 4616 vero
1534 4560 1621 4613 sed
1642 4561 1890 4635 requirit,
1919 4561 2033 4635 ipsa

455 4630 759 4690 moderatio
808 4649 967 4703 quam
1026 4632 1083 4688 S.
1144 4630 1387 4701 pontifex
1435 4631 1738 4703 ser_vandam
1784 4633 2035 4703 proponit

452 4706 668 4761 videtur
718 4701 933 4774 exigere
977 4712 1036 4757 ut
1084 4718 1262 4774 neque
1302 4703 1442 4756 inter
1472 4701 1661 4755 viduas
1692 4717 1866 4771 neque
1894 4702 2033 4756 inter

454 4791 637 4833 sacras
661 4785 715 4831 et
740 4772 1111 4831 iminaculatas
1134 4772 1365 4842 virgines
1389 4782 1735 4839 censeantur,
1772 4787 1877 4827 non
1906 4788 2032 4827 vero

453 4856 514 4902 ut
544 4862 695 4917 aeque
733 4861 794 4901 ac
825 4846 869 4900 si
901 4858 1009 4900 non
1043 4844 1268 4917 fuissent
1305 4850 1574 4917 corrupta:
1604 4844 1778 4917 sacris
1804 4842 2027 4917 virgini-

452 4918 556 4974 bus
586 4914 926 4983 c‘ooptentur.
967 4915 1119 4982 Quod
1145 4915 1189 4968 si
1220 4928 1349 4969 vero
1377 4914 1689 4980 statuisset,
1724 4914 1865 4969 haud
1895 4929 2030 4983 opus

452 4998 599 5044 esset
622 4984 910 5057 subjicere,
943 4984 1157 5051 iisdem,
1188 4986 1231 5039 si
1264 4995 1615 5057 perseverent
1643 4986 1694 5039 in
1726 4988 2022 5054 proposito,

454 5054 888 5115 communionem
920 5073 1025 5111 non
1062 5070 1183 5111 esse
1227 5058 1547 5125 negandam.
1578 5054 1837 5125 Congruit
1863 5057 2023 5111 etiam

449 5132 568 5186 haec
594 5128 799 5186 decreti
826 5128 1124 5183 moderatio
1153 5141 1275 5181 cum
1308 5141 1373 5180 eo
1396 5126 1630 5197 consilio
1659 5128 1800 5197 quod
1834 5127 2024 5183 iisdem

448 5202 751 5271 virglnibus
798 5208 954 5255 antea
1000 5198 1227 5271 prmbuit
1275 5214 1324 5252 c.
1381 5196 1477 5271 8,7
1508 5198 1596 5271 ubi
1649 5197 2023 5271 laudabiliores

448 5268 655 5327 futuras
698 5270 965 5337 afﬁrmat,
1015 5270 1060 5323 si
1103 5286 1157 5323 se
1200 5268 1613 5322 incontaminatis
1656 5284 1759 5321 non
1783 5270 2025 5340 Eandeant

446 5359 746 5413 comparare
773 5340 1070 5413 virginibus.

519 5413 546 5451 ἀ
564 5407 731 5469 Ἐ·όὶιί
758 5407 974 5478 Leonis,
1003 5412 1056 5464 in
1085 5407 1313 5464 omnibus
1332 5409 1664 5478 virginalibus
1710 5410 2019 5465 observatio-

444 5485 616 5540 nibus.
639 5483 897 5540 Justellus
921 5491 976 5538 et
1002 5482 1185 5552 plures
1210 5495 1341 5535 mss.
1363 5480 1547 5547 codd.,
1579 5481 1632 5535 in
1653 5481 1882 5535 omnibus
1913 5483 2020 5535 vir-

444 5556 702 5630 ginalibus
756 5548 1225 5630 tan_t_um..'Veram
1260 5552 1564 5630 lectionem
1615 5552 2023 5622 suppeditarunt

444 5622 555 5684 auo
582 5628 794 5683 codices
822 5625 1165 5681 Florentinus
1186 5622 1581 5679 etFesulanus.

519 5708 543 5735 ε
584 5698 698 5753 Vox
728 5705 1162 5753 sacramentorum
1189 5695 1244 5749 in
1270 5694 1391 5749 cod.
1418 5692 1660 5750 Floreat.
1692 5694 1865 5750 deest.
1899 5696 2021 5750 Ideo

447 5776 627 5823 autem
654 5770 947 5839 virginibus
995 5769 1114 5826 sine
1164 5766 1275 5823 ullo
1303 5766 1522 5839 proprio
1570 5776 1721 5839 reatu
1753 5768 2021 5834 corruptis

448 5836 881 5898 communionem
928 5840 1067 5903 haud
1116 5836 1412 5909 negandum
1441 5836 1551 5901 Leo
1592 5837 2020 5898 moderatissimo

1437 3568 1695 3651 yprianus
1716 3568 1769 3624 in
1798 3568 1936 3651 libro
1964 3570 2033 3651 de
2062 3587 2108 3651 ο

2057 4971 2109 5031 Ῑ)
2137 4994 2283 5051 tunt,
2334 4994 2387 5039 ct
2431 4986 2603 5040 solum
2649 4984 2847 5039 habent
2894 5002 2907 5038 :

2650 1969 2981 2031 EPISTOLA
3019 1968 3260 2029 EADEM

2515 2108 2535 2148 ι
2566 2106 2653 2166 Ea:
2678 2123 2803 2166 mss.
2840 2105 3083 2162 editionis
3109 2104 3408 2163 decurtata.

2156 2248 2196 2278 m
2218 2240 2333 2298 Lso
2369 2242 2639 2303 universis
2667 2241 2939 2315 episcopis
2980 2256 3078 2312 per
3106 2239 3346 2301 Africam
3362 2238 3669 2299 constitutis
3698 2239 3754 2295 in

2700 2334 2931 2393 Domino
2961 2334 3214 2391 salutem.

2236 2452 2372 2511 Car.
2415 2449 2457 2506 1.
2491 2481 2559 2493 -ς
2604 2451 2739 2513 Cum
2766 2452 2802 2492 ⁸
2830 2449 2887 2507 in
2926 2446 3360 2517 ordinationibus
3412 2444 3753 2509 sacerdotum

2149 2718 2338 2792 sanxit
2358 2758 2387 2792 ,_
2428 2715 2551 2788 quia
2582 2714 2881 2792 virginibus
2927 2714 3145 2792 propria
3176 2716 3334 2792 c_ulpa
3364 2717 3569 2774 vitiatis
3594 2717 3751 2792 longa

2150 2786 2535 2859 imponebatur
2564 2786 3061 2859 pmnitentia,_qua
3081 2786 3284 2859 diutius
3314 2803 3341 2842 a
3368 2786 3751 2847 communione

2149 2857 2493 2923 arcebantur,
2523 2858 2780 2930 utpliquet
2804 2872 2872 2913 ex
2894 2857 3159 2930 Cypriani
3183 2859 3344 2930 epist.
3370 2859 3464 2930 66,
3494 2860 3561 2915 ad
3585 2859 3750 2915 Pom-

2149 2932 2369 3002 ponium
2398 2971 2413 2994 ,
2469 2944 2535 2985 ex
2588 2926 2767 3002 _Siricii
2820 2926 2980 3002 epist.
3034 2929 3107 3002 10
3154 2926 3406 3002 εᾴῑεξοηίε
3440 2929 3747 3002 Constantii

2148 2996 2296 3058 num.
2332 3003 2387 3064 4,
2420 3010 2475 3054 et
2500 3014 2567 3055 ex
2587 2999 2881 3055 Innocentii
2912 2996 2933 3050 Ι
2960 2999 3121 3068 epist.
3151 3001 3219 3057 ad
3245 3000 3559 3057 Victricium
3585 3018 3739 3059 num.

2151 3074 2217 3128 15
2248 3081 2302 3129 et
2330 3072 2415 3130 16.
2440 3071 2582 3142 Mox,
2616 3085 2716 3142 pro
2742 3068 2885 3142 illas.
2916 3070 3072 3142 alias,
3101 3087 3206 3131 eas.
3233 3071 3388 3141 Dein,
3412 3074 3601 3129 amittit
3632 3088 3732 3142 pro

2153 3146 2326 3200 amisit
2356 3142 2500 3213 apud
2529 3140 2816 3213 Justellum
2840 3140 3058 3213 legitur.

2230 3214 2249 3252 ί
2294 3210 2409 3269 Duo
2452 3226 2585 3268 mss.
2630 3221 2684 3267 et
2712 3210 2991 3285 Justellus,
3036 3212 3321 3269 reddimur.
3367 3213 3514 3285 Mox,
3550 3214 3605 3269 in
3634 3231 3740 3273 ms.

2152 3285 2420 3354 Florcnl.,
2449 3300 2583 3354 sa’pe
2608 3292 2850 3350 uocasset,
2877 3283 2994 3354 loco
3024 3295 3371 3350 provocasset.

2225 3366 2250 3425 β
2292 3351 2458 3411 Codd.
2497 3351 2617 3409 Vat.
2648 3354 2788 3409 5845
2814 3363 2868 3408 et
2894 3351 3280 3425 Vercellensis,
3312 3358 3577 3425 confusus.

2222 3424 2253 3465 ιι
2291 3426 2364 3481 Ita
2402 3442 2471 3483 ex
2501 3440 2596 3481 sex
2623 3425 2781 3480 codd.
2821 3434 2876 3480 et
2904 3423 3154 3481 Justello.
3187 3425 3353 3494 Editi,
3387 3423 3660 3495 exciperet.

2179 3496 2241 3623 d}
2289 3497 2436 3579 Editi
2464 3497 2717 3551 omittunt
2742 3511 2879 3550 vero.
2909 3496 2991 3550 Ex
3018 3499 3217 3553 nostris
3256 3513 3391 3554 mss.
3421 3508 3479 3553 et
3503 3497 3741 3553 Justello

2218 3582 2465 3623 iecimus.

2144 3582 2465 3625 aureolmus.

2209 3585 2477 3694 ieizrimiiiss:
2508 3636 2746 3693 Floreat.
2778 3636 2933 3693 deest
2975 3636 3230 3694 volumus.
3262 3637 3536 3706 Justellus,
3590 3642 3743 3696 volu-

2140 3727 2254 3765 mus
2283 3710 2478 3770 iudicio
2516 3710 2845 3765 ventilentur.

2212 3779 2345 3864 kqlta
2374 3782 2621 3864 plerique
2648 3792 2703 3863 et
2739 3779 3320 3864 vetustiorescodices,
3355 3789 3409 3836 et
3430 3780 3580 3837 editi.
3612 3780 3740 3841 Alia

2138 3851 2743 3924 quatuor’exemplaria,
2772 3851 2896 3909 Dat.
2930 3855 2989 3907 ιιι
3017 3853 3091 3907 id.

2156 3922 2233 3995 A71
2265 3924 2494 3992 Quinam
2538 3926 2647 3995 sint
2672 3923 2963 3995 decurtata:
3006 3923 3257 3995 editionis
3294 3937 3426 3979 mss.
3479 3924 3735 3995 codices,

2138 3993 2379 4050 diximus
2416 3996 2469 4049 in
2515 3993 2884 4065 admonitione
2926 4009 3075 4049 num.
3126 3992 3180 4049 2.
3233 3992 3290 4048 In
3328 3992 3737 4065 exemplaribus

2139 4065 2354 4138 collect.
2386 4065 2537 4138 Hisp.
2570 4073 2627 4138 et
2656 4064 2784 4138 Isid.
2810 4064 2864 4119 hi
2887 4064 3583 4138 tituli_pr_ternittuntur,iex
3612 4071 3738 4138 qui-

2138 4136 2239 4191 bus
2263 4136 2463 4205 vulgati
2484 4134 2718 4205 profecti
2742 4144 2865 4189 sunt
2888 4136 2967 4209 ;_l.
2987 4134 3070 4209 {Vc
3091 4134 3522 4209 illicitwpersonte
3542 4140 3611 4191 ad
3622 4134 3739 4209 epi-

2138 4204 2405 4277 scapatum
2448 4204 2861 4277 promoveantur.
2886 4205 2949 4277 11..
2982 4204 3061 4258 De
3080 4204 3735 4277 Donato'Novatianorum

2137 4275 2398 4350 episcopo,
2419 4275 2465 4332 et
2487 4278 2549 4331 de
2576 4277 2808 4350 Maximo
2832 4294 2897 4332 ea:
2912 4275 3212 4350 Donatistis.
3243 4276 3331 4331 111.
3345 4276 3433 4350 pe
3451 4279 3655 4350 Aggaro
3681 4291 3739 4335 et

2182 4346 2446 4417 yberiano,
2471 4351 2557 4419 qui
2579 4365 2640 4403 ea:
2667 4348 3040 4419 laicisfuernnt
3063 4349 3304 4403 ordinati.
3328 4346 3435 4419 νιν.
3466 4346 3547 4404 oe
3566 4352 3740 4419 virgi-

2138 4420 2283 4472 nibus
2312 4418 2491 4474 sacris'
2516 4434 2631 4489 qua:
2659 4420 2759 4472 vim
2810 4418 3127 4489 barbaricam
3168 4418 3506 4488 pertulerunt.
3544 4420 3610 4475 V.
3643 4418 3738 4477 De

2134 4492 2341 4544 statutis
2381 4488 2634 4544 canonum
2676 4490 3058 4545 conservandis.
3096 4488 3153 4543 In
3183 4490 3360 4545 tabula
3388 4489 3736 4549 collectionis

2136 4557 2169 4613 5
2204 4558 2595 4625 Quesnelliante
2649 4559 2735 4613 hic
2780 4560 2964 4613 titulus
3016 4569 3235 4615 notatur
3280 4576 3430 4618 num.
3476 4562 3547 4618 84
3588 4562 3729 4618 :Ad

2137 4629 2353 4702 Mauros
2401 4632 2660 4702 episcOpos
2689 4631 2751 4683 de
2780 4629 2974 4702 illicitis
3003 4629 3427 4696 ordinationibus,
3470 4642 3520 4686 et
3545 4633 3734 4688 ἀδαη-

2135 4701 2267 4755 cillis
2288 4718 2402 4771 qum
2417 4701 2757 4772 virginitatem
2775 4702 2821 4754 vi
2850 4701 3116 4755 barbarica
3134 4702 3435 4757 amiserunt.

2207 4782 2245 4845 ιξα
2276 4773 2700 4845 Haecinscriptio
2731 4782 2943 4845 sumpta
2970 4782 3138 4845 estex
3166 4786 3297 4845 mss.
3327 4772 3538 4845 collect.
3564 4772 3728 4845 Hisp.

2136 4852 2189 4898 et
2216 4843 2366 4906 lsid.,
2402 4844 2699 4914 legiturque
2721 4844 2881 4898 etiam
2912 4846 2965 4897 in
3002 4843 3211 4900 collect.
3240 4842 3328 4897 24.
3371 4842 3732 4913 Antiquiorés

2137 4915 2483 4969 collectioncs
2511 4914 2761 4985 editionis
2790 4914 3082 4985 decurtata:
3113 4914 3517 4985 inscriptionem
3548 4917 3725 4971 omit-

2959 4983 3197 5055 Epistola
3237 4983 3387 5054 papa:
3427 4986 3611 5041 Leonis
3650 4991 3731 5042 ad

2135 5055 2347 5110 Mauros
2377 5059 2663 5124 episcopos,
2684 5070 2806 5125 quae
2834 5055 2998 5111 verba
3012 5054 3260 5111 indicant
3286 5056 3337 5110 in
3369 5056 3730 5124 inscriptione

2136 5129 2465 5182 mentionem
2531 5128 2721 5181 factam
2781 5126 2946 5181 fuisse
3001 5128 3290 5195 provinciae.
3358 5127 3723 5185 Mauritaniae.

2132 5197 2452 5265 Quesnellus
2492 5202 2760 5267 vulgatam
2804 5198 3207 5265 inscriptionem
3258 5198 3510 5262 retinuit,
3553 5214 3727 5265 quam

2132 5269 2320 5340 nullibi
2352 5269 2649 5324 invenimus
2668 5268 2826 5340 _:_Leo
2867 5268 3132 5340 episc0pus
3171 5269 3420 5340 universis
3466 5268 3727 5340 episc0pis

2130 5355 2221 5408 per
2249 5338 2614 5393 Ctesariensem
2658 5338 3028 5391 Mauritaniam
3066 5339 3119 5390 in
3146 5338 3325 5407 Africa
3368 5338 3679 5394 constitutis.

2204 5418 2233 5446 ιι
2257 5410 2580 5477 Quesnellus
2604 5410 2658 5464 in
2685 5410 2856 5479 prima
2878 5409 3115 5464 editione
3140 5409 3404 5479 vulgatam
3426 5409 3725 5466 lect'onem

2126 5492 2367 5547 secutus,
2399 5482 2690 5551 scripserat
2718 5480 2780 5535 de
2819 5480 3249 5551 ordinationibus,
3279 5480 3356 5534 uti
3385 5480 3581 5550 legitur
3608 5497 3727 5538 non

2124 5552 2297 5607 solum
2326 5553 2379 5607 in
2403 5549 2535 5607 mss.
2561 5562 2615 5607 et
2632 5551 2791 5606 editis
2808 5551 3020 5605 collect.
3045 5549 3323 5615 Hadriam,
3341 5549 3527 5605 verum
3553 5553 3728 5607 etiam

2127 5624 2179 5677 in
2203 5623 2519 5692 quibusdam
2537 5638 2668 5677 mss.
2693 5622 2944 5678 editionis
2964 5620 3276 5675 decurtata.
3301 5621 3371 5692 At
3400 5622 3451 5675 in
3479 5622 3727 5677 secunda

2126 5694 2365 5749 editione
2382 5693 2689 5749 emendavit
2710 5695 2762 5747 in
2785 5693 3193 5747 ordinationibus
3211 5707 3272 5745 ea
3288 5691 3426 5747 forte
3447 5692 3515 5747 de
3531 5706 3727 5760 causa,

2126 5765 2269 5834 quod
2312 5764 2451 5820 hanc
2482 5764 2769 5819 lectionem
2809 5762 3165 5833 deprehendit
3204 5763 3259 5817 in
3307 5761 3519 5819 duobus
3555 5763 3724 5829 codd.

2132 5835 2441 5893 Barberinis
2482 5836 2548 5889 ’Π
2579 5843 2634 5890 et
2675 5834 2851 5901 2888,
2880 5849 3109 5901 quorum
3139 5834 3413 5891 variantes
3457 5844 3581 5897 post
3604 5837 3721 5902 pri-
