4006 6348
220 451 301 511 657
1580 444 1909 501 EPISTULA
1948 444 2061 498 XII.
3353 448 3457 503 658

215 562 429 638 quedam
462 561 601 633 apud
633 576 729 616 vos
771 561 958 621 illicite
1004 568 1255 631 usurpata
1300 568 1325 596 δ
1356 558 1596 615 crebrior
1634 561 1773 613 fama
1798 564 1849 623 Α
1876 564 2069 626 gantur
2122 558 2288 625 exitu,
2349 574 2466 630 qua
2522 559 2666 614 malo
2717 568 2842 615 sunt
2890 557 3137 616 inchoata
3172 558 3456 630 principio.

214 666 456 721 narraret,
500 658 639 711 ratio
686 655 900 727 pietatis
949 656 1125 725 exegit
1166 664 1221 708 ut
1269 668 1365 724 pro
1406 652 1769 708 sollicitudine

215 766 340 812 quam
382 747 651 802 universae
695 746 954 803 Ecclesia
997 762 1064 802 ex
1103 745 1284 800 divina
1316 744 1650 799 inStitutione
1677 744 1771 798 de-

215 845 466 914 pendimus
483 880 500 905 ,
522 853 703 895 rerum
724 839 882 894 ﬁdem
897 837 1237 895 studeremus
1255 851 1570 907 agnoscere,
1595 837 1769 891 vicem

212 949 324 991 cura
353 940 555 987 nostra
585 932 611 971 δ
644 932 796 987 fratri
825 942 879 987 et
903 930 1281 988 consacerdoti
1315 940 1499 985 nostro
1524 928 1769 985 Potentio

213 1026 585 1095 cdelegantes,
636 1025 725 1093 qui
772 1024 840 1079 de
891 1023 1161 1093 episcopis
1214 1037 1441 1092 quorum
1488 1020 1771 1091 culpabilis

211 1119 457 1175 ferebatur
480 1117 706 1183 electio,
735 1117 862 1187 quid
882 1117 1046 1187 670
1075 1116 1271 1170 veritas
1300 1114 1544 1181 haberet,
1588 1114 1765 1183 inqui-

209 1220 345 1275 reret,
376 1209 642 1278 uobisque
668 1207 848 1262 omnia
890 1206 1120 1261 ﬁdeliter
1149 1206 1430 1260 indicaret.
1462 1204 1616 1260 Unde
1645 1205 1766 1273 quia

208 1303 318 1359 idem
364 1300 681 1370 plenissime
708 1296 735 1335 ἀ
765 1307 960 1355 cuncta
1006 1297 1263 1353 reseravit
1292 1336 1306 1361 ,
1352 1307 1409 1351 et
1437 1297 1535 1351 sub
1575 1296 1767 1366 quibus

207 1394 533 1468 qualibusque
569 1393 868 1449 rectoribus
931 1390 1176 1462 quaedam
1226 1390 1426 1445 Christi
1486 1390 1669 1459 plebes
1712 1390 1767 1445 in

206 1485 418 1557 partibus
467 1484 757 1554 provincia
802 1482 1150 1539 Casariensis
1204 1481 1505 1536 habeantur
1553 1481 1765 1535 sincera

204 1579 328 1634 nobis
358 1576 627 1632 relatione
670 1574 938 1645 patefecit.
979 1574 1345 1629 necessarium
1395 1572 1492 1627 fuit
1523 1582 1579 1625 ut
1614 1572 1767 1625 dolo-

204 1686 294 1727 rem
333 1669 517 1725 cordis
567 1670 773 1736 nostri,
826 1682 930 1737 quo
980 1679 1075 1737 pro
1115 1666 1505 1721 dominicorum
1545 1679 1763 1735 gregum

203 1761 429 1833 periculis
475 1770 795 1827 astuamus,
856 1769 879 1796 θ
925 1759 1066 1813 datis
1108 1758 1301 1812 litteris
1343 1769 1759 1827 promeremus°

208 1854 492 1908 ‘mirantes
516 1860 721 1906 tantum
742 1850 880 1921 apud
906 1864 1002 1905 vos
1028 1865 1123 1921 per
1140 1850 1478 1904 occasionem
1506 1846 1763 1917 temporis

1943 647 2072 705 Car.
2102 648 2167 706 II.
2198 679 2270 692 -—
2295 651 2447 718 Quod
2477 649 2523 707 si
2554 652 2607 707 in
2636 650 2962 723 quibuslibet
2992 650 3249 708 Ecclesia
3274 650 3457 723 gradi-

1872 743 1971 799 bus
1998 743 2343 814 providenter
2372 745 2713 817 scienterque
2742 745 3037 802 curandum
3062 751 3149 802 est
3171 752 3229 800 ut
3271 745 3325 801 in
3352 743 3456 801 Do-

1872 834 2005 889 mini
2035 834 2196 890 domo
2226 835 2359 891 nihil
2382 837 2451 891 sit
2478 838 2864 904 inordinatum,
2896 837 3138 909 nihilque
3165 846 3457 908 prapostep

1870 941 2015 992 rum,
2063 934 2262 996 quanto
2292 928 2461 997 magis
2494 927 2875 983 elaborandum
2915 937 2999 984 est
3026 937 3083 983 ut
3112 928 3166 983 in
3194 929 3456 985 electione

1868 1023 1986 1092 ejus
2026 1024 2114 1092 qui
2144 1036 2305 1093 supra
2345 1038 2535 1078 omnes
2569 1024 2763 1094 gradus
2793 1024 3155 1090 constituitur,
3172 1037 3280 1079 non
3306 1037 3454 1080 erre-

1869 1115 1991 1167 tur?
2012 1111 2145 1168 Nam
2194 1114 2358 1169 totius
2388 1112 2606 1169 familiae
2640 1112 2653 1163 i
2696 1123 2865 1169 status
2909 1123 2963 1169 et
2987 1113 3121 1170 ordo
3157 1115 3383 1183 nutabit,
3409 1115 3455 1170 si

1867 1207 2006 1276 quod
2028 1206 2318 1276 requiritur
2347 1208 2400 1261 in
2428 1221 2682 1276 corpore,
2708 1220 2815 1261 non
2848 1206 3149 1262 inveniatur
3174 1208 3231 1261 in
3255 1208 3450 1275 capite.

1869 1299 1969 1356 Ubi
2015 1311 2096 1356 est
2146 1300 2236 1356 illa
2281 1301 2424 1356 beati
2468 1299 2617 1355 Pauli
2664 1299 2894 1371 apostoli
2939 1314 3035 1371 per
3063 1299 3316 1370 Spiritum
3363 1300 3454 1355 Dei

1866 1393 2062 1448 emissa
2096 1394 2405 1464 praeceptio,
2435 1403 2538 1464 qna
2566 1393 2619 1447 in
2650 1405 2878 1463 peracuta
2914 1390 3185 1448 Timothei
3212 1392 3453 1447 omnium

1866 1483 2063 1540 Christi
2103 1482 2441 1539 sacerdotum
2488 1496 2742 1538 numerus
2794 1482 3069 1547 eruditur,
3126 1488 3180 1537 et
3228 1481 3454 1551 proinde

1867 1576 2154 1644 unicuique
2184 1584 2426 1631 nostrum
2455 1573 2649 1630 dicitur
2685 1592 2698 1628 :
2726 1574 2915 1629 Manus
2945 1576 3044 1629 cito
3069 1573 3262 1629 nemini
3288 1573 3453 1645 impo—

1864 1668 2047 1735 sueris,
2071 1682 2230 1738 neque
2269 1667 2723 1721 communicaveris
2772 1667 2990 1737 peccatis
3020 1666 3204 1721 alienis
3249 1664 3291 1737 (Ι
3312 1665 3447 1719 Tim.

1863 1769 1917 1821 ν,
1947 1755 2075 1829 22)ἳ
2105 1754 2131 1793 κ
2158 1755 2296 1823 Quid
2343 1766 2426 1812 est
2458 1764 2474 1804 ι
2524 1755 2631 1812 cito
2660 1770 2849 1811 manus
2870 1758 3166 1826 imponere,
3202 1756 3302 1811 nisi
3330 1767 3453 1812 ante

1872 1856 2086 1903 aetatem
2120 1847 2465 1915 maturitatis,
2497 1855 2620 1903 ante
2644 1855 2857 1917 tempus
2882 1848 3165 1917 examinis,
3189 1857 3313 1905 ante
3342 1866 3453 1905 me-

202 1941 447 2013 impacati,
479 1951 576 1996 aut
616 1941 960 1997 ambientium
1010 1942 1504 2010 praesumptionem,
1555 1948 1648 1995 aut
1679 1949 1760 1996 tu-
1790 1945 1838 2007 B
1868 1942 2027 1999 ritum
2073 1942 2294 2009 laboris,
2326 1948 2449 1997 ante
2480 1938 2867 2010 experientiam
2897 1939 3227 2010 disciplinae,
3270 1953 3452 1996 sacer-

201 2034 397 2088 tnultum
432 2032 666 2088 valuisse
706 2032 1048 2101 popularem,
1104 2042 1160 2086 ut
1199 2029 1429 2100 indignis
1462 2032 1761 2102 quibusque

200 2135 241 2179 et
265 2126 411 2194 longe
456 2130 615 2179 extra
658 2123 992 2178 sacerdotale
1036 2122 1283 2177 meritum
1319 2120 1629 2177 constitutis
1664 2135 1758 2191 pa—

198 2218 364 2272 storale
380 2216 653 2287 fastigium
682 2216 1062 2286 etgubernatio
1088 2215 1345 2269 Ecclesia
1380 2223 1404 2261 8
1440 2214 1751 2270 dederetur.

199 2310 292 2364 Non
336 2318 425 2365 est
475 2310 581 2365 hoc
625 2309 907 2365 consulere
950 2308 1192 2379 populis,
1241 2308 1335 2364 sed
1375 2323 1605 2374 nocere;
1657 2324 1757 2364 nec

195 2411 433 2471 prastare
463 2400 729 2471 regimen,
761 2400 852 2455 sed
886 2415 1080 2469 augere
1101 2400 1411 2456 discrimen.
1438 2400 1756 2457 INTEGRITAS

196 2494 316 2549 enim
347 2494 753 2561 prasidentium
784 2493 930 2549 salus
956 2506 1038 2549 est
1072 2494 1403 2550 subditorum
1435 2512 1449 2550 :
1483 2503 1539 2551 et
1562 2494 1651 2551 ubi
1673 2504 1756 2551 est

196 2586 519 2640 incolumitas
544 2585 885 2652 obedientia,
910 2585 982 2640 ibi
1008 2598 1134 2639 sana
1166 2594 1249 2641 est
1277 2586 1447 2641 forma
1478 2586 1758 2643 doctrina.

196 2674 218 2712 λ
239 2676 570 2748 Principatus
612 2686 787 2732 autem
808 2691 969 2745 quem
991 2687 1084 2732 aut
1114 2677 1307 2733 seditio
1332 2678 1345 2714 ί
1386 2679 1640 2745 extorsit,
1670 2690 1759 2734 aut

195 2769 405 2825 ambitus
452 2771 772 2839 occupavit,
814 2769 1022 2825 etiamsi
1066 2770 1304 2826 moribus
1350 2780 1511 2840 atque
1554 2771 1758 2827 actibus

196 2876 283 2915 non
310 2862 583 2929 offendat,
617 2862 785 2928 ipsius
824 2870 1000 2917 tamen
1032 2861 1167 2917 initii
1197 2862 1281 2917 sui
1312 2872 1394 2917 eSt
1422 2863 1758 2931 perniciosus

187 2955 418 3025 exemplo
482 2973 493 3005 :
554 2955 715 3026 671
766 2964 819 3010 et
882 2954 1101 3010 difﬁcile
1155 2964 1239 3011 est
1294 2964 1351 3008 ut
1396 2953 1537 3011 bono
1596 2969 1753 3025 pera-

188 3104 310 3146 mam
356 3090 657 3146 editionem
706 3100 1001 3161 acceperat.
1036 3090 1093 3144 ιη
1124 3088 1397 3161 plerisque
1419 3105 1549 3144 sane
1576 3099 1632 3145 et
1655 3103 1752 3159 μου

186 3163 391 3217 tioribus
440 3162 721 3218 codicibus
762 3160 1049 3217 deettrtata
1079 3160 1329 3216 editionis
1377 3160 1623 3216 similiter
1670 3162 1753 3216 le-

186 3234 325 3303 gitur.

1866 2035 2097 2092 dotalem
2122 2034 2383 2090 honorem
2411 2031 2647 2089 tribuere
2674 2044 2780 2086 non
2814 2030 3089 2101 probatis?
3118 2030 3188 2085 Et
3215 2030 3345 2101 quid
3373 2042 3453 2086 est

1864 2127 2264 2184 communicare
2285 2126 2523 2198 peccatis
2553 2124 2763 2191 alienis,
2810 2124 2913 2180 nisi
2941 2125 3102 2182 talem
3138 2124 3282 2180 efﬁci
3309 2126 3450 2180 ordi-

1867 2229 2085 2276 nantem
2115 2261 2131 2287 ,
2163 2218 2339 2290 qualis
2383 2226 2467 2275 est
2514 2217 2605 2274 ille
2648 2215 2740 2288 qui
2787 2231 2894 2272 non
2938 2217 3137 2273 meruit
3180 2216 3451 2275 ordinari?

1826 2308 1839 2321 ’
1863 2311 2017 2369 Sicut
2058 2314 2201 2369 enim
2246 2312 2373 2369 boni
2416 2314 2595 2383 operis
2624 2310 2726 2366 sibi
2772 2321 3049 2382 comparat
3077 2311 3329 2379 fructum,
3363 2315 3451 2382 qui

1860 2414 2127 2463 rectumm
2150 2413 2329 2461 servat
2372 2406 2429 2461 in
2468 2404 2719 2475 eligendo
2756 2404 3037 2461 sacerdote
3056 2402 3315 2475 judicium
3340 2424 3355 2472 ;
3382 2404 3476 2465 ita'

1860 2498 2011 2569 gravi
2036 2498 2382 2567 semetipsum
2412 2495 2581 2551 afﬁcit
2604 2495 2836 2563 damno,
2864 2495 2955 2567 qui
2985 2496 3049 2551 ad
3085 2510 3195 2553 sua
3225 2496 3451 2569 dignita-

1864 2591 1936 2647 tis
1963 2590 2248 2662 collegium
2272 2589 2529 2645 sublimat
2554 2589 2852 2660 indignum.
2880 2588 2997 2645 Non
3021 2590 3164 2645 enim
3188 2591 3239 2645 in
3271 2591 3450 2661 cujus-

1862 2695 2026 2755 quam
2073 2696 2303 2752 persona
2334 2680 2854 2752 pratermittendum
2900 2688 2985 2738 est
3022 2681 3163 2753 quod
3192 2681 3451 2738 institutis

1858 2774 2201 2844 generalibus
2229 2774 2569 2841 continetur;
2623 2787 2723 2829 nec
2751 2774 3019 2843 putandus
3046 2784 3129 2830 est
3154 2772 3327 2830 honor
3356 2774 3447 2831 ille

1859 2865 2150 2937 legitimus,
2181 2864 2273 2937 qui
2301 2866 2463 2923 fuerit
2486 2875 2516 2903 ιι
2549 2866 2616 2921 de
2643 2866 3083 2937 praevaricatione
3111 2868 3356 2923 collatus.

1931 2958 2061 3014 Cap.
2092 2958 2183 3015 lli.
2209 2991 2278 2999 —
2305 2959 2525 3016 Dicente
2548 2959 2695 3015 enim
2724 2959 2985 3030 Apostolo
3012 3001 3028 3026 ,
3058 2969 3117 3015 ut
3147 2961 3287 3017 inter
3312 2960 3445 3019 alias

1862 3105 1976 3145 nem
2004 3103 2221 3147 vestram
2249 3093 2454 3147 litteris.
2489 3091 2671 3149 Secuti
2698 3105 2886 3147 sumus
2917 3104 3048 3147 mss.
3079 3093 3327 3148 editionis
3351 3094 3451 3149 de-

1861 3170 2085 3218 curtata
2124 3163 2337 3218 collect.
2373 3164 2399 3217 1
2452 3162 2505 3227 5,
2533 3162 2587 3227 4,
2619 3164 2675 3227 5,
2732 3161 3065 3229 Vindebon.,
3111 3163 3296 3232 Hisp.,
3327 3179 3449 3219 cum

1862 3232 2089 3289 Merlino
2114 3241 2170 3289 et
2195 3232 2477 3289 Sichardo.
2501 3233 2643 3303 Vat.,
2678 3232 2828 3302 Hisp.
2853 3241 2909 3288 et
2939 3233 3063 3289 lsid.
3094 3251 3107 3287 :
3140 3232 3290 3287 Datis
3315 3252 3450 3289 nunc

245 3314 269 3340 ⁸
299 3306 370 3358 Ita
399 3320 537 3359 mss.
570 3302 783 3359 collect.
815 3306 869 3369 '5,
902 3304 956 3369 5,
987 3303 1237 3369 Vindeb.,
1279 3301 1425 3372 Hisp.
1457 3315 1519 3374 et
1540 3302 1750 3374 collect.
1779 3299 1827 3367 C
1861 3306 1929 3358 ad
1955 3320 2042 3360 vos
2087 3305 2291 3359 litteris.
2328 3299 2640 3374 Expunctis'
2660 3299 2817 3373 paulo
2847 3314 2971 3359 ante
2999 3303 3219 3359 vocibus
3261 3321 3446 3359 secun-

185 3374 261 3440 94,
289 3375 456 3430 Barb.
489 3375 581 3441 77,
607 3386 660 3428 et
689 3374 936 3429 Fesulan.
961 3387 1081 3429 cum
1112 3374 1356 3439 Merlino,
1388 3383 1442 3429 et
1470 3372 1747 3430 Sichardo.

188 3445 299 3500 Cod.
330 3445 486 3509 Vat.,
511 3445 689 3514 Hisp.,
714 3445 955 3499 celebrior
984 3446 1050 3498 ad
1068 3461 1156 3499 nos
1187 3445 1326 3514 fama
1348 3453 1599 3512 narraret,
1634 3445 1751 3498 Vat.

186 3515 317 3585 lsid.,
364 3515 619 3587 celebrior
664 3516 800 3587 apud
840 3530 937 3587 nos
973 3518 1110 3585 fama
1160 3526 1409 3569 narraret.
1458 3516 1574 3587 Vat.
1621 3514 1751 3585 Reg.

188 3588 380 3642 collect.
430 3590 495 3658 ι,
520 3585 743 3658 crebrior
781 3586 847 3639 ad
871 3601 966 3658 nos
1010 3591 1147 3657 tanta
1189 3585 1753 3658 perferrctrLuccnsis

184 3658 374 3713 collect.
424 3657 500 3724 4,
542 3656 768 3711 crebrior
812 3656 879 3709 ad
923 3673 1015 3711 nos
1056 3656 1198 3727 fama
1224 3657 1523 3728 pervenerit.
1556 3657 1756 3712 Omnes

182 3739 288 3783 sunt
328 3730 559 3785 codices
604 3728 857 3783 editionis
903 3727 1230 3783 decurtata.
1266 3727 1587 3796 Quesnellus
1630 3741 1752 3782 cum

184 3801 392 3870 vulgatis
428 3798 788 3854 Hadrianeam
819 3799 1104 3854 lectionem
1138 3797 1398 3861 exhibuit,
1439 3797 1661 3852 crebrior
1686 3798 1755 3851 ad

184 3886 260 3941 nos
284 3870 687 3924 commeantium
717 3885 881 3923 sermo
904 3872 1170 3941 perferret.

237 3940 263 3979 δ
290 3942 471 3998 Voces
500 3941 845 4012 proﬁciscenti
866 3939 1090 4005 a'nobt's,
1122 3955 1240 4009 qua
1268 3939 1518 4012 leguntur
1564 3940 1615 3993 in
1644 3939 1756 3994 edi-

179 4012 305 4067 tione
347 4010 689 4073 Hadr‘ianea,
732 4026 760 4064 τι
806 4010 1095 4076 Quesnello
1145 4025 1264 4064 cum
1304 4011 1467 4065 editis
1492 4020 1752 4075 retentas,

181 4092 222 4135 et
249 4082 349 4138 hoc
378 4085 509 4138 loco
546 4082 796 4149 insertas,
846 4083 1203 4151 expungimus
1232 4080 1299 4135 ab
1348 4081 1446 4135 hac
1476 4081 1754 4135 decurtata

178 4152 400 4209 editione
428 4156 754 4207 auctoritate
780 4152 1339 4220 prastantissimormn
1373 4151 1528 4221 hujus
1555 4152 1753 4205 editio-

179 4225 249 4275 nis
272 4224 527 4279 codicum
582 4223 724 4289 Vat.,
758 4222 887 4291 Reg.
930 4224 1143 4278 collect.
1176 4224 1223 4285 1,
1258 4222 1512 4276 Lucensis
1539 4222 1749 4276 collect.

178 4293 780 4359 b,Vindeb0n.collect.
806 4293 856 4361 5,
871 4292 1170 4349 Vindebon.
1200 4292 1375 4360 Hisp.,
1405 4292 1562 4347 Barb.
1595 4293 1682 4355 77,
1703 4300 1757 4346 et

178 4364 319 4419 unius
346 4365 634 4421 Fesulani.

236 4445 257 4507 ξ
288 4436 433 4507 Ε(ιίιὶ
484 4443 612 4507 ante
642 4436 865 4503 Quesn.,
891 4436 1211 4507 injnngentes
1234 4478 1246 4501 ,
1281 4447 1398 4507 cum
1430 4448 1557 4507 mss.
1601 4432 1754 4507 l_l_isp.

173 4514 219 4557 et
237 4503 358 4562 lsid.
391 4520 461 4561 ac
496 4506 652 4559 Barb.
680 4507 769 4573 77,
801 4520 900 4561 nec
927 4502 1225 4560 non'codd.
1254 4504 1462 4558 collect.
1492 4502 1587 4564 24.
1610 4502 1753 4558 Mer-

177 4575 273 4629 lino
296 4589 471 4645 atque
502 4576 791 4637 Sichartlo:
820 4586 875 4631 et
922 4578 970 4630 in
1001 4575 1277 4645 margine:
1315 4574 1479 4645 Alias,
1511 4574 1755 4643 delegan-

177 4655 254 4699 ια.
294 4647 629 4714 Quesncllus
671 4646 809 4701 hanc
842 4644 1137 4703 lectionem
1170 4644 1400 4715 pratulit
1430 4650 1493 4699 ex
1527 4655 1756 4712 quatuor

174 4731 290 4787 mss.
316 4715 738 4787 Uionysii,iqua
769 4726 939 4771 tamen
972 4732 1078 4771 non
1109 4718 1244 4770 hanc
1272 4716 1624 4787 decurtatam,
1655 4716 1749 4769 sed

174 4784 530 4857 Hadrianea'm
555 4784 842 4841 editionem
866 4796 1270 4857 repraesentant.
1298 4785 1351 4840 In
1370 4784 1611 4857 secunda
1623 4800 1750 4857 vero

175 4856 400 4913 editione
447 4858 655 4911 addidit
682 4853 940 4912 codicem
962 4858 1309 4913 Barberinutn
1338 4856 1548 4911 collect.
1577 4853 1633 4916 Β.
1664 4854 1749 4914 cui

169 4941 251 4999 nos
270 4928 629 4999 adjungimus
659 4942 788 4999 mss.
811 4928 1024 4999 collect.
1055 4928 1108 4994 'l,
1131 4927 1168 4981 4
1194 4936 1246 4999 et
1272 4928 1325 4991 5,
1356 4940 1580 4999 quorum
1612 4927 1752 4981 ami-

169 4996 407 5062 quiorum
458 4996 843 5053 collectionum
894 4998 1052 5054 lectio
1109 4996 1435 5066 praferenda
1488 4996 1597 5051 visa
1645 5008 1748 5052 est.

167 5068 270 5122 Mox
308 5068 465 5139 apud
514 5068 887 5137 Quesnellum,
933 5069 1020 5138 qui
1068 5067 1345 5122 secundum
1376 5069 1595 5139 'scripta,
1640 5083 1753 5137 qua:

166 5155 241 5203 per
266 5142 450 5209 ipsum
484 5141 553 5191 ad
601 5155 687 5192 vos
716 5139 1015 5205 direximus,
1062 5141 1126 5193 de
1168 5139 1436 5209 episcOpis,
1463 5147 1568 5192 etc.
1592 5154 1607 5203 ;
1635 5154 1750 5208 qua

166 5211 310 5264 verba
340 5216 483 5263 sunt
507 5209 759 5264 editionis
790 5209 1123 5271 Hadrianea,
1151 5216 1207 5264 et
1244 5210 1297 5261 itt
1336 5209 1571 5263 inferiori
1604 5220 1744 5263 nota

163 5279 440 5334 codicibus
477 5279 728 5334 editionis
755 5280 1063 5335 decurtata.
1101 5278 1439 5333 Praetulimus
1468 5278 1743 5335 collectio-

162 5363 245 5420 ne:
303 5359 364 5405 et
420 5350 643 5404 codices
692 5352 1021 5420 antiquiores
1070 5349 1186 5404 Vat.
1226 5347 1368 5420 _Reg.
1417 5350 1624 5403 collect.
1680 5350 1744 5418 l,

162 5417 305 5475 Barb.
341 5421 552 5474 collect
606 5422 671 5483 3,
724 5417 923 5475 Lucen.
971 5421 1182 5475 collect.
1214 5417 1269 5482 4,
1318 5417 1749 5475 νίιιᾶεὶιοη.(ιοιὲ-

158 5490 268 5545 lect.
303 5493 363 5556 5,
399 5492 572 5545 alium
606 5490 907 5546 Vindebon.
940 5492 1153 5547 collect.
1175 5489 1228 5555 9,
1260 5488 1434 5559 Hisp.,
1465 5489 1625 5545 Barb.
1655 5492 1746 5558 77,

156 5570 202 5613 et
226 5576 399 5615 unum
434 5561 791 5617 Fesulanum.

214 5630 239 5667 ‘
254 5631 599 5699 Quesnellus
614 5630 839 5687 inseruit
859 5646 977 5687 cum
1002 5631 1319 5702 quibusdam
1345 5628 1543 5685 nostris
1563 5631 1747 5700 codd.,

151 5706 339 5759 notitia
362 5713 600 5769 nostra;
626 5703 920 5758 delevimus
945 5712 1120 5757 autem
1145 5717 1209 5756 ex
1240 5715 1367 5756 mss.
1394 5702 1445 5755 in
1480 5702 1585 5756 ﬁne
1604 5708 1756 5756 ante-

152 5776 298 5829 rioris
323 5772 706 5829 annmationis
733 5776 1061 5837 memoratis,
1089 5785 1315 5841 excepto
1348 5772 1636 5827 Fesulano.

213 5854 235 5883 ι’
267 5844 429 5902 Idem
458 5843 665 5910 Quesn.
697 5843 978 5900 lectionem
1003 5844 1357 5898 Hadrianeam
1380 5845 1603 5911 recepit,
1633 5857 1751 5910 quae

148 5916 436 5981 legebatur
476 5916 528 5969 in
555 5916 779 5984 vulgatis
814 5935 825 5967 :
865 5916 1008 5968 Datis
1037 5930 1171 5967 nunc
1203 5931 1401 5983 quoque
1430 5914 1496 5965 ad
1521 5912 1751 5966 dilectio-

1862 3375 1983 3427 dum
2006 3375 2218 3446 scripta,
2250 3389 2365 3446 qua!
2390 3391 2481 3446 per
2502 3374 2671 3446 ipsum
2700 3376 2767 3427 ad
2795 3392 2880 3446 vos
2902 3375 3202 3446 direximus,
3234 3375 3300 3429 de
3332 3376 3449 3443 qui-

1861 3445 1959 3500 bus
1978 3444 2163 3501 annOt.
2187 3446 2220 3500 6
2239 3444 2441 3516 (Supra
2453 3446 2506 3515 ο)
2522 3445 2772 3513 diximus,
2795 3445 2880 3501 hic
2895 3445 3055 3500 etiam
3078 3446 3450 3515 expungenda

1856 3524 2011 3571 erant
2060 3517 2176 3571 ista
2220 3531 2354 3569 nunc
2386 3532 2582 3586 quoque
2601 3516 2668 3570 ad
2705 3516 3027 3571 dilectionem
3054 3526 3292 3583 vestram,
3329 3531 3448 3585 qua

1858 3587 2094 3655 priorum
2134 3587 2431 3642 litterarum
2474 3588 2799 3641 mentionem
2853 3587 3045 3641 factam
3087 3597 3442 3655 praesumunt.

1857 3656 1990 3712 Cum
2025 3671 2154 3713 vero
2193 3657 2302 3712 Leo
2344 3656 2594 3714 secundis
2629 3657 2771 3712 curis
2810 3655 2947 3711 hanc
2985 3657 3263 3725 epistolam
3296 3671 3447 3713 reco-

1856 3726 2064 3799 gnovit,
2090 3728 2309 3799 insertis
2328 3729 2522 3799 primis
2552 3728 2770 3783 vocibus
2797 3727 2894 3796 has
2925 3742 3140 3799 quoque
3172 3727 3386 3798 adjecit.

1933 3796 1954 3835 ί
1990 3798 2123 3853 Dist.
2158 3799 2249 3863 61,
2284 3798 2546 3854 Miramur
2568 3808 2782 3862 tantum,
2815 3813 2865 3853 c.
2897 3796 2948 3853 5.

1931 3877 1956 3916 ε
1986 3870 2113 3925 Mss.
2160 3869 2419 3935 Lucens.,
2444 3869 2594 3939 HiSp.
2640 3878 2693 3924 et
2724 3868 2877 3936 lsid.,
2904 3869 3063 3925 Barb.
3093 3867 3182 3935 77,
3211 3885 3330 3927 cum
3358 3867 3448 3927 Si-

1858 3940 2059 3995 chardo
2088 3947 2142 3995 et
2173 3940 2419 4007 Merlino,
2454 3942 2769 3996 crederetur.

1928 4006 2029 4080 hi,
2060 4025 2113 4080 q.
2146 4012 2199 4076 l,
2229 4007 2581 4080 Principatus,
2609 4026 2787 4080 quem,
2812 4025 2862 4064 c.
2892 4010 2983 4065 25.

1940 4079 1954 4116 ί
1989 4079 2232 4136 δίόηιςε.
2263 4091 2318 4134 et
2347 4081 2476 4135 editi
2499 4079 2747 4135 editionis
2778 4080 3092 4134 decurtata.
3125 4080 3449 4147 Quesnellus

1859 4166 1978 4208 cum
2009 4150 2133 4205 aliis
2150 4151 2380 4220 vulgatis
2410 4162 2463 4207 et
2490 4153 2721 4206 lectione
2746 4150 3066 4220 Hadrianea,
3102 4154 3339 4207 contulit.

1934 4223 1946 4271 i
2002 4220 2114 4276 Vox
2149 4219 2356 4273 Domini
2383 4234 2411 4274 a
2443 4222 2735 4289 Quesnello
2764 4219 2853 4275 hic
2886 4220 3110 4285 inserta,
3138 4235 3233 4275 seu
3266 4223 3445 4291 potius

1861 4304 1983 4348 cum
2013 4290 2240 4358 vulgatis
2262 4301 2491 4356 retenta,
2516 4292 2692 4345 deleta
2716 4291 2817 4344 fuit
2842 4291 3157 4358 auctoritate
3180 4290 3308 4346 mss.
3334 4295 3449 4348 col-

1858 4362 1983 4418 lect.
2010 4356 2248 4431 3,'6,75,
2276 4360 2529 4428 Vindeb.,
2578 4360 2754 4431 Hisp.,
2786 4356 2945 4415 Barb.
2976 4360 3043 4415 77
3072 4360 3326 4417 editionis
3356 4368 3453 4418 de-

1859 4442 2101 4488 curtata.
2132 4430 2252 4486 Mox
2280 4432 2332 4486 in
2356 4444 2585 4501 quatuor
2608 4430 2736 4486 mSS.
2770 4431 3024 4501 editionis
3053 4433 3255 4497 mixta,
3283 4443 3449 4489 status

1858 4502 2178 4566 exorbitabit,
2197 4500 2411 4556 omissis
2427 4501 2603 4557 verbis
2627 4512 2674 4556 et
2702 4502 2847 4556 ordo.
2875 4500 3032 4565 Dein,
3061 4517 3161 4556 non
3192 4503 3447 4558 invenitur

1862 4588 1959 4644 pro
1986 4589 2087 4627 non
2119 4572 2403 4626 inveniatur
2435 4573 2487 4627 in
2517 4573 2663 4637 Vnt.,
2692 4573 2840 4641 Hisp.
2871 4581 2926 4626 et
2947 4570 3072 4627 lsid.
3188 4570 3197 4589 ‘

1931 4643 1957 4681 ¹ί
1990 4644 2127 4699 Dist.
2162 4642 2252 4705 '78,
2286 4642 2423 4708 Quid
2452 4652 2523 4697 est
2554 4659 2755 4707 manus,
2788 4659 2834 4698 c.
2865 4643 2917 4697 5.

2041 4658 2127 4698 lSl.
2162 4658 2252 4705 ⁷18,
2286 4658 2422 4707 υιιια
2452 4658 2523 4697 est
2554 4659 2755 4707 manus,
2788 4659 2834 4698 C.
2865 4658 2917 4697 Ο.

1781 4685 1834 4746 1)
1934 4713 1951 4751 ι
1987 4685 2156 4769 ὅὸῖιῖι.
2172 4685 2766 4785 ῐὲιῗῖίὲὲῖξεόίἰξὲἷῗὲ
2782 4685 3122 4778 Ϊῑῖῖιῖάεδοη.
3148 4715 3362 4771 collect.
3392 4717 3447 4785 5,

1849 4784 1985 4840 alius
2016 4782 2319 4839 Vindehon.
2354 4782 2500 4851 Hisp.
2534 4793 2586 4839 et
2626 4783 2848 4840 Barber.
2874 4784 2964 4850 77,
2992 4799 3115 4839 cum
3149 4800 3252 4841 ms.
3314 4782 3444 4842 FloQ

1855 4856 2067 4911 rentino
2094 4855 2164 4928 _S.
2196 4854 2357 4908 Marci
2392 4872 2405 4928 _:
2439 4853 2576 4919 Quid
2617 4864 2691 4909 est
2720 4869 2902 4908 manus
2932 4853 3030 4909 cito
3059 4857 3250 4910 nemini
3277 4858 3449 4928 impo-

1855 4940 1995 4991 nere,
2024 4926 2101 4979 vel
2122 4924 2447 4990 imposueris.

1925 5006 1965 5034 ω
2002 4996 2075 5050 lta
2117 5010 2183 5050 ex
2224 4995 2412 5049 iisdem
2443 4995 2738 5051 codicibus.
2771 4995 2897 5053 Mss.
2949 4996 3161 5052 collect.
3206 4996 3299 5064 ει,
3328 5012 3451 5055 cum

1856 5067 2144 5131 Sichardo,
2178 5074 2418 5120 sectatur.
2445 5066 2764 5133 Quesnellus
2789 5067 3009 5121 retinuit
3030 5075 3185 5123 tenet.

1928 5146 1956 5173 ιι
1990 5136 2346 5192 Restituimus
2387 5137 2668 5207 lectionem
2710 5138 3044 5207 vulgatorum
3093 5146 3218 5193 ante
3244 5138 3447 5205 Quesn.

1852 5220 1972 5281 qua:I
2002 5217 2087 5281 est
2136 5208 2187 5281 in
2232 5206 2484 5281 omnibus
2525 5206 2817 5281 codicibus;
2839 5208 3105 5281 editionis
3116 5208 3445 5281 decurtata,

1854 5276 2092 5347 exceptis
2120 5276 2329 5347 duobus
2359 5276 2503 5331 Vatt.
2532 5277 2677 5345 Hisp.
2712 5284 2764 5331 et
2790 5277 2941 5342 lsid.,
2975 5279 3064 5346 qui
3088 5278 3447 5333 Hadrianeam

1854 5346 2140 5405 lectiuncm
2170 5346 2451 5412 exhibent,
2477 5358 2657 5401 contra
2683 5347 2870 5401 divina
2899 5349 3023 5417 legis
3061 5358 3313 5416 praeepta
3340 5350 3445 5402 col-

1856 5424 2028 5485 latus;
2059 5427 2112 5470 at
2153 5416 2453 5488 Vindebon.
2499 5417 2649 5488 Hisp.
2676 5458 2691 5480 ,
2733 5419 2821 5488 qui
2867 5433 2898 5472 e
2947 5416 3095 5484 puris
3142 5417 3443 5488 Hispanicae

1857 5487 2192 5547 collectionis
2219 5486 2457 5543 fontibus
2484 5486 2702 5556 prodiit,
2737 5486 2917 5551 habet,
2947 5494 3005 5540 ut
3042 5487 3226 5542 caeteri
3252 5487 3446 5542 editio-

1854 5562 1940 5617 nis
1971 5560 2284 5628 decurtata,
2307 5558 2369 5628 de
2394 5561 2811 5628 pravaricatione
2836 5557 3076 5628 collatus.
3104 5556 3290 5628 Mirum
3318 5572 3447 5614 vero

1859 5640 1940 5687 est
1964 5627 2310 5698 Quesnellum
2344 5626 2483 5684 hanc
2505 5628 2785 5684 lectionem
2818 5626 3123 5698 deseruisse
3144 5667 3158 5692 ,
3191 5626 3295 5682 etsi
3324 5637 3441 5683 not.

1852 5702 1888 5754 Ξ
1915 5696 2149 5755 fateatur
2169 5713 2285 5754 eam
2306 5711 2525 5754 exstare
2551 5700 2602 5755 in
2632 5699 2839 5751 duobus
2866 5698 3023 5750 codd.
3050 5696 3363 5765 TrecOpith.
3389 5708 3447 5754 et

1855 5772 2064 5826 Thuan.
2118 5767 2331 5825 collect.
2381 5772 2435 5837 5,
2468 5779 2525 5823 ut
2569 5768 2848 5823 induceret
2876 5766 3165 5823 lectionem
3197 5767 3449 5828 editionil

1858 5841 2171 5896 lladrianea
2201 5855 2267 5893 ex
2297 5841 2571 5910 Dionysio,
2593 5839 2648 5910 id
2671 5846 2841 5910 estex
2866 5837 3076 5892 collect.
3112 5839 3441 5910 Hadrianea,

1856 5924 1905 5967 et
1936 5914 1986 5967 in
2019 5913 2254 5981 quinque
2286 5908 2406 5962 aliis
2437 5907 2707 5964 codicibus
2730 5907 2920 5963 eadem
2950 5918 3075 5965 nota
3105 5907 3439 5981 mcmoratis‘,

3502 5382 3515 5436 ζ
