4006 6348
533 456 636 513 659

523 568 815 630 electionis
835 563 1070 634 regulas,
1096 559 1140 613 is
1156 555 1442 626 episcopus
1455 547 1757 611 ordinetur.
1771 561 1937 617 quem
1957 546 2116 601 unius

531 663 710 719 mris
727 652 1081 712 uirum-fuisse
1107 656 1197 704 aut
1213 660 1338 702 esse
1359 640 1666 700 constiterit
1695 639 1736 708 (Ι
1771 637 1905 692 Tim.
1927 653 2014 705 tu,
2037 637 2116 706 2),

529 763 644 811 tam
665 766 819 808 saera
839 761 1061 816 seraper
1083 742 1263 798 habita
1281 748 1372 798 est
1399 739 1497 794 ista
1525 736 1688 808 67a
1717 734 2030 804 μετεωριῶ,
2056 739 2123 788 ut

533 848 697 904 etiam
721 845 796 898 de
820 841 1046 903 muliere
1067 835 1371 894 sacerdotis
1389 831 1624 902 eligendi
1647 829 1836 886 eadem
1857 825 2123 896 intellige-

534 947 688 995 retur
712 935 978 991 servanda
1005 929 1282 995 conditio;
1311 941 1380 982 ne
1401 925 1543 980 torte
1566 923 1680 988 ilia,
1727 921 2049 994 priusquam,
2065 917 2123 973 in

533 1029 940 1090 matrimonium
981 1026 1099 1097 eius
1137 1023 1344 1078 veniret
1381 1018 1478 1089 qui
1507 1015 1668 1072 aliam
1703 1029 1809 1070 non
1850 1012 2124 1068 habuisset

537 1141 783 1194 uxorem,
817 1124 1041 1178 alterius
1068 1119 1172 1175 viri
1203 1124 1349 1173 esset
1373 1121 1597 1182 expetita
1623 1107 1953 1179 coniugium.
1991 1105 2124 1172 Quis

535 1234 668 1291 ergo
713 1215 1055 1272 dissimulare
1097 1210 1292 1266 audeat
1333 1205 1478 1278 quod
1521 1205 1577 1259 in
1619 1201 1758 1257 tanti
1799 1196 2126 1257 sset-amanti

540 1320 879 1383 perpetratur
901 1306 1149 1377 iniuriam
1167 1345 1182 1371 ,
1206 1317 1328 1358 cum
1350 1299 1476 1354 huic
1492 1312 1694 1368 magno
1715 1293 2127 1364 venerandoque

540 1405 798 1479 mysterio
823 1412 852 1440 ι
881 1417 950 1456 ne
991 1399 1122 1469 legis
1147 1395 1363 1468 quidem
1395 1401 1592 1448 statuta
1613 1388 1907 1479 defuerint,
1935 1386 2128 1479 quibus

539 1476 820 1552 evidenter
860 1500 943 1546 est
989 1487 1270 1543 deﬁnitum
1315 1491 1376 1538 ut
1399 1482 1658 1551 virginem
1707 1478 1960 1535 sacerdos
1988 1476 2129 1532 acci-

541 1587 672 1658 piat,
706 1584 731 1623 ι»
758 1594 814 1638 et
841 1580 1060 1636 alterius
1077 1588 1262 1633 torum
1287 1575 1498 1632 nesciat
1537 1575 1780 1645 conjugis
1803 1615 1816 1640 ,
1844 1588 1967 1644 quas
1995 1587 2131 1627 uxor

539 1687 626 1734 est
648 1677 826 1730 iutura
855 1673 1126 1745 pontiﬁcis
1151 1671 1332 1742 (Lavit.
1361 1685 1478 1735 XXI,
1511 1670 1601 1736 l5,
1626 1670 1725 1735 id;
1754 1667 1942 1722 Eucti.
1974 1683 2127 1732 xu-v,

537 1770 632 1842 22)
647 1771 668 1823 ?
684 1769 801 1825 Jam
817 1780 947 1823 tunc
968 1769 1112 1823 enim
1129 1767 1179 1822 in
1196 1764 1564 1820 sacerdotibus
1587 1763 1883 1833 ligu-rabatu
1892 1779 1917 1816 ι·
1933 1761 2132 1820 Christi

542 1874 595 1919 et
627 1865 879 1919 Ecclesia:
917 1861 1198 1932 spirituale
1228 1859 1575 1930 conjugium;
1620 1869 1643 1898 ο
1683 1867 1739 1914 ut
1773 1858 2026 1928 quoniam
2059 1857 2135 1911 vir

1663 430 1723 485 S.
1763 427 2006 488 LEONIS
2043 429 2254 488 MACNI
2295 428 2673 487 EPISTOLIE.

3689 433 3799 491 560

2143 573 2198 635 Α
2219 546 2465 604 saeculari
2499 555 2621 602 actu
2657 555 2881 616 repente
2911 550 3075 622 673
3103 549 3411 616 conversis,
3443 548 3678 606 ofﬁcium
3703 565 3797 620 pa-

2223 641 2422 696 storale
2451 637 2480 682 1'
2506 641 2821 709 credamus;
2856 658 2977 700 cum
3018 661 3121 715 per
3147 660 3335 700 omnes
3371 643 3564 714 gradus
3591 641 3797 699 millia

2217 732 2536 790 Christianae
2575 735 2643 790 de
2689 737 3031 794 incrementis
3057 739 3390 806 proiectuum
3429 739 3623 794 debeat
3650 739 3790 792 aesti-

2223 825 2357 881 mari
2385 842 2450 880 an
2485 827 2690 897 possint
2713 830 2961 900 cuiun
2993 833 3192 901 maiora
3221 832 3505 887 committi.
3543 831 3559 868 ί
3606 832 3796 888 Merito

2223 929 2531 976 sanctorum
2553 921 2772 979 Patrum
2811 925 3150 981 venerabiles
3193 927 3534 991 sanctiones,
3571 940 3695 980 cum
3732 923 3804 980 de

2223 1017 2562 1074 sacerdotum
2609 1019 2875 1076 electione
2924 1021 3294 1092 loquerentur,
3327 1036 3420 1078 eos
3447 1021 3664 1078 domum
3695 1019 3807 1074 ido-

2227 1124 2359 1165 neos
2386 1109 2401 1162 t'
2436 1113 2605 1166 sacris
2634 1113 3188 1174 administrationibus
3213 1123 3560 1181 censuerunt,
3583 1129 3807 1185 quorum

2225 1207 2403 1262 omnis
2442 1215 2573 1262 aetas
2617 1223 2649 1263 a
2693 1209 2988 1278 puerilibus
3017 1209 3256 1265 exordiis
3310 1225 3480 1280 usque
3509 1209 3574 1263 ad
3614 1223 3812 1279 prove-

2227 1298 2426 1354 ctiores
2465 1313 2636 1354 annos
2687 1316 2781 1370 per
2809 1301 3104 1372 disciplinae
3131 1303 3512 1358 ecclesiastica:
3545 1298 3812 1370 stipendia

2227 1393 2572 1461 cucurrisset,
2592 1404 2649 1449 ut
2676 1397 2958 1466 unicuique
2979 1396 3343 1451 testimonium
3365 1395 3509 1465 prior
3538 1393 3645 1448 vita
3671 1407 3812 1463 pm-

2229 1485 2383 1542 beret
2411 1502 2428 1540 :
2455 1501 2552 1541 nec
2583 1495 2764 1557 posset
2793 1489 2861 1543 de
2905 1489 3020 1559 ejus
3061 1489 3410 1558 provectloue
3439 1487 3693 1551 dubitari,
3724 1485 3815 1542 cui

2233 1594 2329 1648 pro
2355 1578 2627 1635 laboribus
2659 1581 2862 1650 multis,
2887 1595 2986 1650 pro
3015 1581 3176 1636 caelis
3206 1581 3467 1647 moribus,
3491 1595 3589 1650 pro
3605 1579 3818 1636 actibus

2233 1673 2495 1737 strenuis,
2530 1671 2775 1727 celsioris
2805 1673 2907 1728 ioci
2929 1674 3210 1744 praemium
3246 1672 3552 1728 deberetur.
3581 1672 3639 1728 Si
3670 1673 3814 1728 enim

2235 1764 2301 1818 ad
2325 1764 2556 1820 honores
2587 1765 2771 1822 mundi
2825 1767 2942 1822 sine
2971 1766 3224 1836 suffragio
3251 1767 3532 1837 temporis,
3562 1766 3682 1822 sine
3709 1781 3819 1822 me-

2194 1910 2197 1912 .
2235 1859 2342 1914 rito
2369 1858 2588 1927 laboris,
2622 1861 2898 1927 indignum
2929 1868 3013 1915 est
3038 1862 3350 1930 pervenire,
3381 1869 3436 1915 et
3457 1862 3626 1915 notari
3651 1860 3821 1915 ambi-

542 1965 697 2026 σαρκί
724 1965 799 2010 est
833 1955 1065 2010 mulieris
1102 1953 1320 2023 (Ephes.
1348 1967 1401 2018 v,
1430 1952 1528 2018 25;
1563 1951 1724 2007 lCor.
1755 1968 1833 2019 ιι,
1861 1951 1938 2022 ὅ),
1957 1952 2132 2006 discat
2161 1989 2211 2052 Β
2239 1963 2326 2007 tus
2351 1953 2546 2017 scient,
2571 1967 2704 2022 quos
2731 1952 3010 2023 probitatis
3033 1953 3353 2008 documenta
3394 1969 3501 2008 non
3527 1953 3822 2022 adjuvant;

541 2063 737 2120 sponsa
788 2047 952 2103 Verbi
1000 2061 1106 2102 non
1152 2047 1313 2101 alium
1339 2045 1511 2101 virum
1537 2059 1696 2101 nosse
1716 2043 1749 2085 ἀ
1789 2059 1949 2115 quam
1973 2046 2131 2101 Citri-

541 2151 706 2207 stum,
732 2142 823 2212 qui
852 2137 1046 2196 merito
1067 2155 1226 2196 unam
1254 2139 1438 2209 elegit,
1461 2155 1623 2194 uuam
1667 2139 1865 2210 diiigit,
1893 2149 1949 2195 et
1973 2140 2130 2194 aliam

539 2242 742 2306 praeter
789 2236 964 2304 ipsam
1022 2249 1122 2290 suo
1161 2235 1438 2290 consortio
1466 2249 1573 2289 non
1620 2234 1878 2304 adiungit.
1917 2233 1976 2290 Si
2003 2249 2156 2317 ergo.

539 2330 706 2384 etiam
733 2329 785 2382 in
820 2329 990 2384 veteri
1020 2330 1371 2385 Testamento
1397 2328 1519 2383 haec
1551 2328 1970 2384 sacerdotalium
2001 2342 2132 2382 con-

545 2419 812 2492 iugiorum
835 2423 1010 2478 forma
1040 2431 1248 2478 servata
1283 2432 1385 2489 est,
1410 2431 1615 2493 quanto
1646 2423 1814 2493 magis
1842 2424 1942 2479 sub
1979 2438 2133 2478 reve-

543 2515 653 2568 lata
671 2515 783 2585 jam
805 2516 973 2584 gratia
1006 2517 1303 2582 constituti,
1337 2515 1649 2585 apostolicis
1669 2515 1929 2571 debemus
1959 2517 2132 2572 inser-

541 2609 661 2664 vire
710 2609 992 2679 praeceptis
1023 2618 1123 2674 :ut
1174 2610 1472 2680 quamlibet
1517 2608 1638 2680 quis
1684 2608 1842 2664 bonis
1893 2610 2134 2665 moribus

545 2700 834 2770 praeditus,
885 2709 938 2755 et
986 2701 1186 2755 sanctis
1229 2701 1489 2770 operibus
1527 2699 1832 2756 inveniatur
1871 2711 2092 2756 ornatus
2118 2742 2132 2767 ,

545 2805 880 2863 nequaquam
925 2803 1108 2849 tamen
1153 2793 1239 2848 vel
1283 2791 1353 2847 ad
1395 2793 1627 2848 diaconii
1656 2794 1913 2866 gradum,
1953 2793 2038 2848 vel
2068 2792 2136 2849 ad

547 2885 866 2957 presbyterii
921 2886 1221 2952 honorem,
1279 2885 1366 2940 vel
1418 2884 1484 2939 ad
1527 2885 1872 2957 episcopatus
1923 2887 2136 2941 cuimen

547 2979 822 3044 ascendat,
855 2979 898 3033 si
940 2986 1033 3034 aut
1057 2979 1235 3050 ipsum
1287 2995 1392 3035 non
1421 2979 1580 3035 unius
1608 2981 1791 3035 uxoris
1812 2980 1986 3036 virum
2004 3022 2018 3047 ,
2045 2988 2138 3036 aut

549 3081 768 3124 uxorem
799 3069 914 3138 eius
944 3085 1049 3128 non
1084 3070 1243 3128 unius
1274 3072 1372 3130 viri
1405 3070 1573 3130 fuisse
1597 3072 1946 3130 constiterit?

615 3161 745 3218 Car.
798 3162 884 3218 iV.
936 3191 1007 3212 -η-
1031 3163 1283 3219 ﬂauente
1329 3171 1352 3206 ο
1391 3179 1521 3218 vere
1564 3167 1824 3234 Apostolo
1862 3175 2022 3236 atque
2058 3166 2140 3222 di-

548 3262 704 3308 cente
732 3271 746 3309 :
774 3253 838 3308 Et
855 3255 1092 3310 hiantem
1119 3258 1397 3324 probentur
1419 3258 1658 3329 primum,
1690 3267 1735 3311 et
1757 3260 1830 3311 sic
1854 3260 2140 3314 ministrent

553 3346 596 3417 (l
619 3344 754 3402 Tim.
799 3362 875 3414 tu,
909 3348 1030 3418 iO);
1083 3347 1209 3418 quid
1257 3348 1397 3404 aliud
1447 3349 1856 3422 intelligendum
1893 3349 1912 3389 ί
1945 3350 2000 3413 in
2036 3352 2139 3410 hoc

551 3450 832 3508 putamus,
879 3442 981 3496 nisi
1025 3441 1171 3497 utin
1215 3443 1298 3498 his
1325 3444 1762 3512 provectionibus
1805 3459 1910 3499 non
1960 3447 2137 3503 solum

552 3533 1012 3588 instrimoniorum
1037 3542 1065 3581 ε
1091 3534 1399 3606 privilegia,
1425 3534 1521 3589 sed
1552 3537 1712 3589 etiam
1743 3536 1988 3595 laborum
2021 3553 2138 3595 me-

551 3625 650 3680 rita
698 3626 1025 3703 cogitemus?
1051 3641 1121 3683 ne
1165 3634 1256 3681 aut
1296 3641 1332 3686 ,a
1363 3627 1629 3698 baptismo
1661 3627 1914 3696 rudibus.
1968 3639 2062 3692 aut
2108 3645 2139 3691 δ

553 3848 780 3902 quorum
828 3832 962 3886 duos
1006 3830 1367 3902 Dionysianos
1411 3829 1530 3900 (seu
1559 3829 1751 3886 melius
1782 3829 2136 3902 Hadriancos)

556 3901 670 3957 not.
708 3905 732 3957 i
788 3904 1056 3972 appellat,
1099 3901 1211 3956 tres
1266 3901 1354 3955 alii
1400 3901 1651 3956 editionis
1703 3902 1883 3956 mixtae
1933 3917 1998 3958 ex
2041 3901 2140 3958 de-

556 3975 851 4043 scriptione
909 3974 1151 4042 ejusdem
1199 3981 1514 4026 noscuntur.
1562 3972 1680 4028 Mox
1739 3973 1891 4027 initio
1931 3987 2047 4042 cap.
2084 3975 2138 4037 5,

556 4045 677 4100 cod.
715 4045 1045 4126 Vittdebon."
1063 4043 1215 4126 llisp.
1258 4045 1461 4126 omittit
1509 4044 1660 4125 tilias.
1712 4043 2141 4126 Vintlehonensis

554 4125 734 4238 auiem
764 4116 981 4172 collect.
1015 4115 1069 4186 5,
1098 4115 1256 4184 fuisse
1282 4115 1582 4183 constiterit,
1611 4126 1714 4169 tam
1731 4124 1930 4172 sacrata
1950 4130 2145 4185 semper

575 4203 622 4238 ta
658 4191 750 4238 ita.

575 4188 750 4243 iubila.

627 4266 652 4294 ⁸
681 4257 754 4313 ita
780 4257 991 4314 codices
1011 4256 1248 4312 omnium
1273 4263 1518 4310 veterum
1542 4257 1920 4312 collectionum
1945 4256 2140 4314 editio-

556 4328 639 4382 nis
663 4331 954 4384 decurtatre
998 4327 1051 4391 i,
1084 4325 1136 4392 Ξ,
1181 4329 1234 4389 4,
1268 4328 1319 4394 5,
1354 4337 1408 4381 et
1435 4326 1733 4386 Viudebou.
1785 4327 1936 4394 Hisp.
1961 4371 1974 4395 ,
2021 4342 2140 4382 cum

557 4397 840 4454 Sichardo.
874 4399 1192 4466 Quesnellus
1227 4414 1348 4451 cum
1388 4398 1616 4461 vulgatis
1665 4415 1728 4456 ex
1771 4395 2002 4454 lectione
2037 4397 2142 4452 lia-

555 4469 774 4540 drianea
802 4511 817 4534 ,
863 4485 925 4540 ne
955 4469 1140 4526 divinw
1165 4471 1368 4538 quidem
1393 4469 1518 4540 legis
1548 4478 1759 4540 statuto.

625 4537 654 4576 δ
686 4538 858 4594 Codd.
891 4536 1191 4594 Vindebou.
1220 4536 1508 4604 Collectf5,
1540 4551 1591 4592 et
1625 4539 1779 4592 Bari).
1812 4538 1878 4592 ΤΙ
1900 4579 1914 4603 ,
1939 4536 2141 4594 addunt

555 4624 790 4671 uxorem,
824 4625 1011 4664 vocem
1061 4625 1088 4663 a
1113 4609 1402 4674 Quesnello
1450 4610 1648 4675 pariter
1679 4609 1934 4666 insertam
1962 4610 2013 4662 in
2055 4623 2141 4663 se-

556 4682 728 4732 cunda
760 4682 997 4736 editione
1047 4695 1111 4733 ex
1147 4694 1299 4740 ωδε..
1353 4688 1409 4734 ut
1437 4681 1726 4742 credimus,
1761 4680 1970 4732 collect.
2003 4680 2057 4744 5,
2087 4689 2140 4734 et

555 4747 894 4805 Hadrianeis.
950 4749 1254 4808 Delevimus
1307 4759 1508 4814 autem,
1542 4750 1775 4817 eoquod
1825 4749 1876 4802 in
1921 4750 2141 4816 reliquis

589 4819 962 4874 ollectionibus
986 4820 1238 4875 editionis
1261 4820 1552 4876 decurtatac
1580 4829 1630 4876 ct
1662 4835 1689 4871 a
1714 4819 1957 4885 Merlino,
1982 4831 2142 4889 atque

555 4888 821 4962 {.‘ichardo
851 4891 1145 4944 omittatur.
1180 4889 1346 4962 Paulo
1374 4902 1489 4959 post
1510 4891 1745 4962 coniugii
1791 4906 1886 4959 pro
1911 4888 2140 4962 conjugis

555 4959 749 5032 legitur
771 4965 822 5014 in
851 4976 977 5018 mss.
1011 4964 1222 5018 collect.
1255 4961 1310 5030 3,
1338 4962 1392 5028 5,
1424 4971 1477 5018 et
1505 4959 1777 5032 Barb.’77‘.

634 5041 655 5067 ο
688 5031 952 5086 Particula
999 5039 1050 5090 et
1092 5046 1188 5098 pro
1232 5027 1304 5086 ut
1331 5027 1413 5090 est
1463 5034 1514 5086 in
1570 5048 1698 5088 mss.
1747 5027 1865 5087 Vat.
1903 5029 2052 5098 Hisp.
2087 5044 2141 5090 et

556 5099 686 5156 Isid.
723 5101 835 5160 Vox
864 5111 1040 5154 autem

557 5172 735 5227 nellus
767 5187 834 5225 ex
866 5171 1106 5242 margine
1145 5171 1412 5229 editorum
1445 5176 1760 5238 inseruerat,
1788 5171 2033 5229 revocata
2063 5183 2147 5230 est

490 5300 500 5308 ,
556 5259 624 5298 ex
682 5241 958 5297 codicibus
994 5241 1307 5316 praesertim
1353 5244 1602 5316 editionis
1647 5245 1956 5316 decurtata.
2014 5259 2147 5316 quos

555 5317 928 5388 recreusuimus
959 5313 1143 5370 annot.
1188 5314 1254 5370 19
1297 5314 1426 5384 (col.
1459 5315 1584 5384 (Siti,
1614 5332 1670 5378 ιι.
1703 5316 1751 5388 ο)
1785 5315 1838 5374 in
1868 5313 2007 5372 banc
2030 5313 2147 5388 epi-

554 5387 750 5453 stolam
777 5385 1060 5453 integram.

629 5451 654 5491 ἀ
687 5456 785 5528 Ms.
821 5451 1120 5514 Vindebon.
1155 5455 1302 5528 llisp.
1326 5499 1342 5524 ,
1380 5473 1534 5527 quam
1574 5472 1863 5528 Sponsum;
1886 5458 1975 5528 qui
2015 5457 2149 5512 enim

557 5542 712 5601 unum
744 5527 906 5598 elegit.
937 5529 1099 5601 ifaulo
1123 5527 1264 5601 post,
1295 5544 1396 5601 non
1415 5529 1655 5601 adjumrit.
1684 5529 1740 5584 in
1769 5527 1888 5584 cod.
1923 5527 2146 5584 Barber.

558 5598 773 5654 crillect.
799 5597 831 5652 5
857 5606 911 5652 et
940 5597 1148 5656 duobus
1182 5597 1429 5654 editionis
1457 5597 1656 5658 mittat.

635 5677 658 5752 ξ
688 5665 934 5752 Ero‘vem
967 5669 1018 5722 in
1045 5668 1450 5752 mm‘VatJincgﬁ.
1469 5670 1678 5752 collect.
1699 5669 1748 5752 il,
1768 5669 1995 5751 habetur
2007 5685 2149 5752 ergo.

559 5735 881 5858 tegrflgprer
901 5749 1085 5802 annm,
1112 5737 1184 5800 22
1205 5735 1473 5810 (coibit),
1499 5758 1552 5802 ιι.
1579 5739 1629 5813 ιι)
1645 5744 1696 5796 in
1724 5735 1862 5800 italae
1887 5740 2046 5811 epist.
2063 5735 2153 5800 in-

587 5821 788 5878 egrum.

634 5876 663 5926 ε
687 5876 1027 6005 (ὶυθεηθιιυβ.
1075 5882 1446 5956 castimoniam,
1474 5893 1531 5942 ut
1574 5884 1626 5940 in
1649 5884 1886 5944 editione
1920 5883 2148 5940 Hadria-

634 5959 686 6004 a.
743 5961 778 6004 n
826 5964 1063 6005 manune
1092 5961 1268 6005 autem
1298 5951 1502 6005 notavit
1543 5954 1680 6005 duos
1708 5955 1921 6005 codices
1948 5954 2146 6005 habere

563 5959 686 6006 nea.
718 5950 778 6005 In
826 5950 1063 6021 margine
1092 5961 1268 6010 autem
1298 5950 1502 6011 notavit
1543 5954 1680 6013 duos
1708 5955 1921 6014 codices
1948 5954 2146 6013 habere

1124 5101 1225 5154 erbi
1250 5117 1345 5172 pro
1375 5118 1501 5158 voce
1531 5101 1742 5172 Christi,
1783 5119 1941 5172 quam
1969 5093 2141 5172 Ques-
2170 5093 2223 5153 D

2234 2059 2391 2115 quam
2419 2044 2648 2115 diligens
2679 2053 2732 2099 et
2763 2060 2919 2114 quam
2953 2044 3189 2116 prudens
3215 2044 3463 2100 habenda
3494 2056 3576 2101 est
3601 2045 3823 2113 dispen-

2233 2137 2370 2192 satio
2396 2137 2702 2192 divinorum
2724 2152 3005 2192 munerum
3038 2146 3092 2193 et
3137 2138 3437 2193 caelestium
3478 2137 3825 2207 dignitatum,

2235 2227 2263 2266 ¹ί
2294 2243 2362 2285 ne
2391 2228 2446 2284 in
2474 2229 2652 2299 aliquo
2686 2230 2978 2298 apostolica
3001 2239 3053 2286 et
3085 2229 3342 2285 canonica
3375 2228 3590 2284 decreta
3623 2228 3828 2283 vicien-

2235 2329 2342 2388 tur,
2374 2320 2392 2361 ι
2442 2331 2494 2378 et
2533 2321 2616 2376 his
2649 2323 2884 2377 Ecclesia
2916 2321 3129 2376 Domini
3162 2322 3394 2393 regenda
3437 2321 3706 2385 credatur,
3739 2321 3832 2390 qui

2233 2412 2592 2483 iegitimarum
2623 2413 3022 2468 institutionum
3049 2413 3234 2481 nescii,
3261 2422 3318 2468 et
3335 2412 3494 2467 totius
3508 2411 3833 2466 humilitatis

2235 2506 2429 2577 ignari,
2475 2521 2581 2560 non
2631 2506 2698 2560 ab
2753 2506 2951 2560 infimis
2978 2521 3193 2561 sumere
3220 2508 3625 2574 incrementum,
3657 2505 3755 2560 sed
3805 2518 3835 2559 a

2236 2598 2463 2654 Summis
2511 2599 2700 2653 volunt
2742 2597 2944 2653 habere
2981 2597 3324 2668 principium,
3365 2613 3486 2654 cum
3515 2598 3675 2654 valde
3726 2598 3837 2652 ini-

2236 2705 2400 2762 quum
2434 2690 2503 2746 sit
2528 2701 2582 2746 et
2625 2690 2938 2758 absurdum,
2991 2697 3050 2745 ut
3093 2691 3332 2761 imperiti
3380 2692 3670 2761 magistris,
3707 2690 3838 2748 novi

2238 2785 2489 2855 antiquis,
2548 2793 2604 2839 et
2638 2784 2799 2839 rudes
2847 2783 3202 2855 praeferantur
3251 2782 3524 2838 emeritis?
3569 2782 3624 2839 In
3668 2783 3840 2838 domo

2238 2878 2452 2950 quidem
2478 2891 2668 2946 magna
2691 2885 2728 2913 ω
2749 2889 2972 2931 necesse
3002 2885 3103 2941 est,
3131 2876 3267 2931 sicut
3297 2876 3582 2948 Apostolus
3611 2876 3842 2933 disserit

2240 2971 2308 3044 (il
2339 2971 2472 3025 Tim.
2507 2987 2565 3040 li,
2595 2971 2711 3042 20),
2735 2977 2793 3025 ut
2823 2985 2948 3026 vasa
2977 2969 3190 3026 diversa
3221 2970 3365 3037 sint,
3392 2971 3636 3040 quadam
3669 2985 3844 3026 aurea

2238 3077 2294 3124 et
2339 3076 2621 3136 argentea,
2673 3066 2918 3137 quadam
2971 3081 3100 3122 vero
3148 3065 3321 3135 lignea
3371 3073 3426 3120 et
3460 3064 3683 3130 ﬁctilia;
3733 3064 3846 3122 sed

2239 3160 2434 3216 horum
2453 3161 2812 3216 ministerium
2831 3175 2930 3228 pro
2951 3159 3188 3213 materiae
3209 3157 3468 3228 qualitate
3493 3166 3520 3196 ⁸³
3555 3157 3844 3223 dividitur,

2241 3269 2340 3310 nec
2365 3257 2454 3327 qui
2505 3264 2590 3308 est
2638 3254 3021 3324 pretiosorum,
3069 3251 3212 3308 idem
3243 3265 3374 3305 usus
3420 3259 3500 3304 est
3541 3259 3597 3304 et
3623 3249 3848 3304 vilium.

2243 3347 2377 3406 Nam
2411 3346 2714 3404 inordinata
2746 3353 2905 3402 erunt
2927 3344 3132 3412 omnia,
3154 3343 3199 3398 si
3223 3341 3402 3398 ﬁctilia
3431 3340 3642 3408 aureis,
3669 3339 3855 3412 στι

2241 3448 2298 3496 et
2351 3441 2521 3510 lignea
2588 3437 2944 3510 prazferantur
2988 3437 3280 3507 argenteis.
3339 3435 3490 3491 Sicut
3545 3442 3724 3488 autem
3793 3435 3853 3488 in

2245 3543 2272 3572 ο
2309 3535 2497 3605 ligneis
2533 3543 2589 3590 et
2626 3533 2875 3588 ﬁctilibus
2916 3547 3100 3587 eorum
3143 3530 3421 3588 hominum
3457 3527 3664 3599 species
3704 3527 3856 3600 ligu-

2245 3641 2452 3698 rautur,
2500 3630 2589 3701 qui
2639 3628 2801 3686 nullis
2848 3626 3029 3686 adhuc
3077 3625 3364 3686 virtutibus
3409 3623 3617 3692 nitent;
3660 3626 3731 3680 ita
3798 3625 3856 3682 in

2245 3832 2529 3902 privilegia.
2564 3832 2618 3886 Id
2651 3831 2864 3903 quidem
2894 3829 3154 3903 legiturin
3188 3829 3390 3903 nostris
3421 3826 3697 3903 codicibus
3724 3827 3860 3903 edi:

2247 3905 2405 3960 tionis
2427 3898 2760 3970 "decurta'tae,
2816 3898 3057 3971 exceptis
3104 3901 3223 3957 Vat.
3276 3901 3425 3970 llisp.
3482 3909 3535 3954 et
3570 3898 3722 3964 lsid.,
3750 3901 3860 3968 qui

2250 3971 2579 4030 lladrianeas
2601 3975 2859 4030 lectiones
2891 3988 3288 4042 nonnumquam
3316 3979 3632 4040 receperunt
3668 3989 3680 4023 :
3713 3987 3864 4024 nam

2245 4044 2546 4100 Viudebon.
2584 4063 2745 4116 purus
2776 4054 2830 4100 et
2857 4047 3096 4100 sincerus
3128 4044 3445 4116 Hispanicus
3483 4042 3644 4097 habet
3669 4043 3856 4112 priui-

2249 4116 2404 4186 legia,
2433 4118 2571 4172 sicut
2593 4119 2751 4172 etiam
2784 4117 3098 4172 Sicltardus.

2321 4186 2440 4242 hita
2471 4204 2599 4243 mss.
2626 4189 2840 4243 collect.
2865 4187 2915 4251 i,
2934 4187 2986 4247 5.
3007 4189 3061 4252 5,
3083 4185 3383 4242 Vindehou.
3419 4184 3570 4254 HiSp.
3598 4193 3652 4240 et
3673 4183 3862 4241 Barb.

2247 4257 2339 4313 7'7.
2372 4259 2514 4316 Editi
2545 4275 2664 4314 eum
2696 4274 2822 4316 mss.
2851 4260 3066 4313 collect.
3093 4257 3149 4322 6,
3175 4268 3229 4311 et
3256 4257 3377 4312 Vat.
3409 4257 3559 4326 Hisp.
3592 4264 3648 4312 et
3681 4255 3862 4322 Isid...

2249 4339 2409 4398 atque
2438 4331 2645 4384 collect.
2679 4331 2744 4383 1‘2
2773 4339 2826 4384 et
2845 4330 3208 4396 24,credatur.
3227 4327 3369 4394 Mox,
3399 4345 3512 4384 cum
3536 4326 3704 4380 omnis
3721 4344 3871 4398 gro-

2249 4396 2345 4453 dus
2374 4411 2490 4454 erat
2521 4403 2571 4454 in
2603 4403 2778 4458 editis.
2813 4401 3229 4458 Etiteudavitnus
3269 4416 3332 4454 ex
3378 4400 3629 4454 omnibus
3675 4396 3868 4452 codd.

2248 4471 2496 4542 editionis
2528 4473 2840 4539 decuriam,
2862 4489 2888 4524 a
2911 4473 3103 4542 quibus
3133 4481 3336 4526 tantum
3364 4462 3677 4540 discrepant
3707 4483 3866 4524 mss.

2245 4539 2456 4596 collect.
2492 4542 2514 4593 i
2551 4551 2604 4596 et
2633 4545 2685 4600 3.

2327 4611 2340 4684 ἓ
2381 4615 2510 4684 Dist.
2539 4613 2635 4684 iii,
2671 4611 2944 4678 Miramur,
2975 4629 3022 4668 c.
3067 4613 3119 4680 5,
3152 4613 3180 4684 §
3209 4610 3414 4666 Merito.

2326 4683 2338 4753 ἱ
2381 4683 2478 4738 Ms.
2508 4683 2626 4738 Vat.
2660 4684 2793 4753 Reg.
2826 4685 3036 4739 collect.
3069 4685 3122 4750 Ι,
3153 4682 3311 4738 sacris
3340 4682 3657 4753 agminibus.

2321 4752 2344 4823 ἒ
2383 4754 2515 4808 Dist.
2540 4755 2628 4822 6i,
2661 4752 2951 4810 Strttuimus
2978 4773 3040 4810 ne
3067 4757 3118 4808 in
3149 4756 3341 4823 aliquo,
3376 4752 3425 4807 c.
3460 4755 3511 4808 8.

2325 4822 2341 4859 ι
2374 4826 2507 4880 Cod.
2544 4825 2658 4882 Vat.
2693 4826 2851 4895 ἕως..
2881 4834 2937 4896 ct
2961 4827 3051 4880 eis.
3087 4826 3209 4882 Post
3235 4822 3428 4896 pauca,
3458 4824 3732 4879 exordium
3759 4841 3882 4896 pro

2246 4894 2608 4949 incrementum
2635 4897 2684 4949 in
2717 4894 2815 4952 ms.
2850 4895 3136 4952 Fesulallo.

2321 4976 2358 5001 ιη
2384 4967 2506 5020 Mss.
2542 4967 2658 5022 Vat.
2691 4967 2848 5037 Reg.,
2884 4964 3184 5023 Vindebon.
3224 4967 3370 5036 llisp.
3401 4976 3454 5024 et
3489 4967 3722 5022 Barber.
3764 4968 3884 5034 77,

2247 5052 2451 5108 necesse
2477 5047 2549 5092 est
2574 5049 2626 5091 ut
2654 5039 2810 5106 (sicut
2834 5038 3105 5108 Apostolus
3131 5038 3283 5108 dixit)
3315 5055 3457 5107 vasa,
3484 5048 3589 5093 etc.
3623 5037 3889 5104 Sichaf-

2251 5107 2348 5164 dus
2384 5126 2403 5180 ί
2430 5124 2630 5163 necesse
2657 5119 2732 5164 est
2766 5109 2918 5180 (sicut
2948 5107 3223 5176 Apostolus
3252 5108 3346 5178 ait)
3373 5125 3514 5163 vasa.

2323 5186 2349 5212 η
2372 5176 2692 5244 Quesnellus
2721 5176 2840 5234 cum
2875 5179 3054 5248 editis,
3090 5176 3414 5246 discernitur,
3450 5181 3522 5232 uti
3563 5179 3787 5246 legitur
3820 5181 3893 5236 in

2252 5263 2383 5304 mss.
2411 5249 2623 5306 collect.
2659 5251 2993 5314 Hadrianete,
3018 5253 3148 5308 etin
3181 5259 3366 5321 nostro
3396 5250 3654 5307 Vaticano
3685 5249 3894 5321 Regi-

2252 5334 2357 5383 nae,
2383 5335 2445 5378 ac
2479 5322 2585 5376 alio
2628 5321 2744 5375 Vat.
2777 5321 2990 5378 Collect.
3019 5321 3089 5378 24
3117 5320 3364 5375 edilionis
3394 5322 3718 5376 decuriam.
3763 5320 3903 5378 Le-

2251 5391 2482 5463 ctionem
2527 5406 2654 5446 vero
2693 5393 2928 5448 omnium
2978 5391 3201 5447 aliarum
3250 5391 3632 5448 collectionum
3687 5391 3903 5463 hujus

2254 5459 2546 5516 decurtatze
2576 5463 2826 5520 editionis
2853 5464 3200 5520 antetulimus
3227 5481 3238 5514 :
3268 5464 3350 5516 cui
3381 5465 3524 5519 favet
3548 5464 3721 5517 etiam
3757 5459 3902 5520 riis.

2257 5530 2628 5586 Florentinnm
2659 5535 2880 5602 integra:
2909 5531 3176 5587 editionis.
3206 5531 3370 5599 Paulo
3401 5544 3544 5601 post,
3564 5534 3708 5587 idem
3741 5554 3911 5592 usus

2258 5603 2558 5676 capitium.
2586 5605 2782 5660 omissa
2831 5603 3089 5676 particula
3125 5615 3172 5660 et
3216 5607 3266 5658 in
3305 5619 3433 5659 mss.
3475 5605 3697 5662 collect.
3741 5608 3819 5676 3,
3869 5610 3914 5664 5

2259 5682 2312 5728 et
2344 5672 2640 5744 Vindebon.
2678 5672 2848 5744 llisp.,
2882 5689 3002 5732 cum
3028 5675 3271 5736 Merlino,
3295 5685 3349 5732 et
3379 5675 3666 5730 Sichardo.

2330 5753 2354 5778 υ
2385 5743 2564 5800 Codex
2604 5743 2879 5810 Lucensis,
2912 5745 3019 5800 duo
3071 5746 3540 5808 Vindeboucnses,
3570 5760 3636 5800 ac
3683 5746 3913 5805 Barb.

2255 5813 2344 5880 77,
2363 5815 2542 5871 delent
2562 5817 2743 5886 ligneis
2771 5829 2838 5872 et.
2873 5818 3001 5872 Post
3027 5832 3216 5885 pauca,
3273 5832 3328 5869 er
3358 5816 3568 5887 longum
3591 5819 3904 5874 eruditio-

2255 5885 2522 5944 m'oigncm
2549 5888 2603 5943 in
2637 5888 2936 5944 Vindebon.
2965 5889 3113 5944 Hiso.
3143 5898 3196 5944 ct
3230 5835 3349 5944 Vat.
3375 5889 3586 5944 collect.
3620 5887 3698 5944 24
3740 5905 3904 5944 cum

2253 5885 2522 6012 ligna?
2549 5885 2936 5946 in’Vindebon.
2965 5889 3113 5958 llisp.
3143 5898 3196 5944 ct
3230 5885 3349 5944 Vat.
3375 5885 3586 5948 collect.
3620 5887 3698 5944 24
3740 5905 3921 5950 cum
