4006 6348
506 322 607 377 6E3

1630 320 1688 375 S.
1728 316 1972 374 LEONIS
2013 318 2227 374 MAGNI
2275 320 2653 377 EPISTOLE.

3675 334 3777 386 0M

500 437 547 487 si
578 432 717 503 quod
744 442 1030 505 potuerunt
1058 432 1235 486 animo
1266 443 1372 485 non
1394 428 1663 497 amittere,
1680 427 1901 485 doleant
1923 441 1982 484 se
2003 430 2085 484 vel
2113 436 2162 493 Α
2268 429 2337 505 Ut
2366 433 2540 486 nullus
2567 434 2830 505 episcOpus
2864 434 3073 491 alterius
3111 436 3253 491 inviti
3282 437 3523 493 clericum
3548 439 3643 495 sibi
3667 442 3776 497 vin-

502 539 734 596 eorpore
765 525 1083 597 perdidisse.

474 630 483 691 ς
570 618 703 676 Cu.
735 619 829 675 IX.
857 646 927 657 ——
956 616 1090 671 Cum
1128 614 1308 682 itaque
1345 612 1413 669 de
1449 613 1701 670 omnibus
1742 628 1863 684 quae
1914 613 2093 669 fratris

498 714 673 772 nostri
722 710 957 769 Potentii
989 710 1181 765 relatio
1230 708 1562 776 continebat,
1596 693 1910 780 plenissime
1953 709 2090 765 dile-

498 808 731 863 etionem
783 812 1017 859 vestram
1060 812 1085 839 ιι
1137 803 1362 859 videatis
1420 804 1765 869 instructam;
1822 813 2093 873 superest,

498 898 728 963 fratres,
761 895 789 934 δ
822 904 879 951 ut
907 896 1163 951 concordi
1209 895 1515 951 obedientia
1555 896 1799 951 salubres
1827 897 2089 967 suscipia-

497 990 568 1043 tis
595 988 862 1054 hortatus,
893 997 948 1043 et
976 987 1107 1043 nihil
1141 1002 1237 1058 per
1270 988 1669 1043 contentionem
1719 996 1960 1058 agentes,
1996 987 2091 1044 sed

499 1082 568 1137 ad
618 1097 781 1138 omne
829 1082 1060 1139 studium
1111 1082 1415 1137 devotionis
1464 1080 1767 1149 unanimes,
1807 1080 2009 1137 divinis
2039 1093 2093 1138 et

498 1177 811 1246 apostolicis
854 1176 1324 1233 constitutionibus
1359 1187 1381 1214 ε
1423 1175 1709 1242 servistis,
1742 1187 1795 1231 et
1839 1177 1895 1231 in
1945 1176 2093 1231 nullo

498 1268 779 1339 patiamini
804 1266 831 1306 ἀ
858 1270 941 1339 pia
976 1281 1242 1327 canonum
1282 1268 1495 1323 decreta
1540 1267 1752 1322 violari.
1785 1265 1916 1335 Qua
1946 1271 2090 1324 enim

502 1378 645 1418 nunc
670 1372 936 1417 certarum
968 1363 1273 1418 remisimus
1316 1359 1749 1416 consideratione
1777 1372 2088 1429 causarum,

502 1459 736 1527 antiquis
776 1456 1030 1527 deinceps
1060 1455 1409 1512 custodienda
1435 1463 1559 1511 sunt
1579 1454 1781 1526 regulis
1812 1469 1827 1508 :
1861 1470 1927 1510 ne
1947 1456 2089 1525 quod

505 1550 573 1603 ad
604 1560 815 1619 tempus
837 1552 922 1618 pia
964 1550 1182 1605 lenitate
1220 1548 1609 1615 concessimus,
1632 1546 1776 1618 justa
1809 1556 1833 1584 ο
1866 1547 2091 1617 posthac

500 1640 705 1697 ultione
735 1642 1054 1713 plectamus.

897 1734 1059 1810 677
1107 1733 1125 1772 ί
1169 1733 1505 1792 EPISTOLA
1544 1732 1683 1789 xm.

604 1856 630 1894 ⁸
672 1864 738 1902 ΔΙ)
776 1862 1057 1905 EPISCOPOS
1094 1860 1563 1903 METROPOLITANOS
1604 1861 1708 1901 PER
1748 1860 1974 1902 ILLYRICI

930 1934 1149 1975 PBOVINC
1160 1934 1241 1974 [AS
1269 1932 1653 1974 CONSTITUTOS.

498 2031 771 2088 SYNOPSIS.
799 2062 869 2074 -—
898 2032 937 2085 l.
977 2030 1280 2086 Gratulatur
1326 2029 1531 2100 Illyrici
1573 2030 1985 2095 metropolitanis
2030 2048 2083 2085 se

566 2105 950 2182 subjicientibus
976 2103 1265 2182 auctoritati
1296 2101 1841 2182 d-aue’Anastasionin
1869 2101 2083 2182 majori-

568 2169 669 2229 bus
693 2176 971 2243 prmsertim
1005 2174 1189 2227 causis.
1214 2172 1363 2227 -ιι.
1413 2169 1484 2225 Ut
1510 2172 1675 2243 vocati
1704 2171 1771 2224 ad
1808 2169 2081 2243 concilium

569 2246 634 2300 ab
665 2241 940 2301 Anastasio
968 2246 1135 2299 venire
1162 2259 1264 2297 non
1292 2251 1533 2308 renuant,
1564 2241 1983 2296 hortatur.—Hl.
2012 2242 2081 2297 Ut

567 2332 716 2372 nemo
735 2320 843 2373 sine
862 2332 1113 2373 consensu
1137 2313 1299 2385 plebis
1324 2312 1591 2369 ordinetur
1617 2312 2075 2384 episc0pus.—IV.

571 2565 597 2593 ει
624 2556 941 2624 Quesnellus
991 2556 1213 2611 retinuit
1274 2556 1561 2612 lectionem
1608 2554 1820 2624 Vulgat.
1861 2568 1982 2622 quae
2021 2567 2089 2608 ex

497 2622 797 2683 lladrianea
822 2627 1058 2683 editione
1088 2626 1277 2682 inserit
1303 2626 1420 2681 haec
1441 2627 1628 2694 verba,
1648 2622 1748 2678 Per
1776 2622 1947 2678 David
1973 2625 2085 2693 fra-

496 2710 624 2752 trem
662 2708 705 2752 et
738 2700 1093 2769 coepiscOpum
1113 2709 1368 2764 nostrum,
1394 2700 1482 2769 qui
1521 2706 1566 2750 et
1603 2695 1875 2769 sacerdotii
1905 2694 2086 2769 merita

495 2770 642 2824 nobis
662 2779 735 2823 est
762 2766 1023 2839 prebatu's,
1047 2779 1095 2823 et
1120 2769 1360 2824 moribus.
1386 2766 1493 2824 Sed
1525 2766 2009 2839 prtetermittuntur
2030 2768 2085 2839 in

496 2841 745 2895 omnibus
762 2834 902 2894 'mss.
937 2840 1229 2895 decurtata:
1251 2839 1500 2895 editionis
1527 2834 1747 2893 collect.
1777 2837 1830 2904 1,
1860 2836 1914 2897 5.
1940 2834 1995 2900 4,
2028 2836 2084 2903 5,

494 2910 674 2979 Hisp.,
700 2911 853 2977 Isid.,
887 2911 1008 2965 Vat.
1042 2912 1181 2966 1340
1228 2908 1440 2965 collect.
1475 2908 1563 2975 l2,
1596 2916 1651 2963 et
1687 2907 1845 2979 Barb.
1874 2907 1963 2960 77.
1997 2905 2082 2979 In:

494 2977 781 3037 veniuntur
825 2990 1003 3037 autem
1056 2981 1110 3035 in
1158 2981 1287 3036 solis
1312 2995 1443 3035 mss.
1468 2980 1681 3035 collect.
1714 2977 1808 3045 τι,
1840 2984 1895 3031 et
1938 2978 2081 3046 apud

492 3052 777 3107 Merlinum
818 3061 976 3122 atque
1009 3050 1349 3122 Sichardum.
1382 3049 1632 3106 Nonnulli
1650 3049 1821 3122 etiam
1867 3047 2081 3102 codices

493 3123 746 3178 editionis
793 3120 1002 3188 miitae,
1043 3123 1130 3192 qui
1172 3120 1256 3177 bis
1300 3121 1441 3178 hanc
1476 3120 1757 3192 periodum
1808 3126 2078 3192 repetunt,

492 3167 1019 3249 ὖῖῖἷῗέιιῖηόηιῦὀᾜὲ
1044 3167 1372 3260 Rom-vimus,
1575 3189 1631 3260 4,
1660 3190 1832 3259 primo
1863 3167 2078 3258 quidem
2107 3167 2153 3230 ο

491 3264 613 3342 loco
646 3280 709 3319 ex
748 3264 1049 3342 Hadrianea
1095 3262 1330 3342 editione
1373 3272 1587 3333 sumpto
1624 3274 1687 3316 ea
1736 3260 2082 3342 verba._exhi-

492 3334 652 3400 bent;
686 3334 922 3390 secundo
964 3346 1093 3390 vero
1146 3335 1266 3389 loco
1313 3330 1527 3403 sumpto
1572 3348 1639 3387 ex
1669 3330 2083 3403 mss._edi_tionis

493 3399 788 3462 decurtatae
835 3404 1022 3460 iisdem
1072 3405 1253 3459 verbis
1299 3399 1502 3461 carent.
1536 3403 1613 3458 lta
1652 3402 1776 3458 cod.
1808 3399 1865 3456 S.
1892 3400 2082 3456 Crueis

493 3476 709 3531 collect.
736 3476 809 3530 20
839 3484 893 3530 et
920 3490 1050 3532 mss.
1075 3476 1286 3530 collect.
1311 3474 1403 3527 2|.

563 3546 591 3587 δ
622 3546 712 3602 Sic
742 3561 931 3601 omnes
965 3562 1097 3601 mss.
1144 3544 1268 3601 libri
1303 3544 1553 3600 editionis
1588 3544 1884 3599 decurtata
1915 3542 2079 3596 etiam

493 3616 830 3693 collectionis
850 3617 952 3693 24,
988 3632 1086 3673 nec
1112 3630 1219 3693 non
1265 3614 1579 3693 S_ichardps,
1609 3623 1663 3669 et
1697 3621 1823 3693 ante
1851 3610 2079 3693 laudati

492 3685 743 3742 editionis
793 3681 979 3742 mixtae
1014 3687 1250 3743 secundo
1293 3686 1436 3741 loco.
1477 3684 1801 3754 Quesnellus
1851 3681 2079 3737 Hadria-

493 3771 650 3812 neam
675 3758 959 3813 lectionem
992 3758 1217 3825 induxit,
1249 3766 1302 3810 ut
1320 3756 1656 3812 concorditer.
1681 3754 1877 3810 Confer
1892 3763 2076 3807 annot.

494 3828 564 3883 48
586 3829 711 3897 (col.
748 3828 837 3893 65,
865 3845 921 3882 ιι.
951 3827 1004 3900 1ί)
1035 3832 1088 3884 in
1118 3826 1277 3898 epist.
1326 3828 1608 3900 integram.
1640 3826 1795 3900 Dein,
1839 3839 1930 3893 per
1954 3839 2076 3878 con-

495 3896 823 3970 certationem
863 3914 959 3968 pro
985 3896 1096 3970 'per
1149 3896 1519 3955 contentionem
1564 3898 1617 3953 in
1663 3896 1899 3967 quinque
1944 3909 2073 3949 mss.

497 3967 748 4024 editionis
798 3967 1111 4025 decurtatte.

573 4050 594 4076 ε
623 4038 713 4095 Sic
738 4040 849 4095 fere
879 4054 1089 4103 omnes,
1119 4048 1173 4095 et
1196 4038 1621 4110 praestantissimi
1647 4035 1861 4110 codices
1886 4036 2076 4091 formae

495 4108 810 4165 decurtatze.
837 4111 1159 4177 Quesnellus
1186 4108 1307 4166 eum
1336 4111 1479 4173 aliis,
1512 4108 1754 4177 parcatis.

562 4178 589 4216 ά
621 4181 767 4236 ldem
795 4182 995 4249 Quesn.
1028 4197 1148 4237 cum
1180 4182 1411 4237 lectione
1447 4179 1772 4243 Hadrianea,
1802 4178 2074 4249 providen-

494 4251 708 4305 tissima.
740 4248 1097 4321 Reposuimus
1129 4254 1215 4319 pia
1238 4268 1302 4307 ex
1333 4250 1561 4305 laudatis
1582 4248 1855 4305 codicibus
1882 4259 1936 4304 et
1959 4248 2074 4304 edi-

492 4321 725 4378 tionibus
757 4323 945 4377 forma:
975 4324 1288 4378 deeurtatae.

566 4395 589 4421 θ
628 4393 814 4448 Melior
852 4396 967 4447 visa
998 4404 1081 4449 est
1122 4394 1237 4448 haec
1263 4394 1585 4462 optimorum
1613 4389 1857 4445 codicum
1877 4390 2071 4462 lectio,

492 4476 649 4531 quam
681 4476 997 4519 cancrorum
1026 4463 1116 4532 qui
1156 4480 1275 4519 eum
1300 4459 1471 4518 'editis
1498 4462 1696 4516 habent
1726 4470 1839 4531 post
1865 4459 1996 4516 litae.

566 4531 586 4569 ί
616 4532 825 4590 Scripta
856 4536 888 4590 6
918 4534 1037 4589 Jan.
1071 4551 1159 4588 an.
1194 4532 1319 4588 446.

659 4547 825 4589 Cl‘lDla
856 4547 888 4589 ὓ
918 4547 1037 4589 Jan.
1071 4551 1159 4588 an.
1194 4547 1319 4588 446.

569 4550 581 4569 ι
616 4550 825 4604 δοτιριιι
856 4550 888 4590 o
918 4550 1037 4589 Jan.
1071 4551 1159 4588 an.
1194 4550 1319 4588 440.

562 4612 587 4649 ε
614 4604 767 4658 Edita
801 4604 901 4659 fuit
930 4606 982 4659 in
1008 4604 1323 4660 collectione
1346 4604 1589 4657 Romana
1613 4602 1769 4656 Lucae
1802 4599 2062 4655 llolstenii

492 4688 559 4727 ex
613 4676 771 4730 unico
826 4676 1011 4730 codice
1068 4676 1361 4730 Barberino
1410 4671 1551 4728 5586
1608 4672 1946 4726 collectionis
1997 4672 2063 4726 16

2111 1829 2160 1889 Β

2270 504 2421 558 dicet.

2200 596 2571 675 Dilectissimis
2620 599 2874 675 fratribus
2926 600 3249 675 Ssasetom,
3312 602 3558 675 Casoso,
3600 609 3777 666 Τιιεο-

2268 684 2408 725 υιιω
2441 714 2454 737 ,
2506 669 2665 726 Luem
2700 712 2715 736 ,
2777 672 3052 728 ANTIOCHO
3104 685 3158 729 et
3208 669 3779 737 Vtetua'rto'metro-

2268 741 2521 866 politanis
2574 739 2603 778 ιι
2659 757 2751 812 per
2808 744 3005 815 Illyrici
3062 746 3370 814 provincias
3423 750 3729 808 constitutis
3760 794 3775 819 ,

2313 828 2398 867 eo.

2265 926 2394 983 Car.
2435 928 2473 982 l.
2497 958 2569 969 —-
2594 928 2761 984 Grato
2797 930 2977 985 animo
3011 930 3025 968 ί
3062 931 3317 1002 epistolas
3359 941 3569 989 nostras
3609 949 3639 989 a
3678 949 3772 989 ve-

2197 1030 2306 1077 stra
2335 1022 2625 1079 dileetione
2656 1033 2955 1094 susceptas,
3001 1027 3334 1082 recurrentis
3359 1028 3567 1098 paginae
3597 1042 3778 1084 sermo

2199 1124 2426 1171 testatus
2464 1125 2567 1180 est,
2600 1131 2732 1187 quas
2772 1133 2872 1173 nos
2913 1130 3011 1187 pro
3038 1119 3203 1191 678
3242 1119 3607 1176 Ecclesiarum
3634 1128 3777 1177 statu

2197 1215 2253 1262 et
2282 1222 2415 1277 pace
2446 1207 2686 1277 solliciti,
2720 1224 2787 1265 ne
2808 1210 2936 1280 quid
2964 1212 3170 1265 novella
3202 1214 3550 1283 praesumptio
3574 1215 3777 1269 erroris

2195 1298 2435 1367 afferret,
2479 1301 2752 1355 noscimur
2782 1301 3045 1357 direxisse
3080 1320 3093 1355 :
3126 1302 3373 1359 volentes
3410 1319 3441 1358 a
3478 1304 3777 1359 sacerdoti-

2194 1392 2295 1448 bus
2332 1392 2547 1448 Domini
2578 1392 2976 1463 custodirique
3015 1393 3160 1450 sedis
3199 1396 3509 1464 apostolica:
3543 1398 3778 1452 auctori-

2196 1484 2313 1540 tasi
2355 1485 2552 1541 crebro
2573 1487 2888 1553 constituit;
2922 1486 3131 1543 scilicet
3155 1496 3215 1541 ut
3251 1502 3347 1556 per
3375 1488 3647 1559 lllyrieum
3679 1490 3778 1544 Ec—

2192 1576 2372 1632 clesia:
2395 1578 2702 1633 constituta:
2730 1579 2796 1633 ad
2836 1592 3021 1634 curam
3057 1576 3239 1633 fratris
3273 1588 3329 1633 et
3346 1582 3650 1650 coepiscopi
3682 1595 3779 1636 no-

2193 1668 2292 1722 stri
2322 1668 2591 1723 Anastasii
2624 1667 3129 1725 Thessalonicensis
3167 1668 3316 1724 urbis
3338 1671 3593 1727 antistitis
3620 1672 3779 1741 perti-

2193 1769 2403 1815 nerent.
2447 1758 2517 1816 Ut
2554 1760 2600 1815 si
2637 1776 2757 1831 qua:
2779 1759 2808 1798 ιε
2835 1760 3068 1831 majores
3099 1763 3239 1816 inter
3278 1763 3576 1833 episcopos
3599 1779 3779 1819 causa;

2188 1863 2313 1909 sunt
2342 1868 2462 1924 quae
2515 1854 2570 1909 in
2600 1854 2889 1925 provinciis
2924 1854 3038 1909 suis
3074 1864 3344 1924 nequeant
3379 1856 3680 1922 terminari,
3713 1856 3778 1929 ad

2188 1947 2308 2015 ejus
2333 1945 2581 2001 notitiam
2612 1947 2941 2010 referantur,
2974 1955 3029 2001 et
3055 1944 3247 2001 eodem
3290 1947 3512 2003 arbitrio
3549 1949 3651 2005 sub
3691 1932 3779 2004 diﬁ

2188 2035 2297 2092 vini
2337 2038 2529 2093 timore
2548 2038 2737 2107 judicii
2769 2048 3183 2107 componantur.
3228 2037 3490 2095 Servetur
3521 2041 3608 2095 hic
3637 2041 3779 2096 ordo

2190 2128 2510 2184 sacerdotali
2549 2130 2857 2185 concordia:
2894 2129 3230 2200 profuturus,
3277 2138 3337 2184 ut
3371 2130 3633 2188 Ecclesia:
3668 2132 3778 2187 Do-

2190 2222 2324 2275 mini
2379 2221 2655 2287 concordi,
2701 2220 3156 2288 quemadmodum
3210 2219 3483 2288 cupimus,
3542 2222 3779 2278 consilio

2190 2320 2591 2377 construantur,
2625 2321 2679 2368 et
2704 2312 2932 2380 nullum,
2975 2310 3262 2367 insidiante
3296 2308 3535 2379 diabolo,
3567 2314 3777 2369 aditum

2190 2553 2757 2625 veterismetropolita
2795 2554 3217 2625 Nicopolitanus.
3275 2557 3390 2611 Non
3419 2559 3775 2614 assentiuur.

2189 2622 2755 2699 Nicopolitanus’cnim
2805 2622 3167 2699 metropolita,
3206 2637 3263 2681 ut
3288 2644 3355 2683 ex
3378 2632 3621 2699 sequenti
3651 2631 3776 2699 epi-

2189 2695 2325 2749 stola
2355 2695 2561 2765 patebit
2595 2704 2810 2750 coaetus
2842 2695 3033 2753 delatae
3062 2695 3534 2755 Thessalonicensi
3565 2695 3777 2755 vicario

2188 2767 2493 2838 auctoritati
2518 2782 2578 2822 se
2606 2766 2852 2836 subjecit,
2884 2784 2989 2823 non
3023 2781 3199 2825 autem
3232 2781 3443 2838 sponte,
3477 2781 3535 2826 ut
3584 2772 3663 2827 illi
3693 2772 3778 2828 fe-

2189 2846 2381 2892 cerunt
2411 2836 2477 2891 ad
2505 2853 2640 2907 quos
2668 2839 2780 2892 haec
2810 2840 3033 2907 epistola
3060 2840 3180 2895 data
3208 2836 3328 2895 fuit.

2266 2917 2281 2943 ι
2318 2907 2619 2981 significari
2640 2909 2931 2964 creduntur
2950 2912 3191 2979 epistolze
3223 2911 3256 2964 5
3281 2923 3335 2967 et
3356 2911 3410 2977 6,
3437 2925 3569 2978 quas
3602 2926 3774 2981 supe-

2188 2980 2301 3053 rius
2338 2978 2605 3053 dedimus.
2648 2984 2717 3035 At
2750 2982 2793 3034 si
2842 2978 3002 3053 voces
3040 2982 3282 3053 epistolas
3311 2992 3511 3036 nostras
3539 2998 3569 3034 a
3598 2978 3779 3038 vestra

2189 3050 2463 3124 dilectione
2491 3061 2772 3124 susceptas,
2801 3052 2983 3120 plures
3013 3050 3271 3119 epistolas
3301 3053 3367 3107 ad
3400 3053 3543 3121 ipsos
3570 3053 3780 3124 Illyrici

2187 3121 2473 3193 episcopos
2502 3122 2724 3177 traditas
2747 3124 2979 3179 indicant
3004 3124 3197 3193 (qualis
3219 3139 3321 3178 non
3348 3133 3432 3178 est
3453 3121 3685 3191 epistola
3716 3125 3779 3189 6,

2185 3205 2304 3258 qua:
2322 3191 2412 3245 uni
2438 3194 2726 3265 Anastasio
2766 3193 2885 3265 data
2918 3191 3090 3265 fuit),
3136 3194 3238 3247 alia
3272 3195 3459 3248 saltem
3494 3195 3776 3265 cpistola,

2187 3275 2306 3329 quae
2338 3262 2580 3334 perierit,
2601 3262 2667 3334 ad
2695 3264 2909 3319 eosdem
2940 3262 3223 3333 OplSCOPOS
3245 3266 3443 3334 scripta
3474 3264 3575 3319 diei
3599 3264 3779 3319 debe-

2182 3341 2268 3386 ret
2295 3342 2415 3403 post
2453 3332 2733 3403 epistolam
2776 3334 2831 3401 5,
2860 3349 2982 3388 cum
3011 3332 3308 3403 prteSertim
3348 3332 3669 3391 incredibile
3702 3338 3781 3391 sit

2184 3414 2279 3475 cos
2308 3401 2546 3471 epistola!
2576 3401 2771 3475 Leonis
2801 3405 2909 3459 fere
2931 3401 3055 3461 ante
3077 3405 3351 3460 biennium
3383 3407 3617 3473 scriptae,
3645 3422 3781 3475 quae

2182 3474 2350 3544 citum
2381 3487 2699 3543 responsum
2729 3474 3079 3544 ﬂagitaverat,
3132 3476 3333 3530 tamdiu
3378 3474 3780 3531 distulisse’re-

2183 3543 2474 3615 spondere,
2506 3553 2563 3615 ut
2612 3544 2733 3615 huic
2774 3543 3253 3615 responsioniﬂhas
3284 3547 3491 3601 litteras
3521 3548 3780 3615 pontifex

2184 3612 2500 3687 reddiderit.
2532 3612 2817 3670 Enimvero
2842 3612 2963 3671 eum
2977 3614 3097 3687 Leo
3118 3614 3429 3686 lllyrieianis
3458 3612 3602 3672 dedit
3652 3618 3781 3687 epi-

2182 3683 2373 3766 stolam
2398 3684 2661 3766 quintam,
2678 3694 2883 3766 segttam
2904 3683 3196 3766 epistolam
3212 3687 3431 3741 tradidit
3451 3683 3779 3744 Anastasio.

2183 3754 2524 3827 Anastasium
2548 3770 2677 3811 vero
2700 3754 2784 3827 bis
2808 3754 2999 3809 litteris
3016 3766 3139 3811 ante
3165 3756 3269 3811 hoc
3298 3768 3505 3827 tempus
3536 3773 3782 3827 respon-

2180 3824 2346 3893 disse,
2377 3834 2432 3880 et
2456 3827 2660 3895 aliquot
2686 3826 2821 3881 alias
2844 3827 3102 3895 epistolas
3125 3827 3251 3881 hinc
3272 3828 3396 3883 inde
3412 3824 3592 3883 'fuisse
3609 3824 3781 3885 datas

2184 3905 2237 3949 et
2278 3895 2516 3950 redditas
2547 3896 2745 3971 patebit
2774 3911 2957 3971 (ξε-θη.
2994 3896 3015 3948 1
3047 3897 3175 3971 (col.
3196 3898 3298 3954 666
3314 3898 3377 3971 1ιιι)
3400 3900 3457 3971 in
3474 3900 3781 3967 epistolam

2178 3977 2515 4040 sequentem.
2562 3965 3021 4040 Verisimillimum
3058 3965 3243 4038 itaque
3286 3965 3370 4024 est
3426 3965 3782 4040 Illyricianos

2182 4052 2397 4108 quoque
2425 4036 2583 4108 citius
2613 4039 2798 4092 eadem
2827 4052 2929 4108 qua
2953 4036 3268 4094 Anastasius
3289 4036 3654 4096 sollicitudine
3679 4058 3784 4097 re-

2176 4107 2461 4176 spondisse
2479 4107 2721 4176 epistolzc
2747 4107 2979 4179 quintae;
3017 4120 3128 4163 tum
3154 4127 3279 4165 vero
3310 4111 3593 4165 nonnullas
3624 4112 3783 4169 alias

2176 4179 2449 4251 accepisse
2478 4179 2682 4251 litteras
2708 4180 2922 4248 Leonis,
2947 4196 3174 4249 quarum
3203 4182 3288 4235 hic
3317 4182 3509 4251 plurali
3531 4198 3783 4238 numero

2176 4248 2233 4302 fit
2263 4249 2487 4304 mentio.
2532 4250 2690 4322 Solus
2738 4260 2918 4306 tamen
2961 4248 3181 4320 pluralis
3214 4248 3471 4307 numerus
3509 4255 3781 4322 epistolas

2174 4334 2284 4391 non
2311 4329 2548 4391 cogeret.
2579 4319 2688 4376 Leo
2714 4323 2878 4391 enim,
2904 4319 3060 4391 epist.
3088 4322 3213 4389 102,
3247 4339 3296 4378 c.
3322 4323 3376 4387 1,
3396 4319 3605 4377 unicam
3631 4324 3783 4379 Gal-

2174 4390 2349 4461 lprum
2376 4390 2654 4461 epistolam
2685 4390 2753 4448 99
2781 4390 3049 4461 spectans,
3085 4393 3275 4460 plurali
3299 4408 3525 4448 numero
3555 4396 3741 4449 utitur
3762 4414 3779 4448 :

2176 4460 2283 4533 Diu
2323 4472 2657 4533 exspectatas,
2681 4460 3009 4533 epistolas....
3051 4473 3311 4533 gratanter
3346 4464 3660 4533 accepimus.
3704 4468 3783 4521 Et

2091 4532 2419 4603 Dsimiliter
2447 4534 2605 4601 epist.
2642 4532 2762 4599 107,
2803 4533 2872 4588 de
2920 4532 3072 4587 unica
3103 4534 3302 4588 Juliani
3351 4536 3577 4603 epistola
3629 4536 3719 4589 ait
3764 4556 3777 4589 :

2170 4602 2471 4657 Rescribens
2517 4603 2684 4672 itaque
2727 4605 2795 4656 ad
2840 4605 3082 4672 epistolas
3133 4613 3292 4659 tuas:
3333 4602 3399 4659 ac
3428 4606 3581 4673 epist.
3633 4606 3779 4673 H7,

2168 4690 2285 4743 cap.
2320 4674 2370 4737 1,
2395 4674 2461 4729 de
2484 4677 2639 4728 unica
2668 4675 2891 4743 epistola
2923 4675 2987 4727 ad
3022 4674 3324 4729 Anatolium
3350 4693 3362 4727 :
3394 4676 3474 4728 Ad
3498 4675 3783 4730 Constan-

487 4743 1019 4866 Tlliessalonicensis,
1072 4758 1192 4800 cum
1234 4759 1341 4814 quo
1372 4743 1617 4797 eamdem
1656 4757 1760 4797 non
1803 4740 2064 4796 inutiliter

488 4829 548 4866 re
570 4829 795 4866 culmus.

488 4829 795 4871 τθιεαιηιιιε.

557 4829 795 4953 ξὲἓξῗὶεξ
830 4895 884 4941 et
919 4886 1033 4955 ipse
1074 4884 1400 4955 Barberinus
1439 4881 1634 4949 codex,
1676 4899 1762 4955 per
1812 4880 2060 4955 Achaiam

482 4956 836 5025 provinciam,
891 4954 986 5011 sed
1038 4954 1257 5010 omnino
1307 4967 1633 5024 perperam;
1688 4968 1860 5022 neque
1915 4954 2056 5007 enim

484 5026 711 5093 Achaia,
748 5041 867 5096 quae
894 5026 1049 5081 unica
1084 5036 1197 5080 erat
1236 5025 1536 5096 provincia,
1570 5025 1749 5093 plures
1781 5031 2055 5096 metropo-

483 5096 681 5151 litanos
719 5093 780 5150 in'
818 5097 929 5166 ipsa
962 5093 1305 5165 inscriptione
1352 5095 1651 5166 appellatos
1704 5093 2054 5166 eonti_neba_‘.;

482 5182 655 5238 neque
675 5169 726 5245 in
753 5163 1061 5245 pominibus
1088 5163 1548 5236 metropolitarum
1579 5165 1644 5221 ad
1676 5180 1811 5245 quos
1844 5163 2051 5245 melii:

481 5236 612 5292 teras
667 5236 1005 5308 diriguntur,
1053 5246 1370 5293 recensetur
1416 5250 1612 5308 nomen
1660 5236 2053 5308 metropolitani

482 5308 719 5379 Achaiae,
751 5305 933 5363 contra
955 5320 1114 5379 quem
1146 5309 1307 5363 tertio
1338 5307 1511 5379 capite
1533 5319 1711 5362 sermo
1743 5318 1844 5359 est.
1875 5305 2053 5379 Tutis;

478 5378 615 5433 sime
644 5378 807 5449 igitur
835 5393 897 5434 ac
927 5377 1230 5449 necessario
1258 5377 1701 5449 emendavimus_:
1750 5389 1875 5449 nam
1902 5386 1955 5431 et
1980 5377 2047 5429 ad

476 5447 848 5519 metropolitas
867 5464 965 5520 per
1012 5448 1279 5519 lllyrieum
1306 5449 1626 5520 constitutos
1646 5447 1779 5520 data
1812 5448 1908 5501 fuit
1930 5449 2046 5516 epi-

476 5520 615 5591 stola
640 5521 693 5587 5,
714 5537 832 5591 quae
859 5519 1055 5576 citatur
1076 5532 1194 5589 cap.
1232 5521 1283 5583 1,
1308 5529 1360 5591 et
1390 5519 1565 5591 trium
1587 5519 1748 5591 etiam
1777 5528 2050 5591 metropoa

475 5588 760 5646 litanorum
788 5592 979 5661 quibus
1005 5592 1119 5646 haec
1143 5588 1366 5657 epistola
1388 5589 1715 5655 inscribitur,
1743 5588 2047 5661 provincias

476 5663 677 5733 optime
715 5659 929 5733 collegit
960 5661 1295 5733 Holstenius,
1323 5660 1750 5733 quaeomnesad
1779 5659 2044 5733 lllyrieum

476 5726 766 5800 pertinent.
814 5726 947 5789 Vide
986 5742 1098 5789 not.
1151 5726 1356 5799 Quesn:
1405 5729 1545 5783 Idem
1594 5726 1900 5800 llolsteniits
1946 5742 2045 5797 pro

478 5797 724 5856 Antiocho
762 5803 1045 5867 legendum
1086 5797 1387 5871 suspicatur
1414 5800 1611 5862 Attico,
1650 5797 1741 5868 qui
1772 5798 1870 5854 fuit
1896 5800 2043 5869 Epiri

2166 4746 2557 4826 tinppglitanum
2595 4743 2884 4826 episcopum
2930 4744 3171 4826 epistolas
3220 4745 3464 4799 dederim.
3522 4745 3648 4825 Mox
3712 4748 3784 4803 in

2165 4814 2288 4870 cod.
2311 4815 2603 4870 Barberino
2624 4832 2654 4867 a
2678 4814 2771 4887 tua
2786 4814 3094 4887 dilectione;
3116 4826 3175 4887 et
3196 4826 3319 4883 post
3349 4830 3515 4885 pauca
3551 4817 3600 4887 in
3622 4833 3781 4887 pro-

2164 4887 2343 4939 vinciis
2366 4888 2502 4951 suis,
2526 4901 2619 4939 seu
2653 4886 2828 4954 potius
2858 4886 2909 4938 in
2952 4884 3211 4954 provincia
3238 4884 3364 4951 tua;
3403 4896 3457 4941 et
3495 4902 3543 4940 c.
3575 4884 3637 4953 2,
3671 4898 3786 4943 tua

2164 4958 2356 5010 noverit
2387 4955 2591 5027 dilectio
2612 4969 2776 5027 ;7qua:
2806 4954 3164 5027 suspicionem
3198 4956 3596 5027 afferuntihanc
3638 4960 3787 5027 epi-

2164 5029 2355 5082 stolam
2403 5026 2582 5080 datam
2620 5026 2787 5096 fuisse
2828 5044 2859 5078 a
2895 5026 3027 5096 pari.
3060 5025 3167 5081 Sed
3206 5026 3398 5095 capitis
3426 5026 3461 5078 4
3499 5025 3785 5083 formulae

2163 5097 2389 5165 pluralis
2417 5096 2625 5152 numeri
2651 5095 2913 5151 llolstenii
2932 5096 3360 5150 emandationem
3391 5098 3444 5151 in
3473 5096 3557 5151 his
3575 5097 3786 5154 tribus

2162 5167 2395 5248 testibus
2442 5170 2574 5248 satis
2631 5181 2839 5248 sequam
2895 5176 3224 5248 suaserttnt,
3263 5167 3402 5248 .nisi_
3432 5166 3554 5248 quis
3605 5166 3786 5226 forte

2158 5237 2401 5319 capitis
2420 5238 2583 5319 verba
2605 5236 2783 5319 potiUS
2799 5236 3136 5319 ernendantla
3160 5246 3208 5291 et
3233 5236 3500 5319 singulari.
3516 5251 3784 5319 ηιιιξιςςο

2159 5306 2443 5379 efferenda,
2460 5306 2751 5363 existimet.
2796 5308 3072 5379 monemus
3111 5316 3286 5379 tamen
3322 5308 3379 5379 in
3418 5307 3576 5376 epist.
3612 5309 3780 5379 £750,

2156 5391 2275 5448 qua:
2306 5378 2554 5448 pluribus
2585 5378 2937 5448 metropolitis
2967 5394 2998 5429 a
3019 5377 3131 5448 pari
3159 5377 3281 5431 data
3312 5376 3434 5444 fuit,
3471 5380 3523 5431 in
3555 5376 3785 5437 codice

2152 5445 2465 5504 Grimanilco
2491 5462 2633 5503 nunc
2649 5445 2903 5516 singulari
2926 5445 3151 5501 numero
3169 5457 3276 5513 tua,
3293 5462 3435 5503 nunc
3450 5458 3620 5501 vestra
3649 5465 3781 5505 nu-

2154 5520 2531 5602 merq‘pltrrali
2559 5520 2817 5602 scriptum
2847 5518 3092 5602 reperiri.

2224 5589 2236 5638 i
2290 5588 2539 5661 Respicit
2579 5590 2905 5643 anteriorum
2948 5588 3295 5661 pontificum,
3345 5598 3568 5661 et__suas
3600 5595 3785 5661 pepi-

2148 5661 2314 5742 stolas
2364 5656 2432 5716 de
2462 5656 2744 5715 Vvieariatu
2773 5660 3069 5728 apostolico
3119 5659 3358 5727 episeOpi
3389 5656 3784 5719 Thessaloni-

2148 5741 2345 5786 CCﬂSlS.

2219 5799 2245 5839 ¹ι
2278 5799 2409 5857 Vide
2431 5809 2543 5856 not.
2579 5803 2603 5856 l
2638 5801 2839 5867 Quesn.
2865 5808 2918 5855 et
2938 5800 3368 5856 observationem
3396 5810 3678 5858 nostram.
