4006 6348
264 382 351 442 665

1598 387 1927 445 EPISTOLA
1965 388 2106 449 XIV.

3380 394 3482 455 666

263 493 407 568 possit
447 494 690 562 praebere
731 495 1016 561 dissensio,
1053 492 1331 566 perquam
1354 498 1529 554 valeat
1555 499 1816 570 dissipare
1840 504 1893 563 Α
1918 504 2196 559 servandis
2225 505 2492 560 neminem
2524 519 2644 560 esse
2670 504 2903 575 patimur
2933 505 3286 577 negligentem
3320 525 3329 560 :
3363 524 3482 563 cum

262 604 360 661 quae
384 599 490 641 nos
522 599 715 658 magno
743 587 923 643 studio
948 586 1131 643 habita
1170 588 1413 659 cupimus
1443 590 1814 648 moderatione

263 688 589 738 connectere.

318 776 439 831 Car.
472 772 538 828 Il.
558 772 856 830 —lnvitati
886 773 1079 830 fratres
1105 784 1131 812 δ
1161 774 1215 830 in
1255 776 1431 831 causis
1464 776 1734 843 maximis,
1764 785 1820 833 et

263 881 361 937 quae
388 865 533 920 intra
564 865 869 934 provincias
898 880 1023 921 suas
1058 867 1202 921 ﬁniri
1234 877 1501 938 nequeant
1528 869 1818 924 terminan-

264 962 350 1025 dis,
373 962 418 1016 si
437 962 583 1015 nulla
610 961 756 1031 gravi
780 960 1099 1016 necessitate
1124 961 1444 1028 retinentur,
1472 960 1500 999 δ
1522 961 1818 1017 fraternum

260 1054 472 1111 studium
498 1069 596 1124 pro
614 1054 868 1110 Ecclesiae
890 1053 1121 1110 ulilitate
1150 1069 1253 1108 non
1277 1053 1541 1125 denegent
1559 1072 1571 1106 :
1590 1054 1819 1110 maxime

261 1162 359 1201 cum
388 1146 686 1200 moderatio
708 1155 889 1201 nostra
923 1156 944 1184 ο
976 1146 1292 1214 providerit,
1318 1154 1375 1199 ut
1400 1161 1506 1201 non
1536 1144 1812 1215 frequens,

260 1252 417 1306 neque
460 1251 559 1307 pro
590 1236 803 1292 levibus
841 1237 1019 1292 causis
1047 1236 1405 1292 conveniendi
1436 1238 1603 1308 679
1634 1252 1819 1292 neces-

259 1333 369 1387 sitas
405 1331 676 1385 indicatur
709 1346 725 1395 ;
774 1328 801 1366 ἀ
841 1339 896 1385 et
936 1330 1092 1386 binos
1138 1338 1388 1391 ternthe
1435 1334 1715 1401 episcopos
1754 1333 1821 1387 de

260 1424 464 1495 singulis
497 1422 788 1492 provinciis
813 1424 1005 1479 adesse
1030 1423 1282 1493 sufficiat,
1309 1432 1368 1478 ut
1400 1424 1517 1479 leve
1563 1423 1657 1478 fiat
1686 1438 1820 1494 pau-

259 1516 340 1582 cis,
360 1516 509 1584 quod
536 1515 720 1569 multis
748 1524 895 1569 esset
922 1530 1209 1570 onerosum
1237 1530 1252 1580 ;
1276 1523 1437 1585 atque
1459 1516 1530 1569 ita
1558 1514 1822 1570 efficiatur

259 1605 421 1663 studio
446 1606 750 1669 charitatis,
783 1613 839 1659 ut
868 1605 1217 1660 sacerdotalis
1246 1614 1503 1660 tractatus
1528 1618 1592 1660 ea
1614 1619 1732 1674 quae
1754 1605 1819 1660 ad

259 1698 585 1763 disciplinam
613 1708 837 1768 possunt
859 1697 1276 1753 ecclesiasticam
1302 1699 1601 1768 pertinere,
1632 1708 1819 1754 sancto

257 1791 342 1847 sibi
378 1789 589 1860 Spiritu
619 1789 893 1844 revelante
933 1788 1245 1844 constituat.
1283 1788 1340 1843 Id
1390 1789 1534 1845 enim
1564 1804 1691 1857 nos,
1725 1804 1819 1845 vo-

1916 596 2305 652 custodientem
2340 607 2364 644 ε
2412 598 2534 652 talia
2568 598 2682 653 laus
2720 597 3036 669 dignissima
3070 599 3390 666 comitetur,
3431 608 3487 656 et

1915 691 2138 756 fructus,
2170 701 2230 747 ut
2257 706 2552 761 speramus,
2588 708 2618 747 a
2660 692 2886 747 Domino
2924 692 3141 748 uberior
3173 695 3201 729 ιι
3224 693 3485 763 obsequa-

1918 793 2006 840 tur
2033 802 2046 850 ;
2079 786 2287 841 devium
2331 801 2460 841 vero
2488 796 2543 841 et
2582 787 2887 855 apostolicae
2916 786 3313 842 constitutionis
3343 787 3481 843 obli-

1918 886 2053 945 tum,
2078 879 2366 935 obnoxium
2390 879 2632 933 habitura
2661 880 2730 933 sit
2758 890 2812 935 et
2837 879 3200 937 ecclesiastica
3224 889 3280 937 et
3306 881 3486 938 divina

1920 984 2165 1026 censura.

1988 1062 2117 1118 CAP.
2142 1062 2441 1118 lV.—-Illud
2472 1078 2685 1133 quoque
2708 1064 2819 1133 pari
2850 1065 3185 1121 observantia
3212 1067 3277 1122 ad
3308 1082 3488 1123 sacer-

1919 1157 2114 1212 dotalis
2140 1156 2441 1212 concordiae
2466 1155 2733 1209 vinculum
2756 1157 2822 1210 ab
2852 1157 3103 1212 omnibus
3127 1160 3376 1214 volumus
3398 1175 3491 1214 cu—

1921 1250 2135 1316 stodiri,
2178 1260 2234 1305 ut
2261 1250 2437 1305 nullus
2476 1250 2761 1319 episcOpus
2786 1250 3007 1305 alterius
3038 1254 3303 1321 episcopis
3332 1254 3491 1308 cleri-

1920 1353 2040 1397 cum
2098 1339 2200 1397 sibi
2252 1341 2447 1396 audeat
2499 1339 2807 1407 vindicare,
2863 1339 2981 1397 sine
3034 1342 3177 1396 illius
3224 1343 3290 1396 ad
3338 1359 3495 1411 quem

1922 1432 2155 1511 pertinet
2182 1433 2449 1499 cessione,
2477 1449 2637 1503 quam
2659 1441 2839 1489 tamen
2856 1432 3122 1489 evidentia
3152 1435 3347 1503 scripta
3375 1449 3495 1489 con-

1922 1527 2125 1582 tineant
2155 1542 2170 1579 :
2207 1527 2458 1597 quoniam
2487 1528 2589 1581 hoc
2617 1534 2670 1581 et
2700 1524 2717 1563 ί
2752 1540 3016 1582 canonum
3043 1527 3287 1583 definivit
3314 1539 3497 1583 aucto-

1923 1621 2053 1673 ritas
2076 1627 2129 1674 et
2155 1620 2267 1689 ipsa
2290 1619 2567 1674 servanda:
2590 1619 2806 1674 unitatis
2839 1620 2977 1674 ratio
3004 1620 3193 1685 docet;
3226 1635 3293 1675 ne
3324 1620 3498 1674 omnis

1923 1710 2054 1765 ordo
2077 1711 2475 1765 ecclesiasticus
2491 1712 2656 1782 680
2675 1724 2771 1781 per
2793 1709 2930 1765 lianc
2951 1710 3215 1766 licentiam
3237 1710 3498 1766 efficiatur

1924 1800 2209 1856 instabilis.
2260 1800 2433 1856 Altius
2472 1799 2678 1871 itaque,
2725 1800 2916 1856 fratres
2952 1802 3291 1869 cltarissimi,
3320 1817 3439 1872 quae
3467 1816 3498 1855 a

260 1884 417 1938 lentes
455 1882 814 1952 quorumdam
844 1881 1259 1938 inobedientiam
1310 1881 1463 1952 juxta
1493 1882 1820 1938 coercitione
1849 1879 1898 1940 B
1927 1891 2079 1947 nobis
2114 1889 2127 1942 i
2168 1891 2254 1960 pio
2283 1891 2479 1947 mentis
2507 1890 2698 1946 affectu
2727 1892 2943 1947 decerni
2970 1892 3296 1961 perspicitis,
3325 1892 3376 1946 in
3408 1905 3499 1961 pe-

259 1975 542 2046 corrigere,
565 1983 741 2031 vestra
771 1974 983 2030 noverit
1010 1974 1234 2031 dilectio
1259 1976 1514 2031 definisse
1545 1994 1557 2029 :
1592 1986 1651 2031 ut
1678 1992 1823 2046 quis-

258 2066 356 2136 quis
418 2067 656 2137 superbo
719 2065 898 2122 animo
933 2109 948 2133 ,
1004 2079 1127 2120 cum
1194 2066 1340 2121 nulla
1401 2068 1642 2137 corporis
1671 2106 1686 2134 ,
1741 2069 1825 2125 vel

257 2174 421 2215 causae
466 2157 632 2214 fuerit
674 2158 997 2214 necessitate
1037 2158 1327 2227 detentus,
1379 2158 1674 2215 fraternum
1716 2176 1823 2217 sae-

258 2253 358 2323 pius
387 2252 634 2308 voluerit
661 2252 829 2307 vitare
866 2260 1231 2320 conventum,
1265 2266 1324 2309 se
1350 2253 1486 2310 sciat
1522 2268 1643 2311 esse
1677 2256 1825 2326 judié

258 2346 502 2402 candum.

315 2437 443 2493 Car.
477 2438 569 2495 Ill.
597 2468 668 2481 —
695 2439 766 2494 Et
793 2440 919 2511 quia
949 2443 1231 2496 memorati
1262 2442 1443 2499 fratris
1470 2446 1641 2501 neStri
1669 2444 1825 2500 solli-

258 2532 345 2588 cita
371 2534 646 2589 relatione
674 2536 1024 2605 cognovimus
1070 2534 1286 2591 Achaiae
1337 2538 1626 2607 provinciae
1658 2547 1683 2576 °
1712 2553 1825 2596 me-

260 2626 631 2696 tropolitanum
650 2627 862 2682 illicitas
884 2638 939 2683 et
960 2630 1267 2686 constitutis
1280 2630 1497 2686 Patrum
1521 2633 1828 2704 nostrisque

259 2720 658 2774 auctoritatibus
709 2721 1022 2776 interdictas
1077 2723 1441 2780 ordinationes
1489 2740 1634 2794 saepe
1684 2728 1827 2783 cele-

257 2810 453 2876 brasse,
484 2810 727 2881 illudque
750 2812 862 2866 suis
889 2813 1107 2869 ausibus
1136 2815 1426 2886 addidisse,
1452 2824 1509 2871 ut
1531 2815 1827 2887 Thespien-

259 2903 387 2958 sibus
442 2905 628 2960 invitis
656 2917 710 2960 et
741 2908 1160 2977 repugnantibus
1199 2909 1568 2981 incognitum,
1613 2920 1666 2966 et
1705 2925 1827 2968 ante

258 3012 348 3051 non
375 2998 559 3052 visum
612 2999 921 3070 episcopum
968 3013 1357 3069 consecraret;
1394 3002 1415 3042 ί
1442 3004 1577 3059 nulli
1609 3020 1829 3075 prorsus

258 3092 661 3161 metropolitano
684 3094 785 3148 hoc
809 3094 970 3150 licere
1000 3096 1382 3165 permittimus,
1411 3106 1469 3152 ut
1491 3111 1588 3152 suo
1622 3106 1825 3154 tantum

257 3184 490 3250 arbitrio,
523 3187 643 3240 sine
672 3187 807 3241 cleri
839 3198 890 3243 et
920 3188 1093 3258 plebis
1124 3205 1351 3246 assensu
1382 3206 1701 3262 quemquam
1734 3208 1825 3250 or-

258 3274 383 3331 dinet
432 3278 769 3334 sacerdotem
796 3296 810 3344 ;
840 3254 936 3335 sed
961 3296 1082 3335 eum
1116 3281 1371 3337 Ecclesiae
1400 3254 1508 3339 -Dei
1541 3254 1818 3353 praeficiat,
1853 3254 1900 3318 θ

254 3383 396 3437 quem
447 3370 614 3425 totius
659 3370 892 3425 civitatis
929 3386 1228 3429 consensus
1260 3376 1503 3445 elegerit.
1540 3376 1609 3431 Ut
1647 3374 1824 3446 itaque

256 3474 339 3514 nos
375 3462 599 3518 desides
627 3478 733 3517 non
760 3478 945 3519 sumus
991 3464 1041 3518 in
1085 3466 1353 3522 monendo
1401 3483 1519 3537 qua:
1567 3468 1825 3524 custodiri

256 3551 475 3609 debeant
504 3570 733 3627 quaeque
755 3558 931 3623 vitari,
959 3558 1030 3613 ita
1060 3560 1111 3613 in
1140 3559 1496 3629 exsequendis
1528 3561 1637 3617 illis
1662 3572 1822 3633 atque

315 3764 339 3791 ει
369 3753 509 3828 Vide
531 3762 656 3828 not_._
680 3755 719 3828 jz
757 3755 957 3822 Quesn.
990 3756 1133 3823 Mox,
1165 3756 1307 3825 ﬁniri
1336 3772 1431 3828 pro
1460 3760 1610 3828 ﬁnire
1630 3775 1824 3817 emen-

255 3824 482 3878 dandum
512 3825 859 3880 credidimus.

316 3894 341 3969 ιέ
368 3897 434 3950 1n
465 3910 571 3969 nis.
605 3896 764 3950 Barb.
797 3908 1048 3967 corrupte
1077 3897 1304 3954 habetur
1325 3904 1577 3969 fraternos
1602 3903 1829 3957 studies.

258 3965 593 4032 Holstenius,
641 3965 1059 4038 quemsecu‘tus
1104 3980 1186 4024 est
1213 3965 1551 4038 Que'snellus,
1594 3975 1827 4028 correxit

257 4037 481 4109 fraterno
506 4052 561 4089 se
580 4037 919 4093 studio.Cum
947 4054 1077 4095 vero
1104 4056 1167 4094 ex
1190 4037 1403 4109 ingenio
1432 4044 1825 4098 emendandum

253 4108 335 4183 sit,
365 4113 660 4183 fraternum
685 4110 907 4163 studium
930 4108 1332 4183 magisplacet:
1360 4114 1459 4166 nisi
1487 4115 1683 4183 aliquid
1709 4130 1830 4183 sup-

257 4178 506 4255 plendum
537 4179 779 4255 videatur
818 4196 883 4235 ex
914 4178 1071 4250 epist.
1095 4178 1148 4249 ὃς
1167 4198 1300 4255 cap.
1341 4186 1394 4244 4,
1422 4195 1477 4239 et
1505 4178 1677 4249 scita,
1706 4178 1825 4255 cap.

257 4250 301 4313 ὅ,
334 4249 441 4326 hoc
466 4250 628 4304 modo
654 4264 668 4303 :
710 4250 933 4319 fraterno
955 4249 1013 4306 se
1038 4254 1207 4307 studio
1236 4249 1423 4309 sancta:
1449 4249 1829 4326 congregationi

256 4336 345 4373 non
369 4322 645 4390 denegem.

322 4401 342 4429 ο
371 4391 768 4466 Quesnell‘usin
797 4392 1038 4466 margine
1066 4394 1319 4449 indicavit
1338 4395 1424 4451 hic
1440 4395 1726 4466 significari
1746 4410 1831 4452 se-

257 4472 508 4535 quentem
557 4462 861 4535 epistolam
892 4463 958 4535 ad
1012 4466 1351 4521 Anastasium
1402 4462 1521 4535 cap'.
1560 4468 1626 4522 lO
1648 4510 1661 4533 ,
1695 4482 1757 4523 ac
1785 4467 1828 4522 si

256 4530 363 4606 basc
379 4541 553 4606 antea
598 4530 799 4606 Scripta
837 4531 1062 4606 fuisset;
1106 4550 1226 4590 cum
1268 4547 1444 4591 tamen
1471 4530 1606 4592 'eam
1641 4530 1826 4606 postea

258 4600 589 4678 iucubratam
637 4600 908 4678 probaturi
956 4600 1145 4678 simus.
1190 4607 1319 4662 Alia:
1365 4624 1492 4678 ergo
1531 4600 1826 4662 innuuntur

259 4669 449 4727 Leonis
476 4674 542 4727 ad
582 4669 828 4748 eumdem
881 4675 1217 4748 Anastasiuin
1274 4669 1499 4744 littera},
1542 4694 1672 4748 quas
1702 4691 1825 4734 ante

257 4752 565 4818 sequentem
594 4745 875 4818 epistolam
899 4744 1048 4800 datas
1070 4754 1131 4800 ac
1154 4747 1460 4818 deperditas
1477 4744 1827 4804 ostendemus

259 4822 442 4889 a_nnot._
468 4816 492 4868 t
524 4814 684 4882 (infra
701 4816 762 4889 ευ)
787 4816 842 4889 in_
866 4828 950 4885 ep.
971 4814 1304 4889 sequentem.
1339 4820 1519 4889 Neque
1543 4820 1825 4884 novum,si

258 4882 317 4960 de
342 4885 540 4960 eadem
561 4900 622 4940 re
651 4882 810 4960 etiam
830 4882 1148 4960 insequenti
1164 4890 1387 4958 epiStola
1412 4882 1590 4945 sermo
1617 4894 1685 4945 sit
1702 4882 1822 4960 cap.

258 4954 340 5033 io.
368 4955 575 5033 Similia
597 4957 740 5010 enim
767 4956 823 5010 in
854 4954 1093 5025 pluribus
1116 4954 1305 5014 litteris
1331 4975 1358 5013 a
1392 4961 1571 5016 Leone
1600 4954 1823 5030 repetita

257 5027 616 5080 inveniuntur.

320 5094 347 5131 ἀ
369 5096 427 5173 In
461 5109 562 5173 ms.
596 5098 831 5173 habetur
850 5108 990 5153 ειη..
1024 5114 1175 5173 nosve
1200 5101 1481 5173 episcopos.
1518 5100 1826 5173 llolstenius

255 5168 551 5240 supplevit,
585 5176 662 5240 ut_
686 5168 974 5240 credimus,
1019 5172 1147 5224 satis
1176 5181 1304 5235 tute,
1336 5168 1454 5227 cum
1484 5171 1706 5240 epistola
1740 5187 1825 5227 se-

255 5238 456 5313 quent_i_,
489 5249 610 5313 cap:
644 5238 730 5313 if},
765 5238 908 5293 binos
947 5240 1220 5313 episcopos
1241 5256 1304 5295 ex
1335 5238 1559 5313 singulis
1605 5244 1823 5311 provin-

255 5309 347 5381 ciis
386 5306 829 5363 Thessalonicam
874 5306 1137 5378 proficisci
1188 5310 1246 5366 S.
1280 5306 1517 5381 pontifex
1561 5306 1822 5380 jusserit:

255 5378 339 5444 qui
367 5392 625 5451 numerus
649 5381 916 5448 posterius
951 5378 1411 5437 cenetitutus'non
1443 5378 1667 5449 impedit
1693 5384 1823 5451 quin

258 5459 409 5503 antea
453 5447 583 5515 Leo,
630 5447 753 5523 cum
802 5451 937 5523 hanc
967 5451 1246 5521 epistolam
1286 5454 1453 5523 dedit,
1497 5447 1654 5508 latius
1682 5447 1827 5509 binos

255 5529 481 5594 ternosve
509 5520 737 5594 potuerit
758 5520 1017 5594 scribere.
1049 5524 1107 5577 In
1135 5523 1355 5593 epistola
1396 5520 1825 5594 quaedesidera-

258 5596 339 5643 tur
360 5592 431 5644 ad
456 5593 820 5657 Anastasium,
842 5593 919 5646 uti
947 5592 1210 5662 superiori
1231 5592 1427 5649 annot.‘
1451 5593 1825 5662 indicavimus,

256 5674 485 5735 quaeque
527 5678 645 5735 una
678 5676 800 5735 cum
850 5662 934 5735 his
983 5664 1176 5720 litteris
1213 5666 1526 5722 transmissa
1562 5665 1685 5735 fuit,
1726 5666 1827 5722 hac

257 5732 445 5805 eadem
473 5733 650 5805 latiori
677 5733 905 5805 formula
938 5750 1066 5790 usus
1094 5736 1239 5791 credi
1272 5745 1468 5805 potest.

328 5810 353 5877 ξ
389 5802 695 5877 Holstenius
726 5803 942 5877 Petrum
992 5805 1237 5861 Corinthi
1273 5802 1593 5877 episcopum
1631 5807 1822 5873 credit,

258 5872 346 5940 qui
375 5872 544 5929 adfuit
573 5876 780 5945 synodo
794 5875 1216 5934 Chalcedonensi
1240 5872 1334 5933 an:
1363 5872 1488 5935 ιὸιῖ
1515 5879 1619 5935 Sed
1644 5872 1823 5947 potius

1850 4580 1904 4641 D

1925 1992 2074 2039 ctora
2095 1990 2276 2039 vestra
2304 1982 2670 2049 descendant;
2705 1994 2759 2037 ut
2807 1998 2925 2048 nos,
2957 1983 3047 2052 qui
3095 1983 3323 2038 sollicite
3350 1983 3499 2052 cupi-

1924 2093 2044 2132 mus
2082 2091 2282 2131 servare
2306 2076 2552 2131 unitatem
2579 2078 2787 2147 spiritus
2828 2077 2883 2130 in
2922 2077 3125 2131 vinculo
3151 2076 3322 2148 pacis,
3362 2089 3500 2144 prae-

1924 2167 2187 2239 ceptionis
2218 2178 2415 2224 nostrae
2442 2167 2671 2223 fructum
2705 2167 3081 2237 percipiamus,
3114 2174 3170 2222 et
3194 2175 3387 2221 vestrae
3421 2164 3500 2219 di-

1924 2259 2174 2315 lectionis
2212 2258 2466 2330 operibus
2519 2258 2874 2329 gratulemur.
2910 2258 3165 2314 Volumus
3219 2259 3360 2315 enim
3392 2266 3501 2313 tam

1924 2358 2162 2407 vestrum
2194 2365 2313 2407 esse
2341 2365 2501 2421 quam
2546 2359 2785 2406 nostrum
2828 2360 2943 2416 est,
2984 2359 3043 2404 ut
3087 2365 3184 2422 per
3219 2350 3501 2405 charitatis

1926 2447 2149 2517 gratiam
2176 2447 2556 2512 constituatur,
2587 2444 2729 2516 quod
2776 2444 2923 2500 nulla
2962 2445 3261 2500 insidiantis
3303 2443 3502 2500 diaboli

1927 2550 2043 2596 arte
2086 2542 2334 2596 violetur.
2364 2539 2583 2595 Plenius
2630 2553 2758 2593 vero
2807 2539 3091 2595 observare
3136 2537 3332 2593 debent
3380 2551 3500 2607 quae

1925 2632 2102 2690 caveri
2151 2632 2215 2686 ad
2256 2632 2428 2701 ipsum
2473 2631 2691 2685 fratrem
2739 2638 2796 2684 et
2842 2629 3220 2700 coepiscopum
3250 2636 3494 2682 nostrum

1928 2726 2269 2781 Auastasium
2298 2724 2324 2762 ιι
2348 2724 2682 2794 scripsimus,
2714 2736 2883 2793 eaque
2913 2723 2967 2777 in
2997 2728 3230 2777 vestram
3255 2721 3509 2779 notitiam.

1927 2817 2118 2873 litteris
2149 2818 2316 2886 ipsius
2342 2817 2589 2872 volumus
2618 2815 2920 2883 pervenire,
2953 2829 2983 2867 a
3013 2812 3205 2883 quibus
3252 2811 3501 2868 fraterni-

1930 2919 2090 2965 tatem
2117 2919 2348 2964 vestram
2380 2908 2629 2962 nolumus
2659 2905 2875 2961 deviare
2905 2921 2921 2971 ;
2965 2914 3025 2959 ut
3053 2904 3364 2959 charitatem
3398 2904 3501 2957 Do-

1930 3004 2180 3060 minicam
2204 3003 2470 3057 custodita
2492 3001 2709 3055 Patrum
2738 3000 3013 3054 sanctione
3041 3011 3339 3054 servemus.
3371 2996 3501 3050 Data

1930 3104 2120 3152 octavo
2164 3094 2282 3150 idus
2309 3094 2587 3149 Ianuarias
2612 3134 2629 3159 ,
2662 3092 2817 3147 Aetio
2846 3107 2903 3145 ιιι
2939 3101 2992 3146 et
3019 3089 3343 3160 Symmacho
3370 3086 3503 3142 viris

1931 3186 2245 3243 clarissimis
2269 3184 2600 3239 consulibus.

2333 3278 2492 3348 εει
2538 3272 2867 3331 EPISTOLA
2907 3272 3024 3327 xw
3057 3267 3102 3326 ι.

2026 3380 2065 3408 m
2097 3388 2164 3425 AD
2195 3384 2520 3425 ANASTASIUI
2554 3380 3079 3423 TKESSALONICENSEII
3110 3380 3415 3421 EPISCOPUI.

1930 3486 2181 3546 Smorsrs
2209 3484 2321 3553 (Ex
2353 3484 2606 3553 Dionysio
2648 3478 2905 3553 Exiguo).
2949 3476 3081 3532 —-l.
3118 3478 3268 3553 Quod
3306 3494 3503 3553 semper

2005 3550 2475 3613 Tltessal‘onicenses
2491 3550 2743 3608 antistites
2770 3552 2899 3605 vices
2929 3550 3223 3619 apostolica:
3248 3550 3381 3603 sedis
3408 3551 3505 3604 im-

1929 3759 2247 3833 judicandus
2280 3768 2361 3833 est
2401 3755 2776 3833 praedecessor
2820 3754 2936 3833 eius
2979 3752 3373 3833 Erasistratus,
3414 3753 3507 3823 qui

1930 3823 2367 3902 pseudo-synodo
2401 3823 2683 3902 Ephesinae
2713 3840 2801 3878 an.
2827 3823 2956 3902 M9,
2986 3824 3250 3880 interfuit.

2008 3902 2026 3941 ί
2061 3893 2371 3957 Lectionem
2404 3893 2607 3953 codicis
2658 3900 3025 3950 revocavimus
3051 3937 3065 3960 ,
3097 3910 3257 3964 quam
3296 3893 3507 3951 Holste-

1930 3974 2052 4029 nius
2082 3973 2221 4027 nulla
2267 3985 2326 4026 re
2355 3980 2578 4037 cogente
2628 3968 2852 4021 mutavit
2892 3967 3005 4019 sic:
3049 3967 3129 4019 illi
3162 3981 3369 4037 prorsus
3399 3982 3505 4020 me-

1932 4046 2245 4116 tr0politano
2270 4042 2365 4116 hoc
2396 4043 2545 4116 ficere
2572 4054 2671 4116 non
2702 4038 3058 4116 permittimus,
3093 4037 3169 4090 Ex
3187 4039 3364 4116 abusu
3396 4037 3507 4092 sci-

1932 4106 2056 4170 licet
2087 4112 2482 4178 metronolitani
2504 4106 2717 4164 Achaiae
2751 4124 2854 4162 non
2885 4106 3159 4175 singulare
3187 4107 3260 4160 illi
3295 4121 3500 4174 praece-

1931 4196 2112 4255 ptum,
2145 4185 2238 4239 sed
2278 4182 2584 4255 generalem
2627 4182 2798 4249 legem
2839 4179 3101 4255 omnibus
3127 4178 3502 4255 praestitutam,

1935 4246 1988 4311 et
2012 4270 2045 4328 ia
2076 4246 2226 4311 nullo
2256 4246 2557 4307 violandam
2587 4266 2645 4328 s_e
2675 4246 3028 4328 praescribere
3070 4246 3393 4317 S.pontifex
3426 4249 3505 4328 in-

1932 4326 2071 4391 nuit,
2104 4340 2225 4381 cum
2248 4338 2354 4393 quo
2382 4322 2649 4377 consentit
2674 4321 2933 4393 generale
2961 4320 3236 4373 decretum
3263 4320 3504 4386 proposi-

1933 4390 2294 4465 tumepistola
2324 4390 2744 4467 sequeniic.
2868 4463 2884 4467 _
2961 4457 2988 4467 Α
3320 4457 3352 4467 υ

2006 4477 2030 4515 8
2059 4457 2133 4521 Ita
2164 4468 2333 4521 codex
2358 4505 2375 4532 ,
2404 4457 2460 4519 et
2511 4463 2836 4517 llolstenlus.
2868 4463 2923 4515 ln
2952 4457 3224 4526 Quesnelli
3270 4457 3506 4514 editione

1938 4553 2123 4593 errore
2150 4536 2621 4608 typographorurn,
2646 4533 2783 4586 talis.

2004 4609 2026 4644 ιι
2058 4601 2449 4677 Corrigendum
2488 4605 2709 4677 videtur
2741 4603 3114 4677 subsequatur:
3157 4615 3329 4677 neque
3356 4601 3502 4677 enim

1940 4680 2187 4749 obsequor
2210 4671 2259 4732 i'n
2284 4675 2639 4745 subsequendi
2668 4674 3058 4744 significatione
3084 4672 3222 4742 apud
3254 4671 3507 4742 probatos

1932 4748 2225 4819 scriptores
2252 4748 2572 4817 reperimus.

2008 4820 2023 4895 ξ
2068 4820 2196 4895 Y_id_e
2222 4829 2334 4873 not.
2360 4821 2401 4895 ξ
2422 4819 2624 4895 Quesn_.
2857 4885 2901 4895 __
2942 4884 2953 4895 _
2996 4893 3001 4895 _
3082 4886 3094 4895 _
3226 4884 3237 4895 .

2004 4890 2017 4941 i
2056 4891 2144 4946 Sic
2161 4890 2217 4944 in
2242 4904 2341 4943 ms.
2365 4884 2685 4954 Quesnellus
2710 4899 2830 4940 cum
2857 4884 3155 4949 Holstcnio,
3184 4884 3302 4955 piw.

2001 4958 2027 4998 κ
2065 4960 2386 5029 Quesnellus
2415 4968 2527 5013 not.
2558 4960 2584 5011 f
2620 4959 2669 5011 in
2696 4965 3021 5029 sequentem
3058 4955 3338 5029 epistolam
3365 4958 3509 5029 hunc

1933 5025 2108 5086 locum
2138 5033 2205 5086 de
2227 5031 2415 5086 eadem
2440 5029 2663 5097 epistola
2695 5027 2961 5093 intelligit.
2989 5025 3094 5082 Sed
3126 5028 3175 5079 in
3218 5026 3407 5079 litteris
3441 5026 3509 5078 de

1931 5103 2126 5172 quibus
2166 5102 2251 5156 hic
2280 5116 2459 5156 sermo
2489 5098 2692 5172 est,_S.
2725 5098 2832 5172 beo
2861 5099 3148 5172 ‘Anastasio
3170 5104 3509 5172 praeceperat

1928 5167 1988 5227 tit
2008 5188 2129 5242 quae
2145 5172 2383 5229 decrevit
2397 5172 2452 5224 in
2472 5167 2707 5223 notitiam
2732 5168 3152 5242 lllyricianorum
3170 5168 3363 5221 litteris
3383 5180 3505 5242 per-

1927 5235 2149 5298 duc-cret
2180 5260 2195 5307 ;
2242 5243 2385 5313 quod
2416 5242 2468 5295 in
2499 5239 2746 5313 sequenti
2766 5235 3007 5313 epistola
3018 5247 3371 5313 praeceptum
3391 5235 3508 5313 nul-

1928 5314 2019 5369 libi
2049 5305 2544 5382 legunt-Similiter
2568 5305 2726 5379 epist.
2756 5305 2823 5376 6,7
2844 5309 2932 5363 ubi
2963 5305 3063 5382 alia
3094 5308 3296 5382 monita
3324 5305 3500 5360 eidem

1931 5378 2220 5439 Anastasio
2246 5383 2413 5448 dedit,
2443 5393 2500 5436 ut
2527 5396 2590 5436 ea
2606 5378 2672 5435 in
2705 5382 2928 5434 omnium
2958 5380 3175 5446 fratrum
3205 5378 3508 5448 facerefac-

1929 5455 2091 5508 titiam
2137 5446 2413 5521 pervenire,
2437 5463 2555 5521 cap.
2592 5452 2625 5507 6
2662 5463 2915 5521 expresse
2963 5446 3328 5521 mandaverat.
3372 5446 3511 5521 Hinc

1928 5525 2033 5607 alia
2059 5515 2764 5591 ad'Anastasiutn'epistola,
2788 5535 2906 5589 qua:
2930 5520 3109 5589 periit,
3136 5519 3239 5573 hoc
3266 5518 3385 5572 loco
3414 5515 3505 5573 de-

1935 5607 2274 5721 Slglnzll‘friu.
2318 5665 2451 5732 Quae
2494 5674 2670 5721 autem
2719 5672 2835 5719 erat
2871 5660 2961 5727 14,
2989 5672 3131 5717 nunc
3172 5658 3260 5717 18.
3304 5658 3511 5729 Scripta

1928 5746 2050 5807 post
2076 5738 2494 5813 praecedentem.
2566 5808 2580 5813 _
2611 5807 2624 5813 _
2840 5803 2850 5813 _
2892 5811 2898 5813 Α
2947 5803 2960 5813 _
3249 5804 3261 5813 _
3460 5799 3475 5813 ,

2000 5819 2037 5845 ω
2064 5809 2381 5875 Quesnellus
2412 5816 2523 5861 not.
2560 5808 2585 5860 ί
2611 5807 2747 5859 hanc
2769 5803 3074 5871 epistolam,
3104 5819 3220 5873 quae
3249 5804 3301 5858 in
3331 5803 3508 5856 omni-

1927 5879 2027 5933 bus
2051 5893 2181 5933 mss.
2208 5879 2462 5935 chronica
2486 5877 2757 5932 notatione
2782 5884 2948 5937 caret,
2976 5884 3096 5930 ante
3124 5875 3512 5939 praecedentem
