4006 6348
284 434 378 493 669

1646 444 1972 503 EPlSTOLA
2016 447 2158 505 XIV.

3433 448 3539 512 670

287 564 646 621 eomponeres,
672 552 755 608 vel
784 559 969 608 nostro
990 552 1191 622 judicio
1218 562 1544 612 reservarcs.
1566 554 1701 613 Nam
1726 573 1845 614 cum
1875 562 1927 621 Α
1951 561 2093 615 facta
2135 568 2260 615 sunt
2305 561 2510 629 animo,
2550 568 2737 617 nostro
2776 560 3091 617 viderentur
3126 569 3276 635 gesta
3304 562 3533 633 judicio.

288 658 309 685 ι
333 644 534 713 majora
580 647 789 715 negotia
831 655 884 700 et
917 647 1249 703 difficiliores
1278 663 1557 705 causarum
1590 650 1763 705 exitus
1792 652 1856 706 li-

285 738 459 793 berum
490 736 587 791 tibi
620 745 767 791 esset
792 738 890 792 sub
920 748 1116 793 nostra:
1142 740 1421 796 sententiae
1450 742 1854 812 exspectatione

286 827 637 897 suspendere,
667 845 765 883 nec
793 831 928 884 ratio
968 830 1067 885 tibi
1104 847 1201 887 nec
1242 833 1534 889 necessitas
1578 834 1674 889 fuit
1710 836 1761 889 in
1802 835 1854 889 id

283 920 409 991 quod
442 936 753 976 mensuram
776 932 920 977 tuam
944 924 1231 981 excederet
1257 926 1527 982 deviandi.
1563 927 1856 984 Abundant

278 1014 410 1067 enim
432 1012 575 1081 apud
602 1021 653 1069 te
678 1012 706 1052 ι’
740 1016 1062 1070 monitorum
1088 1018 1284 1088 scripta
1308 1031 1634 1086 nosuurum,
1660 1020 1855 1091 quibus

282 1116 326 1163 te
352 1107 419 1163 de
446 1108 693 1163 omnium
732 1110 1003 1165 aetionum
1043 1113 1392 1179 temperantia
1434 1113 1748 1184 frequenter
1777 1115 1857 1169 in-

281 1201 604 1255 struximus:
630 1208 686 1255 ut
712 1202 1111 1258 commendatus
1134 1203 1302 1276 θεά.
1329 1206 1425 1259 tibi
1454 1206 1653 1261 Christi
1674 1205 1856 1263 Eccle-

276 1294 407 1358 sias,
450 1310 548 1363 per
579 1295 1007 1349 exhortationem
1057 1296 1334 1352 charitatis
1378 1299 1444 1353 ad
1488 1300 1856 1356 salubritatem

282 1396 302 1427 ο
330 1386 655 1442 obcdientia:
696 1402 1040 1457 provocares.
1076 1390 1215 1454 Quia
1254 1392 1357 1445 etsi
1397 1392 1709 1463 plerumque
1744 1395 1860 1447 exi-

276 1488 413 1533 stant
460 1479 606 1535 inter
650 1480 979 1550 negligentes
1024 1481 1109 1536 vel
1154 1481 1369 1539 desides
1408 1484 1623 1551 fratres,
1666 1482 1691 1522 ⁸
1739 1500 1857 1554 quae

276 1582 515 1642 oporteat
541 1574 745 1643 maiore
773 1575 1089 1629 auctoritate
1109 1577 1309 1644 curari,
1341 1578 1418 1631 sic
1446 1587 1620 1633 tamen
1652 1586 1737 1634 est
1764 1578 1858 1634 ad-

278 1663 500 1718 hibenda
531 1667 822 1735 correptio,
846 1675 905 1720 ut
932 1682 1147 1737 semper
1166 1669 1236 1722 sit
1267 1670 1424 1723 salva
1445 1669 1681 1725 dilectio.
1703 1671 1858 1727 Unde

275 1764 323 1811 et
362 1755 557 1811 beatus
605 1759 880 1827 apostolus
920 1759 1138 1825 Paulus,
1172 1760 1237 1815 ad
1265 1761 1685 1817 ecclesiasticum
1716 1763 1857 1833 regi-

277 1863 388 1903 men
420 1848 765 1905 Timotheum
797 1851 1061 1918 imbuens,
1093 1853 1221 1907 dicit
1253 1871 1268 1909 :
1307 1853 1572 1908 Seniorem
1602 1871 1665 1907 ne
1690 1856 1858 1909 incre-

1958 653 2179 723 Relegat
2202 654 2503 708 fraternitas
2533 662 2622 709 tua
2653 654 2871 726 paginas
2899 663 3135 721 nostras,
3162 654 3447 726 omniaque
3472 656 3540 710 ad

1957 755 2078 799 tuos
2106 746 2303 800 emissa
2334 747 2564 815 majores
2588 745 2892 813 apostolicae
2920 746 3061 801 sedis
3092 746 3379 816 prtesulum
3410 747 3541 800 scri-

1956 848 2045 910 pta
2076 846 2373 909 percurrat,
2406 850 2460 895 et
2492 839 2573 894 vel
2603 855 2633 893 a
2667 854 2753 895 me
2780 840 2865 897 vel
2893 855 2922 893 a
2953 839 3370 910 przecessoribus
3404 840 3540 896 meis

1957 930 1983 971 ι
2015 934 2250 988 inveniat
2293 934 2622 1003 ordinatum,
2667 934 2810 1005 quod
2850 949 2882 989 a
2927 943 2981 991 te
3026 935 3381 1009 cognovimus
3421 949 3543 993 esse

1957 1035 2364 1099 praesumptum.

2025 1120 2189 1192 685
2225 1120 2385 1176 Venit
2414 1134 2644 1189 namque
2692 1118 2758 1173 ad
2802 1133 2900 1174 nos
2922 1135 3044 1175 eum
3093 1122 3357 1192 episcopis
3409 1136 3534 1192 pro-

1957 1213 2145 1267 vincite
2168 1228 2276 1266 sure
2306 1212 2474 1266 frater
2496 1220 2678 1265 noster
2702 1211 2930 1281 Atticus,
2960 1212 3157 1267 veteris
3187 1213 3334 1285 Epiri
3366 1213 3389 1251 ι
3421 1230 3537 1269 me-

1960 1304 2318 1374 tropolitanus
2342 1302 2586 1369 antistes,
2616 1312 2669 1357 et
2694 1303 2760 1357 de
2782 1302 3149 1373 indignissima
3179 1314 3217 1339 ιιι
3255 1304 3543 1360 afflictione

1961 1413 2118 1467 quam
2165 1397 2407 1468 pertulit,
2457 1396 2793 1467 lacrymabili
2838 1396 3051 1452 actione
3093 1407 3416 1467 conquestus
3464 1405 3545 1452 est

1959 1506 2141 1547 coram
2171 1490 2469 1545 astantibus
2501 1489 2814 1543 diaconibus
2846 1489 2971 1559 tuis,
3003 1489 3094 1561 qui
3124 1499 3151 1526 τι
3183 1491 3415 1560 querelis
3457 1490 3544 1547 fle-

1958 1581 2156 1637 bilibus
2180 1580 2313 1635 nihil
2343 1589 2532 1635 contra
2559 1580 2869 1648 referendo,
2898 1596 2959 1635 ea
2996 1596 3113 1651 quae
3144 1581 3297 1637 nobis
3333 1582 3543 1652 ingere-

1959 1673 2173 1741 bantur,
2206 1673 2309 1727 fide
2340 1688 2445 1727 non
2469 1686 2655 1727 carere
2678 1671 3070 1727 mon5trabant.
3097 1672 3392 1742 Legebatur
3411 1688 3543 1744 quo-

1960 1779 2062 1835 que
2083 1765 2134 1819 in
2158 1761 2352 1818 litteris
2376 1764 2505 1830 tuis,
2527 1779 2659 1833 quas
2681 1763 2842 1818 iidem
2871 1762 3083 1818 diaconi
3110 1764 3187 1817 tui
3211 1765 3541 1831 detulerunt,

1961 1856 2101 1926 quod
2121 1855 2285 1910 frater
2312 1855 2522 1910 Atticus
2549 1853 2991 1909 Thessalonicam
3015 1855 3272 1923 venisset,
3298 1856 3545 1927 quodque

277 1943 491 2011 pateris,
515 1946 607 2000 sed
635 1943 841 1998 obsecra
866 1953 919 1996 ut
951 1954 1165 2015 patrem,
1182 1948 1392 2017 juvenes
1415 1956 1469 1999 ut
1496 1947 1701 2017 fratres,
1728 1963 1855 2000 anus
1886 1955 1932 2015 Β
1959 1962 2278 2004 consensum
2307 1962 2464 2003 suum
2508 1947 2666 2002 etiam
2699 1938 2995 2016 scriptura?
3022 1946 3364 2015 professione
3404 1956 3431 1982 ο
3473 1949 3543 2003 si-

272 2045 320 2087 tu
352 2045 575 2101 matres,
605 2036 910 2108 juvenculas
952 2048 1006 2091 ut
1034 2053 1233 2092 sorores
1252 2076 1268 2103 ,
1297 2039 1351 2091 in
1382 2038 1517 2092 omni
1556 2041 1783 2093 castitate
1812 2039 1855 2109 (l

276 2126 401 2182 Tim.
428 2143 484 2196 v,
522 2131 598 2199 1).
630 2130 760 2198 Quae
786 2129 1090 2185 moderatio
1120 2131 1163 2185 si
1189 2131 1614 2202 quibuscumque
1642 2132 1859 2187 inferio-

274 2220 412 2277 ribus
458 2222 717 2277 membris
760 2236 827 2276 ex
876 2224 1167 2290 apostolica
1212 2222 1547 2278 institutione
1596 2223 1855 2291 debetur,

272 2322 466 2370 ouante
495 2316 666 2384 magis
702 2314 956 2370 fratribus
987 2325 1041 2371 et
1068 2316 1399 2385 coepiscopis
1432 2326 1457 2355 ο
1509 2318 1706 2371 nostris
1738 2315 1858 2372 sine

274 2408 563 2464 offensione
594 2409 860 2464 reddenda
884 2411 1006 2464 est?
1033 2408 1123 2464 utf
1143 2411 1263 2465 licet
1291 2425 1688 2479 nonnumquam
1719 2409 1860 2464 acci-

273 2502 417 2567 dant,
447 2518 571 2573 quae
598 2503 653 2558 in
680 2503 1106 2558 sacerdotalibus
1128 2512 1252 2558 sunt
1273 2503 1714 2575 reprehendenda
1742 2518 1860 2574 per-

270 2595 435 2657 sonis,
467 2595 587 2665 plus
610 2605 785 2651 tamen
808 2612 933 2667 erga
959 2597 1311 2667 corrigendos
1340 2606 1464 2667 agat
1490 2597 1860 2652 benevolentia

268 2702 421 2758 qualn
471 2690 771 2757 severitas,
817 2691 939 2758 plus
983 2690 1289 2744 cohortatio
1332 2705 1490 2759 quam
1536 2689 1857 2755 commotio,

270 2782 383 2851 plus
412 2783 653 2837 charitas
688 2798 847 2852 quam
888 2791 1146 2851 potestas.
1180 2786 1211 2825 ι
1239 2781 1345 2837 Sed
1391 2780 1458 2835 ab
1502 2780 1584 2835 his
1618 2781 1705 2849 qui
1749 2795 1862 2851 qua:

272 2891 358 2929 sua
398 2885 521 2929 sunt
567 2883 833 2944 quarunt,
867 2891 970 2928 non
1002 2890 1117 2946 qua:
1149 2873 1275 2928 Iesu
1314 2874 1504 2929 Christi
1540 2874 1762 2945 (Philip.
1800 2889 1858 2943 ιι,

270 2968 378 3039 ﬁt),
408 2968 567 3023 facile
611 2969 680 3024 ab
715 2969 815 3022 hac
853 2968 966 3039 lege
995 2970 1310 3034 disceditur,
1344 2977 1399 3023 et
1435 2969 1559 3023 dum
1600 2969 1863 3023 dominari

274 3063 434 3130 magis
480 3076 644 3131 quam
666 3063 951 3116 consulere
981 3059 1008 3098 ιι
1039 3060 1265 3115 subditis
1293 3060 1487 3131 placet,
1518 3062 1689 3115 honor
1717 3061 1865 3117 inflat

272 3156 598 3223 superbiam,
646 3164 703 3211 et
748 3156 890 3227 quod
939 3157 1209 3224 provisum
1254 3165 1341 3212 est
1386 3156 1451 3210 ad
1496 3156 1861 3227 concordiam,

273 3248 435 3302 tendit
471 3248 541 3302 ad
588 3264 787 3303 nosam
821 3264 837 3303 :
872 3247 889 3287 ί
922 3248 1094 3319 quod,
1123 3257 1184 3303 ut
1217 3264 1437 3303 necesse
1466 3248 1757 3304 habeamus
1786 3249 1861 3304 ita

1959 2053 2196 2113 gnasset,
2226 2049 2281 2094 ut
2309 2041 2373 2095 de
2403 2040 2499 2095 illo
2526 2052 2630 2093 non
2669 2039 2812 2093 aliud
2844 2053 2874 2091 a
2904 2038 3057 2096 nobis
3083 2050 3265 2109 posset
3296 2039 3541 2113 intelligi,

1958 2149 2115 2205 quam
2148 2134 2351 2205 proprii
2374 2132 2582 2189 arbitrii
2606 2140 2659 2186 et
2690 2138 3001 2202 spontanee:
3026 2130 3328 2186 devotionis
3350 2130 3542 2201 fuisse,

1959 2228 2101 2299 quod
2150 2235 2399 2294 venerat,
2452 2225 2703 2295 quodque
2760 2224 3057 2280 chartulam
3115 2223 3183 2279 de
3226 2224 3545 2280 obedientite

1958 2323 2248 2391 Sponsione
2294 2320 2712 2389 conscripserat,
2768 2320 2820 2373 in
2866 2319 3021 2388 cujus
3058 2327 3239 2373 tamen
3287 2319 3544 2375 chartulae

1954 2415 2235 2471 mentione
2274 2415 2487 2484 signum
2533 2422 2561 2461 Ρ
2596 2411 2925 2482 prodebatur
2968 2410 3196 2480 injurias.
3241 2410 3357 2465 Non
3402 2411 3543 2466 enim

1957 2507 2323 2564 necessarium
2370 2507 2546 2562 fuerat
2574 2514 2633 2560 ut
2662 2506 2989 2575 obligaretur
3017 2505 3238 2573 scripto,
3280 2506 3370 2575 qui
3412 2505 3542 2561 obe-

1960 2602 2217 2657 dientiam
2248 2614 2399 2655 suam
2422 2597 2541 2668 ipso
2564 2598 2676 2669 jam
2697 2591 2983 2654 voluntarii
3004 2595 3265 2652 adventus
3285 2595 3547 2668 probabat

1958 2694 2162 2752 officio.
2195 2692 2349 2750 Unde
2396 2692 2864 2764 deplorationibus
2906 2691 3200 2761 supradicti
3232 2690 3345 2745 haec
3382 2690 3547 2746 verba

1961 2787 2206 2857 epistolae
2254 2794 2358 2841 tute
2403 2785 2770 2842 testimonium
2814 2784 3176 2853 praebuerunt,
3232 2792 3284 2838 et
3306 2794 3404 2854 per
3446 2782 3548 2837 hoc

1961 2880 2107 2952 quod
2133 2894 2243 2935 non
2269 2889 2354 2935 est
2381 2879 2600 2934 tacitum
2633 2878 2888 2933 nudatum
2910 2884 2992 2932 est
3010 2876 3144 2931 illud
3166 2877 3307 2946 quod
3334 2877 3549 2932 silentio

1962 2972 2135 3029 fuerat
2163 2972 2505 3042 adOpertum,
2532 2982 2559 3022 ει
2585 2971 2785 3026 aditam
2817 2970 3024 3026 scilicet
3049 2969 3243 3042 Illyrici
3270 2970 3550 3040 przefectu-

1961 3080 2100 3133 ram,
2130 3073 2183 3120 et
2214 3064 2652 3120 sublimissimam
2691 3065 2829 3119 inter
2873 3062 3169 3118 mundanus
3195 3063 3371 3132 apices
3399 3074 3550 3135 pote-

1965 3166 2158 3214 statem
2182 3167 2206 3195 τ
2230 3157 2285 3211 in
2312 3156 2694 3212 exhibitionem
2712 3155 2942 3210 insontis
2963 3154 3216 3208 antistitis
3240 3155 3508 3208 incitatam
3533 3172 3545 3209 :

1969 3260 2027 3307 ut
2056 3254 2219 3307 missa
2248 3250 2595 3307 exsecutione
2627 3248 2871 3318 terribili,
2893 3262 3017 3318 qua:
3044 3248 3224 3302 omnia
3247 3248 3347 3301 sibi
3374 3246 3551 3303 officia

272 3339 472 3408 dicere,
496 3356 607 3396 non
634 3341 702 3397 de
729 3354 894 3411 parvo
918 3343 1078 3396 animi
1100 3342 1286 3397 dolore
1314 3342 1572 3412 procedit.
1598 3343 1855 3412 Meipsum
1884 3332 1931 3398 C
1962 3345 2173 3416 publica
2194 3344 2259 3399 ad
2285 3343 2537 3399 effectum
2564 3341 2940 3413 praeceptionis
2968 3341 3303 3411 adjungeret,
3326 3355 3356 3395 a
3382 3341 3550 3395 sacris

274 3438 406 3493 enim
438 3438 841 3509 quodammodo
873 3438 885 3488 i
928 3440 979 3492 in
1010 3439 1220 3508 culpam
1252 3439 1390 3493 trahi
1417 3438 1623 3505 sentio,
1656 3453 1775 3493 cum
1804 3446 1857 3495 te

274 3542 301 3584 ι
327 3530 540 3585 traditis
570 3530 662 3586 tibi
694 3531 894 3602 regulis
922 3530 1209 3586 immodice
1233 3531 1546 3587 discessisse
1571 3548 1857 3602 cognosco.

275 3622 373 3690 Qui
415 3622 463 3677 si
502 3634 607 3677 tute
648 3623 1063 3677 exiStimationis
1092 3638 1276 3693 parum
1309 3624 1532 3693 diligens
1560 3640 1699 3690 eras,
1728 3640 1863 3679 mete

275 3715 455 3774 saltem
496 3716 657 3775 fama
700 3731 926 3788 parcere
964 3716 1195 3775 debuisti
1236 3735 1247 3772 :
1289 3732 1356 3775 ne
1386 3733 1505 3790 quae
1536 3727 1628 3775 tuo
1658 3728 1861 3775 tantum

341 3910 367 3938 ι
391 3900 524 3954 Mss.
556 3899 769 3953 Thuan.
801 3908 853 3952 et
882 3898 1063 3961 Cant.,
1093 3902 1311 3969 majores
1338 3913 1523 3951 causa).

342 3970 365 4006 δ
394 3972 450 4027 In
488 3986 620 4025 mss.
651 3971 860 4025 Collect.
889 3970 957 4024 24
990 3981 1041 4024 et
1072 3970 1353 4036 Sichardo,
1392 3978 1855 4023 monumentorum.

275 4040 401 4096 Cum
437 4057 543 4095 una
578 4052 781 4096 tantum
814 4043 1045 4111 supersit
1078 4043 1234 4109 epist.
1273 4040 1304 4093 6
1337 4040 1621 4095 Anastasio
1654 4051 1776 4095 ante
1810 4041 1858 4094 id

276 4122 482 4181 tempus
510 4115 663 4178 data;
698 4114 853 4180 alias,
882 4128 1001 4183 qua!
1035 4113 1297 4165 abundare
1325 4123 1371 4166 et
1403 4113 1694 4183 frequenter
1723 4112 1861 4166 data:

280 4184 552 4251 dicuntur,
584 4184 877 4239 desiderari
908 4186 1301 4254 cognoscimus.

351 4268 369 4293 ε
407 4256 465 4311 In
525 4256 745 4328 Dionys.
804 4253 1269 4328 atque’Hadriun.
1325 4268 1395 4328 ac
1462 4253 1691 4328 duobus
1731 4268 1858 4328 mss.

278 4325 507 4392 Thnan.,
550 4323 845 4381 audientitc.
878 4323 1030 4389 'Mox,
1054 4327 1280 4379 existunt
1323 4325 1374 4378 in
1422 4340 1521 4382 ms.
1554 4323 1859 4378 Vindebon.

276 4400 481 4453 collect.
512 4399 567 4465 5,
599 4402 650 4452 in
681 4400 797 4452 Vat.
835 4399 981 4466 Hisp.
1016 4408 1068 4452 et
1100 4397 1224 4450 Isid.
1251 4439 1263 4459 ,
1313 4413 1411 4450 nec
1441 4411 1546 4449 non
1575 4398 1623 4448 in
1656 4396 1863 4450 duobus

280 4468 530 4525 Hadrian.
560 4469 1021 4532 Vercellensihus,
1055 4477 1108 4522 et
1136 4468 1274 4537 apud
1307 4468 1611 4521 Justellnm.

350 4541 375 4577 ά
408 4543 565 4597 Iidem
606 4541 763 4596 codd.
797 4540 941 4606 Vat.,
986 4540 1132 4609 Hisp.
1175 4549 1227 4593 et
1273 4539 1423 4601 lsid.,
1457 4555 1581 4607 quos
1609 4545 1859 4605 oporteat.

280 4612 426 4681 Dein,
451 4629 547 4682 pro
574 4614 900 4675 auctoritate,
929 4627 1057 4665 mss.
1084 4608 1189 4665 tria
1214 4608 1511 4682 Quesnelli,
1538 4610 1858 4663 austeritate.

356 4693 376 4721 ⁸
402 4681 528 4738 (Iud.
562 4683 793 4738 Vindcb.
822 4684 1032 4737 collect.
1066 4682 1099 4735 5
1128 4681 1269 4734 delet
1298 4681 1505 4733 nostris.

357 4753 374 4791 τ
403 4756 530 4809 Dist.
566 4756 658 4820 43,
692 4753 833 4807 Licet
864 4768 1264 4820 nonnumquam.

356 4834 377 4871 ε
404 4826 547 4881 Hauc
578 4827 887 4885 lectionem,
920 4839 1076 4893 quam
1116 4820 1437 4890 Quesnelltts
1467 4836 1531 4875 ex
1571 4822 1680 4874 suis
1714 4821 1862 4893 codi-

288 4897 425 4951 cibus
454 4906 564 4949 not.
612 4898 645 4951 4
674 4896 903 4950 laudatis
932 4891 1271 4955 emendavit,
1308 4894 1471 4946 nostri
1506 4907 1717 4961 quoque
1750 4891 1861 4947 fere

287 4982 463 5023 omnes
484 4977 536 5021 et
563 4979 712 5021 certe
736 4967 971 5035 potiores
991 4966 1329 5020 confirmant.
1364 4963 1638 5033 Vulgatam
1670 4964 1859 5035 lectio-

289 5053 399 5091 nom
433 5057 442 5089 :
476 5039 579 5093 Sed
608 5039 657 5091 hi
687 5030 775 5106 qui
801 5053 912 5106 qua:
938 5054 1031 5090 sua
1054 5046 1168 5089 sunt
1196 5044 1450 5105 qmerunt,
1470 5030 1581 5087 'non
1607 5030 1863 5106 qmechsu

291 5107 484 5175 Christi,
517 5110 672 5180 facile
701 5105 764 5161 ab
794 5105 887 5161 huc
920 5110 1027 5176 lege
1056 5109 1513 5180 discernuntur,»et
1546 5106 1666 5180 dum
1686 5105 1862 5180 donti-

291 5182 409 5251 nnri,
445 5176 735 5251 [trmferunt
770 5195 899 5235 mss.
928 5180 1030 5232 eol.
1074 5179 1145 5232 24
1172 5187 1224 5230 et
1255 5178 1560 5251 exemplum
1591 5176 1857 5251 Sicltardi.

358 5250 380 5287 δ
411 5246 730 5305 Kzttratnnus
758 5251 875 5304 loco
902 5251 1153 5319 allegato.
1179 5257 1227 5300 et
1255 5250 1307 5301 in
1330 5250 1458 5301 edit.
1489 5248 1719 5313 Concil.,
1748 5246 1865 5300 sub-

294 5322 400 5375 ditis
428 5333 681 5392 quwmnt,
713 5322 876 5391 placet
904 5321 1086 5385 honor,
1120 5321 1270 5392 inﬂat
1300 5319 1557 5392 superbia_.

272 5396 275 5403 “
361 5393 373 5429 ί
405 5388 816 5463 Αήιὶίιιιὶέείιήηιιε
850 5392 969 5445 Vat.
1001 5392 1137 5446 1542
1161 5388 1438 5463 ωηεριρ
1470 5407 1480 5441 :
1514 5390 1666 5463 Quod
1693 5388 1866 5463 utique

299 5479 476 5517 necesse
511 5459 789 5531 habemus,
824 5464 894 5515 ita
933 5462 1167 5515 dicimus.
1204 5459 1347 5514 Alias
1377 5460 1494 5515 Vat.
1539 5478 1550 5512 :
1596 5460 1741 5526 Quod
1765 5500 1778 5523 ,
1808 5468 1863 5531 ut

298 5548 474 5589 necesse
502 5535 745 5588 habemus
777 5529 989 5595 dicere;
1017 5532 1175 5602 idque
1209 5534 1572 5602 inserercmus
1601 5531 1785 5597 textui,
1817 5529 1862 5584 si

300 5603 400 5660 aliis
428 5608 605 5674 proba:
639 5613 778 5658 notte
810 5600 1406 5659 codicibus'fulciretur.
1440 5600 1699 5657 Justellus
1726 5614 1865 5670 quo-t

300 5687 386 5744 que
412 5676 534 5744 legit
564 5677 823 5729 habemus.

247 5770 270 5829 ξ
303 5743 323 5828 ς
360 5752 397 5829 ζ.
411 5745 517 5829 A_|.,'
552 5749 610 5829 in,
638 5748 791 5829 culpa
814 5745 995 5799 sentio.
1027 5744 1169 5811 Mox,
1200 5743 1552 5829 deeiasseopro
1579 5743 1868 5829 discessisse

303 5815 345 5889 i_n
360 5813 650 5889 Vulg.'ante
668 5813 868 5885 Quesn.
890 5831 1010 5889 curn
1031 5831 1159 5889 mss.
1178 5816 1391 5889 collect.
1416 5816 1487 5870 ΩΔ
1506 5824 1565 5889 et
1582 5813 1865 5889 Sichardo.

304 5886 644 5946 Coddeind.
679 5890 786 5943 col.
815 5889 847 5943 5
875 5896 931 5942 et
958 5888 1190 5943 Vercell.
1218 5887 1496 5947 Hadriam.
1533 5886 1817 5941 descivisse.

361 5958 386 5998 ὶ
414 5962 533 6017 Mss.
570 5961 689 6017 Vat.
733 5960 879 6031 Hisp.
911 5972 965 6016 et
996 5960 1144 6029 lsid.,
1188 5974 1309 6017 cum
1350 5958 1640 6014 Ratramuo
1686 5966 1739 6013 et
1778 5959 1871 6013 lu-

1966 3439 2222 3496 Ecclesite
2265 3437 2453 3514 aditis;
2477 3436 2627 3491 nullo
2654 3436 2741 3490 vel
2770 3434 2905 3489 falso
2936 3433 3273 3489 insimulatus
3304 3434 3547 3501 crimine,

1962 3534 2347 3590 extraheretur
2370 3531 2644 3596 sacerdos,
2671 3529 2757 3585 cui
2785 3544 2891 3584 non
2928 3529 2995 3584 ob
3019 3529 3315 3583 molestiam
3338 3527 3552 3598 :rgritu-

1964 3626 2130 3694 dinis,
2166 3633 2187 3660 ⁵
2220 3640 2326 3680 non
2364 3624 2431 3678 ob
2464 3623 2723 3677 saevitiam
2768 3622 2960 3676 hiemis
2993 3621 3250 3675 darentur
3282 3620 3548 3686 inducite;

1966 3718 2061 3777 sed
2094 3720 2192 3774 iter
2221 3731 2471 3786 asperum
2496 3724 2550 3771 et
2572 3714 2827 3784 periculis
2851 3714 3067 3784 plenum
3092 3727 3187 3784 per
3208 3710 3378 3767 invias
3394 3713 3546 3768 nives

1962 3895 2323 3963 stello,atque
2350 3890 2506 4016 γυνῖ
2538 3899 2661 3945 ante
2690 3890 2918 3955 Quesn.,
2957 3890 3193 3950 inveniet.
3227 3902 3548 3959 perperam;

1965 3981 2139 4016 nerine
2170 3968 2313 4016 enim
2359 3964 2412 4016 in
2500 3963 2652 4016 conis
2683 3970 2774 4015 aut
2814 3961 3266 4016 nrtedeceSSorum
3305 3961 3548 4016 epistolis

1965 3981 2139 4034 neque
2170 3961 2313 4020 enim
2359 3964 2412 4016 in
2456 3961 2652 4034 Leonis
2683 3970 2774 4015 aut
2814 3961 3278 4034 prtedecessorutn
3305 3961 3549 4034 epistolis

1966 4031 2198 4092 inveniri
2231 4042 2436 4099 poterat
2467 4032 2794 4094 ordinatum,
2827 4032 2966 4100 quod
2999 4034 3056 4089 S.
3098 4032 3207 4085 Leo
3231 4031 3299 4083 ab
3324 4031 3552 4084 Anasta-

1965 4113 2047 4163 sio
2070 4116 2465 4177 praesumptum,
2479 4105 2847 4177 conqueritur.
2871 4100 3109 4156 Inveniat
3128 4106 3365 4170 urgentis
3385 4100 3548 4155 simul

1963 4188 2019 4235 et
2048 4178 2295 4248 negantis
2323 4177 2427 4229 vim
2458 4176 2635 4248 habet.

2039 4250 2057 4286 ι
2087 4241 2163 4303 Ιῐδ
2195 4262 2326 4301 mss.
2359 4246 2585 4312 Quidam
2614 4244 2741 4299 editi
2785 4258 2851 4299 ex
2874 4242 3105 4308 Crabbo,
3140 4241 3554 4312 Nicopolitamts.

1968 4321 2106 4375 Vide
2137 4326 2250 4372 not.
2286 4319 2317 4370 5
2346 4318 2547 4384 Quesn.

2036 4402 2078 4429 ιιι
2108 4381 2430 4456 Quesnellus
2464 4384 3034 4457 prastulitastﬁctione,
3072 4397 3230 4457 quam
3269 4381 3552 4457 lectionem

1963 4464 2077 4527 ipse
2107 4452 2159 4516 in
2184 4474 2309 4525 uno,
2339 4452 2496 4529 quem
2521 4468 2635 4529 not.
2680 4457 2713 4529 6
2738 4455 2931 4529 allegat
2963 4468 3064 4507 ms.
3099 4453 3343 4529 Victore,
3364 4468 3463 4529 nos
3498 4452 3554 4507 in

1964 4522 2087 4589 Vat.
2119 4532 2222 4587 544
2252 4522 2479 4599 utroque
2505 4522 2937 4599 collectionis'ﬁt
2970 4532 3025 4579 et
3050 4526 3190 4599 apud
3237 4522 3553 4579 Sichsrdum

1966 4606 2289 4671 reperimus.
2323 4596 2927 4671 Caeterorumiomnium
2950 4611 3070 4650 cum
3107 4596 3393 4671 editorum,
3442 4604 3555 4649 tum

1969 4666 2214 4731 codicum
2239 4673 2523 4728 lectionem
2552 4670 2935 4723 restituendam
2969 4666 3290 4736 putavimus.

1889 4720 1945 4780 D
1972 4720 2861 4805 "VEIHsj-Corb.rolleciéapud
2893 4720 3095 4805 Qu'csn.
3123 4738 3173 4791 in
3208 4751 3401 4805 marg.,
3430 4752 3556 4804 que-

1962 4820 2093 4872 rulis
2128 4817 2351 4888 ﬂetibus.
2383 4813 2548 4888 Paulo
2574 4818 2729 4888 post,
2753 4806 3071 4888 Ratramnns
3099 4823 3219 4888 cum
3261 4807 3373 4888 Vat.
3406 4806 3553 4888 llisp.

1963 4899 2019 4945 et
2064 4878 2213 4954 Isid,
2263 4888 2419 4940 iidem
2444 4884 2511 4936 ad
2542 4878 2631 4954 ille
2676 4883 2879 4954 diaconi
2926 4880 3109 4954 tui.__ln
3157 4878 3387 4954 Vindeb.
3438 4880 3548 4932 eol-

1965 4961 2090 5015 lect.
2131 4961 2163 5015 5
2196 4950 2248 5014 et
2280 4959 2334 5011 in
2388 4955 2507 5009 Vat.
2540 4953 2780 5023 Dionysii
2817 4968 2939 5007 cum
2978 4951 3135 5007 editis
3177 4958 3302 5005 ante
3349 4950 3547 5014 Queen.

1964 5032 2232 5157 degségg.
2253 5097 2561 5155 Vindebon.
2593 5094 2804 5149 collect.
2842 5094 2874 5148 5
2915 5093 3105 5147 inserit
3149 5108 3265 5156 sua,
3296 5100 3351 5145 et
3396 5088 3553 5156 paulo

1969 5183 2112 5246 post,
2142 5173 2302 5256 possit
2331 5183 2428 5240 pro
2456 5175 2647 5248 posset,
2679 5176 2755 5258 et.
2778 5164 2955 5233 fuisset
2988 5177 3085 5235 pro
3114 5164 3294 5233 fuisse,
3340 5168 3397 5214 et
3431 5174 3558 5213 con-

1970 5252 2229 5370 m;pVe;t'.t
2259 5244 2790 5381 itiipfogig'ﬁim;
2816 5306 2938 5361 aliis
2966 5319 3093 5362 mss.
3117 5304 3331 5360 collect.
3354 5300 3562 5369 21pm-

1976 5386 2369 5457 baturinjurite.
2510 5454 2529 5457 _
2552 5451 2566 5457 _
2831 5448 2866 5457 __
2898 5450 2908 5457 _
3066 5455 3073 5457 Α
3146 5445 3180 5457 Α
3426 5452 3435 5457 _
3478 5441 3531 5457 Ν

2045 5468 2072 5508 ιι
2101 5442 2226 5512 Mss.
2260 5456 2470 5510 collect.
2503 5451 2593 5525 εί
2617 5466 2749 5525 cum_
2783 5448 2943 5525 editis
2989 5455 3114 5525 ante
3141 5445 3341 5525 Queen.
3386 5452 3442 5525 et
3475 5442 3558 5525 ξί-

1975 5530 2201 5589 cbardo.
2232 5528 2528 5581 adhibitam.
2556 5522 2754 5578 Cteteri
2779 5521 2944 5594 nostri
2972 5517 3207 5581 codices,
3234 5524 3294 5594 ut
3312 5517 3365 5569 in
3385 5520 3552 5569 textu.

1970 5601 2131 5657 Solus
2162 5586 2390 5654 Vindeb.
2416 5597 2634 5651 collect.
2677 5594 2734 5653 ὅ,
2763 5591 2938 5657 prima
2985 5604 3166 5655 manu,
3211 5586 3426 5653 editam,
3467 5598 3556 5640 se-

1974 5674 2145 5727 cunda
2168 5684 2297 5726 vero
2318 5667 2661 5725 emendatum
2688 5663 2997 5717 adhibitam.

2048 5754 2070 5783 ⁷
2103 5742 2237 5798 Vide
2267 5751 2379 5795 not.
2412 5742 2443 5796 7
2474 5740 2678 5805 Queen.

2046 5824 2066 5851 ³
2101 5815 2232 5870 Cod.
2256 5813 2370 5869 Vat.
2403 5801 2614 5866 collect.
2645 5807 2715 5860 Ἡ
2734 5820 2857 5860 cum
2879 5802 3164 5868 Sichardo,
3184 5818 3284 5858 non
3308 5801 3557 5861 obstantis

1976 5887 2189 5952 hiemis;
2217 5895 2272 5942 et
2302 5884 2460 5955 paulo
2480 5888 2619 5952 post,
2652 5893 2741 5949 per
2756 5877 2919 5931 invias
2937 5884 3131 5933 cautes.
