4006 6348
493 379 593 451 στι

1619 400 1676 459 S.
1718 400 1959 461 LEONIS
1999 402 2215 461 MAGNI
2255 403 2636 466 EPISTOLE.

3670 421 3771 477 672

488 520 654 581 agere
680 518 982 583 cogeretur.
1013 510 1169 579 Quod
1199 509 1332 567 tanti
1356 510 1579 581 laboris,
1613 514 1856 587 tantique
1885 516 2077 574 discri-
2102 522 2157 584 Α
2182 517 2525 591 episcopatus
2555 523 2631 579 tui
2665 525 2899 597 fastigio,
2925 528 3018 585 sed
3043 538 3319 601 amputato
3340 534 3506 591 totius
3544 550 3769 609 usurpa-

485 602 653 660 minis
682 604 800 673 fuit,
832 613 890 660 ut
915 619 982 661 ex
1019 604 1104 661 his
1150 605 1242 676 qui
1284 606 1597 678 episcopum
1642 610 1884 666 comitati
1928 622 2077 681 sunt,

487 698 702 769 quidam
732 698 994 755 defecisse
1023 698 1292 756 dicantur.

554 792 721 864 686
748 800 776 830 ει
804 792 1028 849 Multum
1056 803 1274 864 stupeo,
1316 793 1487 851 frater
1526 795 1862 866 charissime,
1897 800 1991 855 sed
2021 807 2079 855 et

484 882 777 954 plurimum
805 884 987 953 doleo,
1025 886 1168 957 quod
1198 887 1251 943 in
1282 902 1407 943 eum
1437 888 1505 943 de
1528 888 1647 960 jquo
1678 890 1812 945 nihil
1845 893 2075 961 amplius

482 974 818 1035 indicaveras
853 993 1013 1049 quam
1046 980 1190 1051 quod
1221 990 1475 1037 evocatus
1504 982 1698 1038 adesse
1724 982 1995 1052 differret,
2021 991 2078 1043 et

482 1070 887 1129 excusationem
910 1072 1235 1130 infirmitatis
1264 1075 1613 1142 obtenderet,
1650 1084 1757 1132 tam
1782 1079 2070 1150 atrociter,

479 1172 537 1219 et
558 1173 667 1221 tam
687 1165 1036 1223 vehementer
1076 1168 1319 1238 potueris
1362 1170 1731 1225 commoveri:
1769 1172 2073 1240 prmsertim

480 1271 605 1313 cum
634 1259 797 1314 etiam
828 1260 874 1314 si
911 1259 1017 1316 tale
1046 1260 1250 1330 aliquid
1281 1270 1613 1329 mereretur,
1646 1265 2072 1333 exspectandum

481 1347 575 1403 tibi
600 1346 627 1386 δ
659 1350 827 1409 fuerit
856 1351 983 1420 quid
1015 1352 1083 1407 ad
1118 1363 1203 1407 tua
1250 1354 1495 1409 consulta
1522 1356 1906 1413 rescriberem.
1938 1357 2067 1425 Sed,

479 1449 539 1496 ut
564 1442 745 1509 video,
779 1445 915 1500 bene
936 1446 1004 1500 de
1028 1446 1273 1501 moribus
1300 1448 1437 1503 meis
1460 1449 1799 1519 existimasti,
1828 1460 1880 1507 et
1907 1467 2069 1523 quam

482 1548 505 1577 ο
539 1539 714 1595 civilia
753 1556 850 1610 pro
879 1544 1248 1599 conservanda
1281 1545 1606 1601 sacerdotali
1651 1549 1941 1604 concordia
1976 1565 2069 1606 re-

475 1645 771 1702 sponsurus
797 1649 997 1700 essem,
1031 1637 1315 1693 verissime
1344 1639 1679 1708 praevidisti:
1713 1650 1766 1695 et
1793 1641 1915 1696 ideo
1955 1658 2072 1698 mo-

475 1731 564 1779 tus
592 1732 710 1781 tuos
737 1726 960 1797 exsequi
986 1726 1013 1765 ά
1041 1730 1159 1785 sine
1188 1729 1619 1788 dissimulatione
1648 1734 1974 1803 prOperasti,
2000 1749 2069 1792 ne

473 1829 595 1871 cum
643 1818 1032 1876 moderationis
1071 1831 1269 1878 nostra:
1310 1823 1454 1880 aliud
1485 1825 1823 1896 disponentia
1863 1829 2063 1898 scripta

2186 614 2346 668 tionis
2371 630 2619 672 excessu.

2250 710 2414 782 687
2441 710 2572 766 Car.
2602 710 2665 767 II.
2698 712 2772 767 De
2791 717 2916 787 jure
2961 720 3399 790 metrOpotitarum
3445 725 3538 777 sub
3583 727 3769 782 vicario

2180 800 2627 859 Thessalonicensi
2654 806 2942 877 degentium
2980 814 3349 867 conservando.
3386 842 3454 856 -ι
3487 816 3651 886 Igitur
3679 832 3769 873 se-

2179 896 2413 953 cundum
2440 907 2748 954 sanctorum
2770 898 2990 955 Patrum
3023 916 3262 962 canones
3286 906 3489 978 Spiritu
3521 910 3615 965 Dei
3639 926 3768 967 con-

2178 989 2336 1059 ditos,
2372 1000 2428 1047 et
2456 994 2620 1049 totius
2638 995 2821 1053 mundi
2841 998 3145 1053 reverentia
3166 1009 3533 1069 consecratos,
3558 1016 3766 1059 metro-

2178 1086 2445 1156 politanos
2464 1087 2797 1159 singularum
2822 1091 3219 1161 provinciarum
3243 1094 3545 1164 episcopos,
3572 1096 3765 1166 quibus

2176 1193 2243 1235 ex
2272 1178 2609 1250 delegatione
2636 1193 2819 1238 nostra
2845 1184 3198 1240 fraternitatis
3227 1195 3334 1241 tuae
3371 1203 3499 1241 cura
3533 1199 3763 1258 prieten—

2177 1273 2341 1341 ditur,
2363 1274 2449 1343 jus
2472 1276 2682 1331 tradita:
2707 1276 2810 1332 sibi
2839 1279 3137 1349 antiquitus
3162 1280 3438 1348 dignitatis
3473 1283 3763 1338 intemera-

2176 1377 2287 1423 tum
2317 1370 2515 1425 habere
2544 1370 2921 1438 decernimus;
2948 1374 3016 1427 ita
3040 1382 3098 1427 ut
3124 1387 3156 1429 a
3194 1375 3394 1444 regulis
3420 1376 3759 1446 pﬂBSliluliS,

2175 1463 2320 1518 nulla
2366 1473 2457 1517 aut
2497 1464 2839 1535 negligentia,
2874 1474 2965 1519 aut
3011 1467 3434 1537 praesumptione
3459 1468 3759 1523 discedant.

2244 1554 2373 1609 CAP.
2411 1553 2502 1609 lli.
2545 1555 2768 1622 Quinam
2807 1574 2840 1610 a
2867 1558 3154 1612 sacerdotio
3181 1561 3281 1613 sint
3322 1562 3551 1615 arcendi.
3595 1590 3664 1601 -—
3703 1560 3762 1619 In

2172 1647 2478 1704 civitatibus
2513 1661 2739 1718 quarum
2777 1657 3019 1705 rectores
3048 1650 3304 1719 obierint,
3337 1651 3405 1707 de
3435 1651 3764 1708 substituen-

2172 1740 2256 1797 dis
2286 1741 2553 1813 episcopis
2581 1742 2696 1798 haec
2718 1742 2888 1798 forma
2922 1754 3203 1801 servetur:
3236 1754 3292 1801 ut
3313 1746 3358 1801 is
3389 1747 3481 1817 qui
3509 1748 3763 1803 ordinan-

2173 1835 2272 1891 dus
2300 1844 2417 1903 cst,
2450 1834 2663 1891 etiamsi
2696 1836 2851 1892 bonae
2898 1838 3021 1893 vita:
3056 1836 3070 1875 ί
3116 1840 3483 1895 testimonium
3522 1841 3719 1897 habeat
3743 1882 3761 1909 ,

471 1913 828 2007 sumpsisses,
873 1913 1103 1970 faciendi
1150 1917 1204 1971 id
1245 1919 1386 1988 quod
1430 1918 1627 1975 factum
1669 1930 1753 1976 est
1790 1921 2061 1978 licentiam
2092 1900 2140 1960 Β
2170 1944 2275 1987 non
2308 1930 2499 1999 laicus,
2543 1944 2649 1986 non
2694 1932 3022 2004 ne0phytus,
3069 1949 3171 1989 nec
3217 1934 3471 1991 secundae
3516 1936 3765 2007 conjugis

470 2013 580 2057 non
607 2001 859 2069 haberes.
900 2009 985 2063 An
1013 2006 1153 2064 forte
1192 2007 1409 2081 aliquod
1436 2009 1535 2066 tibi
1578 2010 1789 2068 facinus
1831 2022 1854 2049 θ
1902 2013 2062 2069 inno-

470 2104 671 2166 tuerat,
694 2108 747 2155 et
777 2101 1257 2172 metropolitanum
1296 2104 1610 2175 episcopum
1661 2107 1784 2161 novi
1830 2108 1969 2177 apud
2012 2117 2065 2165 te

467 2190 709 2247 criminis
729 2194 942 2263 pondus
972 2196 1225 2266 urgebat?
1247 2198 1317 2253 At
1342 2197 1445 2253 hoc
1479 2198 1695 2269 quidem
1734 2201 1969 2259 alienum
1996 2203 2066 2259 ab

465 2282 563 2338 illo
591 2298 733 2353 esse,
771 2286 934 2343 etiam
978 2296 1030 2344 tu
1075 2289 1211 2345 nihil
1259 2292 1309 2347 ei
1358 2292 1713 2363 objiciendof
1751 2297 2060 2354 conﬁrmas.

464 2373 573 2431 Sed
600 2377 763 2433 etiam
794 2378 840 2433 si
874 2380 1003 2450 quid
1029 2395 1193 2451 grave
1226 2382 1728 2456 intolerandumque
1757 2388 2063 2445 committe.

464 2478 575 2536 ret,
606 2479 795 2527 nostra
828 2482 945 2528 erat
975 2476 1340 2545 exspectanda
1369 2492 1631 2545 censura;
1662 2488 1721 2534 ut
1750 2481 1885 2536 nihil
1912 2470 2064 2553 prius

460 2561 582 2632 ipse
620 2562 975 2633 decerneres,
1004 2575 1031 2613 ε
1064 2582 1222 2636 quam
1270 2567 1399 2637 quid
1440 2570 1595 2626 nobis
1620 2570 1862 2641 placeret
1897 2586 2064 2644 agno-

461 2668 669 2711 sceres.
706 2656 864 2713 Vices
892 2658 1037 2714 enim
1077 2670 1291 2718 nostras
1330 2663 1401 2717 ita
1434 2673 1539 2719 tuae
1575 2666 1904 2724 credidimus
1931 2669 2061 2724 cha-

460 2745 624 2815 ritati,
652 2756 712 2801 ut
739 2747 794 2803 in
833 2758 1041 2820 partem
1066 2752 1142 2808 sis
1165 2762 1387 2809 vocatus
1418 2755 1798 2814 sollicitudinis
1818 2800 1837 2828 ,
1868 2776 1974 2817 non
2004 2761 2058 2817 in

459 2835 854 2906 plenitudinem
884 2844 1188 2911 potestatis.
1224 2842 1376 2901 Unde
1404 2847 1545 2903 sicut
1574 2850 1804 2905 multum
1853 2868 1954 2909 nos
1995 2867 2059 2909 ea

459 2942 579 2999 quae
606 2944 638 2985 a
677 2938 728 2986 te
757 2931 847 3000 pie
875 2942 1000 2989 sunt
1041 2944 1223 2990 curata
1270 2936 1567 3006 laetiﬁcant,
1616 2941 1689 2996 ita
1728 2941 1952 2999 nimium
1995 2957 2059 3001 ea

463 3037 587 3093 quae
611 3039 897 3096 perperam
922 3038 1049 3084 sunt
1064 3040 1215 3101 gesta
1243 3034 1589 3092 contristant.
1612 3037 1680 3094 Et
1709 3054 1935 3098 necesse
1951 3054 2056 3112 est,

461 3126 585 3187 post
613 3118 902 3176 multarum
924 3123 1300 3193 experimenta
1327 3142 1613 3186 causarum
1637 3132 1918 3190 sollicitius
1934 3150 2058 3206 pro-

457 3212 616 3282 spici,
649 3222 704 3269 et
732 3214 1039 3307 diligentius
1080 3222 1411 3292 praecaveri,
1451 3235 1716 3295 quatenus
1756 3242 1852 3298 per
1894 3230 2054 3299 spiri-

415 3383 419 3387 _
458 3312 571 3361 tum
601 3307 877 3366 cbaritatis
906 3319 959 3365 et
986 3312 1155 3382 pacis,
1185 3315 1359 3371 onmis
1397 3319 1624 3375 materia
1667 3322 2045 3377 scandalorum

457 3401 525 3457 de
563 3399 822 3458 Ecclesiis
856 3400 1071 3460 Domini
1112 3421 1247 3477 quas
1281 3407 1373 3465 tibi
1404 3413 1907 3469 commendavimus
1954 3431 2047 3470 au-

458 3492 680 3566 feratur,
726 3492 755 3530 λι
799 3499 1183 3566 praeminente
1229 3501 1445 3571 quidem
1496 3504 1550 3559 in
1604 3503 1709 3561 illis
1757 3507 2049 3577 provinciis

536 3731 754 3814 f§,__qu.
777 3733 831 3802 6,
863 3733 1113 3814 diuitum,
1137 3748 1188 3789 c.
1218 3734 1311 3814 8.“
1361 3810 1368 3814 Δ
1625 3810 1635 3814 _
1785 3801 1848 3814 -..

531 3802 560 3843 δ
579 3801 721 3860 Editi
751 3814 874 3860 ante
894 3801 1103 3873 Quesn.
1128 3820 1250 3859 cum
1272 3803 1567 3858 Ratramno
1587 3810 1642 3857 et
1662 3816 1764 3856 ms.
1785 3801 2045 3869 Vindeb.,

462 3876 612 3946 HiSp.
642 3876 871 3945 aliisque
903 3877 1060 3931 codd.
1087 3876 1303 3931 collect.
1342 3874 1431 3939 21,
1470 3877 1656 3946 fuerat.
1690 3873 1755 3929 Hi
1787 3877 2046 3944 postremi

459 3943 583 4001 mos
616 3943 907 4014 praeferunt
931 3949 1055 4015 quid
1082 3948 1301 4001 consulti
1331 3943 1740 4001 rescriberemus.

537 4029 559 4056 ε
597 4017 726 4073 Vide
747 4028 859 4073 not.
893 4020 924 4073 8
947 4019 1151 4087 Quesn.

531 4088 558 4125 ιι
588 4088 664 4145 Ita
690 4089 997 4160 Dionysius.
1030 4101 1139 4145 tres
1170 4089 1409 4144 Thuanei
1431 4087 1591 4144 codd.
1621 4096 1679 4145 et
1701 4103 1837 4145 unus
1875 4090 2037 4145 Corb.

461 4175 490 4215 a
530 4160 818 4229 Quesnello
852 4162 903 4215 in
937 4164 1177 4232 margine
1204 4160 1429 4232 laudati,
1459 4174 1695 4232 necnon
1728 4161 1974 4230 plerique
1993 4171 2049 4217 et

536 4235 698 4287 tiores
728 4232 895 4286 nostri
927 4230 1329 4301 exccittisgmss.
1361 4231 1537 4301 llisp.,
1569 4230 1693 4285 Isid.
1728 4242 1785 4287 et
1811 4232 1899 4287 alii
1939 4233 2052 4288 col-

482 4311 585 4359 eet.
611 4304 700 4368 24,
721 4302 771 4357 in
799 4305 991 4371 quibus
1020 4318 1138 4358 cum
1171 4304 1485 4369 Ratramno,
1510 4301 1791 4366 Sichardo,
1816 4312 1871 4357 et
1898 4314 2053 4358 ante-

457 4375 691 4430 tioribus
715 4374 873 4429 editis
899 4374 1124 4430 habetur
1140 4378 1248 4428 sine
1270 4375 1536 4445 dilatione.
1552 4372 1692 4441 Mox,
1713 4375 1858 4428 aliud
1879 4376 2055 4445 dispo-

458 4446 625 4500 nentis
656 4447 709 4500 in
741 4446 860 4499 Vat.
891 4447 1101 4502 collect.
1130 4445 1199 4500 24
1226 4456 1279 4500 et
1312 4444 1590 4499 Sichardo.

534 4526 557 4555 θ
589 4516 911 4571 Ratramnus
949 4528 1003 4572 et
1050 4532 1180 4571 mss.
1220 4515 1434 4571 collect.
1467 4515 1536 4569 24
1557 4530 1678 4571 cum
1706 4516 1969 4572 Sichardo
1997 4528 2054 4572 et

460 4587 613 4658 Vulg.
643 4588 845 4643 addunt
872 4590 1068 4657 fratris.
1089 4586 1713 4656 Mox,metropolitanum,
1741 4588 1881 4658 quod
1907 4588 2051 4657 lege-

460 4659 623 4741 batur
642 4659 707 4741 in_
717 4660 879 4741 editis
906 4670 1029 4714 ante
1053 4659 1283 4741 Quesnﬂ
1316 4658 1651 4741 restituimus
1678 4675 1743 4713 ex
1777 4659 2048 4741 plerisque

457 4731 659 4785 nostris
678 4731 1009 4785 diversarum
1032 4732 1410 4787 collectionum
1429 4728 1726 4796 codicibus,
1749 4729 2046 4797 praesertim

458 4800 581 4857 Vat.
619 4800 756 4856 1342
781 4802 994 4857 collect.
1020 4802 1054 4857 '5
1074 4813 1127 4857 et
1158 4801 1261 4856 alio
1287 4800 1405 4855 Vat.
1444 4814 1577 4870 puro
1608 4797 1957 4870 Dionysiano.
1989 4800 2048 4855 In

2166 2025 2238 2079 sit
2264 2025 2511 2090 maritus,
2545 2025 2559 2076 i
2593 2033 2685 2080 aut
2707 2028 2797 2097 qui
2844 2042 3003 2081 unam
3033 2028 3247 2097 quidem
3282 2028 3501 2095 habeat,
3532 2029 3617 2083 vel
3668 2028 3764 2084 ha-

2165 2115 2365 2185 buerit,
2398 2115 2493 2171 sed
2521 2130 2679 2187 quam
2709 2118 2808 2173 sibi
2837 2118 3053 2174 viduam
3092 2119 3378 2189 copularit.
3422 2118 3448 2157 ¹ί
3490 2119 3763 2178 Sacerdo-

2167 2218 2279 2265 tum
2324 2210 2465 2265 enim
2495 2221 2602 2266 tam
2630 2213 2901 2269 excellens
2941 2223 3023 2269 est
3060 2215 3278 2283 electio,
3311 2224 3372 2271 ut
3404 2215 3519 2272 hinc
3556 2232 3677 2289 qua:
3707 2217 3762 2274 in

2164 2304 2284 2362 aliis
2319 2305 2576 2362 Ecclesiae
2605 2308 2863 2362 membris
2907 2322 3014 2363 non
3045 2320 3305 2365 vocantur
3335 2309 3401 2365 ad
3440 2311 3675 2380 culpam,
3707 2311 3764 2367 in

2163 2397 2273 2454 illis
2302 2407 2481 2453 tamen
2504 2398 2807 2455 habeantur
2830 2399 3037 2457 illicita.

2234 2488 2364 2545 CAP.
2417 2489 2505 2545 1V.
2554 2489 2633 2545 De
2671 2492 3108 2547 subdiaconorum
3141 2493 3471 2548 continentia.
3524 2524 3594 2535 ——
3624 2493 3765 2551 Nam

2161 2595 2284 2637 cum
2316 2590 2467 2637 extra
2500 2580 2517 2619 ι
2549 2584 2871 2639 clericorum
2912 2585 3157 2641 ordinem
3204 2587 3511 2642 constitutis
3542 2589 3767 2657 nuptia-

2162 2689 2283 2731 rum
2338 2675 2588 2732 societati
2629 2685 2685 2732 et
2732 2680 3091 2747 procreationi
3143 2678 3380 2735 ﬁliorum
3430 2680 3647 2736 studere
3688 2682 3769 2737 sit

2162 2768 2466 2838 nIliberum,
2496 2770 2562 2825 ad
2594 2770 2955 2828 exhibendam
2990 2785 3167 2829 tamen
3192 2773 3442 2844 perfectae
3469 2775 3766 2830 continen-

2154 2860 2251 2915 ‘tize
2280 2859 2591 2929 puritatem,
2621 2878 2721 2917 nec
2749 2870 2779 2898 ιι
2804 2862 3150 2919 subdiacouis
3178 2865 3394 2933 quidem
3424 2866 3769 2921 connubium

2161 2952 2377 3009 carnale
2404 2955 2716 3010 conceditur
2760 2972 2775 3011 :
2818 2967 2872 3011 ttt
2901 2965 2950 3011 et
2980 2957 3067 3027 qui
3116 2957 3321 3026 habent,
3346 2959 3449 3012 sint
3489 2968 3772 3028 tamquam

2162 3062 2265 3101 non
2291 3046 2532 3101 habentes
2559 3045 2602 3117 (Ι
2629 3045 2750 3102 Cor.
2781 3064 2879 3113 VII,
2911 3046 3027 3119 29),
3058 3058 3111 3104 et
3140 3050 3231 3119 qui
3259 3064 3368 3105 non
3395 3048 3616 3115 habent,
3644 3067 3771 3121 per-

2162 3145 2416 3193 maneant
2469 3139 2793 3210 singulares.
2856 3140 3009 3207 Quod
3058 3141 3102 3194 si
3148 3141 3202 3196 in
3252 3141 3355 3197 hoc
3397 3143 3611 3207 ordine,
3669 3143 3770 3213 qui

2163 3238 2435 3300 quartusa
2463 3230 2638 3301 capite
2682 3243 2788 3298 est,
2832 3232 3050 3302 dignum
3090 3242 3173 3288 est
3219 3235 3513 3302 custodiri,
3554 3244 3770 3305 quanto

2155 3325 2325 3395 magis
2357 3324 2407 3379 in
2440 3327 2613 3395 primo
2641 3332 2666 3362 ο
2689 3335 2783 3381 aut
2831 3326 3093 3393 secundo,
3127 3326 3211 3383 vel
3242 3326 3401 3382 tertio
3438 3328 3606 3400 688
3653 3344 3772 3385 ser-

2154 3415 2390 3471 vandum
2422 3424 2526 3483 est,
2555 3432 2624 3473 ne
2648 3427 2739 3472 aut
2767 3417 3002 3487 levitico,
3029 3428 3119 3473 aut
3143 3419 3498 3491 presbyterali
3524 3420 3769 3485 honore,

2158 3519 2250 3564 aut
2280 3508 2575 3581 cpisc0pa|i
2604 3510 2933 3567 excellentia
2956 3511 3239 3582 quisquam
3265 3511 3491 3567 idoneus
3516 3492 3772 3568 aestimet

2234 3734 2248 3771 ί
2286 3734 2364 3789 Ita
2392 3747 2514 3790 cum
2546 3734 2844 3802 Quesnello
2878 3735 3289 3805 antiquissimus
3324 3732 3445 3791 Vat.
3476 3734 3701 3790 collect.
3736 3733 3777 3790 3

2150 3814 2206 3862 et
2232 3806 2535 3861 Vindebon.
2575 3807 2787 3862 collect.
2815 3809 2870 3873 5,
2910 3822 3119 3863 necnon
3143 3805 3303 3863 codd.
3334 3807 3549 3862 collect.
3584 3806 3659 3860 24
3712 3815 3775 3863 et

2150 3880 2456 3947 exemplum
2496 3877 2741 3934 Sichardi
2788 3877 3096 3948 Dionysius.
3150 3880 3215 3933 Et
3253 3878 3371 3932 aliae
3400 3876 3773 3937 collectiones

2151 3965 2272 4005 cum
2305 3951 2517 4005 caeteris
2548 3949 2727 4015 editis,
2755 3948 3042 4003 testimonio
3074 3949 3341 4017 fulciatur.

2228 4021 2240 4069 i
2287 4022 2360 4075 De
2417 4022 2723 4076 necessaria
2779 4020 2934 4090 hujus
2984 4021 3086 4075 loci
3141 4019 3545 4085 emendatione,
3587 4036 3771 4090 quam

2156 4093 2399 4162 plerique
2418 4091 2588 4147 nostri
2620 4091 2825 4161 antiqui
2851 4092 3063 4146 codices
3085 4092 3397 4161 praeferunt,
3422 4091 3547 4162 vide
3568 4104 3775 4149 notam

2160 4160 2192 4219 9
2216 4160 2514 4230 Qucsnelli.
2546 4162 2731 4218 Solum
2754 4160 2978 4229 quidam
3016 4164 3230 4217 codices
3258 4163 3475 4217 collect.
3500 4160 3591 4225 21,
3638 4165 3778 4219 vul-

2156 4245 2333 4305 gatam
2365 4234 2651 4289 lectionem
2691 4233 2969 4299 exhibent,
2998 4244 3085 4286 aut
3107 4234 3195 4304 qui
3234 4232 3308 4287 vel
3354 4250 3511 4287 unam
3549 4236 3777 4303 quidem

2159 4304 2359 4366 habeat,
2386 4304 2463 4359 vel
2494 4306 2745 4371 habuerit,
2770 4306 2860 4357 sed
2888 4320 2977 4357 nec
3002 4306 3089 4375 qui
3108 4305 3206 4358 sibi
3232 4305 3437 4359 viduam
3473 4304 3777 4373 copuiarit.

2161 4376 2262 4430 Alii
2293 4392 2419 4431 vero
2446 4376 2687 4445 ejusdem
2716 4377 2931 4431 collect.
2956 4391 3080 4429 cum
3113 4386 3338 4444 utroque
3371 4376 3518 4443 llisp.
3544 4385 3599 4429 et
3629 4392 3780 4434 cum

2160 4447 2283 4501 Vat.
2313 4448 2438 4502 Ιθὶά.
2460 4493 2474 4513 ,
2508 4458 2595 4502 aut
2624 4448 2711 4518 qui
2734 4464 2889 4499 unam
2910 4447 3115 4515 quidem
3141 4448 3354 4514 habeat,
3387 4446 3464 4500 vel
3491 4446 3777 4514 habuerit,

2158 4520 2247 4571 sed
2302 4536 2392 4572 nec
2447 4535 2599 4588 quam
2639 4517 2748 4571 sibi
2794 4518 3000 4588 viduam
3040 4518 3294 4584 capularit
3332 4534 3349 4570 :
3387 4527 3442 4571 at
3490 4520 3780 4584 particula

2158 4604 2251 4642 nec
2289 4590 2512 4644 delenda
2570 4593 2621 4643 in
2654 4588 2777 4643 Vat.
2825 4587 2973 4653 lsid.,
3017 4589 3277 4643 subducta
3325 4588 3464 4642 linea
3510 4598 3777 4646 notatur.

2160 4660 2260 4715 Ms.
2299 4653 2415 4715 Vat.
2444 4660 2755 4715 collection.
2786 4661 2841 4725 ὃ,
2867 4660 2955 4713 sed
2983 4675 3140 4731 quant
3168 4660 3265 4714 sibi
3294 4660 3499 4713 viduam
3528 4676 3633 4714 non
3671 4680 3783 4717 co-

2197 4732 2369 4785 ularit.

2158 4747 2419 4856 ραίαῖίῖξι.
2447 4801 2535 4866 52,
2570 4801 2814 4856 Omnium
2844 4802 3188 4869 sacerdotum,
3220 4816 3270 4857 c.
3304 4803 3353 4855 1.

454 4872 1005 4952 duobusVindcbonq
1034 4874 1206 4929 altero
1225 4868 1535 4952 _co_llect_..5,
1566 4871 1736 4926 altero
1751 4868 1937 4952 '_l_lisp_.,
1960 4872 2048 4952 .ie-
2234 4870 2251 4911 1
2284 4872 2416 4952 Vide
2438 4883 2549 4952 not.
2583 4873 2650 4927 10
2687 4872 2888 4952 Quesn.
2924 4943 2957 4952 __
3174 4868 3181 4869 “
3544 4941 3575 4952 __

453 4944 598 5014 gitur
627 4943 1071 5014 Nicopotitanum.
1094 4944 1239 5015 quod
1260 4944 1377 5015 sine
1394 4942 1504 4996 ullo
1525 4956 1716 5015 sensus
1735 4940 2048 5015 discrimine
2228 4954 2267 4980 ω
2299 4944 2618 5011 Quesnellus
2665 4944 2799 4998 nihil
2851 4943 3113 5015 indicans,
3155 4953 3279 5012 post
3304 4954 3501 5015 vocent
3537 4940 3791 5015 liberum

454 5011 777 5112 Quesnellus
798 5018 1029 5085 recepit;
1062 5011 1210 5112 Epiri
1238 5013 1380 5112 enim
1401 5013 1869 5093 metropolitanus,
1890 5013 2049 5112 1ᾒυξιιε
2076 5050 2126 5112 D
2153 5015 2921 5112 ediecitgrbitrium{quodin
2950 5011 3787 5112 ῡὶοξιμείξξᾼαιξὶίξὲωᾴὶιίἓέρέ,

454 5085 543 5141 hic
583 5088 784 5141 mentio
812 5082 1063 5150 estferat
1108 5082 1515 5157 Nicopolitanus
1540 5086 1857 5157 episcopus.
1890 5082 2041 5157 Dein,
2076 5082 2125 5112 ν
2152 5082 2280 5141 Isid.
2306 5087 2533 5155 aliisque
2565 5082 2957 5157 posterioribus
2985 5082 3400 5157 collectionibus
3425 5082 3785 5157 reperimus;

451 5158 594 5229 apud
627 5168 675 5213 te
712 5159 941 5212 criminis
972 5161 1172 5229 pondus
1222 5155 1592 5229 arguebatest
1642 5156 1695 5229 in
1738 5154 1870 5209 mss.
1916 5154 2038 5229 Vat.

452 5174 485 5211 a
524 5174 593 5212 ua
627 5174 675 5213 ιε
712 5174 941 5212 crtmtms
972 5174 1172 5229 ponaus
1222 5174 1281 5210 ar
1320 5174 1468 5209 uenat
1509 5174 1592 5209 εει
1642 5174 1695 5209 ιη
1741 5174 1870 5209 11155.
1924 5174 2038 5210 Vill.

452 5174 606 5299 ὦδε).
639 5239 694 5285 et
721 5229 871 5293 isid.,
905 5244 1001 5285 nec
1028 5246 1132 5283 non
1167 5229 1220 5283 in
1254 5175 1630 5299 Vgat._collect.
1664 5227 1718 5293 5,
1749 5235 1803 5281 et
1833 5230 1886 5281 in
1924 5227 2041 5282 col-

452 5297 576 5356 lect.
607 5302 697 5357 21.
726 5301 1031 5357 Vindebon.
1065 5300 1275 5355 collect.
1309 5297 1342 5351 5
1388 5297 1552 5369 habet
1593 5306 1819 5369 tantum
1853 5314 2040 5369 argue-

455 5371 573 5450 _bat._
590 5372 647 5429 In
676 5374 834 5450 codd.
867 5383 1045 5428 autem
1078 5368 1668 5450 Vindebon._ii_ispan.,
1696 5378 1755 5450 et
1782 5368 1903 5450 Vat.
1928 5369 2043 5450 col-

451 5443 669 5500 lection.
703 5445 795 5513 24,
838 5459 902 5499 ac
939 5443 1304 5499 anterioribus
1343 5439 1526 5509 editis,
1566 5440 1706 5511 apud
1727 5451 1772 5494 te
1813 5439 2041 5494 criminis

449 5517 652 5588 pondus
684 5517 915 5588 urgebat.

526 5582 1050 5664 _‘_Quatu'or_codd.,
1098 5584 1471 5664 conﬁrmasses.
1524 5582 1729 5664 Melius
1767 5582 1821 5664 in
1860 5592 2034 5664 marg.

452 5654 706 5736 editionis
729 5658 922 5723 Labb.,
953 5660 1280 5736 cognosceris
1300 5658 1654 5736 conﬁrmasse.
1678 5654 1885 5736 Postea
1906 5654 2038 5736 editi

453 5741 578 5787 ante
604 5733 806 5800 Quesu.
850 5746 971 5785 cum
1005 5726 1133 5784 mss.
1178 5727 1392 5785 collect.
1438 5726 1528 5793 24,
1557 5728 1827 5797 gessisset;
1855 5726 2043 5781 caeteri

451 5803 687 5868 codices,
719 5804 1069 5856 committeret.

522 5883 550 5922 8
579 5874 854 5939 Justellus,
894 5890 1043 5941 quam
1083 5873 1217 5939 quod
1260 5873 1402 5926 nobis
1448 5870 1646 5939 placere
1690 5883 2041 5938 cognosceres.

522 5942 549 5983 δ
570 5944 664 6015 25,
692 5962 781 6017 qn.
814 5944 868 6009 2,
904 5944 1089 6013 Igitur,
1118 5958 1167 5997 c.
1196 5944 1247 5997 5.

2148 5158 2254 5213 Sed
2284 5158 2454 5228 magis
2481 5155 2727 5213 Leonina
2753 5158 2974 5228 visaest
3006 5158 3164 5211 lectio
3192 5155 3795 5228 anteriorumeditio-

2148 5245 2300 5295 num,
2331 5226 2449 5298 quin
2472 5245 2593 5283 cum
2621 5244 2751 5283 mss.
2784 5227 2994 5283 collect.
3040 5230 3093 5293 5,
3127 5228 3161 5281 5
3197 5237 3251 5280 et
3280 5227 3378 5298 24,
3424 5226 3657 5282 Merlino
3722 5239 3795 5285 et

2146 5300 2412 5355 Sichardo
2435 5342 2447 5363 ,
2484 5300 2587 5355 hoc
2608 5300 3007 5354 substantivum
3041 5297 3424 5367 prmtermittit.

2220 5379 2247 5406 η
2278 5369 2414 5426 Vide
2440 5384 2553 5426 n0t.
2584 5371 2643 5424 11
2678 5369 2973 5436 Quesnelli.

2218 5450 2241 5475 ο
2269 5440 2402 5497 Cod.
2440 5440 2557 5496 Vat.
2586 5441 2828 5511 Dionysii
2864 5448 2918 5496 et
2946 5439 3226 5507 Justellus,
3266 5436 3609 5511 velusecundo
3668 5450 3798 5495 ter.

2146 5512 2293 5567 tiove.
2326 5512 2470 5581 Mox,
2503 5514 2703 5567 levitico
2728 5508 3021 5566 'ministerio
3043 5510 3096 5565 in
3124 5524 3256 5564 mss.
3287 5508 3500 5565 collect.
3531 5509 3600 5563 24
3628 5526 3797 5569 cum

2148 5584 2306 5639 editis
2346 5592 2471 5639 ante
2514 5583 2863 5649 Quesnellum
2904 5598 2919 5638 :
2952 5583 3042 5653 qui
3090 5590 3354 5651 praeterea
3396 5582 3801 5650 corrigendus

2149 5664 2252 5721 est,
2275 5669 2399 5709 cum
2436 5657 2488 5710 in
2520 5654 2735 5725 postilla
2772 5653 3380 5725 marginalinotaverit,
3417 5666 3602 5707 vocem
3666 5656 3802 5709 mi-

2150 5727 2361 5804 nisterio
2384 5727 2437 5804 in
2464 5723 2624 5804 editis
2651 5723 3081 5804 additam'deteri
3102 5726 3157 5779 in
3180 5723 3416 5778 omnibus
3443 5739 3567 5804 mss.
3590 5726 3799 5804 codd2

2152 5797 2284 5875 Eam
2324 5798 2400 5853 uti
2442 5796 3409 5875 maximecongruaminsereremus
3458 5796 3695 5875 t.extui,_
3738 5799 3800 5853 si

2151 5869 2349 5938 quibus
2390 5884 2518 5925 mss.
2551 5869 2774 5927 alterius
2814 5864 3140 5940 antiquioris
3180 5864 3513 5924 collectionis
3554 5866 3803 5935 proba-

2156 5948 2321 5995 retur.
