4006 6348
248 402 335 465 673
1597 396 1924 458 EPISTOLA
1964 394 2105 457 XIV.

3380 398 3485 459 οη

247 532 334 587 tur,
359 527 453 589 qut
479 531 539 575 se
560 530 593 572 a
625 514 897 585 voluptate
919 521 941 550 ³
975 512 1159 570 uxoria
1194 509 1418 569 necdum
1448 511 1688 569 frenasse
1709 512 1802 571 de.
1830 512 1884 575 Δ
1908 510 2162 568 Ecclesiae
2187 508 2406 567 ordines
2434 508 2584 566 nasci
2608 507 2868 578 assolent,
2876 507 3265 580 judicetur.Ac
3278 509 3324 567 si
3342 511 3484 569 forte

248 612 441 681 tegitur.

299 697 421 755 Car.
454 697 519 752 V.
550 697 626 753 Ite
653 698 777 753 cleri
805 697 1067 770 plebisque
1106 696 1449 770 postulatione
1483 704 1531 750 et
1559 711 1805 752 consensu

246 795 287 845 in
313 791 665 862 episcoporum
693 790 1029 847 electione.—
1048 786 1075 826 δ
1092 787 1224 844 Cum
1249 803 1378 861 ergo
1405 788 1473 847 de
1496 788 1691 845 summi
1719 803 1802 843 sa-

246 884 458 942 cerdotis
490 884 753 942 electione
780 882 1111 953 tractabitur,
1139 882 1226 937 ille
1248 883 1496 938 omnibus
1524 896 1803 953 praepona-

246 986 314 1031 tur
348 991 506 1046 quem
554 985 575 1013 ι
624 975 753 1031 cleri
796 975 1073 1046 plebisque
1121 990 1415 1032 consensus
1465 976 1805 1036 concorditer

1907 603 2048 657 inter
2086 602 2231 673 ipsos
2257 603 2347 673 qui
2386 609 2624 675 praesunt
2668 601 2739 661 de
2777 602 3069 674 majoribus
3108 602 3273 674 (quod
3319 601 3485 676 absit)

1908 697 2141 766 peccatis
2167 711 2326 753 causa
2351 693 2379 734 ιι
2426 697 2681 764 nascitur,
2732 711 2853 769 quae
2896 697 3209 769 provinciali
3253 706 3483 767 nequeat

1906 787 2151 843 examine
2179 787 2423 854 deﬁniri;
2469 786 2856 845 fraternitatem
2899 794 3052 844 tuam
3082 786 3151 843 de
3177 788 3338 843 totius
3382 803 3481 844 ne-

1903 881 2033 952 gotii
2076 880 2331 951 qualitate
2370 882 2814 951 metropolitanus
2843 882 3051 940 curabit
3094 882 3380 951 instruere,
3422 890 3482 937 ut

1900 970 1949 1029 si
1968 986 2147 1027 coram
2190 971 2381 1041 positis
2427 972 2669 1044 partibus
2711 987 2813 1029 nec
2857 984 2946 1030 tuo
2986 973 3147 1031 fuerit
3187 988 3278 1032 res
3304 974 3480 1045 sopita

244 1067 544 1137 postularit:
577 1066 649 1124 ita
674 1075 735 1120 ut
760 1066 805 1121 si
836 1066 887 1120 in
914 1065 1073 1121 aliam
1096 1065 1236 1125 forte
1263 1080 1545 1137 personam
1576 1067 1802 1136 partium
1896 1062 2123 1138 judicio,
2162 1063 2228 1120 ad
2254 1072 2491 1123 nostram
2521 1064 2902 1137 cognitionem,
2932 1065 3185 1137 quidquid
3210 1065 3345 1123 illud
3372 1075 3477 1135 est,

244 1178 289 1220 se
314 1169 429 1215 vota
462 1159 767 1226 diviserint,
788 1158 1183 1229 metropolitani
1207 1157 1407 1227 judicio
1424 1158 1469 1213 is
1490 1158 1641 1215 alteri
1665 1174 1803 1229 pra:-

243 1254 431 1310 feratur
462 1252 554 1323 qui
588 1251 884 1321 majoribus
912 1262 966 1306 et
994 1251 1182 1307 studiis
1207 1251 1427 1321 juvatur
1460 1260 1515 1306 ct
1556 1253 1799 1309 meritis:

244 1358 426 1403 tantum
458 1356 517 1401 ut
539 1345 717 1400 nullus
743 1345 925 1403 invitis
943 1352 998 1400 et
1025 1361 1127 1400 non
1153 1344 1459 1413 petentibus
1490 1345 1797 1414 ordinetur;

242 1440 336 1497 dne
363 1443 553 1495 civitas
589 1442 899 1511 episcopum
923 1456 1028 1493 non
1061 1447 1299 1508 optatum
1340 1448 1427 1493 aut
1469 1448 1795 1507 contemnat,

242 1540 317 1587 aut
352 1532 565 1595 oderit;
601 1541 652 1586 et
690 1529 779 1587 ﬁat
817 1531 992 1586 minus
1039 1529 1281 1599 religiosa
1323 1544 1479 1599 quam
1526 1530 1798 1598 convenit,

241 1626 311 1678 cui
340 1639 444 1680 non
477 1624 691 1680 licuerit
712 1623 910 1679 habere
936 1639 1095 1693 quem
1119 1623 1304 1680 voluit.

295 1716 421 1773 Car.
455 1716 548 1773 VI.
594 1716 667 1770 De
695 1716 1036 1771 consecrando
1081 1715 1317 1784 cpiscOpo
1362 1715 1429 1767 ad
1475 1713 1801 1769 Thessaloni-

240 1825 421 1864 censem
448 1810 775 1878 referendum
802 1824 909 1861 esse
938 1809 1074 1863 intra
1104 1808 1399 1861 vicariatum
1423 1808 1554 1877 ejus.
1578 1836 1650 1845 —
1678 1814 1700 1841 θ
1725 1805 1800 1862 De

1904 1155 2271 1213 transferatur.

1970 1250 2105 1307 Car:
2124 1250 2258 1307 VIII.
2291 1250 2367 1306 De
2390 1251 2805 1309 translationibus
2836 1251 3191 1324 episcOporum
3208 1260 3479 1322 amputan-

1899 1343 1998 1398 dis.
2021 1372 2091 1382 —
2114 1339 2131 1379 ι
2160 1342 2218 1399 Si
2253 1343 2372 1412 quis
2394 1352 2434 1379 ω
2462 1344 2769 1413 episcopus,
2811 1342 3042 1401 civitatis
3061 1357 3172 1398 suae
3195 1343 3480 1401 mediocri-

1900 1442 2008 1492 tate
2036 1434 2310 1504 despecta,
2339 1434 2864 1493 adminisuationem
2894 1435 2998 1493 loci
3026 1434 3337 1495 celebrioris
3367 1450 3482 1491 am-

1899 1530 2076 1595 bierit,
2100 1538 2153 1586 et
2176 1529 2239 1585 ad
2263 1529 2520 1599 majorem
2541 1544 2603 1587 se
2628 1530 2838 1600 plebem
2860 1544 3195 1601 quacumque
3216 1537 3246 1566 ιι
3272 1530 3484 1589 ratione

1901 1622 2250 1691 transtulerit,
2302 1637 2331 1676 a
2362 1622 2616 1680 cathedra
2646 1622 2859 1693 quidem
2894 1623 3120 1691 pelletur
3149 1624 3342 1692 aliena,
3383 1624 3480 1680 sed

1899 1713 2103 1768 carebit
2143 1722 2198 1767 et
2240 1714 2454 1782 propria
2485 1731 2497 1767 :
2536 1722 2594 1768 ut
2622 1728 2720 1771 nec
2765 1713 2869 1769 illis
2909 1714 3194 1782 praesideat
3221 1728 3355 1784 quos
3384 1728 3480 1784 per

1900 1804 2179 1859 avaritiam
2209 1804 2534 1873 concupivit,
2581 1818 2683 1862 nec
2728 1804 2834 1861 illis
2866 1819 3001 1875 quos
3048 1820 3143 1877 per
3172 1806 3478 1876 superbiam

242 1916 455 1972 persona
483 1911 661 1958 autem
694 1901 1042 1956 consecrandi
1078 1900 1338 1971 episcopi,
1364 1908 1417 1953 et
1444 1899 1510 1954 de
1536 1899 1663 1954 cleri
1688 1898 1799 1967 ple—
1830 1895 1876 1958 Β
1903 1897 2122 1966 Sprevit.
2156 1896 2279 1952 Suis
2320 1896 2480 1966 igitur
2509 1897 2756 1954 terminis
2796 1896 3027 1969 quisque
3064 1906 3343 1953 contentus
3387 1899 3482 1965 sit,

242 1995 413 2065 bisque
438 2009 707 2052 consensu
732 1993 1177 2063 metropolitanus
1205 1991 1490 2061 episcopus
1516 1990 1583 2046 ad
1610 1992 1801 2046 frater—

243 2088 447 2143 nitatem
478 2096 623 2143 tuam
642 2088 869 2154 referat;
891 2086 1145 2157 quodque
1166 2086 1219 2143 in
1236 2085 1507 2155 provincia
1531 2085 1667 2142 bene
1688 2085 1804 2155 pla—

240 2178 352 2245 cuit,
388 2179 533 2235 scire
554 2187 606 2235 te
641 2178 820 2243 faciat,
854 2185 911 2233 ut
946 2176 1335 2233 ordinationem
1380 2177 1481 2231 rite
1522 2175 1803 2233 celebran-

240 2268 341 2321 dam
372 2277 463 2324 tua
494 2282 707 2338 quoque
728 2268 905 2324 firmet
929 2266 1237 2324 auctoritas.
1267 2266 1397 2334 Qua:
1421 2266 1585 2322 rectis
1621 2267 1803 2337 dispo-

238 2358 509 2415 sitionibus
536 2359 669 2415 nihil
695 2374 860 2416 morte
880 2368 971 2415 aut
992 2358 1322 2416 difﬁcultatis
1344 2360 1561 2416 debebit
1584 2360 1798 2427 afferre,

237 2467 293 2507 ne
322 2452 575 2523 gregibus
604 2452 815 2507 Domini
844 2452 935 2508 diu
961 2452 1099 2509 desit
1119 2467 1246 2509 cura
1274 2460 1567 2521 pastorum.

296 2541 315 2580 ί
345 2543 761 2614 Metropolitano
788 2558 923 2602 vero
951 2543 1221 2608 defuncto,
1250 2560 1370 2601 cum
1403 2545 1458 2601 in
1481 2544 1655 2599 locum
1685 2543 1801 2613 ejus

236 2634 353 2690 alius
388 2633 556 2693 fuerit
584 2636 973 2707 subrogandos,
999 2636 1355 2707 provinciales
1374 2637 1611 2706 episcopi
1639 2636 1706 2693 ad
1725 2637 1804 2693 ci-

237 2729 441 2783 vitatem
471 2731 809 2799 metropolim
831 2730 1123 2787 convenire
1148 2730 1445 2798 debebunt,
1473 2738 1531 2785 ut
1561 2731 1800 2789 omnium

234 2819 538 2875 clericorum
568 2829 731 2892 atque
755 2822 989 2877 omnium
1012 2822 1209 2879 civium
1233 2822 1507 2880 voluntate
1534 2822 1796 2892 discussa,

232 2925 287 2965 es
310 2910 645 2982 presbyteris
683 2922 709 2959 δ
747 2912 988 2984 ejusdem
1038 2913 1313 2981 Ecclesiae,
1339 2914 1425 2971 vel
1454 2929 1521 2969 ex
1558 2914 1800 2970 diaconis

231 3008 448 3075 optimus
476 3008 725 3082 eligatur,
761 3009 828 3064 de
851 3010 1001 3079 cujus
1031 3010 1248 3067 nomine
1277 3010 1346 3067 ad
1370 3018 1511 3064 tuam
1552 3008 1797 3066 notitiam

233 3099 579 3166 provinciales
632 3100 868 3157 referant
931 3102 1261 3167 sacerdotes,
1328 3100 1601 3171 impleturi
1673 3111 1797 3159 vota

1902 2002 2001 2042 nec
2030 2002 2195 2059 supra
2225 2002 2530 2045 mensuram
2556 1986 2695 2056 juris
2725 1987 2807 2044 sui
2834 1986 3044 2045 alfectet
3065 1990 3267 2057 augeri.

1970 2077 2099 2135 CAP.
2128 2078 2219 2135 IX.
2252 2077 2331 2133 De
2358 2078 2552 2135 clericis
2587 2076 2889 2148 transfugis.
2912 2108 2984 2117 —
3006 2086 3029 2114 ο
3055 2079 3300 2135 Alienum
3325 2091 3349 2129 ν
3373 2080 3482 2136 cle-

1902 2172 2095 2240 ricum,
2127 2172 2299 2230 invito
2325 2172 2579 2242 episcOpo
2609 2171 2796 2240 ipsius,
2828 2186 2989 2227 nemo
3016 2174 3290 2243 suscipiat,
3320 2188 3479 2230 nemo

1901 2263 2172 2331 sollicitet,
2200 2263 2301 2319 nisi
2327 2262 2466 2320 forte
2486 2278 2557 2321 ex
2583 2264 2779 2333 placito
2801 2263 3079 2320 charitatis
3105 2265 3157 2319 id
3186 2266 3323 2321 inter
3349 2266 3482 2321 dan-

1904 2366 2007 2415 tem
2052 2358 2512 2427 accipientemque
2552 2359 2881 2415 convenerit.
2924 2359 3089 2430 ωο
3126 2359 3257 2415 Nam
3300 2361 3481 2430 gravis

1900 2451 2111 2520 injuriae
2152 2467 2277 2509 reus
2312 2458 2396 2508 est
2436 2451 2527 2519 qui
2566 2450 2633 2507 de
2659 2449 2838 2508 fratris
2881 2450 3122 2506 Ecclesia
3154 2451 3206 2506 id
3229 2451 3368 2521 quod
3400 2461 3484 2506 est

1900 2542 2083 2599 utilius
2110 2552 2203 2599 aut
2234 2542 2519 2612 pretiosius
2541 2543 2703 2598 audet
2730 2542 2815 2601 vel
2841 2554 2869 2594 (ι
2896 2544 3136 2612 allicere,
3161 2546 3245 2601 vel
3275 2554 3478 2604 tenere.

1899 2635 2082 2707 Itaque
2130 2636 2175 2690 si
2217 2635 2357 2693 intra
2409 2637 2736 2706 provinciam
2783 2651 2870 2693 res
2909 2637 3103 2707 agitur,
3154 2638 3480 2708 transfugam

1899 2728 2152 2786 clericum
2183 2727 2249 2783 ad
2292 2742 2445 2785 suam
2475 2727 2775 2787 Ecclesiam
2813 2714 3259 2798 metropolitanus
3304 2730 3481 2786 redire

1900 2822 2203 2892 compellet.
2242 2820 2297 2878 8i
2343 2829 2521 2877 autem
2553 2820 2764 2893 longius
2810 2820 3055 2885 recessit,
3104 2822 3181 2876 tui
3231 2821 3484 2891 praecepti

1902 2919 2221 2971 auctoritate
2248 2916 2624 2983 revocabitur;
2673 2924 2731 2974 ut
2770 2930 2871 2974 nec
2900 2914 3201 2985 cupiditati,
3231 2930 3331 2971 nec
3363 2930 3482 2969 am-

1901 3006 2087 3063 bitioni
2110 3007 2323 3063 occasio
2353 3006 2705 3077 relinquatur.

1972 3096 2099 3153 Car.
2138 3097 2207 3152 Χ.
2249 3095 2327 3151 De
2373 3099 2725 3169 episcoporum
2765 3116 2797 3154 a
2830 3098 3153 3171 metropolita
3200 3098 3480 3154 vocatione.

230 3191 576 3257 poscentium,
601 3188 634 3233 ιλ
659 3206 781 3249 cum
801 3192 940 3262 quod
964 3192 1270 3263 689ipsis
1298 3192 1513 3263 placuit,
1543 3191 1634 3248 tibi
1661 3208 1797 3263 quo-
1901 3220 1968 3233 —-
2000 3190 2055 3244 In
2087 3190 2374 3246 evocandis
2402 3201 2581 3247 autem
2616 3191 2683 3248 ad
2724 3200 2777 3248 te
2815 3192 3081 3261 episcopis
3110 3191 3483 3248 moderatissi-

229 3292 319 3346 Que
344 3280 617 3349 placuisse
635 3282 995 3351 cognoverint.
1028 3282 1177 3336 Sicut
1201 3285 1344 3337 enim
1371 3282 1543 3349 justas
1572 3267 1870 3336 electio-C
1901 3297 2044 3338 mum
2094 3297 2214 3340 esse
2262 3292 2313 3338 te
2362 3284 2628 3349 volumus,
2682 3300 2749 3341 ne
2797 3300 2892 3355 per
2931 3286 3149 3355 majoris
3192 3285 3485 3354 diligentia:

228 3384 313 3424 nes
342 3371 507 3427 nullis
532 3371 877 3427 dilationibus
897 3372 1140 3426 volumus
1168 3371 1404 3443 fatigari;
1430 3369 1503 3429 ita
1524 3370 1652 3428 nihil
1670 3385 1794 3440 per-

227 3462 478 3518 mittimus
500 3473 553 3518 te
580 3464 857 3534 ignorante
883 3465 1151 3534 praesumi.

283 3554 410 3611 Car.
444 3553 553 3611 VII.
588 3554 665 3608 De
700 3557 926 3610 conciliis
969 3555 1359 3626 provincialibus
1388 3555 1791 3626 frequentandis.

242 3674 283 3685 -
304 3644 378 3701 De
402 3646 650 3702 conciliis
679 3654 857 3703 autem
884 3646 1273 3717 episcopalibus
1302 3661 1409 3704 non
1434 3648 1578 3703 aliud
1603 3646 1793 3704 indici-

224 3751 325 3795 mus
344 3753 513 3809 quam
543 3734 560 3775 ί
595 3740 765 3794 sancti
806 3739 991 3797 Patres
1016 3740 1304 3797 salubriter
1342 3741 1655 3798 ordinarunt
1686 3758 1699 3796 :
1732 3749 1793 3797 ut

225 3831 416 3886 scilicet
441 3832 554 3887 bini
581 3840 877 3889 conventus
902 3847 997 3903 per
1014 3848 1187 3891 annos
1211 3834 1449 3904 singulos
1471 3834 1784 3900 habeantur,

224 3926 264 3979 in
300 3927 499 3998 quibus
541 3926 611 3982 de
652 3926 898 3984 omnibus
927 3926 1156 3996 querelis
1201 3942 1323 3997 quae
1364 3926 1505 3983 inter
1547 3927 1789 3985 diversos

280 4108 303 4137 ι
329 4103 609 4169 Justellus,
641 4104 837 4159 uxoris.
868 4103 995 4162 Mss.
1025 4103 1201 4174 Hisp.,
1222 4103 1349 4160 Isid.
1378 4110 1434 4160 et
1457 4104 1668 4161 collect.
1691 4104 1783 4173 2|,

221 4194 243 4229 ι
262 4178 519 4245 roluptate
540 4176 783 4231 luxuria.

274 4248 299 4287 ι)
330 4248 470 4301 Dist.
495 4246 585 4310 65,
617 4246 677 4301 Si
707 4250 858 4317 forte,
877 4262 926 4303 c.
952 4248 1048 4311 56;
1080 4246 1293 4305 Decret.
1324 4246 1435 4303 Ivo.
1463 4246 1561 4302 lib.
1595 4261 1677 4304 In.

278 4331 298 4358 ε
328 4317 470 4372 Vide
498 4326 611 4371 not.
642 4319 708 4373 15
735 4317 940 4385 Quesn.

273 4388 299 4425 ἀ
323 4387 608 4443 Editiones
638 4388 926 4455 Qucsnello
964 4388 1261 4445 anteriores
1288 4402 1409 4445 cum
1440 4403 1573 4445 mss.
1605 4386 1782 4457 Hisp.,

220 4459 325 4515 lsid.
350 4469 407 4513 et
445 4459 658 4514 collect.
684 4458 774 4524 21,
801 4476 863 4513 ne
890 4459 1029 4529 plebs
1060 4461 1221 4515 invita
1247 4461 1562 4531 episcopum.
1595 4460 1649 4514 ln
1676 4458 1787 4517 ﬁne

218 4532 388 4612 rapitis
422 4530 723 4612 [tropei-uit,
754 4532 886 4585 alias
907 4532 1141 4612 voluerit.

274 4612 295 4639 ο
328 4601 472 4655 Dist.
499 4600 589 4665 65,
614 4600 689 4653 De
711 4617 944 4670 persona,
978 4618 1028 4655 ς.
1052 4603 1103 4655 4.

270 4670 297 4753 ’ί
328 4671 474 4753 Dist.
518 4671 609 4735 63,
644 4670 1062 4741 Metropolitano,
1105 4686 1154 4727 c.
1205 4670 1300 4737 I9;
1344 4679 1402 4727 et
1424 4671 1548 4729 dist.
1593 4673 1684 4738 77,
1729 4674 1784 4727 in

216 4757 477 4895 “miliae
506 4820 617 4895 not.
638 4814 716 4895 ‘Ii
741 4812 1040 4895 Q_uuesnelli,
1077 4820 1133 4868 ct
1174 4812 1241 4867 ad
1267 4813 1431 4868 verba
1458 4829 1520 4868 ea:
1548 4813 1781 4868 diaconis

217 4884 321 4941 vide
350 4894 471 4938 not.
502 4884 740 4952 ejusdem
774 4882 861 4938 15.

272 4954 299 4996 h
331 4955 547 5024 Vulgat.
582 4964 707 5011 ante
743 4954 945 5021 Quesn.
994 4970 1116 5010 cum
1160 4954 1319 5010 codd.
1348 4955 1561 5012 collect.
1601 4955 1696 5024 24,
1736 4956 1784 5009 si

215 5027 463 5175 ffngist.
512 5097 602 5167 I8,
651 5094 730 5148 De
750 5095 998 5164 conciliis,
1046 5111 1097 5152 c.
1139 5096 1202 5167 3;
1250 5104 1306 5151 et
1339 5097 1394 5153 in
1424 5094 1633 5154 Decret.
1666 5098 1778 5151 lvo.

213 5165 293 5221 lib.
329 5184 407 5222 tv.
588 5165 594 5167 “

275 5239 287 5287 i
332 5238 472 5294 Vide
499 5247 609 5293 not.
640 5237 705 5292 16
732 5238 934 5304 Quesn.

270 5306 293 5345 ¹ι
322 5309 433 5363 Ms.
462 5309 583 5364 Vat.
618 5308 836 5379 Dionys.
880 5317 935 5365 et
967 5308 1122 5363 codd.
1162 5307 1371 5379 collect.
1397 5306 1467 5379 24
1492 5323 1613 5363 cum
1644 5308 1783 5363 Mcr-

212 5377 309 5433 lino
338 5389 396 5434 et
427 5379 711 5444 Sichardo,
740 5377 996 5432 nascatur.
1033 5379 1090 5434 In
1118 5379 1222 5433 ﬁne
1254 5377 1466 5448 capitis,
1487 5394 1583 5448 pro
1608 5388 1781 5435 trans-

211 5452 401 5518 feratur
430 5466 533 5505 ms.
565 5449 792 5505 Vindeb.
825 5449 973 5518 Hisp.
1000 5450 1157 5505 habet
1176 5453 1447 5519 referatur.

276 5519 294 5558 1
327 5523 385 5583 Ἰ,
413 5536 506 5590 qu.
543 5523 595 5587 ί,
624 5519 685 5576 Si
709 5521 821 5589 quis
843 5522 1133 5591 episcopus,
1157 5535 1205 5575 c.
1233 5521 1284 5573 1.

269 5600 309 5627 π-
334 5588 563 5663 Dionys.
582 5606 727 5663 cum.
754 5588 883 5646 mss.
902 5588 1178 5663 Hadriam,
1203 5591 1351 5661 ilisp.
1384 5599 1437 5647 et
1463 5588 1616 5659 Isid.,
1635 5592 1775 5647 inse-

208 5673 324 5717 runt
353 5661 547 5716 autent.
580 5661 709 5716 Vide
739 5670 848 5714 not.
881 5663 946 5716 I7
976 5662 1177 5729 Quesn.
1560 5702 1563 5707 ν

268 5741 295 5769 ιι
316 5735 457 5790 Mss.
485 5732 605 5788 Vat.
627 5732 842 5790 collect.
864 5734 922 5800 5,
940 5732 1243 5791 Vindebon.
1259 5734 1473 5791 collect.
1490 5733 1524 5788 5
1545 5740 1599 5788 et
1617 5732 1774 5790 codd.

209 5803 419 5862 collect.
453 5804 520 5861 24
540 5819 662 5860 cum
681 5803 836 5860 editis
861 5812 985 5859 ante
1006 5804 1234 5874 Quesn.,
1271 5807 1567 5869 occasione;
1597 5805 1777 5862 caeteri

209 5876 374 5931 nostri
413 5884 471 5931 et
503 5890 689 5933 omnes
710 5874 984 5942 Quesnelli
1022 5876 1075 5932 in
1110 5879 1352 5949 margine
1387 5878 1454 5932 ab
1482 5876 1670 5934 eodem
1693 5877 1775 5932 ci-

1899 3373 2133 3443 speciem
2181 3371 2436 3431 fraternis
2464 3375 2682 3444 gloriari
2714 3375 2945 3431 videaris
2988 3375 3214 3445 injuriis.
3244 3375 3398 3431 Unde
3434 3376 3481 3431 si

1897 3481 2056 3522 causa
2090 3466 2265 3534 aliqua
2305 3466 2481 3536 major
2523 3466 2791 3525 exstiterit
2824 3467 2894 3523 ob
2918 3482 3079 3537 quam
3114 3478 3135 3505 τ
3168 3468 3484 3523 rationabile

1895 3573 1959 3615 ac
1988 3557 2352 3614 necessarium
2382 3559 2453 3614 sit
2487 3558 2787 3617 fraternum
2829 3560 3094 3618 advocare
3134 3571 3478 3629 conventum,

1896 3650 2051 3706 binos
2080 3650 2147 3705 de
2174 3650 2399 3721 singulis
2440 3652 2727 3721 provinciis
2766 3653 3068 3723 episcopos,
3114 3668 3247 3723 quos
3276 3664 3479 3709 metro-

1896 3742 2117 3812 politani
2143 3742 2470 3798 crediderint
2504 3759 2624 3803 esse
2650 3746 2958 3815 mittendos,
2998 3747 3063 3802 ad
3093 3747 3477 3803 fraternitatem

1898 3844 2040 3889 tuam
2085 3834 2271 3890 venire
2312 3833 2558 3903 sufﬁciat,
2608 3836 2681 3893 ita
2708 3847 2731 3875 ³
2773 3846 2831 3893 ιιι
2865 3853 2893 3891 a
2916 3838 3210 3907 praestituto
3240 3847 3480 3908 tempore

1900 3941 2005 3983 non
2024 3926 2160 3983 ultra
2175 3925 2475 3995 quindecim
2497 3928 2614 3988 dies
2628 3930 2718 4000 qui
2736 3932 3085 3988 convenerint
3110 3930 3477 3987 rctardentur.

1894 4104 2013 4171 tati,
2041 4106 2260 4189 ratione.
2292 4106 2665 4189 Moshpellatur
2691 4123 2786 4189 pro
2829 4110 3042 4179 pelletur
3070 4110 3124 4165 in
3161 4112 3318 4169 codd.
3348 4112 3477 4168 Dio-

1894 4190 2041 4244 nys.,
2076 4176 2357 4242 Hadriam,
2386 4178 2539 4246 llisp.
2567 4188 2618 4233 et
2642 4176 2763 4233 Isid.
2830 4176 2839 4179 ’

1938 4286 1941 4289 γ
1966 4255 1990 4282 ο
2027 4246 2157 4301 Vide
2178 4257 2291 4331 not.
2416 4248 2614 4331 Quesn.
2642 4248 2957 4331 Ppstpauca
2981 4251 3107 4331 editi
3131 4254 3474 4331 ante_Quesn.

1891 4331 2012 4390 cum
2040 4332 2171 4373 mss.
2191 4317 2313 4373 Vat.
2337 4319 2571 4390 Dionysii
2597 4331 2651 4375 et
2666 4317 2874 4375 duobus
2892 4322 3143 4378 Hadrian.
3168 4339 3230 4380 ac
3244 4317 3473 4382 Vindeb.

1892 4388 2040 4457 Ilisp.
2052 4430 2066 4453 ,
2098 4390 2381 4442 conveniat.

1963 4469 1990 4507 P
2024 4460 2108 4525 I9,
2142 4476 2232 4528 qu.
2260 4461 2315 4525 2,
2349 4460 2586 4515 Alienum
2611 4460 2871 4528 clericum,
2900 4477 2949 4519 c.
2982 4466 3033 4519 1.

1966 4539 1993 4605 ς
2023 4530 2342 4605 Q_uesnellus
2371 4533 2424 4586 in
2459 4533 2699 4605 margine
2726 4552 2737 4585 :
2773 4531 2860 4587 Ita
2886 4536 3010 4588 edit.
3038 4536 3288 4605 Nicolini,
3329 4538 3472 4594 Mcr-

1890 4603 2006 4666 lini,
2048 4601 2305 4673 Romana,
2355 4614 2401 4655 et
2438 4603 2741 4673 posteriores
2785 4621 2976 4673 ontnes,
3021 4616 3067 4660 et
3104 4601 3302 4665 codices
3349 4627 3475 4667 mss.

1891 4683 2013 4727 tres.
2037 4671 2153 4745 Alii
2170 4682 2388 4745 quatuor
2413 4671 2526 4726 cum
2555 4673 2740 4740 Diom,
2773 4671 2970 4741 Cresa,
2993 4676 3261 4745 Sithard.,
3293 4680 3471 4738 Canis.

1809 4741 1863 4802 D
1884 4745 2032 4807 edit.,
2067 4741 2250 4815 habent
2273 4744 2525 4815 abjicere,
2555 4756 2601 4800 et
2626 4746 2721 4799 hoc
2744 4746 2898 4801 male.
2931 4748 3129 4815 Omnes
3160 4741 3268 4806 fere
3299 4755 3471 4807 nostri

1887 4816 2102 4893 codices
2135 4814 2333 4893 habent
2360 4814 2587 4884 allicere,
2611 4832 2831 4893 proque
2848 4818 2967 4893 Vat.
2988 4818 3228 4893 Dionysii
3256 4822 3471 4893 illicere,

1890 4902 2043 4956 teque
2072 4885 2226 4940 bene.
2260 4885 2451 4940 Nostra
2486 4902 2699 4955 quoque
2725 4885 2971 4943 Sichardi
3012 4885 3176 4948 editio
3207 4893 3369 4949 habet
3396 4885 3477 4948 al:-

1888 4958 2057 5035 licere.
2101 4956 2212 5035 Soli
2256 4971 2385 5035 mss:
2434 4957 2564 5035 libri
2586 4957 2710 5035 Vat.
2749 4958 2995 5035 Hisp.__et
3030 4961 3155 5016 Isid.
3178 5004 3193 5029 ,
3228 4966 3467 5035 abjicere.

1890 5026 2436 5104 AtuVindebonensis,
2476 5028 2566 5104 qui
2596 5026 3239 5104 purioremhilispanicam
3283 5026 3468 5104 refert,

1889 5100 2113 5154 allicere.
2136 5098 2279 5165 Mox,
2307 5099 2559 5170 agaturin
2585 5100 2978 5169 antiquioribus
3000 5098 3329 5160 editionibus
3362 5098 3467 5163 non

1889 5170 2602 5242 solum‘cummssrcollect.
2626 5170 2696 5224 2t
2723 5181 2776 5227 et
2800 5172 3082 5242 Sichardo,
3101 5192 3283 5231 verum
3305 5179 3467 5232 etiam

1889 5254 2008 5316 cum
2040 5239 2284 5316 Vindeb._
2302 5240 2512 5316 collect.
2541 5242 2603 5316 _5,_
2632 5245 2954 5316 proagitur.
2986 5239 3234 5316 Et’paulo
3264 5259 3382 5316 post
3411 5247 3468 5305 in

1892 5310 2013 5387 Va_t_.
2049 5310 2287 5380 Dionysii
2322 5321 2375 5387 et
2415 5310 2647 5368 Vindeb.
2688 5310 2863 5383 Hisp.,
2894 5310 3165 5387 compellat
3207 5310 3301 5386 pro
3330 5334 3469 5371 com-

1890 5383 2075 5457 pellet;
2117 5382 2360 5449 processit
2382 5398 2534 5457 __vero
2561 5398 2658 5453 pro
2689 5382 2895 5440 recessit
2922 5387 2976 5441 in
3006 5382 3239 5457 antiquis
3268 5388 3468 5444 editio~

1888 5452 2045 5506 nibus
2076 5458 2130 5504 et
2156 5465 2287 5505 mss.
2314 5452 2526 5509 collect.
2554 5452 2644 5510 94.

1962 5532 1984 5559 τ
2013 5521 2334 5595 Quesnellus
2365 5538 2430 5578 ex
2460 5540 2589 5579 mss.
2630 5525 2832 5581 addidit
2878 5529 3199 5595 rationabile,
3249 5546 3329 5583 ac.
3372 5529 3470 5586 IIas

1886 5606 2044 5666 voces
2082 5593 2330 5663 leguntur
2356 5609 2571 5666 quoque
2605 5597 2655 5651 in
2706 5599 2901 5653 nostris
2932 5593 3229 5655 codicibus.
3262 5600 3467 5657 Desunt

1885 5665 1936 5718 in
1966 5679 2098 5719 mss.
2127 5666 2338 5719 collect.
2358 5667 2450 5722 24.
2471 5665 2599 5723 Post
2628 5682 2814 5737 pauca,
2839 5668 3090 5736 su/Iecerit
3121 5686 3217 5742 pro
3244 5672 3468 5742 sufﬁciat

1884 5736 1937 5790 in
1966 5734 2087 5790 Vat.
2119 5736 2331 5792 collect.
2360 5738 2416 5792 5.

1884 5744 1937 5790 tn
1970 5744 2087 5790 Vat.
2119 5744 2331 5793 collect.
2360 5744 2416 5793 5.

1959 5814 1979 5841 ³
2016 5807 2113 5869 Hic
2140 5808 2301 5878 incip.
2331 5822 2445 5879 cap.
2484 5811 2544 5868 11
2578 5808 2805 5881 Dionys.
2837 5810 2989 5882 Esig.
