4006 6348
486 380 595 441 675

1616 378 1672 433 S.
1710 372 1964 431 LEUNIS
1992 370 2203 431 MAGNI
2241 362 2614 426 EPISTOLE.

3645 355 3749 417 676

550 496 681 552 Cn.
714 494 805 551 Β.
848 494 1267 549 Wbut
1308 506 1343 544 α
1381 490 1821 545 Thessalonicensi
1862 488 2059 544 ceteris
2082 499 2134 561 Α
2160 500 2344 552 corpus
2373 498 2551 536 sumus
2590 482 2642 533 in
2665 477 2888 542 Christo,
2932 473 3120 545 singuli
3160 479 3329 527 autem
3358 470 3490 524 alter
3538 470 3747 527 alterius

483 591 752 659 episcopis,
802 588 1095 643 [tumtutum
1126 601 1233 640 esse
1276 584 1667 639 consulendum
1693 613 1766 626 -—
1790 583 1853 640 Si
1876 592 2059 638 autem

481 683 539 739 in
560 698 628 739 eo
656 682 797 752 quod
827 695 951 735 cum
976 679 1233 733 frauibus
1261 678 1594 733 tractandtmt
1624 677 2063 734 definiendume

481 775 771 830 credideris
797 772 1013 827 diversa
1038 786 1225 827 eorum
1255 771 1417 827 fuerit
1456 787 1489 827 a
1512 781 1600 826 tua
1629 772 1903 826 voluntate
1930 785 2061 825 sen-

482 867 691 933 tentia,
739 865 813 919 ad
849 879 951 919 nos
999 865 1183 920 omnia
1222 865 1322 919 sub
1368 874 1642 935 gestorum
1685 863 2063 919 testiﬁcatione

481 969 509 998 ει
536 959 859 1027 referantur,
890 967 970 1027 ut,
1004 961 1231 1016 remotis
1254 959 1715 1029 ambiguitatibus,
1758 957 1902 1029 quod
1950 959 2069 1012 Deo

480 1054 688 1125 placeat
712 1054 1051 1111 decernatur.
1090 1054 1173 1109 Ad
1200 1055 1341 1109 hunc
1369 1055 1521 1110 enim
1545 1054 1709 1107 linem
1737 1066 1953 1106 omnem
1979 1050 2061 1103 af-

480 1145 676 1202 fectum
723 1157 963 1202 nostrum
1006 1163 1296 1217 curamque
1341 1147 1652 1217 dirigimus,
1703 1153 1760 1200 ut
1806 1145 1953 1215 quod
1993 1143 2062 1199 ad

481 1241 741 1295 unitatem
768 1240 1094 1302 concordia,
1126 1251 1178 1295 et
1207 1239 1357 1310 quod
1391 1239 1465 1294 ad
1494 1236 1793 1294 custodiam
1833 1236 2065 1306 pertinet

481 1331 801 1401 disciplina,
854 1333 995 1387 nulla
1022 1333 1362 1387 dissensione
1392 1332 1638 1399 violetur,
1672 1330 1823 1385 nulla
1854 1328 2065 1385 desidia

483 1424 802 1495 negligatur.
849 1425 913 1479 Et
944 1432 997 1479 te
1042 1425 1225 1494 igitur,
1268 1424 1435 1478 frater
1463 1422 1843 1487 dilectissime,
1878 1434 1934 1477 et
1970 1436 2065 1477 eos

483 1516 679 1572 fratres
731 1525 946 1571 nostros
985 1517 1081 1585 qui
1106 1516 1175 1570 de
1214 1517 1319 1569 tuis
1348 1514 1692 1570 offenduntur
1732 1513 2061 1577 excessibus,

482 1621 601 1662 cum
633 1616 809 1661 tamen
840 1622 944 1661 non
973 1607 1167 1662 similis
1198 1610 1266 1661 sit
1290 1606 1315 1646 δ
1347 1607 1594 1661 omnibus
1625 1607 1846 1661 materia
1876 1621 2066 1676 quere-

483 1699 677 1765 larum,
709 1699 896 1755 hortor
927 1708 984 1755 et
1027 1715 1244 1767 moneo,
1292 1710 1346 1754 ut
1372 1716 1493 1770 qlia:
1536 1700 1622 1769 pie
1648 1706 1773 1754 sunt
1801 1699 2065 1763 ordinata,

484 1793 875 1864 salubriterque
891 1793 1145 1863 disposita
1171 1793 1315 1847 nulla
1344 1794 1741 1849 concertatione
1764 1793 2067 1846 turbentur.

2162 579 2386 633 membra
2417 576 2593 650 (Ilom.
2620 591 2713 641 xu,
2747 574 2809 638 5;
2843 571 2863 625 Ι
2888 571 3005 625 Cor.
3034 585 3129 637 xtt,
3166 566 3278 636 12).
3303 563 3330 603 ά
3366 564 3642 621 Connexio
3670 574 3751 621 to-

2164 674 2271 729 tius
2301 670 2545 741 corporis
2582 683 2744 723 unam
2776 666 3082 730 sanitatem,
3112 676 3268 715 unam
3296 657 3749 728 pulchritudinem

2163 767 2290 822 facit
2322 785 2335 819 :
2364 773 2419 820 et
2446 765 2561 818 haec
2582 758 2849 816 connexio
2872 756 3035 810 totius
3061 752 3277 824 quidem
3299 751 3541 822 corporis
3562 750 3753 804 unani-

2164 864 2407 918 mitatem
2456 855 2702 925 requirit,
2751 850 2845 906 sed
2895 846 3162 919 praecipue
3206 844 3373 915 exigit
3409 843 3752 898 concordiam

2163 952 2526 1010 sacerdotum.
2557 958 2579 984 ε
2632 945 2837 1012 Quibus
2877 956 2998 997 cum
3042 937 3273 1009 dignitas
3317 937 3387 991 sit
3423 934 3755 1002 communis,

2165 1064 2272 1104 non
2302 1055 2386 1101 est
2412 1055 2595 1099 tamen
2618 1040 2751 1095 ordo
2773 1036 3039 1108 generalis
3067 1052 3079 1087 :
3107 1032 3360 1103 quoniam
3385 1038 3438 1084 et
3468 1030 3606 1083 inter
3628 1027 3753 1081 bea-

2165 1141 2401 1196 tissimos
2430 1135 2704 1207 apostolos
2748 1133 2800 1187 in
2840 1128 3194 1185 similitudine
3221 1124 3443 1179 honoris
3479 1121 3580 1177 fuit
3608 1136 3755 1190 qua:-

2166 1233 2289 1290 dam
2314 1230 2567 1286 discretio
2599 1224 2918 1298 potestatis;
2964 1232 3017 1276 et
3045 1236 3165 1275 cum
3199 1218 3439 1273 omnium
3478 1231 3574 1285 par
3610 1221 3757 1269 esset

2165 1325 2383 1389 electio,
2409 1321 2502 1376 uni
2529 1330 2706 1375 tamen
2729 1318 2909 1372 datum
2932 1323 3017 1369 est
3040 1322 3101 1367 ut
3128 1311 3336 1367 caeteris
3361 1308 3757 1378 pracemineret.

2166 1420 2243 1474 De
2272 1432 2373 1488 qua
2400 1417 2569 1471 forma
2600 1413 2974 1481 episcoporum
2993 1421 3209 1477 quoque
3225 1413 3307 1459 est
3329 1410 3443 1457 orta
3463 1400 3759 1463 distinctio,

2165 1521 2222 1566 et
2262 1524 2455 1579 magna
2501 1506 2840 1561 ordinatione
2884 1501 3157 1571 provisum
3205 1504 3293 1550 est
3332 1510 3399 1549 ne
3439 1507 3626 1548 omnes
3654 1490 3761 1545 sibi

2166 1603 2343 1660 omnia
2378 1600 2743 1662 vindicarent;
2775 1595 2868 1651 sed
2903 1600 3086 1649 essent
3113 1592 3165 1645 in
3200 1588 3429 1660 singulis
3469 1584 3762 1655 provinciis

2166 1694 2386 1766 singuli,
2419 1708 2644 1764 quorum
2675 1691 2840 1761 ω
2871 1690 3010 1742 inter
3040 1687 3233 1741 fratres
3267 1682 3558 1737 haberetur
3590 1680 3759 1748 prima

2169 1788 2471 1852 sententia;
2522 1797 2577 1841 et
2625 1798 2813 1841 rursus
2842 1781 3057 1851 quidam
3100 1778 3165 1833 in.
3198 1776 3495 1845 majoribus
3537 1773 3763 1828 urbibus

483 1885 641 1956 691
674 1885 840 1940 Nemo
862 1886 1005 1956 quod
1032 1900 1186 1940 suum
1211 1894 1293 1941 est
1312 1896 1541 1955 quaerat,
1564 1885 1658 1940 sed
1680 1884 1827 1953 quod
1847 1884 2073 1939 alterius
2098 1890 2148 1954 Β
2172 1880 2452 1941 constituti
2480 1876 2895 1934 sollicitudinem
2922 1873 3256 1941 susciperent
3280 1868 3629 1937 ampliorem,
3667 1880 3763 1934 per

487 1978 723 2048 (Philip.
754 1994 791 2032 η
811 2020 825 2045 ,
858 1978 912 2045 4,
940 1978 1055 2047 21η),
1087 1980 1225 2033 sicut
1254 1980 1645 2048 Apostolusaio
1673 1997 1684 2031 :
1720 1977 2077 2048 Unusquisque

492 2079 514 2107 ο
536 2080 757 2124 vestrum
776 2070 1008 2139 proximo
1036 2087 1127 2123 suo
1154 2072 1349 2139 placeat
1376 2071 1428 2123 in
1456 2070 1642 2123 bonum
1671 2070 1737 2123 ad
1766 2070 2068 2137 ratiﬁcatio-

486 2178 598 2216 nem
627 2162 801 2234 (Rom.
832 2178 920 2229 xv,
950 2163 1031 2232 2).
1063 2162 1172 2217 Nec
1213 2163 1355 2218 enim
1394 2163 1592 2232 poterit
1618 2162 1837 2215 unitatis
1868 2170 2073 2215 nostra:

486 2255 634 2309 Irma
674 2269 794 2310 esse
817 2269 1095 2325 compago,
1128 2256 1235 2309 nisi
1261 2271 1358 2311 nos
1388 2256 1454 2309 ad
1492 2253 1900 2325 inseparabilem
1935 2253 2070 2308 soli-

486 2347 702 2403 ditatem
732 2348 1004 2405 vinculum
1050 2348 1327 2403 cbaritatis
1374 2348 1686 2403 astrinxerit
1717 2363 1733 2402 :
1766 2348 1897 2416 quia
1936 2348 2071 2399 sicut

487 2447 538 2501 in
559 2463 662 2500 uno
688 2462 900 2515 corpore
936 2447 1096 2499 multa
1126 2446 1350 2500 membra
1389 2447 1655 2510 habemus,
1703 2444 1876 2497 omnia
1901 2452 2075 2496 autem

488 2539 708 2595 membra
736 2553 838 2593 non
864 2539 1096 2594 eumdem
1135 2546 1304 2593 actum
1345 2537 1563 2602 habent;
1608 2538 1687 2591 ita
1718 2537 1869 2591 multi
1910 2550 2077 2589 unum

560 2775 587 2803 ιι
618 2762 693 2818 Ita
720 2758 961 2831 plerique
1004 2772 1135 2814 mss.
1178 2759 1323 2826 libri,
1370 2767 1423 2813 et
1461 2754 1589 2812 editi
1627 2770 1747 2811 cum
1790 2754 2068 2827 Dionysio.

489 2834 827 2903 Quesnellus,
858 2832 1167 2901 referentur.

560 2907 589 2946 ιι
612 2906 738 2960 Mss.
762 2900 973 2958 collect.
1001 2903 1210 2956 ﬁscum
1240 2901 1390 2970 Vulg.
1423 2909 1548 2954 ante
1568 2900 1796 2966 Quesn.,
1823 2900 2071 2970 omnium.

563 2988 584 3017 α
619 2978 675 3031 In
706 2990 834 3029 mss.
874 2974 1026 3043 liisp.
1053 2984 1105 3026 et
1139 2972 1265 3027 Isid.
1294 2969 1453 3041 atque
1494 2972 1545 3025 in
1572 2970 1730 3043 codd.
1759 2969 1969 3043 collect.
2003 2969 2067 3022 21

488 3048 752 3105 omittitur
778 3054 1017 3099 vestrum.
1050 3043 1167 3098 Mox
1204 3045 1256 3096 in
1282 3043 1409 3097 bono
1445 3057 1538 3109 pro
1573 3043 1627 3096 in
1660 3042 1846 3095 bonum
1875 3042 2075 3095 habent

490 3121 617 3175 editi
645 3129 767 3171 ante
803 3118 1001 3181 Quesn.
1046 3129 1167 3169 cum
1201 3129 1301 3167 ms.
1342 3112 1645 3167 Vindebon.
1679 3114 1890 3168 collect.
1922 3113 1978 3179 5,
2020 3113 2073 3167 in

492 3206 598 3261 quo
629 3188 785 3258 paulo
814 3197 958 3253 ante,
990 3194 1035 3239 et
1060 3187 1190 3239 sicut
1215 3185 1510 3253 Apostolus.

562 3258 590 3298 ά
620 3262 763 3314 Idem
787 3256 1084 3311 Vindebon.
1118 3257 1329 3311 collect.
1364 3256 1417 3314 5,
1450 3254 1577 3309 Hazc
1606 3255 1854 3310 connexio

568 3340 592 3368 θ
623 3332 703 3385 De
751 3328 980 3382 lectione
1030 3328 1247 3396 quidem
1292 3296 1526 3397 Dionysii
1566 3326 1914 3397 dubitandum
1967 3340 2076 3381 non

494 3411 601 3465 est,
626 3413 682 3455 ut
707 3398 961 3453 dubitavit
982 3394 1299 3463 Quesnellus
1326 3394 1444 3451 not.
1468 3394 1553 3451 19.
1580 3396 1711 3452 Nam
1738 3398 1788 3451 in
1814 3398 2075 3467 antiquis-

494 3474 634 3527 simo
665 3471 921 3526 Vaticano
948 3480 1002 3523 et
1039 3483 1173 3538 puro
1218 3468 1541 3537 Dionysiano
1580 3468 1767 3522 codice
1808 3468 2073 3524 habetur:

502 3542 697 3607 Quibus
727 3541 819 3595 etsi
850 3541 1074 3609 dignitas
1100 3541 1383 3593 communis
1403 3556 1501 3591 non
1524 3548 1618 3605 est,
1643 3549 1815 3593 tamen
1838 3541 1965 3595 ordo
1992 3557 2081 3610 ge-

499 3613 688 3667 neralis
712 3622 804 3666 est.
828 3610 1164 3666 Concordant
1191 3626 1320 3666 mss.
1351 3610 1471 3664 libri
1508 3610 1627 3665 Vat.
1667 3612 1813 3681 llisp.
1841 3622 1896 3666 et
1925 3612 2075 3681 lsid.,

501 3700 603 3739 nec
630 3700 734 3739 non
767 3697 953 3737 omnes
976 3682 1287 3746 lladrianei;
1320 3692 1575 3752 praeterea
1600 3681 1942 3737 Florentiuus
1966 3682 2078 3736 col-

499 3754 625 3810 lect.
663 3755 729 3810 15
760 3762 813 3808 et
854 3753 1023 3808 codex
1068 3752 1350 3822 peculiaris
1391 3751 1610 3822 originis
1640 3753 1761 3808 Vat.
1808 3754 1963 3820 1517,
2016 3766 2079 3807 ac

501 3827 713 3881 tandem
756 3840 885 3879 mss.
918 3824 1132 3884 collect.
1162 3825 1253 3877 21.
1302 3824 1621 3889 Quesnellus
1665 3840 1731 3879 ex
1770 3827 1880 3879 suis
1916 3824 2074 3877 eodd'.

500 3899 709 3952 collect.
740 3897 776 3950 2
802 3905 857 3951 et
882 3896 936 3959 5,
966 3896 1215 3950 nimirum
1236 3894 1565 3961 Corbeiensi,
1599 3905 1654 3950 ct
1671 3893 2079 3964 Trecoliitbasa-

500 3984 594 4033 no,
625 3979 677 4023 et
706 3976 934 4035 qnatnor
969 3967 1085 4021 aliis
1116 3966 1383 4021 Tltuaneis
1415 3967 1551 4020 hanc
1590 3968 1747 4019 aliam
1788 3966 2077 4020 lectionem

501 4041 666 4094 textui
716 4040 957 4103 inseruit,
1006 4052 1161 4106 quam
1211 4053 1309 4093 nos
1340 4039 1391 4090 in
1438 4054 1545 4090 uno
1587 4036 1887 4091 Vindebon.
1924 4036 2075 4105 Hisp.

500 4110 801 4191 invenimus
827 4127 837 4160 :
867 4108 1063 4191 Quibus
1092 4109 1433 4191 ets‘i'dignitas
1455 4108 1521 4161 sit
1546 4108 1847 4191 communis,
1880 4124 1983 4189 non
2006 4114 2085 4160 est

502 4188 667 4235 tamen
691 4180 817 4235 ordo
844 4178 1112 4252 generalis.
1138 4176 1345 4252 Clarius
1366 4178 1900 4252 veroetcaritlationi
1909 4181 2081 4252 minus

499 4254 717 4318 obvium,
753 4248 923 4321 inquit
954 4253 1005 4306 in
1047 4249 1255 4306 laudata
1286 4260 1435 4320 nota,
1480 4249 1663 4305 habent
1710 4250 1828 4305 cod.
1880 4248 2081 4308 Victor.

498 4339 592 4375 ms.
629 4332 676 4376 et
716 4324 953 4376 editiones
1000 4321 1157 4386 Surii,
1212 4322 1442 4387 Merlini,
1481 4333 1529 4377 et
1558 4323 1809 4391 Nicolini,
1860 4340 1974 4378 cum
2003 4326 2080 4379 sic

498 4393 665 4464 legant
686 4409 721 4466 :A
738 4393 931 4458 Quibus
954 4407 1066 4466 cum
1080 4394 1322 4466 _dignitas
1348 4395 1421 4466 sit
1444 4396 1746 4461 communis,
1773 4411 1873 4449 non
1899 4407 1972 4450 est
1999 4406 2077 4448 ta-

500 4463 613 4517 men
632 4464 754 4517 ordo
772 4463 1044 4533 generalis.
1079 4463 1213 4518 Tota
1240 4464 1461 4519 mutatio
1474 4474 1555 4519 est
1576 4468 1724 4520 vocis
1739 4469 1833 4519 etsi
1851 4468 1902 4520 in
1927 4482 2077 4533 cum;

498 4536 580 4589 cui
612 4550 822 4603 quoque
854 4534 1126 4607 particula:
1151 4550 1259 4589 non
1290 4550 1411 4607 raro
1442 4536 1581 4607 apud
1626 4539 1879 4605 probatos
1908 4540 2075 4607 scrip-

498 4615 642 4659 tores
682 4605 925 4674 exemplo
966 4614 1135 4658 tamen
1182 4605 1490 4674 subjicitur.
1528 4606 1693 4661 Nobis
1733 4620 1912 4663 autem
1962 4605 2076 4664 hacc

499 4675 659 4730 lectio
688 4678 853 4746 magis
882 4676 1099 4744 placuit,
1125 4691 1245 4731 cum
1270 4692 1386 4731 eam
1413 4678 1699 4747 praeferant
1726 4680 1938 4733 codices
1954 4679 2073 4735 Vat.

500 4747 707 4819 collect.
731 4749 784 4819 ξ,
806 4747 1104 4819 Vindebon.
1131 4748 1339 4802 collect.
1373 4748 1430 4811 5,
1466 4748 1587 4803 Vat.
1617 4750 1829 4804 collect.
1861 4749 1950 4811 24,
1981 4765 2075 4819 pe-

476 4818 711 4888 culiaris
741 4817 861 4872 Vat.
893 4817 1111 4886 Regina!
1138 4819 1263 4885 849,
1295 4827 1347 4872 et
1384 4830 1581 4888 prieter
1603 4821 1907 4888 exemplum
1938 4817 2077 4875 Mcr-

498 4887 592 4942 lini
616 4888 827 4942 collect.
848 4890 911 4942 12
934 4892 1092 4942 etiam
1123 4887 1423 4958 exemplum
1458 4890 1722 4946 Sichardi.
1756 4887 1957 4946 Eodem
1991 4902 2068 4945 ta-

2172 1991 2308 2047 quos
2334 1974 2399 2028 ad
2429 1986 2588 2027 unam
2620 1970 2759 2025 Petri
2789 1966 2975 2023 sedem
3002 1962 3326 2020 universalis
3354 1960 3607 2015 Ecclesia:
3632 1972 3763 2012 cura

2171 2068 2493 2133 conﬂueret,
2537 2074 2592 2119 et
2618 2062 2749 2118 nihil
2794 2074 3019 2125 usquam
3048 2075 3079 2113 a
3105 2070 3209 2112 suo
3249 2054 3426 2124 capite
3453 2051 3763 2108 dissideret.

2177 2159 2197 2199 τ
2222 2160 2323 2229 Qui
2346 2173 2473 2229 ergo
2492 2156 2589 2212 scit
2622 2171 2680 2211 se
2706 2152 3024 2225 quibusdam
3045 2160 3068 2198 ε
3102 2164 3224 2206 esse
3250 2147 3619 2219 praepositum,
3656 2158 3767 2199 non

2173 2256 2403 2311 moleste
2451 2254 2586 2307 ferat
2624 2250 2863 2319 aliquem
2886 2247 2985 2302 sibi
3016 2260 3136 2301 esse
3166 2243 3483 2313 praelatum;
3513 2237 3608 2295 sed
3637 2235 3771 2291 obe-

2173 2348 2429 2403 dientiam
2456 2360 2617 2415 quam
2647 2344 2835 2412 exigit,
2867 2342 3029 2395 etiam
3059 2340 3172 2406 ipse
3201 2333 3471 2404 dependat
3500 2351 3512 2385 :
3544 2341 3599 2386 et
3629 2329 3774 2384 sicut

2176 2456 2283 2496 non
2314 2439 2429 2493 vult
2456 2436 2633 2508 gravis
2661 2434 2845 2490 oneris
2868 2431 3137 2487 sarcinam
3162 2429 3331 2494 terre,
3348 2427 3422 2480 ita
3446 2439 3552 2480 non
3573 2421 3775 2477 audeat

2179 2532 2271 2589 alii
2300 2529 2644 2602 importabile
2684 2528 2908 2599 pondus,
2933 2528 3212 2596 imponere
3251 2520 3471 2592 (Matth.
3500 2531 3657 2583 xm,
3693 2512 3776 2584 4).

2180 2751 2236 2808 S.
2272 2751 2381 2807 Leo
2407 2751 2459 2807 in
2484 2746 2835 2819 sequentibus
2866 2744 3117 2811 fateatur,
3150 2745 3287 2799 sicut
3315 2739 3441 2798 olim
3476 2741 3617 2794 inter
3643 2752 3779 2808 apo-

2179 2826 2369 2889 stolos,
2429 2824 2499 2879 ita
2546 2830 2731 2891 postea
2780 2822 2919 2875 inter
2962 2820 3243 2887 episcopos
3276 2825 3595 2891 potestatem
3651 2825 3783 2868 esse

2178 2896 2483 2960 diversam;
2530 2888 2867 2964 dignitatem,
2910 2906 3067 2958 quam
3120 2888 3400 2965 episcopis
3430 2897 3784 2965 communem

2181 2966 2436 3032 afﬁrmat,
2465 2958 2606 3020 'non’
2633 2982 2729 3034 pro
2765 2972 3028 3034 potestate
3058 2970 3111 3016 et
3141 2958 3512 3034 iurisdictione
3552 2958 3782 3034 accipit,

2180 3038 2275 3092 sed
2309 3054 2405 3105 pro
2424 3026 2780 3107 episcopatus
2805 3036 3028 3107 honore.
3054 3026 3149 3085 seu
3172 3030 3506 3107 charactere,
3528 3026 3616 3095 qui
3642 3040 3787 3082 sane

2180 3102 2320 3164 idem
2354 3110 2406 3163 in
2434 3102 2683 3162 omnibus
2710 3114 2793 3159 est
2816 3123 2828 3158 :
2861 3104 3092 3159 ordinem
3114 3117 3265 3166 vero,
3290 3115 3451 3172 quem
3475 3102 3599 3152 dum
3622 3113 3787 3169 gene-

2180 3180 2342 3233 ralem
2373 3182 2512 3234 inter
2539 3181 2823 3248 episcopos
2850 3184 3026 3245 negat,
3058 3175 3330 3248 diversum
3378 3172 3634 3248 insinuat,
3670 3185 3789 3227 non

2181 3252 2344 3307 sumit
2368 3268 2463 3320 pro
2484 3243 2640 3306 sacro
2663 3243 2956 3319 episcopali
2980 3246 3190 3320 ordine.
3210 3255 3268 3299 ut
3288 3259 3484 3320 vocare
3496 3243 3788 3320 solemus,

2182 3326 2274 3379 sed
2304 3315 2399 3392 pro
2430 3323 2619 3377 ordine
2652 3315 3013 3392 lii-erarc—ltico,
3048 3318 3297 3392 quicum
3336 3315 3787 3392 ju‘risdictionem

2182 3402 2237 3449 et
2276 3386 2648 3449 auctoritatem
2694 3393 2951 3461 majorem
2994 3386 3251 3461 in'aliis,
3276 3390 3327 3441 in
3360 3388 3478 3461 aliis
3507 3386 3790 3461 minorem

2184 3467 2441 3536 requirat,
2476 3484 2576 3519 non
2600 3474 2672 3519 est
2695 3457 2876 3533 utique
2902 3460 3171 3536 generalis,
3204 3459 3257 3514 id
3287 3466 3375 3536 est
3395 3457 3546 3511 idcmt
3572 3457 3624 3509 in
3661 3470 3790 3509 0m-

2186 3530 2481 3593 uiliussioe
2508 3530 3258 3606 jurisdictionisdiscrimine.
3284 3530 3428 3584 Hinc
3458 3543 3527 3606 ex
3556 3538 3792 3606 aposto-

2106 3582 2151 3646 C
2185 3582 2356 3663 lorum
2389 3582 2580 3673 turnia,
2626 3623 2729 3676 qua
2763 3608 2974 3660 Petrum
3018 3603 3231 3676 caeteris
3265 3582 3677 3676 auctoritate'et
3707 3600 3792 3667 ω.

2185 3680 2498 3733 risdictione
2542 3669 2851 3749 pra‘lecmm
2878 3673 3136 3749 pontifex
3175 3673 3275 3749 hoc
3315 3674 3431 3725 loco
3464 3669 3792 3749 indicat,_et

2181 3750 2300 3803 aliis
2330 3750 2380 3803 in
2416 3741 2557 3803 locis'
2584 3750 2819 3817 apertius
2860 3741 3119 3817 declarat,
3168 3745 3539 3817 episcoporum
3561 3741 3794 3817 distin-

2182 3821 2416 3874 ctionem
2448 3813 2631 3873 ortam'
2649 3820 2830 3881 tradit,
2856 3820 2909 3870 in
2932 3815 3118 3887 quibus
3146 3831 3250 3869 non
3274 3830 3446 3867 omnes
3476 3813 3795 3887 εἰθὶχυηιηρρ

2180 3892 2414 3947 similiter
2438 3892 2775 3954 vindicarent,
2805 3889 2892 3942 sed
2932 3884 3141 3958 quidam
3173 3889 3226 3940 in
3253 3886 3525 3958 provinciis
3553 3884 3794 3958 singulis

2180 3962 2423 4017 haberent
2456 3964 2674 4031 primam
2696 3954 3012 4025 sententiain,
3042 3958 3117 4012 uti
3156 3954 3537 4031 metropolitte,
3559 3954 3795 4031 quidam

2181 4049 2309 4088 vero
2370 4035 2422 4087 in
2456 4027 2747 4104 'niajoribus
2797 4031 3006 4104 urbibus
3056 4030 3318 4082 constituti
3372 4027 3795 4104 sollicitudinem

2180 4106 2493 4175 susciperent
2521 4101 2843 4175 a'mpliorem,
2874 4101 3122 4175 nimirum
3150 4109 3386 4175 nontam
3413 4101 3795 4175 in-episcoitos

2180 4169 2339 4247 quam
2388 4177 2438 4229 in
2485 4169 2853 4247 metropolitas
2900 4174 3064 4241 ipsos,
3112 4187 3151 4247 a_
3186 4173 3383 4247 quibus
3428 4169 3797 4247 obedientiam

2177 4240 2457 4317 erigerent,
2490 4249 2567 4300 uti
2596 4240 2850 4317 exarchi,
2883 4258 2977 4296 seu
3016 4242 3359 4317 patriarchas,
3400 4243 3619 4317 seipse
3664 4240 3797 4306 epi-

2179 4312 2373 4393 scopus
2388 4315 2901 4385 Thessalonicensis,
2920 4334 3078 4393 quem
3096 4313 3355 4393 vicarium
3384 4312 3525 4393 sedis
3549 4320 3796 4378 3P0$i0-

2179 4390 2296 4450 lica:
2318 4411 2437 4450 cum
2460 4395 2714 4464 peculiari
2741 4396 2857 4463 jure
2886 4390 2978 4446 toti
3006 4392 3220 4463 Illyrico
3244 4391 3383 4447 idem
3405 4390 3518 4446 Leo
3544 4394 3802 4464 ejusque

2179 4477 2557 4522 antecessores
2581 4465 2951 4535 prmfeccrant.
2983 4464 3105 4535 limo
3130 4474 3308 4518 autem
3338 4478 3402 4517 eo
3420 4463 3659 4535 consilio
3688 4478 3800 4518 or-

2177 4537 2355 4591 dinata
2404 4532 2734 4607 pronuntiat,
2782 4546 2839 4589 ut
2877 4550 2975 4605 per
3002 4534 3101 4589 hos
3131 4535 3198 4587 ad
3230 4550 3387 4607 unam
3404 4532 3555 4607 Petri
3594 4536 3802 4589 sedent

2176 4605 2474 4663 universalis
2505 4607 2751 4661 Ecclesia:
2777 4624 2898 4659 cura
2928 4609 3228 4677 conﬂueret,
3262 4615 3309 4660 et
3339 4605 3467 4658 nihil
3488 4621 3728 4674 usquam
3761 4623 3801 4660 α

2174 4694 2267 4733 suo
2292 4681 2457 4750 capite
2479 4680 2745 4732 dissideret
2776 4678 3010 4750 :quibns
3028 4676 3296 4750 summam
3324 4676 3549 4730 Romani
3586 4679 3799 4750 ponti-

2178 4751 2290 4804 licis
2320 4748 2715 4815 auctoritatem,
2748 4762 2799 4803 et
2825 4748 3214 4817 Ῑυτίμόὶριὶοιιίδ
3249 4749 3558 4815 primatum,
3586 4749 3802 4803 unita-

2178 4832 2283 4876 tem
2316 4820 2569 4876 Ecclesiae
2624 4820 3037 4890 prcspicientem
3089 4820 3349 4873 declarat.
3405 4819 3480 4873 lta
3529 4831 3801 4888 quatuor

2177 4893 2339 4946 veluti
2372 4893 2609 4958 ordines,
2637 4908 2734 4946 seu
2763 4892 2958 4963 gradus
2992 4891 3353 4944 lticrarchicos
3387 4891 3527 4945 inter
3554 4895 3802 4963 episco-

499 4974 620 5032 _men
654 4969 877 5032 utraque
907 4960 1096 5013 recidit
1124 4970 1301 5013 nostra
1331 4968 1386 5015 et
1409 4960 1679 5028 Quesnelli
1708 4962 1869 5017 lectio
1895 4980 1905 5014 :
1932 4963 2073 5019 unde
2098 4969 2152 5030 D
2180 4979 2273 5031 pos
2302 4966 2510 5029 astruit,
2555 4960 2938 5032 episcopalem,
2985 4963 3458 5029 metropoliticum,
3513 4962 3804 5016 exarchi-

498 5028 611 5087 haec
633 5030 891 5104 probatur
910 5032 1221 5085 auctoritate
1245 5032 1474 5101 plurium
1500 5033 1908 5099 collectionuut;
1938 5050 2071 5104 qua-

497 5116 618 5175 rum
662 5112 768 5156 tres
814 5100 859 5154 si
904 5118 1007 5155 non
1053 5100 1305 5175 superant
1336 5111 1546 5159 :etatem
1593 5105 1849 5175 Dionysii,
1898 5100 2070 5160 eidem

496 5172 736 5245 profecto
768 5187 1022 5241 suppares
1054 5173 1310 5245 existunt,
1343 5182 1397 5227 et
1427 5175 1493 5229 ab
1530 5172 1910 5231 eodem'fonte
1949 5192 2071 5245 pro-

497 5244 612 5304 dire
635 5245 739 5299 dici
764 5254 1052 5313 ttequeunt.
1073 5243 1364 5299 Contextns
1386 5246 1600 5314 quidem
1626 5248 1761 5300 hanc
1785 5243 2074 5303 lectionem

499 5315 704 5388 videtur
732 5316 1026 5388 postulare.
1061 5314 1117 5369 In
1149 5315 1412 5388 ejusmodi
1442 5318 1582 5371 enim
1614 5320 2071 5388 propositionibus

496 5400 560 5439 ex
584 5386 779 5459 duplici
800 5396 1064 5459 commate
1090 5386 1480 5452 constantibus,
1508 5386 1833 5459 postremum
1859 5405 2070 5443 comma

497 5457 751 5530 particula
782 5466 951 5530 tamen
982 5456 1225 5530 affecutm
1264 5459 1390 5513 illud
1418 5456 1522 5524 est,
1565 5460 1705 5530 quod
1736 5462 2068 5528 probandum

499 5528 803 5599 assumitur.
853 5528 1197 5582 Probationes
1224 5539 1399 5582 autem
1451 5528 1640 5599 quai'a
1680 5530 1858 5585 Leone
1903 5532 2069 5599 subji-

498 5598 727 5670 ciuntur,
758 5614 983 5669 qtneque
1012 5600 1295 5654 discrimen
1326 5598 1774 5670 inter’episcopos
1803 5598 2064 5669 statuunt,

499 5682 601 5743 non
633 5668 1000 5743 affirmativam
1035 5672 1471 5743 propositionem,
1503 5668 1847 5742 qualis‘apud‘
1871 5668 2068 5743 Diony-

500 5738 875 5820 sium'legitur,
908 5738 1073 5820 tamen
1110 5738 1236 5797 ordo
1265 5738 1633 5820 generalis'est,
1664 5745 1927 5820 videlicet
1951 5738 2068 5799 sine

504 5811 835 5875 discrimine;
883 5812 978 5866 sed
1009 5813 1159 5885 hanc
1202 5811 1500 5885 negativam
1530 5830 1559 5867 a
1588 5814 1743 5869 nobis
1773 5826 2065 5885 receptam,

505 5888 598 5931 non
626 5886 697 5934 ett
731 5889 896 5937 tamen
924 5882 1053 5939 ordo
1082 5882 1350 5957 generalis,
1393 5883 1702 5957 efﬂagitant.
1734 5886 1865 5943 Cum
1901 5882 2066 5957 porro

2176 5050 2295 5089 Cum
2328 5052 2421 5090 seu
2445 5037 2627 5091 vicarii
2660 5034 2958 5105 apostolici,
2988 5042 3041 5087 et
3065 5033 3391 5102 pontiﬁcium
3417 5051 3428 5085 :
3455 5032 3659 5105 hisque
3688 5032 3808 5105 etsi

2176 5108 2473 5178 dignitatem
2505 5103 2823 5178 episcopalis
2859 5106 3076 5157 honoris
3116 5118 3209 5178 seu
3250 5103 3578 5178 characteris
3618 5104 3809 5159 affir-

2176 5174 2286 5231 mat
2314 5192 2653 5243 communem,
2685 5177 2915 5228 ordinem
2944 5184 3109 5229 tamen
3136 5174 3810 5245 hierarclticntngenera-

2176 5250 2272 5302 lem
2303 5266 2402 5302 non
2432 5266 2536 5302 csse
2573 5258 2774 5315 monet,
2805 5262 2923 5300 cum
2958 5262 3054 5316 pro
3077 5246 3386 5300 diversitate
3414 5244 3627 5315 gntdns‘
3658 5247 3806 5300 hic-

2176 5321 2403 5373 rarcltici
2451 5322 2767 5373 auctoritate
2797 5328 2850 5371 ct
2889 5327 3155 5387 potestate
3201 5317 3624 5385 distinguantur.
3678 5318 3811 5383 Qui

2176 5388 2277 5443 hoc
2309 5392 2672 5444 testimonium
2703 5390 2768 5443 ad
2790 5390 2993 5455 :rquale
3011 5390 3250 5443 omnium
3276 5388 3660 5459 episcoporum
3691 5390 3819 5459 jus

2177 5461 2415 5527 trahunt,
2462 5477 2622 5515 voces
2674 5462 2939 5532 dignitatis
2984 5470 3038 5532 et
3076 5461 3272 5513 ordinis
3305 5460 3355 5512 in
3396 5458 3805 5517 recentiorem

2173 5544 2393 5585 sensum
2423 5549 2452 5586 a
2483 5532 2676 5587 Leonis
2720 5531 2907 5585 mente
2943 5531 3325 5585 alienissimum
3357 5537 3411 5585 et
3438 5546 3467 5583 a
3504 5540 3809 5589 ccutextu

2174 5601 2579 5685 dissentientem
2613 5604 3053 5674 interpretantes,
3082 5602 3345 5674 imperitis
3371 5602 3549 5657 llucum
3581 5599 3811 5662 facere

2174 5685 2441 5731 nituntur.

2249 5745 2271 5782 τ
2294 5748 2347 5808 2,
2383 5762 2474 5812 qu.
2510 5747 2563 5811 6,
2598 5748 2698 5813 Qui
2727 5748 2910 5815 scitae,
2941 5761 2988 5802 c.
3021 5747 3109 5802 14.

2173 5826 2279 5943 ess:
2298 5817 2427 5873 Cod.
2468 5816 2763 5875 Vindebon.
2806 5814 3015 5876 collect.
3043 5818 3073 5877 5
3120 5825 3173 5878 et
3217 5818 3350 5877 alius
3388 5814 3535 5891 llisp.
3574 5817 3821 5885 delent
