4006 6348
536 405 642 465 679

1643 411 1697 467 S.
1738 411 1984 467 LEONIS
2020 409 2233 467 MAGNI
2275 408 2649 470 EPISTOLAS.

3697 416 3796 475 680

537 523 825 582 recaluisse
878 526 1160 585 sentinam.
1218 526 1361 585 Nihil
1399 536 1486 583 est
1528 530 1669 584 enim
1704 538 1730 566 ι
1784 530 2021 584 sordium
2066 528 2116 583 in
2141 529 2196 589 A
2225 530 2623 599 humanumque
2644 526 2909 595 subverti,
2949 527 2998 584 si
3025 526 3332 599 hujusmodi
3370 528 3677 586 hominibus
3707 547 3795 588 us-

537 627 993 686 quorumcumque
1050 617 1298 675 sensibus
1342 618 1653 689 impiorum,
1705 620 1847 691 quod
1902 622 1957 678 in
2011 621 2112 677 hoc

535 706 725 778 dogma
752 723 859 766 non
902 708 1257 768 conﬂuxerit:
1302 714 1551 785 quoniam
1583 714 1651 771 de
1688 714 1834 770 omni
1877 724 2114 773 terrena-

534 814 652 855 rum
678 801 995 870 opinionum
1020 803 1135 861 luto
1161 806 1514 875 multiplicem
1542 808 1647 863 sibi
1677 808 1705 846 ι’
1749 808 2112 865 faeculentiam

532 892 862 953 miscuerunt
892 914 903 948 :
937 906 997 955 ut
1023 898 1125 955 soli
1155 908 1325 956 totum
1366 901 1614 960 biberent
1641 902 1898 973 quidquid
1925 902 2016 957 alii
2045 916 2109 957 ex

530 994 683 1054 parte
710 998 1034 1059 gustassent.
1061 993 1302 1067 Denique
1331 995 1378 1050 si
1409 996 1674 1053 universae
1720 997 1952 1054 haereses
1976 990 2112 1076 .qu‘re

530 1088 655 1135 ante
673 1080 993 1142 Priscilliani
1010 1093 1218 1157 tempus
1242 1098 1445 1146 exortae
1466 1098 1591 1145 sunt
1612 1089 1919 1160 diligentius
1943 1099 2113 1147 retra.

531 1180 763 1241 ctentur,
798 1186 821 1215 α
851 1178 1027 1234 nullus
1075 1195 1211 1250 pene
1259 1181 1559 1237 invenietur
1587 1196 1737 1237 error
1776 1182 1843 1237 de
1867 1196 1974 1252 quo
2003 1196 2109 1239 non

530 1266 749 1322 traxerit
778 1268 1024 1338 impietas
1053 1272 1153 1328 ista
1181 1274 1524 1343 contagium:
1559 1290 1677 1343 qua:
1713 1290 1817 1329 non
1861 1284 2109 1330 contenta

529 1374 711 1418 eorum
736 1364 977 1433 recipere
994 1365 1249 1421 falsitates
1266 1369 1359 1437 qui
1384 1368 1452 1421 ab
1469 1368 1759 1438 Evangelio
1786 1368 1887 1423 sub
1906 1367 2108 1423 Christi

529 1454 745 1509 nomine
770 1454 1073 1523 deviarunt,
1107 1457 1339 1513 tenebris
1367 1472 1425 1513 se
1464 1459 1624 1513 etiam
1659 1459 1980 1529 paganitatis
2010 1458 2105 1515 im-

528 1544 732 1612 mersit,
761 1553 818 1599 ut
842 1560 935 1614 per
961 1548 1285 1618 magicarum
1327 1551 1522 1605 artium
1555 1550 1778 1619 profana
1817 1562 2029 1608 secreta
2056 1560 2111 1610 et

524 1634 1025 1694 mathematicorum
1094 1655 1229 1695 vana
1283 1642 1580 1708 mendacia,
1624 1642 1897 1713 religionis
1946 1642 2105 1700 fidem

524 1741 841 1799 morumque
880 1731 1144 1787 rationem
1184 1734 1238 1788 in
1280 1742 1546 1802 potestate
1584 1734 1915 1801 dmntonum,
1961 1744 2014 1790 et
2054 1734 2105 1791 in

524 1819 551 1855 ά
577 1820 774 1877 effectu
798 1822 1035 1881 siderum
1064 1825 1412 1883 collocarent.
1446 1827 1597 1894 Quod
1629 1828 1674 1881 si
1700 1836 1755 1883 et
1774 1826 1921 1882 credi
1948 1826 2108 1883 liceat

2162 656 2180 677 .
2212 640 2371 696 quam
2399 624 2583 682 vivere
2611 638 2735 680 cum
2763 622 2856 681 tali
2910 622 3246 694 professione
3286 622 3550 679 licuisset.
3593 624 3799 683 Profuit

2214 727 2240 768 ε
2278 717 2370 773 diu
2401 718 2505 775 ista
2542 716 2809 774 districtio
2839 714 3227 774 ecclesiasticae
3257 715 3487 783 lenitati,
3532 731 3654 787 quae
3695 720 3799 774 etsi

2212 809 2533 867 sacerdotali
2563 816 2817 865 contenta
2842 806 3067 879 judicio,
3097 816 3351 863 cruentas
3404 806 3601 878 refugit
3642 810 3799 865 ultio-

2213 916 2332 969 nes,
2355 901 2561 957 severis
2587 908 2764 956 tamen
2792 898 3221 957 Christianorum
3264 899 3566 971 principum
3597 903 3796 957 consti-

2212 992 2504 1050 tutionibus
2530 988 2835 1062 adjuvatui‘,
2880 991 3010 1051 dum
3042 991 3110 1049 ad
3132 990 3371 1061 spiritale
3397 1006 3799 1064 nonnumquam

2211 1098 2501 1146 recurrunt
2550 1086 2870 1155 remedium,
2911 1087 3002 1155 qui
3030 1088 3219 1142 timent
3265 1086 3545 1154 corporale
3592 1086 3800 1157 suppli-

2212 1181 2374 1237 cium.
2408 1180 2486 1233 Ex
2518 1192 2625 1248 quo
2668 1186 2848 1235 autem
2890 1177 3091 1235 multas
3111 1177 3417 1246 provincias
3447 1177 3660 1233 hostilis
3704 1191 3800 1232 oc-

2212 1270 2429 1341 cupavit
2455 1271 2701 1341 irruptio,
2723 1267 2749 1307 δ
2767 1278 2821 1326 et
2848 1269 3222 1327 executionem
3250 1269 3425 1339 legum
3456 1278 3802 1339 tempestates

2212 1365 2567 1422 interclusere
2593 1364 2878 1422 bellorum.
2924 1363 3005 1419 Ex
3051 1378 3155 1434 quo
3179 1364 3318 1419 inter
3349 1364 3660 1419 sacerdotes
3703 1362 3803 1418 Dei

2211 1456 2457 1512 difﬁciles
2485 1467 2819 1514 commeatus
2855 1464 2913 1515 et
2940 1455 3049 1513 rari
3080 1466 3363 1525 coeperunt
3390 1470 3511 1511 esse
3563 1469 3803 1511 conven-

2210 1559 2320 1618 tus,
2342 1550 2543 1607 invenit
2569 1549 2639 1604 ob
2658 1548 2930 1620 publicam
2958 1548 3421 1619 perturbationem
3442 1556 3649 1606 secreta
3678 1562 3805 1617 per-

2212 1642 2333 1697 ﬁdia
2364 1643 2689 1708 libertatem,
2715 1651 2769 1696 et
2800 1641 2866 1699 ad
2894 1640 3183 1699 multarum
3206 1641 3463 1697 mentium
3490 1640 3804 1697 subversio-

2212 1750 2335 1790 nem
2400 1734 2487 1790 his
2536 1732 2692 1790 malis
2744 1741 2828 1789 est
2886 1733 3142 1799 incitata,
3193 1732 3389 1803 quibus
3449 1731 3637 1789 debuit
3682 1746 3806 1788 esse

2210 1838 2473 1885 correcta.
2506 1828 2637 1895 Quae
2661 1842 2791 1883 vero
2818 1826 2926 1881 illic
2951 1836 3042 1883 aut
3083 1835 3277 1897 quanta
3302 1840 3428 1897 pars
3464 1826 3701 1897 plebium
3732 1824 3749 1862 ί
3775 1841 3806 1881 a

524 1919 577 1964 ει
607 1910 813 1982 doceri,
849 1927 951 1970 nec
976 1913 1259 1970 virtutibus
1304 1917 1608 1986 praemium,
1644 1932 1741 1971 nec
1773 1917 1915 1971 vitiis
1946 1932 2103 1987 poena
2134 1908 2181 1970 Β
2210 1925 2533 1993 contagione
2560 1922 2728 1993 pestis
2758 1920 2917 1990 hujus
2943 1920 3121 1977 aliena
3148 1929 3250 1988 est,
3280 1920 3391 1985 ubi,
3422 1920 3565 1977 sicut
3587 1917 3807 1974 dilectio

523 2001 825 2071 debebitur,
860 2005 1149 2075 omniaque
1178 2021 1283 2062 non
1316 2008 1489 2064 solum
1511 2007 1868 2065 humanarum
1902 2008 2102 2080 legum,

522 2093 619 2150 scd
646 2096 805 2152 etiam
834 2097 1134 2155 divinarum
1166 2100 1611 2158 coustitutionum
1642 2102 1862 2158 decreta
1892 2104 2105 2161 solven-

523 2198 638 2246 tur:
672 2191 795 2260 quia
822 2206 996 2263 neque
1017 2193 1085 2251 de
1114 2194 1271 2251 bonis
1299 2210 1471 2265 neque
1499 2195 1567 2251 de
1604 2196 1757 2252 malis
1785 2198 1990 2252 actibus
2019 2199 2103 2253 ul-

523 2283 635 2339 lum
668 2286 864 2356 poterit
902 2300 1023 2344 esse
1056 2286 1339 2358 judicium,
1396 2288 1442 2342 si
1470 2288 1526 2344 in
1577 2297 1857 2359 utramque
1898 2299 2103 2359 partem

522 2377 701 2435 fatalis
726 2376 1017 2437 necessitas
1043 2390 1244 2438 motum
1271 2383 1466 2439 mentis
1487 2383 1733 2451 impellit,
1767 2392 1819 2440 et
1848 2384 2107 2454 quidquid

521 2471 589 2526 ab
610 2472 914 2530 hominibus
933 2474 1129 2545 agitur,
1178 2490 1283 2531 non
1316 2483 1402 2532 est
1431 2477 1732 2540 hominum,
1788 2477 1883 2532 sed
1930 2485 2107 2533 astro-

520 2579 661 2620 rum.
712 2564 791 2621 Ad
846 2564 984 2623 hanc
1030 2567 1289 2623 insaniam
1348 2567 1581 2637 pertinet
1626 2579 1648 2607 ε
1676 2568 1980 2639 prodigiosa
2016 2568 2106 2626 illa

520 2657 685 2714 totius
701 2656 919 2715 humani
943 2660 1183 2730 corporis
1201 2676 1296 2729 per
1320 2659 1603 2717 duodecim
1633 2661 1753 2717 coeli
1772 2661 1921 2732 signa
1941 2661 2108 2732 696

522 2748 814 2815 distinctio,
846 2759 906 2808 ut
945 2751 1177 2809 diversis
1210 2752 1451 2822 partibus
1493 2753 1722 2811 diversae
1780 2754 2106 2823 prasideant

518 2849 842 2911 potestates;
891 2851 946 2899 et
1002 2850 1242 2899 creatura
1292 2859 1450 2915 quam
1513 2844 1655 2900 Deus
1708 2843 1773 2899 ad
1819 2844 2103 2914 imaginem

517 2947 666 2989 suam
707 2933 849 2998 fecit,
910 2935 965 2991 in
1013 2942 1159 2990 tanta
1219 2936 1289 2990 sit
1342 2936 1667 3006 obligatione
1716 2937 1950 2993 siderum
1982 2977 1997 3004 ,
2050 2938 2106 2992 in

516 3035 715 3096 quanta
758 3033 841 3083 est
880 3027 1215 3084 connexione
1263 3028 1650 3085 membrorum.
1696 3027 1887 3084 Merito
1927 3039 2104 3099 patres

518 3118 711 3184 nostri,
740 3119 839 3174 sub
860 3134 1089 3189 quorum
1122 3120 1451 3190 temporibus
1478 3120 1703 3177 haeresis
1735 3121 1850 3175 haec
1874 3120 2105 3177 nefanda

517 3210 781 3280 prorupit,
810 3225 905 3280 per
934 3219 1103 3267 totum
1149 3211 1405 3268 mundum
1434 3213 1698 3269 instanter
1726 3227 1887 3283 egere
1916 3222 1974 3266 ut
2003 3212 2102 3268 im-

517 3302 634 3372 pius
658 3301 803 3357 furor
834 3302 902 3356 ab
940 3304 1188 3361 universa
1236 3304 1476 3359 Ecclesia
1520 3304 1813 3375 pelleretur
1850 3322 1861 3357 :
1891 3304 2105 3374 quando
2132 3295 2178 3357 C

515 3392 676 3450 etiam
708 3393 892 3450 mundi
920 3395 1185 3465 principes
1206 3396 1280 3451 ita
1302 3395 1443 3452 hanc
1468 3397 1779 3465 sacrilegam
1812 3397 2103 3453 amentiam

516 3485 761 3541 detestati
794 3496 938 3553 sunt,
976 3487 995 3526 ί
1030 3498 1085 3543 ut
1112 3497 1386 3545 auctorem
1418 3490 1535 3559 ejus
1563 3505 1685 3546 cum
1720 3490 1986 3561 plerisque
2018 3490 2103 3545 di-

515 3580 735 3650 scipulis
766 3582 941 3653 legum
970 3582 1307 3653 publicarum
1328 3598 1457 3640 ense
1482 3594 1904 3671 prosternereqt.
1942 3584 2104 3640 Vide-

520 3670 650 3728 bant
671 3674 815 3731 enim
844 3690 1061 3732 omnem
1091 3690 1278 3733 curam
1301 3676 1598 3735 honestatis
1634 3670 2101 3745 auferri,’omnem

516 3765 881 3836 ronjugiorum
925 3769 1168 3839 copulam
1221 3770 1379 3834 solvi,
1429 3770 1693 3841 simulque
1730 3770 1966 3827 divinum
2015 3773 2103 3841 jus

518 3967 770 4034 didimus,
801 3980 922 4022 cum
944 3967 1246 4037 praesertim
1270 3966 1592 4037 adjectivum
1637 3969 2014 4039 felidissimam,
2048 3980 2101 4027 et

519 4052 747 4120 sequens
799 4045 1103 4107 contextus,
1155 4040 1369 4092 sentinw
1421 4039 1590 4109 magis
1636 4052 1900 4109 congruat
1945 4058 2100 4111 quam

519 4119 794 4165 sententia.

590 4190 616 4217 λ
644 4181 749 4245 ΑΙ.,
795 4180 1077 4234 sordidum.
1120 4179 1251 4235 Post
1298 4195 1488 4250 pauca,
1530 4182 1594 4234 de
1622 4183 1849 4236 omnium
1883 4194 2105 4238 terrena-

520 4268 643 4379 lrum
673 4252 971 4377 ogigionum
999 4250 1130 4317 luto,
1150 4251 1204 4307 in
1228 4252 1618 4321 antiquioribus
1648 4253 1804 4311 editis
1833 4264 1885 4307 et
1913 4254 2105 4322 aliqui-

558 4336 617 4377 us
645 4337 709 4377 co
790 4363 803 4377 .

558 4336 617 4377 US
645 4336 803 4377 0000.

590 4392 617 4429 ι)
658 4394 769 4464 AL,
804 4394 1448 4464 facem‘commiscuerunt.
1477 4394 1677 4462 Quesn.
1708 4398 1760 4450 in
1803 4396 2064 4464 margine.

591 4474 612 4501 ε
642 4462 778 4519 Cod.
805 4462 1115 4517 Vindebon.
1148 4466 1320 4534 Hisp.,
1367 4474 1487 4518 tunc
1526 4466 1723 4521 nullus.
1758 4462 2103 4521 Porro—inue-

524 4534 871 4603 nietuﬁmagis
890 4534 1085 4602 placuit
1104 4550 1169 4589 ex
1191 4536 1653 4602 prmstantioribus
1676 4548 1877 4604 septem
1906 4537 2106 4591 nostris

525 4605 817 4675 codicibus.
842 4604 1013 4669 Alias,
1042 4605 1316 4659 invenitur.
1360 4608 1524 4659 Paulo
1555 4617 1676 4675 post
1716 4610 1767 4661 in
1818 4622 1949 4662 mss.
1984 4606 2100 4660 Vat.

525 4674 671 4744 llisp.
692 4687 745 4731 et
778 4675 927 4742 lsid.,
954 4689 1062 4729 non
1090 4691 1219 4731 vero
1264 4675 1315 4729 in
1347 4674 1565 4745 puriori
1592 4678 1893 4732 Vindebon.
1952 4677 2101 4745 Hisp.

526 4762 625 4819 nec
656 4747 708 4801 in
731 4748 961 4819 caneris,
982 4746 1037 4799 in
1061 4747 1290 4801 tenebras
1322 4763 1373 4800 se
1402 4746 1529 4819 adeo
1562 4748 1873 4819 paganitatis
1901 4749 2104 4802 immer-

2209 2027 2295 2071 tua
2326 2018 2549 2083 indicat,
2585 2015 2766 2073 lethali
2800 2015 2989 2072 morbo
3040 2014 3199 2070 etiam
3229 2012 3393 2084 697
3443 2010 3805 2083 quorumdam

2208 2111 2547 2166 sacerdotum
2578 2111 2741 2165 corda
2769 2116 3023 2177 corrupta
3048 2115 3173 2162 sunt
3198 2122 3212 2171 ;
3241 2114 3294 2161 et
3336 2119 3432 2174 per
3459 2118 3594 2174 quos
3621 2103 3807 2173 oppri-

2208 2200 2400 2255 menda
2431 2198 2640 2254 falsitas
2684 2207 2739 2252 et
2787 2196 3120 2253 defendenda
3144 2195 3342 2253 veritas
3380 2196 3394 2245 l
3454 2194 3806 2262 credebatur,

2209 2307 2303 2361 per
2327 2294 2471 2361 ipsos
2497 2290 2757 2346 doctrinae
2783 2288 3135 2345 Priscillianae
3173 2286 3525 2359 Evangelium
3554 2286 3810 2342 subditur

2207 2383 2407 2442 Christi
2434 2424 2449 2449 ,
2484 2391 2541 2439 ut
2562 2384 2626 2438 ad
2652 2382 2907 2452 profanos
2932 2395 3121 2437 sensus
3142 2380 3341 2450 pietate
3368 2387 3679 2435 sanctorum
3712 2393 3811 2432 vo-

2208 2470 2469 2533 luminum
2504 2476 2812 2545 depravata,
2865 2472 2968 2529 sub
3004 2472 3313 2529 nominibus
3335 2472 3726 2542 prophetarum
3752 2478 3809 2525 et

2207 2569 2572 2638 apostolorum
2602 2582 2707 2623 non
2742 2566 2845 2621 hoc
2872 2566 3193 2636 praedicetur
3229 2564 3371 2635 quod
3415 2563 3649 2634 Spiritus
3680 2579 3811 2618 san-

2207 2670 2325 2715 ctus
2349 2660 2549 2724 docuit,
2580 2659 2673 2715 sed
2704 2658 2847 2728 quod
2869 2657 3067 2713 diaboli
3114 2656 3360 2711 minister
3390 2656 3633 2713 inseruit.
3667 2654 3813 2722 Quia

2208 2768 2336 2825 ergo
2361 2753 2579 2810 dilectio
2625 2761 2714 2807 tua
2758 2750 2925 2820 fideli,
2979 2760 3236 2821 quantum
3288 2750 3480 2819 potuit,
3519 2748 3811 2820 diligentia

2208 2849 2488 2905 damnatas
2536 2848 2664 2903 olim
2715 2846 3001 2917 opiniones
3032 2843 3060 2883 ιι
3090 2844 3329 2901 sedecim
3360 2844 3607 2913 capitulis
3648 2856 3812 2898 com-

2208 2940 2512 3010 prehendit,
2544 2955 2641 2994 nos
2672 2952 2884 3007 quoque
2925 2935 3155 2992 strictim
3183 2936 3362 2990 omnia
3394 2942 3763 3002 retractemus
3792 2978 3809 3003 ,

2206 3048 2275 3091 ne
2305 3033 2507 3104 aliquid
2538 3033 2727 3088 harum
2764 3032 3219 3103 blasphemiarum
3273 3039 3368 3085 aut
3404 3029 3694 3085 tolerabile
3730 3028 3817 3083 vi-

2208 3126 2397 3181 deatur
2422 3134 2511 3180 aut
2532 3125 2772 3180 dubium.

2279 3217 2406 3273 CAP.
2439 3218 2479 3273 Ι.
2517 3218 2684 3284 Quam
2707 3219 2862 3287 impie
2883 3218 2945 3271 de
2967 3216 3218 3271 Trinitate
3244 3231 3581 3287 personarum
3606 3216 3662 3268 in
3688 3212 3809 3267 Deo

2212 3314 2433 3369 sentiant
2486 3311 2921 3367 Priscillianistaz.
2978 3341 3049 3350 —
3104 3310 3286 3365 Primo
3334 3309 3511 3379 itaque
3565 3306 3817 3376 capitulo

2213 3406 2617 3460 demonstratur
2652 3418 2811 3473 quam
2856 3402 3019 3471 impie
3054 3401 3291 3456 sentiant
3324 3400 3392 3454 de
3424 3397 3693 3453 Trinitate
3723 3396 3819 3449 di-

2211 3498 2354 3564 vina,
2392 3496 2481 3566 qui
2512 3505 2567 3552 et
2604 3496 2800 3561 Patris,
2834 3504 2889 3550 et
2917 3493 3061 3560 Filii,
3094 3503 3148 3548 et
3178 3492 3412 3563 Spiritus
3438 3490 3611 3547 sancti
3643 3503 3818 3542 unam

2210 3599 2369 3661 atque
2410 3589 2658 3645 eamdem
2702 3594 2956 3643 asserunt
3000 3601 3119 3641 esse
3164 3598 3480 3656 personam,
3530 3591 3821 3650 tamquam

2210 3683 2353 3738 idem
2386 3683 2529 3737 Deus
2559 3696 2701 3736 nunc
2729 3680 2923 3745 Pater,
2966 3692 3109 3735 nunc
3138 3677 3341 3742 Filius,
3382 3688 3525 3730 nunc
3570 3672 3822 3741 Spiritus

2211 3783 2429 3829 sanctus
2479 3772 2815 3837 nominetur;
2867 3784 2965 3826 nec
3004 3769 3142 3824 alius
3185 3767 3369 3838 sitqui
3399 3754 3616 3837 genuit,
3668 3762 3824 3817 alius

2210 3970 2318 4027 Sed
2357 3970 2487 4025 hinc
2529 3968 2798 4039 praedictae
2845 3967 3106 4039 variantis
3149 3965 3312 4039 origo
3330 3964 3700 4039 cognoscitur,
3735 3965 3825 4039 si-

2214 4042 2428 4111 mulque
2458 4036 2633 4096 elucet
2655 4054 2934 4111 perperam
2964 4038 3224 4111 scriptum
3256 4036 3448 4089 ultione
3484 4036 3830 4111 essequaeris

2218 4128 2319 4182 pro
2344 4106 2570 4166 ultiones
2592 4151 2607 4175 ,
2654 4106 2855 4182 severis.
2882 4109 3014 4182 Dein
3038 4109 3392 4182 ad__speratum
3416 4120 3513 4182 pro
3531 4107 3597 4159 ad
3646 4106 3826 4182 spiri-

2216 4176 2317 4238 iale
2346 4183 2396 4236 in
2430 4182 2657 4237 laudatis
2704 4181 2861 4236 codd.
2906 4180 3025 4234 Vat.
3085 4179 3237 4247 Hisp.
3281 4186 3334 4232 et
3372 4176 3497 4233 Isid.
3543 4185 3714 4245 atque
3765 4176 3831 4230 in

2216 4254 2323 4308 illis
2360 4253 2569 4308 collect.
2602 4253 2688 4307 21.

2292 4322 2319 4360 ιι
2349 4324 2792 4392 Conjunctionem
2837 4330 2881 4376 et
2920 4320 3200 4378 sententiae
3235 4320 3412 4392 magis
3438 4332 3747 4392 congruam
3799 4334 3834 4374 a

2220 4389 2511 4463 Quesnello
2538 4396 2663 4449 licet
2707 4401 3053 4462 expunctam,
3114 4390 3450 4463 restituitnus
3484 4389 3836 4463 auctoritate

2217 4459 2378 4521 codd.
2416 4465 2533 4520 Vat.
2568 4459 2844 4519 collectI5
2875 4462 3198 4527 Vindebon.,
3248 4461 3458 4515 collect.
3509 4461 3541 4514 5
3582 4467 3639 4512 et
3681 4459 3830 4514 Vat.

2216 4538 2364 4606 Hisp.
2398 4550 2460 4589 ac
2488 4535 2643 4601 lsid.,
2668 4549 2879 4606 necnon
2914 4534 3050 4587 alius
3087 4533 3209 4586 Vat.
3235 4532 3447 4606 collect.
3475 4529 3667 4606 24,_ex
3691 4530 3837 4598 qui-

2212 4600 2579 4662 bus'nonnulli
2604 4600 2795 4675 plurali
2818 4619 3064 4669 numero,
3097 4612 3143 4656 et
3165 4603 3525 4675 exsecutiones.
3556 4600 3683 4675 M_ox_
3723 4616 3842 4675 pro

2214 4679 2533 4731 interclusere
2577 4670 2705 4731 editi
2744 4685 2869 4729 ante
2911 4675 3138 4742 Quesn.,
3192 4674 3517 4727 interdixere.
3578 4670 3739 4725 Dein’
3776 4674 3839 4726 in

2215 4748 2333 4801 Vat.
2360 4750 2506 4816 Hisp.
2535 4757 2587 4802 et
2618 4746 2773 4812 lsid.,
2798 4745 3015 4815 difﬁcilis
3054 4754 3383 4808 commeatus,
3415 4751 3469 4797 et
3500 4750 3727 4810 postea,
3761 4744 3846 4796 ad

526 4817 589 4869 sit
618 4834 705 4888 per
734 4811 1049 4886 magicorum
1090 4818 1277 4870 artium
1311 4818 1529 4885 profana
1561 4811 1772 4885 secreta,
1819 4829 1864 4871 et
1909 4821 2102 4871 matlte-
2135 4811 2185 4869 D
2210 4811 2485 4872 multarunt
2515 4819 2736 4887 gentium
2763 4811 3153 4888 sub'i'ersionem.

528 4892 827 4942 maticorum
850 4904 978 4941 vana
1007 4889 1291 4952 mendacia,
1324 4898 1379 4941 ut
1407 4888 1687 4959 religionis,
1718 4898 1822 4946 etc.

594 4955 718 4994 dita
764 4973 950 4994 nmnne
993 4958 1158 4994 επιεινῖ
1202 4958 1416 4994 nndinnn
1464 4972 1513 4994 nl
1560 4960 1686 4994 aditi
1732 4972 1817 4994 on!

594 4958 721 5012 dita
764 4973 951 5012 omnes
993 4958 1161 5013 nostri
1202 4958 1418 5013 codices
1464 4958 1517 5012 ct
1560 4960 1687 5014 editi
1732 4972 1858 5015 ante
1879 4960 2108 5027 Quesn.,

528 5029 615 5098 qui
642 5045 705 5083 ex
747 5028 953 5082 duobus
1004 5029 1136 5083 solis
1180 5043 1310 5083 mss.
1365 5028 1577 5085 Thuan.
1613 5042 1667 5084 et
1708 5031 1879 5085 Grim.
1922 5029 2110 5096 aﬂ’ectu

529 5100 781 5171 praetulit.
802 5099 1135 5171 Postpauca,
1160 5115 1254 5171 pro
1283 5099 1540 5154 debebitur
1564 5102 1694 5156 alias
1721 5102 1949 5156 debetur.
1968 5101 2110 5167 Mox,

530 5169 852 5240 omniumque
873 5170 925 5224 in
954 5185 1056 5224 ms.
1099 5169 1322 5241 Vindnb.
1347 5172 1495 5241 Hisp.

520 5274 537 5287 ι
603 5252 625 5278 ε
655 5242 781 5297 Mss.
807 5241 1105 5297 Vindebon.
1142 5240 1292 5312 Hisp.
1359 5250 1414 5296 ct
1448 5240 1579 5297 Vat.
1636 5242 1859 5299 collect.
1904 5242 1969 5296 21
2016 5241 2113 5296 ad-

538 5312 819 5439 dmitlieide
843 5391 955 5437 not.
988 5381 1023 5435 4
1048 5381 1247 5454 Quesn.
1277 5383 1421 5449 Mox,
1447 5398 1544 5452 pro
1582 5399 1697 5437 cum
1737 5384 1990 5454 plerisque
2034 5383 2115 5436 di-

533 5455 762 5537 scipulis,
792 5452 1617 5537 alias,ae'plerosque‘discipulos
1639 5470 1707 5537 ex
1734 5452 1865 5537 mss.
1896 5454 2110 5535 collect.

533 5524 624 5581 21.
671 5525 803 5580 Dein
846 5524 973 5609 cod._
1008 5523 1234 5606 Vindeb.
1298 5523 1485 5595 Hispﬁz
1546 5525 1797 5580 Viderunt
1860 5526 2109 5579 enim.....

537 5610 831 5667 omnemque
859 5612 1236 5667 conjugtorum.
1462 5666 1497 5667 η
2064 5665 2073 5667 _

609 5676 635 5714 ις
669 5665 983 5749 Vocesdiu.
1005 5668 1104 5719 ista
1128 5668 1334 5749 'desunt
1375 5666 1425 5719 in
1458 5666 1579 5721 Vat.
1612 5667 1758 5749 εἴθε.
1802 5666 2021 5749 collect.
2055 5665 2104 5749 1.Ἴ

539 5733 658 5791 Mox
692 5738 742 5791 in
773 5738 891 5792 Vat.
922 5738 1097 5806 Hisp.,
1128 5737 1252 5791 Isid.
1284 5748 1338 5791 et
1374 5750 1502 5791 mss.
1544 5733 1755 5791 collect.
1801 5737 1893 5803 21,
1924 5737 2109 5805 refugit

540 5806 756 5876 ultiones
782 5824 1037 5876 quaerere;
1062 5818 1226 5862 tamen
1257 5808 1683 5862 Christianorum.
1715 5808 1767 5860 In
1801 5806 2104 5861 Vindebon.

542 5874 717 5946 Hisp.,
740 5874 926 5947 refugit
951 5880 1140 5934 ultione
1163 5896 1267 5933 esse
1281 5880 1462 5948 quieris
1477 5890 1664 5945 tamen,
1680 5886 1809 5943 etc.,
1826 5888 2101 5945 corrupte.

2295 4888 2308 4925 ί
2346 4882 2852 4943 εοᾱᾶῖγὶηόθὺοῐι.
2884 4887 3095 4942 collect.
3130 4884 3163 4938 5
3194 4894 3247 4939 et
3270 4884 3417 4953 Hisp.
3440 4897 3501 4936 ac
3538 4882 3663 4953 Vat.
3705 4886 3850 4939 col-

2218 4961 2341 5015 lcct.
2370 4960 2454 5023 11,
2486 4959 2549 5012 21
2578 4970 2631 5012 et
2646 4959 2717 5012 24
2739 4959 2992 5012 omittunt
3018 4973 3049 5010 a
3078 4955 3397 5024 contagione.
3421 4952 3852 5024 Deincl‘tan‘tas

2219 5040 2306 5085 tua
2332 5021 2494 5085 estin
2534 5029 2752 5091 duobus
2799 5042 2931 5083 mss.
2980 5037 3033 5082 et
3064 5021 3453 5095 antiquioribus
3502 5021 3667 5078 editis
3727 5041 3855 5095 pro
3926 5092 3933 5097 ῥ

2218 5102 2424 5154 dilectio
2450 5110 2556 5153 tua.

2294 5173 2306 5220 i
2348 5171 2479 5225 Cod.
2513 5170 2633 5224 Vat.
2665 5170 2879 5223 collect.
2914 5167 3005 5236 24,
3042 5170 3232 5238 fuerat.
3254 5166 3377 5238 Mox
3409 5165 3853 5238 doctrinw__Pri-

2222 5242 2446 5297 scilliani
2484 5243 2535 5296 in
2564 5241 2683 5295 Vat.
2715 5239 2845 5309 Reg.
2888 5236 3099 5293 colleét.
3133 5240 3187 5302 1,
3220 5236 3274 5309 in
3311 5237 3625 5309 Vindebon._
3655 5236 3856 5308 Hisp.

2219 5322 2273 5367 et
2316 5314 2369 5367 in
2400 5312 2609 5367 duobus
2634 5306 3036 5366 coddfcollect.
3069 5309 3130 5364 11
3166 5317 3221 5364 et
3244 5308 3313 5363 24
3344 5322 3464 5363 cum
3499 5306 3670 5363 editis
3697 5306 3864 5367 ante

2218 5383 2421 5451 Quesn.

2289 5452 2315 5492 κ
2344 5453 2433 5509 Sic
2474 5468 2661 5510 omnes
2704 5451 2873 5506 nostri
2925 5450 3176 5515 codices,
3228 5448 3477 5519 exceptis
3505 5461 3647 5503 mss.
3702 5449 3866 5506 Vat.

2216 5526 2431 5579 collect.
2466 5528 2497 5579 8
2519 5533 2575 5578 et
2598 5523 2687 5589 21,
2712 5526 2765 5578 in
2796 5522 2991 5593 quibus
3019 5521 3246 5575 habetur
3274 5519 3643 5593 septemdecim
3671 5525 3869 5593 capi-

2217 5595 2359 5659 tulis,
2388 5603 2715 5663 computata,
2740 5602 2800 5647 ut
2816 5590 3051 5656 videtur,
3075 5590 3350 5663 postremo
3378 5591 3535 5663 hujus
3548 5590 3867 5663 epistola:

2215 5667 2392 5735 capite
2415 5708 2430 5733 ,
2477 5660 2621 5736 quod
2652 5675 2827 5719 tamen
2859 5663 3189 5736 adsedecim
3220 5662 3453 5736 capitula
3487 5676 3515 5712 a
3547 5660 3866 5736 Turribio

2214 5732 2559 5806 proposita'et
2578 5751 2605 5789 a
2621 5736 2802 5791 Leone
2822 5734 3046 5788 totidem
3074 5733 3343 5806 capitibus
3357 5732 3557 5801 rejecta
3583 5733 3874 5806 minime

2215 5800 2466 5875 periinet.
2516 5807 2641 5860 Post
2683 5821 2850 5874 pauca
2895 5800 3223 5875 retractemus
3264 5804 3393 5861 editi
3419 5800 3569 5861 ante
3594 5800 3869 5869 Quesn.

2211 5874 2333 5933 cum
2363 5894 2459 5957 se_x
2496 5878 2763 5933 inferioris
2792 5886 2933 5930 nota:
2958 5874 3234 5931 codicibus
