4006 6348
317 285 415 345 68!

1714 279 2050 339 EPISTULA
2090 280 2203 345 XV.

3496 290 3609 355 682

318 399 403 471 qui
432 397 649 470 genitus
672 402 781 465 est,
820 404 847 433 ι
875 395 1011 451 alius
1034 393 1123 465 qui
1147 392 1214 449 de
1240 401 1469 465 utroque
1492 396 1789 466 processit;
1814 394 1907 449 sed
1937 397 1991 455 Α
2014 392 2288 450 Christum
2340 395 2626 452 Dominum
2679 400 2765 454 vel
2821 414 2886 455 ex
2944 411 3116 459 matre
3169 406 3355 461 volunt
3406 406 3607 467 habere

316 490 607 562 singularis
650 488 835 544 unitas
880 488 931 543 in
981 487 1151 542 tribus
1198 485 1413 557 quidem
1457 487 1768 552 vocabulis,
1815 486 1909 540 sed

318 601 423 641 non
453 583 483 624 δ
514 586 571 640 in
612 584 782 639 tribus
812 584 881 638 sit
909 581 1221 652 accipienda
1264 584 1531 652 personis.
1572 583 1724 651 Quod
1764 581 1908 637 blas-

316 680 549 750 phemia
602 694 774 748 genus
828 678 895 733 de
938 677 1155 733 Sabellii
1212 678 1468 746 opinione
1516 686 1908 749 sumpserunt:

267 781 271 783 “
319 776 473 844 cujus
504 772 757 844 discipuli
779 773 940 828 etiam
963 770 1349 843 Patripassiani
1380 773 1573 828 merito
1594 787 1910 841 nuncupan-

312 877 426 931 tur;
451 866 580 937 quia
619 866 665 921 si
690 866 805 935 ipse
832 874 914 922 est
946 864 1150 932 Filius,
1178 865 1268 935 qui
1298 875 1352 921 et
1382 863 1564 932 Pater,
1597 879 1729 920 crux
1760 864 1909 931 Filii,

311 959 487 1014 Patris
515 966 601 1013 est
622 959 835 1029 passio;
876 966 928 1013 et
958 956 1215 1029 quidquid
1264 958 1318 1013 in
1362 959 1537 1013 forma
1568 958 1709 1013 servi
1741 957 1911 1012 Filius

312 1052 455 1107 Patri
508 1050 813 1106 obediendo
862 1050 1153 1116 sustinuit,
1206 1060 1372 1105 tomm
1420 1050 1475 1104 in
1522 1065 1582 1105 se
1613 1051 1771 1105 Pater
1798 1050 1911 1118 ipse

310 1148 573 1215 suscepit.
599 1141 756 1211 Quod
789 1144 1071 1198 catholicae
1102 1142 1224 1197 fidei
1249 1143 1366 1197 sine
1397 1142 1750 1212 ambiguitate
1779 1156 1912 1197 con-

314 1238 533 1292 trarium
564 1246 682 1301 est,
716 1252 835 1307 quae
873 1247 895 1275 ο
932 1236 1247 1291 Trinitatem
1280 1235 1502 1291 Deitatis
1531 1236 1611 1291 sic
1641 1238 1911 1309 ὸμοούσιον

310 1327 622 1397 confitetur,
649 1326 964 1393 utPatrem,
988 1337 1043 1382 et
1064 1326 1280 1393 Filium,
1304 1334 1357 1383 et
1377 1326 1642 1398 Spiritum
1665 1337 1909 1384 sanctum

311 1424 426 1478 sine
453 1419 778 1477 confusione
807 1418 1091 1485 indivisos,
1115 1419 1231 1473 sine
1255 1429 1499 1489 tempore
1526 1421 1906 1489 sempiternos,

308 1516 425 1570 sine
461 1514 768 1570 differentia
815 1511 1003 1569 credat
1048 1510 1283 1582 aequales
1336 1529 1347 1563 :
1391 1510 1515 1581 quia
1546 1510 1812 1567 Unitatem
1855 1511 1909 1567 in

307 1608 473 1680 693
497 1607 765 1663 Trinitate
808 1623 913 1663 non
945 1606 1132 1663 eadem
1165 1619 1399 1677 persona
1420 1646 1434 1672 ,
1463 1604 1558 1662 sed
1587 1604 1773 1661 eadem
1804 1606 1909 1661 im-

307 1700 421 1769 plet
455 1699 715 1754 essentia.

2017 488 2335 557 principittm
2364 529 2378 553 ,
2413 489 2495 544 vel
2548 491 2721 548 Patris
2757 492 2847 549 Dci
2900 497 3230 566 unigenitum
3274 498 3573 556 diffitentur

2014 592 2134 632 cum
2162 589 2217 634 et
2246 581 2313 635 de
2342 591 2515 639 matre
2555 583 2600 637 is
2629 595 2783 639 natus
2814 587 2881 640 sit
2911 589 2997 658 qui
3031 601 3147 644 erat
3181 591 3319 645 Deus
3346 592 3602 662 Verbum,

2015 680 2068 726 et
2090 672 2156 726 dc
2188 671 2346 729 Patre
2386 692 2543 730 nemo
2576 676 2644 731 sit
2667 678 2879 747 genitus
2910 691 3108 749 prmter
3133 683 3388 740 Verbum.

2085 765 2214 821 CAP.
2249 767 2338 824 IV.
2368 767 2518 833 Quod
2532 772 2772 842 jejunent
2797 774 2851 827 in
2878 773 3064 829 Natali
3086 774 3296 831 Domini
3325 789 3370 832 et
3394 780 3475 835 die
3498 780 3609 836 Do-

2016 860 2230 916 minica.
2261 891 2333 902 —
2370 862 2575 931 Quarto
2601 875 2783 921 autem
2811 869 3048 937 capitulo
3083 872 3410 940 continetur,
3465 877 3610 945 quod

2014 953 2257 1009 Natalem
2288 955 2514 1023 Christi,
2548 973 2708 1027 quem
2737 958 3031 1015 secundum
3064 965 3462 1033 susceptionem
3494 967 3611 1021 veri

2016 1046 2250 1104 hominis
2285 1048 2554 1107 catholica
2598 1050 2842 1107 Ecclesia
2882 1062 3194 1120 veneratur,
3232 1058 3351 1127 quia
3388 1057 3611 1113 Verbum

2016 1154 2135 1193 caro
2156 1140 2349 1209 factum
2376 1150 2450 1196 est
2476 1150 2522 1197 et
2546 1141 2793 1197 habitavit
2820 1144 2874 1198 in
2898 1146 3043 1199 nobis
3071 1144 3251 1217 (Joan.
3282 1165 3321 1214 ι,
3356 1148 3468 1221 14),
3502 1167 3611 1206 non

2016 1247 2142 1289 vere
2172 1234 2261 1289 isti
2302 1236 2600 1301 honorent,
2643 1236 2741 1292 sed
2779 1237 3046 1295 honorare
3069 1255 3129 1295 se
3154 1241 3435 1309 simulent,
3468 1244 3609 1314 jeju-

2016 1335 2211 1384 nantes
2232 1330 2422 1386 eodem
2447 1331 2555 1395 die,
2584 1330 2726 1389 sicut
2750 1341 2806 1388 et
2827 1333 2912 1391 die
2942 1333 3241 1401 Dominico,
3264 1336 3352 1405 qui
3382 1344 3467 1392 est
3494 1337 3610 1393 dies

2016 1424 2436 1479 resurrectionis
2465 1424 2686 1480 Christi.
2712 1426 2867 1493 Quod
2896 1426 3080 1498 utique
3107 1428 3229 1484 ideo
3258 1427 3459 1485 faciunt
3486 1431 3611 1502 quia

2016 1514 2288 1572 Christum
2323 1518 2607 1573 Dominum
2651 1519 2705 1572 in
2748 1534 2870 1575 vera
2904 1519 3137 1575 hominis
3189 1531 3378 1576 natura
3423 1532 3611 1579 natum

2016 1622 2137 1665 esse
2154 1625 2260 1664 non
2284 1610 2532 1675 credunt,
2557 1610 2651 1666 sed
2675 1626 2770 1680 per
2786 1612 3073 1681 quamdam
3098 1612 3404 1669 illusionem
3427 1624 3611 1670 osten-

2017 1711 2127 1757 tata
2160 1703 2334 1759 videri
2360 1702 2546 1757 volunt
2572 1712 2598 1751 Β
2629 1718 2747 1773 qum
2772 1718 2897 1763 vera
2930 1718 3036 1760 non
3059 1704 3294 1773 fuerint;
3321 1717 3611 1777 sequentes

374 1790 505 1846 CAP.
554 1790 616 1845 ll.
659 1788 739 1845 De
786 1789 1060 1845 virtutibus
1105 1806 1232 1859 quas
1265 1806 1327 1845 ex
1358 1788 1464 1844 Deo
1498 1788 1772 1862 procedere
1813 1790 1913 1859 ﬁn-
1942 1791 1990 1850 B
2017 1793 2267 1863 dogmata
2299 1793 2561 1850 Cerdonis
2589 1804 2750 1865 atque
2777 1795 3097 1862 Marcionis,
3150 1807 3203 1852 et
3228 1799 3472 1869 cognatis
3498 1800 3614 1855 suis

304 1893 453 1957 gunt.
486 1914 559 1924 —
584 1882 646 1939 In
675 1883 912 1939 secundo
941 1883 1177 1953 capitulo
1215 1883 1519 1940 ostenditur
1548 1884 1790 1955 ineptum
1816 1899 1912 1939 va-

304 1992 546 2047 numque
568 1986 934 2032 commentum
958 1973 983 2012 ἀ
1007 1975 1075 2031 de
1096 1977 1537 2047 processionibus
1554 1975 1908 2048 quarumdam

303 2070 564 2126 virtutum
585 2085 653 2126 ex
676 2069 809 2138 Deo,
837 2084 970 2140 quas
1000 2069 1201 2125 habere
1228 2070 1455 2140 coeperit
1483 2080 1536 2126 et
1564 2086 1699 2141 quas
1725 2086 1912 2126 essen-

304 2164 379 2219 tia
407 2163 495 2219 sui
522 2163 641 2235 ipse
680 2164 1041 2240 prmeesserit.
1070 2162 1127 2218 In
1158 2178 1264 2233 quo
1289 2164 1615 2219 Arianorum
1648 2174 1670 2202 ε
1698 2179 1911 2235 quoque

306 2254 680 2324 suﬂ'ragantur
701 2256 907 2325 errori,
940 2255 1233 2311 dicentium
1252 2256 1393 2326 quod
1416 2257 1574 2312 Pater
1597 2256 1733 2312 Filio
1764 2258 1912 2326 prior

302 2351 409 2415 sit,
437 2350 562 2420 quia
608 2347 773 2404 fuerit
811 2349 1102 2419 aliquando
1143 2350 1260 2405 sine
1291 2348 1466 2415 Filio,
1503 2361 1557 2404 et
1599 2358 1724 2405 tunc
1753 2350 1912 2407 Pater

305 2446 435 2495 esse
459 2441 711 2511 coeperit,
740 2441 957 2511 quando
982 2441 1173 2497 Filium
1205 2441 1472 2513 genuerit.
1500 2441 1606 2497 Sed
1629 2442 1767 2498 sicut
1787 2442 1912 2500 illos

306 2530 577 2585 catholica
613 2530 854 2587 Ecclesia
891 2532 1212 2598 detestatur,
1243 2534 1313 2587 ita
1340 2541 1393 2587 et
1417 2532 1569 2599 istos,
1605 2534 1697 2604 qui
1726 2544 1913 2604 putant

308 2639 569 2695 umquam
600 2626 710 2682 Deo
742 2626 795 2681 id
823 2626 965 2697 quod
989 2625 1230 2697 ejusdem
1258 2636 1341 2682 est
1368 2627 1616 2683 essentia:
1645 2626 1908 2686 defuisse.

308 2716 487 2784 Quem
536 2719 677 2774 sicut
719 2719 1069 2787 mutabilem,
1113 2719 1185 2775 ita
1231 2729 1285 2775 et
1334 2719 1702 2789 proficientem
1730 2721 1913 2778 dicere

307 2811 468 2867 nefas
493 2822 593 2868 est.
625 2812 796 2880 Quam
830 2810 973 2868 enim
1004 2821 1245 2868 mutatur
1274 2811 1417 2883 quod
1462 2812 1752 2882 minuitur,
1803 2823 1911 2871 tam

307 2915 556 2961 mutatur
584 2906 746 2961 etiarn
776 2904 919 2976 quod
949 2916 1196 2977 augetur.

384 2997 516 3053 ΟΛΡ.
546 2996 636 3052 IlI.
665 2996 768 3052 Cur
790 2997 1084 3068 unigenitus
1106 2998 1313 3051 dicatur
1334 2998 1476 3068 apud
1496 3015 1580 3053 eos
1596 2996 1645 3051 F
1649 2999 1771 3054 ilius
1795 3000 1911 3058 Dei.

307 3120 385 3132 —
412 3089 432 3128 ί
478 3090 647 3146 Tertii
670 3105 799 3146 vero
829 3089 1050 3161 capituli
1082 3104 1261 3144 sermo
1290 3090 1554 3161 designat,
1585 3092 1726 3162 quod
1752 3093 1912 3149 iidem
1948 3086 1955 3099 ’

2016 1887 2326 1942 Manichaeis
2372 1903 2470 1958 per
2514 1890 2694 1943 omnia
2742 1900 3123 1945 consonantes.
3174 1890 3316 1958 Qui,
3368 1892 3507 1947 sicut
3552 1891 3609 1947 in

2013 1988 2203 2034 nostro
2233 1981 2481 2036 examine
2510 1979 2710 2035 detecti
2744 1989 2903 2051 atque
2935 1981 3166 2038 convicti
3198 1990 3343 2044 sunt,
3369 1983 3613 2038 Domini-

2012 2086 2135 2128 cum
2164 2072 2336 2141 diem,
2373 2088 2536 2144 quem
2565 2072 2721 2128 nobis
2752 2074 3051 2130 Salvatoris
3081 2076 3254 2130 nostri
3286 2075 3614 2132 resurrectio

2010 2165 2390 2233 consecravit,
2442 2165 2664 2234 exigunt
2699 2164 2751 2220 in
2796 2180 3035 2222 maerore
3068 2165 3292 2236 jejunii;
3341 2166 3506 2234 solis,
3550 2175 3614 2222 ut

2012 2258 2285 2331 proditum
2316 2266 2402 2314 est
2425 2299 2439 2324 ,
2490 2257 2810 2315 reverentiae
2850 2256 2990 2314 hanc
3022 2258 3407 2314 continentiam
3446 2258 3615 2315 devo-

2012 2361 2202 2407 ventes
2248 2368 2260 2405 :
2309 2361 2368 2406 ut
2410 2366 2508 2421 per
2546 2352 2729 2407 omnia
2776 2351 2885 2407 sint
2924 2366 2956 2405 a
2998 2360 3197 2406 nostra:
3237 2350 3363 2405 ﬁdei
3409 2351 3614 2408 unitate

2013 2442 2313 2509 discordes,
2349 2451 2405 2497 et
2428 2442 2547 2498 dies
2574 2444 2663 2510 qui
2696 2457 2725 2495 a
2764 2441 2923 2497 nobis
2947 2442 3001 2497 in
3030 2441 3215 2497 laetitia
3238 2442 3501 2509 habetur,
3544 2442 3613 2499 ab

2015 2534 2125 2590 illis
2157 2534 2211 2589 in
2260 2533 2553 2589 afflictione
2586 2533 2831 2589 ducatur.
2866 2532 3020 2589 Unde
3049 2533 3267 2605 dignunt
3297 2542 3379 2589 est
3411 2542 3467 2589 ut
3504 2534 3611 2589 ini-

2021 2628 2148 2684 mici
2174 2628 2352 2684 crucis
2378 2638 2433 2685 et
2460 2626 2877 2683 resurrectionis
2912 2624 3116 2681 Christi
3146 2627 3307 2682 talem
3338 2626 3615 2698 excipiant

2014 2722 2339 2775 sententiam
2359 2760 2374 2786 ,
2408 2720 2619 2791 qualem
2646 2720 2931 2789 elegerunt
2958 2718 3283 2774 doctrinam.

2085 2813 2217 2869 Car.
2248 2813 2313 2868 V.
2344 2813 2495 2881 Quod
2525 2812 2755 2866 animam
2784 2812 3005 2866 hominis
3033 2812 3222 2867 divina:
3250 2820 3488 2867 asserunt
3507 2828 3615 2869 esse

2016 2903 2339 2960 substantitz.
2369 2933 2441 2944 —
2466 2904 2665 2971 Quinto
2690 2902 2926 2972 capitulo
2948 2901 3181 2959 refertur
3209 2903 3352 2973 quod
3376 2904 3614 2961 animam

2016 2996 2253 3052 hominis
2274 2996 2473 3052 divina:
2494 3004 2740 3051 asserant
2755 3010 2878 3051 esse
2900 2994 3236 3063 substantiae,
3260 3011 3360 3052 nec
3375 3010 3403 3050 a
3422 3004 3617 3054 natura

2016 3089 2294 3146 Creatoris
2344 3090 2429 3145 sui
2471 3088 2798 3145 conditionis
2843 3096 3045 3143 nostra),
3087 3087 3290 3144 distare
3344 3098 3616 3146 naturam.

306 3184 471 3255 impii
492 3194 757 3251 asserunt,
783 3183 908 3239 ideo
931 3184 1263 3254 unigenitum
1295 3184 1399 3239 dici
1422 3184 1618 3240 Filium
1644 3184 1761 3253 Dei,
1790 3187 1912 3257 quia
1938 3175 1987 3241 C
2019 3184 2193 3252 Quam
2236 3183 2567 3254 impietatem
2593 3197 2661 3237 ex
2689 3179 3135 3252 philosophorum
3168 3180 3519 3251 quorumdam
3559 3189 3618 3237 et

305 3277 467 3332 solus
496 3277 563 3330 sit
589 3286 746 3329 natus
772 3290 838 3330 ex
864 3274 1094 3344 virgine.
1126 3275 1280 3343 Quod
1312 3276 1494 3345 utique
1520 3291 1628 3331 non
1648 3278 1915 3335 auderent

305 3370 521 3435 dicere,
554 3366 656 3423 nisi
683 3368 831 3423 Pauli
853 3367 1194 3424 Satnosateui
1215 3378 1269 3423 et
1292 3367 1505 3423 Photini
1528 3371 1677 3425 virus
1699 3370 1912 3428 hausis-

303 3474 471 3530 sent,
506 3462 595 3533 qui
621 3461 875 3517 dixerunt
912 3459 1201 3515 Dominum
1233 3468 1478 3516 nostrum
1526 3462 1710 3517 Jesum
1753 3460 1913 3518 Chri-

305 3565 501 3622 stum,
546 3569 835 3626 antequam
872 3563 1189 3609 nasceretur
1235 3568 1305 3609 ex
1335 3553 1542 3624 virgine
1572 3554 1763 3623 Maria,
1806 3570 1915 3611 non

302 3650 511 3706 fuisse.
555 3649 611 3706 Si
638 3660 816 3704 autem
845 3647 935 3703 isti
964 3647 1110 3703 aliud
1149 3647 1218 3703 de
1249 3661 1348 3702 suo
1370 3661 1531 3703 sensu
1559 3647 1786 3718 intelligi
1820 3663 1917 3704 vo-

307 3744 475 3807 lunt,
510 3757 681 3811 neque
702 3740 1028 3812 principium
1049 3739 1117 3796 de
1146 3749 1321 3795 matre
1350 3740 1479 3797 dant
1502 3739 1742 3807 Christo,
1765 3755 1915 3797 asse—

307 3845 449 3893 rant
480 3851 706 3892 necesse
731 3846 815 3891 est
839 3850 946 3890 non
972 3851 1135 3890 unum
1160 3848 1282 3890 esse
1308 3834 1502 3889 Filiutn
1526 3833 1645 3901 Dei,
1668 3836 1764 3890 sed
1782 3836 1921 3892 alios

306 3943 540 4001 quoque
583 3945 650 3985 ex
681 3943 890 3984 summo
917 3927 1078 3983 Patre
1120 3927 1334 3998 genitos
1354 3970 1369 3996 ,
1406 3942 1631 3996 quorum
1664 3926 1752 3982 hic
1782 3943 1922 3985 unus

306 4022 397 4077 sit
421 4032 576 4077 natus
603 4038 668 4078 ex
692 4023 912 4090 femina,
936 4029 994 4078 et
1012 4023 1081 4077 ob
1106 4021 1209 4077 hoc
1236 4022 1539 4091 appelletur
1562 4023 1879 4093 Uuigenitus
1904 4040 1919 4077 :

308 4115 456 4185 quia
502 4114 635 4169 hanc
664 4113 921 4168 nascendi
953 4114 1317 4169 conditionem
1363 4113 1503 4168 alius
1546 4113 1781 4169 filiorum
1825 4115 1923 4171 Dei

310 4222 495 4265 nemo
520 4208 838 4277 susceperit.
864 4207 1308 4277 Quoquoversum
1335 4208 1501 4278 699
1528 4207 1687 4276 igitur
1705 4224 1765 4264 se
1789 4223 1921 4265 con-

308 4300 579 4367 tulerint,
616 4301 670 4355 in
701 4316 908 4371 magnae
941 4300 1168 4356 tendunt
1198 4300 1493 4370 impietatis
1523 4300 1843 4371 abruptum,
1875 4304 1921 4359 si

2022 3275 2441 3332 Manichaeorum
2498 3274 2756 3346 opinione
2805 3280 3112 3328 manantem
3167 3272 3431 3329 catholica
3481 3272 3618 3329 fides

2020 3369 2239 3424 damnat
2274 3388 2285 3423 :
2318 3367 2497 3423 sciens
2524 3366 2727 3421 nullam
2759 3374 2867 3421 tam
2897 3364 3187 3421 sublimem
3232 3375 3449 3436 tamque
3474 3380 3623 3435 prae-

2020 3464 2233 3533 cipuam
2275 3475 2399 3518 esse
2446 3462 2745 3527 facturam,
2790 3460 2878 3515 cui
2910 3459 3055 3515 Deus
3111 3460 3227 3530 ipse
3274 3468 3464 3515 natura
3523 3459 3618 3516 sit.

2020 3553 2174 3622 Quod
2204 3553 2346 3610 enim
2389 3552 2456 3608 de
2479 3552 2597 3623 ipso
2618 3560 2732 3619 est,
2761 3548 2793 3589 ιι
2819 3549 2874 3606 id
2898 3559 2984 3608 est
3008 3550 3149 3622 quod
3173 3551 3321 3620 ipse,
3351 3566 3527 3622 neque
3564 3550 3620 3606 id

2021 3646 2166 3703 aliud
2223 3657 2308 3703 est
2354 3646 2518 3717 700
2568 3659 2726 3716 quam
2775 3643 2948 3699 Filius
3001 3653 3057 3699 et
3096 3644 3331 3713 Spiritus
3376 3652 3618 3699 sanctus.

2023 3740 2230 3797 Praeter
2269 3739 2410 3795 hanc
2449 3747 2627 3794 autem
2668 3753 2894 3794 summae
2935 3737 3215 3792 Trinitatis
3260 3751 3456 3802 unatn,
3489 3751 3622 3792 con-

2023 3833 2435 3891 substantialem
2459 3874 2476 3900 ,
2526 3841 2576 3888 et
2610 3831 2993 3903 sempiternam
3017 3873 3031 3898 ,
3071 3839 3235 3901 atque
3264 3830 3623 3885 incommuta-

2024 3926 2186 3982 bilem
2223 3926 2506 3991 Deitatem,
2539 3924 2667 3979 nihil
2698 3924 2937 3982 omnium
2971 3932 3339 3980 creaturarum
3368 3931 3452 3979 est
3476 3923 3622 3993 quod

2026 4036 2131 4075 non
2160 4020 2213 4074 in
2239 4020 2462 4075 exordio
2483 4020 2567 4075 sui
2593 4033 2660 4075 ex
2690 4018 2861 4073 nihilo
2890 4028 3132 4073 creatum
3169 4018 3261 4072 sit.
3294 4017 3409 4073 Non
3438 4025 3623 4076 autem

2025 4113 2283 4185 quidquid
2328 4113 2469 4168 inter
2511 4122 2788 4168 creaturas
2830 4112 3033 4167 eminet
3082 4111 3227 4166 Deus
3268 4121 3385 4176 est,
3422 4124 3521 4163 nec
3574 4110 3624 4165 si

2025 4207 2152 4280 quid
2180 4222 2431 4277 magnum
2464 4215 2547 4261 est
2580 4216 2741 4275 atque
2768 4205 3017 4259 mirabile
3045 4246 3058 4269 ,
3105 4204 3209 4259 hoc
3250 4212 3332 4258 est
3359 4203 3500 4273 quod
3529 4203 3623 4260 ille

2026 4303 2114 4374 qui
2136 4301 2262 4373 facit
2288 4300 2545 4354 mirabilia
2575 4314 2762 4369 magna
2787 4298 2929 4351 solus
2960 4296 3077 4366 (Ps.
3107 4310 3312 4361 cxxxv,
3340 4295 3422 4364 4).
3453 4294 3623 4355 Nemo

399 4468 426 4495 ⁸
451 4458 579 4513 Mss.
616 4458 764 4528 Hisp.
800 4467 871 4531 et
914 4458 1094 4531 Isid.,_
1115 4466 1202 4512 aut
1245 4458 1351 4526 qui.
1392 4459 1521 4531 Mox
1555 4460 1784 4526 procedit
1826 4475 1924 4530 pro
1952 4464 2003 4524 Ι)
2029 4470 2209 4531 cepto,
2242 4460 2293 4514 in
2315 4467 2494 4531 quoiet
2524 4473 2614 4531 per
2641 4472 2770 4528 quas
2797 4457 3155 4531 essentiasua.

304 4531 575 4604 processit
622 4531 757 4599 apud
796 4529 1209 4604 Theodulphum
1248 4531 1340 4582 lib.
1373 4529 1450 4604 dc,
1477 4529 1919 4604 SpiritusanCto.

395 4600 425 4641 δ
456 4601 782 4655 lnseruimus
804 4602 856 4653 in
888 4617 973 4654 ex.
1013 4600 1131 4654 Vat.
1170 4600 1302 4667 Reg.
1348 4600 1564 4655 collect.
1606 4601 1657 4654 1.
1691 4602 1920 4658 Viudeb.

298 4673 540 4730 Collect.
583 4673 640 4735 5,
672 4674 788 4726 Vat.
819 4681 873 4725 et
900 4671 1129 4725 Vercc-ll.
1166 4671 1378 4725 collect.
1419 4672 1451 4725 8
1474 4716 1487 4739 ,
1520 4688 1619 4725 nec
1653 4688 1755 4727 non
1802 4674 1919 4730 Vat.

296 4747 474 4814 Hisp.
530 4754 583 4799 et
611 4743 736 4798 Isid.
779 4743 833 4797 In
866 4742 1172 4797 Viudebon.
1204 4741 1466 4814 Hisp.,_et
1506 4759 1606 4796 non
1634 4745 1686 4797 in
1728 4746 1921 4812 tribus,

301 4812 502 4875 deleto
534 4817 637 4869 sed.
683 4814 815 4869 Post
846 4827 1018 4884 pauca
1050 4828 1141 4884 sex
1172 4813 1357 4879 codd.,
1394 4812 1773 4884 Patripassiani
1822 4834 1924 4871 non

314 4888 599 4943 mmerito.
650 4887 784 4941 Dein
833 4882 1010 4939 Filius
1054 4883 1235 4939 Patris
1281 4885 1517 4939 obediens
1547 4882 1814 4941 sustinuit
1869 4890 1922 4944 in

303 4959 625 5016 Viudebon.
664 4959 814 5027 Hisp.

388 5041 415 5068 ο
444 5030 768 5096 Quesnellus
797 5043 919 5083 cum
942 5037 1097 5082 antea
1131 5027 1291 5083 editis
1331 5038 1384 5084 et
1415 5042 1517 5083 ms.
1564 5028 1762 5099 Grim.,
1808 5030 1923 5085 Tri-

293 5104 535 5157 nitatem
592 5099 815 5172 Unitatis
866 5100 1120 5166 retinuit,
1170 5101 1269 5154 etsi
1303 5100 1571 5172 notaverit
1600 5102 1653 5156 in
1684 5104 1923 5172 margine

294 5174 628 5228 Trinitatem
669 5171 889 5225 Deitatis
911 5172 1137 5239 reperiri
1167 5173 1218 5223 in
1252 5186 1445 5226 novem
1479 5171 1591 5225 suis
1621 5171 1920 5241 codicibus,

294 5246 522 5307 quibus
566 5242 651 5295 alii
687 5244 1087 5313 pluresunostri
1118 5242 1413 5309 accedunt,
1463 5241 1606 5297 inter
1633 5259 1769 5313 quos
1798 5244 1920 5300 Vat.

290 5316 453 5382 Reg.
488 5311 703 5385 collect.
738 5316 763 5368 1
792 5322 847 5367 et
877 5311 1184 5367 Viudebon.
1221 5313 1584 5385 Hispssolum
1616 5311 1712 5385 pro
1741 5315 1923 5371 Deita-

292 5390 376 5441 tis
410 5385 609 5439 habent
642 5383 961 5438 Divinitatis.
1008 5385 1157 5437 Hanc
1180 5392 1358 5438 autem
1382 5383 1667 5439 lectionem
1702 5389 1923 5442 omnino

289 5454 966 5530 praeferendamrevincit
1009 5456 1201 5530 similis
1250 5456 1413 5510 lectio
1462 5455 1623 5530 hujus
1679 5459 1921 5526 epistola:

288 5525 438 5598 cap.
502 5526 567 5583 17
592 5569 607 5593 ,
660 5529 749 5581 ubi
801 5525 1175 5598 antecedentia
1199 5528 1548 5598 _cotnpendio
1580 5525 1918 5598 repetuntur.

293 5595 470 5660 Urius
502 5598 661 5653 Barb.
696 5598 860 5652 habet
887 5596 1154 5651 Trinitatis
1189 5595 1475 5652 Unitatem.

377 5668 415 5707 δ
444 5670 546 5723 Ms.
571 5669 692 5725 Vat.
718 5670 935 5725 collect.
960 5669 1014 5731 8,
1038 5669 1100 5722 de
1131 5672 1474 5736 processione.
1503 5668 1623 5722 Mox
1655 5669 1708 5724 in
1736 5668 1920 5740 Vulg.,

290 5743 537 5799 essentia
564 5758 681 5797 sua.
714 5740 1036 5809 Quesnellus
1065 5741 1304 5794 correxit
1324 5756 1393 5794 ex
1418 5741 1668 5795 omnibus
1696 5741 1809 5795 suis
1832 5757 1923 5795 co-

288 5814 529 5877 dicibus
550 5855 565 5877 ,
616 5813 815 5881 quibus
842 5812 1207 5882 astipulantur
1232 5812 1397 5871 etiam
1424 5812 1636 5883 nostri,
1669 5827 1777 5870 uno
1823 5828 1920 5871 ex-

598 5909 886 5996 Ps'raua.
924 5906 1080 5969 LIV.

2107 4525 2130 4568 δ
2162 4532 2239 4585 Ex
2272 4525 2402 4586 mss.
2430 4525 2731 4582 Viudebon.
2759 4528 2972 4581 collect.
3002 4527 3055 4593 5,
3084 4540 3184 4580 nec
3211 4539 3316 4577 non
3352 4541 3416 4579 ex
3452 4525 3624 4581 colle-

2030 4604 2211 4658 ctione
2225 4602 2377 4670 Hisp.
2403 4610 2456 4655 et
2484 4600 2608 4654 Isid.
2627 4599 2853 4668 aliisque
2874 4597 3033 4651 codd.
3049 4596 3378 4670 inserttimus
3400 4613 3620 4666 quoque,

2028 4674 2159 4729 satis
2202 4668 2468 4741 congrue;
2519 4671 2790 4725 iudicatur
2832 4672 3007 4737 enim,
3036 4668 3483 4741 Priscilltanistas
3515 4685 3623 4724 non

2029 4747 2200 4801 solum
2234 4739 2575 4806 Subellianis,
2608 4741 2675 4795 de
2703 4741 2900 4810 quibus
2930 4740 3104 4807 capite
3134 4739 3495 4807 antecedenti,
3528 4741 3625 4797 sed

2028 4816 2247 4872 Arianis
2277 4832 2497 4885 quoque,
2527 4814 2653 4867 licet
2678 4812 3108 4885 sabellianorum
3134 4810 3305 4865 errori
3337 4811 3622 4885 oppositis,

2026 4881 2332 4957 suffragari.
2366 4887 2494 4940 Post
2526 4899 2687 4957 pauca
2720 4898 2819 4957 pro
2841 4884 3070 4957 genuerit
3102 4897 3241 4936 unus
3263 4881 3387 4936 cod.
3416 4900 3627 4957 genera-

2028 4961 2096 5013 uit
2120 5004 2134 5027 ,
2187 4955 2293 5013 duo
2324 4958 2597 5028 generarit.
2647 4955 2779 5010 Dein
2826 4956 3093 5008 essentiale
3116 4996 3132 5021 ,
3167 4968 3263 5024 pro
3308 4955 3539 5007 essentia
3568 4955 3625 5012 itt

2028 5030 2257 5087 Viudeb.
2286 5030 2434 5096 llisn.
2590 5096 2593 5097 ν
2901 5095 2911 5097 _
3455 5094 3492 5097 ψ
3694 5060 3702 5097 ;

2103 5101 2123 5141 τ
2156 5102 2270 5155 Duo
2300 5094 2431 5155 mss.
2461 5096 2770 5154 Viudebon.
2811 5095 3026 5151 collect.
3071 5097 3105 5151 5
3142 5103 3197 5151 et
3228 5095 3404 5164 Hisp.,
3450 5094 3625 5149 Tertio

2024 5190 2144 5228 vero
2175 5172 2282 5243 (vel
2312 5168 2503 5240 autem)
2536 5168 2794 5243 capitulo.
2812 5166 3111 5243 Aliquando
3138 5176 3257 5234 post
3284 5167 3425 5221 idem
3450 5166 3624 5243 codex

2026 5236 2238 5300 collect.
2271 5243 2305 5297 5
2333 5257 2456 5297 cum
2485 5236 2881 5307 antiquioribus
2912 5239 3092 5307 ναις..
3128 5252 3193 5291 ex
3234 5254 3431 5289 summo
3465 5236 3624 5291 Patre

2028 5316 2351 5386 progenitos:
2373 5312 2503 5386 Dein
2525 5312 2588 5386 in
2619 5307 2739 5386 Vat.
2772 5310 2949 5386 Hi_~p.,
2980 5310 3023 5363 si
3053 5307 3315 5363 Christum
3341 5307 3622 5362 Dominum

2027 5379 2297 5449 nostrum;
2332 5383 2482 5446 lsid.,
2514 5380 2794 5435 Dominum
2812 5379 3012 5434 Iesum.

2102 5467 2127 5505 ε
2152 5457 2282 5511 Mss.
2317 5454 2548 5509 Viudeb.
2577 5453 2727 5519 Hisp.
2759 5462 2814 5507 et
2840 5451 2960 5507 Vat.
2986 5449 3199 5504 collect.
3225 5450 3312 5515 Η,
3337 5449 3458 5517 quia
3480 5464 3620 5504 uera.

2027 5528 2150 5582 Vat.
2173 5527 2324 5594 Hisp.
2357 5535 2411 5580 ct
2437 5525 2586 5588 lsid.,
2614 5525 2765 5593 quasi
2794 5540 2931 5594 vera.
2960 5522 3086 5575 Post
3116 5535 3282 5594 putica
3312 5520 3462 5594 Vulg.
3495 5530 3623 5575 ante

2027 5599 2231 5667 Quesn.
2264 5590 2384 5652 cum
2409 5590 2679 5651 nonnullis
2708 5608 2860 5660 mss.,
2894 5593 3081 5663 dogma
3112 5590 3380 5657 Cerdonis,
3413 5602 3464 5647 et
3498 5606 3623 5649 eon-

2027 5670 2299 5723 cordantes
2324 5684 2419 5737 pro
2446 5676 2801 5721 consonantes.

2100 5738 2128 5777 h
2159 5742 2270 5801 AL,
2302 5732 2440 5793 idem
2466 5746 2560 5791 est.
2590 5737 2814 5802 Quidam
2842 5734 3055 5789 codices
3084 5732 3203 5787 Vat.
3235 5747 3358 5790 cum
3390 5733 3621 5798 Viudeb.

2027 5811 2204 5885 Hisp.,
2233 5811 2331 5868 Itoc
2362 5820 2433 5866 cst
2456 5809 2593 5883 quod
2617 5810 2743 5880 ipse,
2776 5821 2936 5879 neque
2964 5805 3110 5859 aliud
3142 5813 3231 5858 est.

3095 5893 3176 5961 22
