4006 6348
398 267 506 332 083

1470 264 1526 320 S.
1568 264 1809 320 LEONIS
1848 262 2065 321 MAGNI
2104 264 2487 324 EPISTOLE.

3559 267 3674 331 684

400 386 674 443 hominum
699 383 919 449 veritas,
948 393 1109 437 nemo
1134 378 1423 448 sapientia,
1445 392 1603 434 nemo
1623 378 1829 449 iustitia
1860 388 1975 447 est;
2006 394 2053 451 Α
2086 397 2192 437 non
2223 391 2305 439 est
2341 381 2452 439 illic
2482 382 2700 439 libertas
2729 385 3095 457 turpitudinis,
3137 386 3229 444 ubi
3255 388 3429 460 pudor
3455 397 3511 448 et
3542 406 3664 453 Ina-

397 479 491 534 sed
516 476 666 533 multi
690 474 974 545 participes
992 478 1117 525 sunt
1142 467 1398 535 veritatis,
1438 479 1490 525 et
1510 470 1788 541 sapientiai
1816 480 1977 542 atque

392 568 635 639 iustitiae.
686 566 844 621 Solus
899 570 1079 617 autem
1118 559 1262 616 Deus
1300 561 1500 616 nullius
1552 563 1977 633 participationis

396 661 604 730 indigus
631 666 712 711 est
750 672 763 708 :
790 656 858 709 de
886 668 995 723 quo
1018 652 1277 724 quidquid
1306 652 1467 723 digne
1490 660 1776 724 utcumque
1810 656 1978 709 senti-

395 761 509 811 tur,
554 762 657 801 non
688 745 919 815 qualitas
963 752 1082 811 est,
1120 742 1214 798 sed
1260 745 1516 799 essentia.
1547 744 1978 800 lncommutabili

392 838 535 894 enim
572 845 599 872 ιι
632 835 763 890 nihil
795 833 1042 900 accedit,
1072 833 1204 889 nihil
1239 833 1451 904 deperit
1480 849 1495 889 :
1539 837 1665 905 quia
1698 850 1817 891 esse
1856 835 1975 903 illi,

390 932 532 1002 quod
566 941 649 985 est
679 930 1099 998 sempiternum,
1138 943 1356 998 semper
1380 941 1463 983 εει
1493 930 1789 998 proprium.
1826 927 1979 983 Unde
2011 928 2014 932 “

390 1026 443 1078 in
478 1038 537 1079 se
565 1037 786 1077 manens
815 1023 1036 1076 innovat
1081 1022 1291 1084 omnia,
1333 1032 1387 1077 et
1426 1020 1558 1075 nihil
1603 1022 1810 1089 accepit
1835 1019 1979 1089 quod

392 1120 507 1189 ipse
532 1133 637 1172 non
677 1114 905 1171 dederit.
937 1115 1170 1170 Nimium
1216 1115 1379 1185 igitur
1407 1114 1623 1185 superbi
1648 1114 1979 1181 nimiumque

390 1221 516 1266 sunt
544 1210 672 1266 εωεί
690 1208 719 1249 ι’
742 1210 831 1278 qui
859 1224 979 1263 cum
1003 1209 1184 1264 dicant
1207 1208 1492 1263 humanam
1520 1210 1754 1262 animam
1782 1206 1978 1261 divina:

391 1320 511 1360 esse
540 1302 853 1359 substantiae
872 1342 885 1368 ,
917 1316 1021 1355 non
1048 1300 1354 1369 intelligunt
1380 1300 1512 1354 nihil
1543 1314 1603 1354 se
1626 1298 1769 1352 aliud
1798 1298 1979 1353 dicere

393 1412 555 1468 quam
588 1398 752 1450 Deum
786 1408 904 1448 esse
933 1392 1264 1455 mutabilem,
1293 1401 1347 1446 et
1377 1392 1551 1461 ipsum
1584 1394 1791 1462 perpeti
1823 1388 1980 1461 quid-

390 1489 519 1558 quid
552 1498 726 1557 potest
755 1492 961 1539 naturae
987 1484 1103 1553 ejus
1131 1482 1337 1537 inferri.

461 1583 591 1637 CAP.
618 1581 707 1636 Vl.
741 1580 889 1645 Quod
918 1579 1063 1631 aiunt
1099 1577 1365 1631 diabolum
1393 1592 1673 1647 numquam
1708 1576 1866 1645 fuisse
1890 1576 1980 1630 bo-

390 1689 544 1739 num,
594 1689 683 1726 nec
710 1669 807 1724 Dei
829 1687 955 1742 opus
977 1686 1104 1736 esse,
1132 1668 1224 1723 sed
1251 1685 1315 1723 ea:
1340 1668 1468 1724 chao
1497 1679 1543 1723 et
1572 1667 1787 1725 tenebris
1815 1683 1977 1722 emer-

2086 476 2325 531 trimonii
2358 488 2606 531 servatur
2633 486 2688 531 et
2714 477 2940 537 sobolis.

2148 566 2279 622 CAP.
2308 565 2445 622 Vlll.
2469 594 2540 609 ——
2561 564 2791 637 Corpora
2835 567 3065 624 humana
3090 571 3239 626 aiunt
3279 590 3370 642 per
3409 573 3675 633 diabolum

2078 661 2313 734 formari,
2346 670 2394 715 et
2418 676 2597 714 eorum
2624 663 3048 715 resurrectionem
3078 674 3287 734 negant.
3312 695 3385 706 —
3410 667 3672 725 Octavum

2080 751 2320 820 ipsorum
2363 761 2467 817 est,
2510 752 2922 821 plasmationem
2973 752 3334 810 humanorum
3383 772 3672 825 corporum

2080 852 2107 892 s
2134 842 2332 898 diaboli
2372 856 2492 898 esse
2533 844 2867 912 ﬁgmentum,
2911 853 2966 899 et
3009 846 3213 901 semina
3254 851 3676 917 conceptionutn

2079 950 2243 1004 Opera
2275 936 2582 991 dzemonum
2613 935 2667 989 in
2714 935 3001 991 mulierum
3046 940 3215 993 uteris
3246 938 3460 1009 figurari
3496 958 3509 993 :
3544 956 3678 1010 pro-

2079 1035 2200 1095 pter
2239 1025 2383 1096 quod
2432 1025 2887 1081 resurrectionem
2918 1027 3095 1082 carnis
3137 1042 3242 1083 non
3289 1044 3412 1086 esse
3438 1030 3675 1084 creden-

2079 1120 2229 1188 dam,
2275 1117 2453 1192 quiah
2481 1121 2761 1177 concretio
2805 1122 3049 1190 corporis
3098 1139 3205 1178 non
3254 1126 3325 1178 sit
3374 1138 3679 1192 congruens

2079 1214 2271 1267 animae
2315 1213 2585 1283 dignitati.
2622 1213 2754 1279 Quae
2793 1212 2997 1267 falsitas
3042 1215 3161 1269 sine
3195 1213 3357 1268 dubio
3384 1228 3519 1283 opus
3559 1214 3680 1267 dia-

2078 1304 2188 1361 boli
2232 1314 2336 1371 est,
2368 1313 2423 1360 et
2463 1306 2582 1359 talia
2612 1305 2855 1375 prodigia
2883 1306 3222 1375 opinionum,
3257 1304 3511 1376 ﬁgmenta
3550 1314 3680 1360 διιςιι

2081 1400 2408 1466 daemonum,
2443 1400 2535 1470 qui
2558 1415 2666 1454 non
2695 1399 2750 1454 in
2780 1398 3099 1455 feminarum
3132 1401 3413 1455 ventribus
3440 1398 3679 1454 formant

2079 1492 2349 1561 homines,
2394 1491 2493 1549 sed
2535 1494 2585 1547 in
2630 1492 3010 1548 haereticorum
3058 1494 3313 1549 cordibus
3340 1495 3473 1550 tales
3499 1493 3675 1549 fabri-

2080 1598 2281 1644 cantur
2309 1601 2545 1642 errores.
2579 1586 2733 1653 Quod
2765 1586 3255 1641 immundissimum
3288 1589 3434 1643 virus
3464 1586 3532 1643 de
3562 1586 3677 1647 Ha-

2080 1681 2309 1737 nichaue
2342 1681 2631 1750 impietatis
2664 1680 2975 1749 specialiter
3011 1680 3160 1735 fonte
3191 1682 3508 1750 procedens,
3542 1681 3677 1735 olim

389 1766 531 1819 sisse.
587 1791 658 1805 —-
700 1762 869 1819 Sexta
908 1762 1188 1816 annotatio
1225 1760 1426 1815 indicat
1478 1775 1573 1815 eos
1620 1760 1806 1815 dicere
1841 1758 1982 1829 quod

2096 1771 2224 1827 lides
2253 1771 2517 1826 catholica
2546 1769 2904 1840 deprehendit
2924 1782 3085 1841 atque
3111 1772 3407 1829 damnavit.

391 1856 637 1912 diabolus
690 1871 981 1924 numquam
1026 1855 1188 1911 fuerit
1233 1854 1437 1921 bonus,
1482 1869 1582 1910 nec
1626 1865 1818 1909 natura
1862 1856 1978 1922 ejus

392 1948 661 2019 Opilicium
688 1945 786 2002 Dei
814 1947 906 2013 sit,
934 1946 1027 2001 sed
1052 1961 1174 2002 eum
1195 1960 1263 2001 ex
1283 1947 1418 2000 chao
1443 1956 1500 2001 et
1531 1946 1767 2001 tenebris
1796 1961 1979 2002 emer-

390 2042 528 2098 sisse
558 2058 573 2096 :
597 2041 723 2112 quia
749 2039 956 2096 scilicet
981 2039 1183 2094 nullum
1207 2039 1291 2095 sui
1326 2038 1521 2094 habeat
1539 2050 1815 2095 auctorem
1844 2081 1857 2105 ,
1886 2038 1980 2095 sed

394 2146 417 2175 ο
440 2135 617 2190 omnis
646 2132 773 2188 mali
813 2132 929 2203 ipse
956 2131 1023 2187 sit
1059 2132 1382 2201 principium
1409 2140 1573 2200 atque
1618 2132 1923 2185 substantia
1968 2148 1980 2184 :

389 2244 513 2286 cum
545 2228 676 2283 fides
700 2239 859 2293 vera,
888 2240 1008 2295 quae
1037 2232 1122 2281 est
1164 2223 1463 2290 catholica,
1496 2222 1734 2277 omnium
1763 2230 1980 2277 creatu-

388 2338 571 2379 rarum
612 2322 727 2378 sive
776 2319 1177 2389 spiritualium,
1227 2318 1344 2373 sive
1386 2318 1748 2387 corporalium
1783 2317 1978 2370 bonam

388 2417 712 2473 conﬁteatur
736 2414 1088 2469 substantiam
1111 2451 1130 2479 ,
1163 2421 1219 2468 et
1267 2412 1396 2467 mali
1433 2411 1638 2466 nullam
1673 2425 1795 2467 esse
1822 2418 1980 2466 natu-

390 2525 505 2566 ram
536 2527 548 2562 :
577 2510 699 2579 quia
725 2507 888 2573 Deus,
917 2504 1011 2575 qui
1042 2504 1412 2559 universitatis
1436 2511 1520 2559 est
1546 2503 1822 2569 conditor,
1849 2501 1982 2557 nihil

390 2618 499 2658 non
529 2604 727 2658 bonum
759 2600 907 2655 fecit.
938 2597 1095 2655 Unde
1116 2610 1169 2653 et
1192 2598 1441 2653 diabolus
1470 2597 1644 2652 bonus
1672 2604 1835 2661 esset,
1862 2596 1905 2649 si
1929 2595 1981 2649 in

390 2711 456 2749 eo
506 2693 647 2763 quod
693 2693 866 2747 factus
901 2701 985 2747 est
1030 2698 1391 2760 permaneret.
1447 2689 1556 2745 Sed
1594 2689 1716 2759 quia
1756 2687 1981 2743 naturali

391 2790 708 2847 excellentia
752 2786 894 2842 male
948 2799 1074 2842 usus
1107 2793 1225 2854 est,
1270 2793 1320 2841 et
1359 2785 1415 2838 in
1462 2784 1672 2837 veritate
1712 2798 1819 2836 non
1852 2782 1984 2835 stetit

396 2881 583 2950 (Joan.
617 2895 743 2944 vni,
773 2877 892 2949 44),
922 2894 1027 2931 non
1061 2878 1112 2932 in
1143 2877 1469 2932 contrariam
1502 2876 1709 2930 transiit
1737 2875 1985 2929 substan-

397 2974 550 3037 tiam,
579 2973 672 3027 sed
705 2986 733 3025 a
758 2986 970 3025 summo
1000 2969 1176 3035 bono,
1216 2970 1301 3024 cui
1327 2967 1512 3023 debuit
1557 2966 1855 3034 adhaerere,
1886 2966 1984 3021 de-

392 3067 585 3129 scivit;
635 3066 774 3119 sicut
816 3064 918 3132 ipsi
940 3062 1031 3131 qni
1076 3063 1203 3116 talia
1249 3070 1499 3115 asserunt
1530 3075 1560 3114 a
1587 3059 1731 3115 veris
1758 3061 1811 3113 in
1853 3058 1984 3113 falsa

2153 1865 2314 1937 702
2335 1862 2464 1918 CAP.
2491 1862 2582 1918 1X.
2608 1862 2773 1918 Filios
2793 1865 3147 1935 promissionis
3168 1882 3257 1935 per
3282 1864 3532 1938 Spiritum
3554 1882 3679 1921 san-

2082 1965 2218 2010 ctum
2234 1964 2501 2024 conceptos
2515 1970 2620 2010 esse
2640 1954 3060 2011 dicunt.—Nona
3076 1967 3253 2011 autem
3272 1959 3551 2012 annotatio
3564 1973 3679 2012 ma-

2087 2049 2282 2106 nifesta
2301 2048 2442 2119 quod
2462 2047 2601 2103 filios
2617 2049 3011 2115 promissionis,
3028 2066 3097 2104 ex
3122 2049 3436 2107 mulieribus
3461 2051 3680 2120 quidem

2084 2153 2263 2208 natos,
2286 2142 2379 2198 sed
2404 2156 2468 2197 ex
2493 2141 2696 2211 Spiritu
2722 2151 2907 2197 sancto
2932 2142 3113 2197 dicant
3131 2157 3250 2198 esse
3270 2153 3590 2213 conceptos:
3607 2160 3679 2199 ne

2090 2235 2186 2290 illa
2217 2233 2432 2289 soboles
2460 2248 2579 2304 qua:
2608 2232 2674 2288 de
2696 2233 2872 2287 carnis
2899 2232 3106 2288 semine
3136 2234 3394 2300 nascitur,
3435 2232 3452 2270 ί
3487 2234 3554 2287 ad
3575 2232 3681 2289 Dei

2087 2326 2459 2381 conditionem
2500 2324 2773 2394 pertinere
2802 2323 3068 2378 videatur.
3101 2323 3255 2392 Quod
3297 2323 3578 2380 catholicae
3614 2324 3683 2379 ﬁ-

2087 2419 2175 2475 dei
2214 2432 2518 2490 repngnans
2562 2425 2721 2485 atque
2768 2419 3096 2471 Contrarium
3142 2428 3247 2484 est,
3287 2432 3409 2487 qua:
3455 2432 3677 2472 omnem

2086 2510 2363 2566 hominem
2393 2510 2449 2565 in
2495 2509 2740 2579 corporis
2766 2508 3068 2578 animaeque
3097 2508 3395 2564 substantia
3432 2524 3462 2565 a
3492 2509 3683 2564 condi-

2089 2612 2205 2658 tore
2242 2601 2611 2657 universitatis
2642 2600 2866 2656 formari
2904 2609 3065 2671 atque
3102 2600 3332 2657 animari
3375 2602 3512 2657 intra
3561 2616 3681 2657 ma-

2087 2702 2242 2751 terna
2275 2695 2479 2748 viscera
2524 2690 2813 2748 conﬁtetur
2842 2709 2856 2747 :
2884 2703 3137 2749 manente
3181 2692 3399 2764 quidem
3438 2692 3531 2749 illo
3561 2708 3684 2763 pec-

2087 2788 2195 2844 cati
2215 2787 2661 2856 mortalitatisque
2681 2787 2953 2858 contagio,
2979 2786 3121 2857 quod
3145 2787 3197 2841 in
3223 2786 3428 2857 prolem
3452 2804 3480 2840 a
3504 2785 3684 2856 primo

2090 2890 2313 2953 parente
2353 2879 2707 2946 transcurrit;
2746 2880 2842 2935 sed
2876 2878 3303 2947 regenerationis
3339 2889 3685 2934 sacramento

2088 2974 2469 3038 subveniente,
2501 2969 2649 3042 quoi
2691 2987 2787 3042 per
2805 2970 3065 3042 Spiritum
3093 2980 3334 3026 sanctum
3369 2971 3686 3039 promissio-

2090 3067 2177 3121 nis
2205 3063 2304 3121 lilii
2329 3072 2709 3130 renascuntur,
2745 3078 2851 3122 non
2878 3064 2930 3118 in
2956 3076 3109 3118 utero
3136 3063 3335 3128 carnis,
3364 3060 3458 3117 sed
3486 3061 3539 3117 in
3567 3062 3683 3118 vir-

401 3166 685 3228 proruuot,
723 3166 776 3210 et
804 3164 1047 3209 naturam
1089 3154 1141 3208 in
1190 3168 1255 3209 eo
1280 3162 1511 3223 arguunt
1553 3152 1609 3207 in
1647 3168 1752 3220 quo
1793 3163 1985 3221 sponte
2012 3150 2056 3215 C
2088 3164 2203 3212 tute
2238 3154 2604 3224 baptismatis.
2651 3152 2805 3227 [inde
2856 3163 2912 3209 et
2963 3152 3160 3221 David,
3212 3154 3301 3222 qui
3342 3154 3523 3222 utique
3562 3162 3687 3207 erat

390 3250 728 3319 delinquunt,
761 3261 826 3301 ac
853 3262 956 3317 pro
987 3261 1084 3301 sua
1114 3246 1411 3301 voluntaria
1452 3244 1802 3314 perversitate
1831 3245 1983 3299 dam—
2084 3244 2461 3317 promissionis
2496 3243 2663 3311 illius,
2702 3243 2835 3299 dicit
2864 3241 2931 3298 ad
2960 3242 3132 3298 Deum
3167 3261 3181 3298 :
3208 3242 3398 3297 Manus
3421 3252 3523 3297 tute
3548 3244 3684 3314 fece—

390 3353 607 3399 nantur.
634 3341 786 3409 Quod
818 3339 1004 3407 utique
1034 3336 1059 3377 ά
1091 3340 1142 3393 in
1176 3339 1307 3408 ipsis
1330 3338 1532 3392 malum
1552 3338 1689 3405 erit,
1723 3345 1780 3393 et
1808 3339 1983 3408 ipsum
2083 3349 2202 3393 runt
2246 3354 2359 3405 me,
2393 3345 2443 3392 et
2479 3336 2863 3406 plasmaverunt
2910 3351 2991 3391 me
3031 3332 3163 3406 (Ps.
3203 3349 3401 3400 cxvttt,
3424 3334 3522 3399 73;
3553 3330 3682 3391 Job.

391 3439 587 3493 malum
611 3450 716 3488 non
742 3434 848 3489 erit
872 3432 1199 3500 substantia,
1232 3432 1326 3485 sed
1351 3445 1508 3499 paena
1535 3429 1877 3485 substantia.

464 3530 621 3601 701
645 3528 775 3582 Cu.
799 3526 913 3582 Vll.
941 3526 1204 3579 Datnth
1231 3525 1443 3595 nuptias
1464 3534 1511 3578 et
1543 3539 1695 3578 usum
1717 3526 1985 3579 matrimo-

393 3625 485 3677 nii.
516 3651 589 3663 --
618 3621 857 3689 Septimo
902 3619 1022 3674 loco
1064 3627 1088 3656 ⁸
1129 3620 1393 3687 sequitur,
1444 3618 1587 3686 quod
1633 3620 1844 3687 nuptias
1886 3618 1983 3671 da-

392 3722 606 3779 mnant,
636 3722 691 3768 et
719 3710 1147 3780 procreationem
1172 3709 1511 3763 nascentium
1540 3707 1983 3779 perhorrescunt,

394 3805 450 3862 in
491 3820 621 3875 quo,
652 3804 790 3857 sicut
819 3817 956 3870 pene
1002 3802 1055 3855 in
1102 3800 1375 3865 omnibus,
1406 3814 1527 3854 cum
1568 3798 1981 3853 Manichmorum

395 3894 716 3966 profanitate
744 3892 1078 3947 concordant
1112 3908 1126 3945 :
1156 3891 1301 3959 ideo,
1347 3890 1487 3945 sicut
1523 3889 1764 3962 ipsorum
1809 3904 1985 3945 mores

396 3990 658 4061 probant,
708 3986 1045 4057 coniugalem
1102 3986 1351 4054 copulam
1404 3984 1769 4050 detestantur;
1810 3980 1830 4021 ί
1860 3984 1984 4054 quia

472 4154 500 4183 ⁸
531 4145 636 4201 Sex
677 4141 845 4196 nostri
884 4138 1068 4199 codd.,
1120 4137 1250 4192 nihil
1301 4136 1486 4191 accidit
1518 4152 1537 4191 :
1579 4144 1635 4191 et
1671 4135 1797 4191 dein
1832 4135 1985 4205 Vulg.

396 4226 524 4272 ante
554 4215 757 4282 Quesn.
807 4226 927 4266 cum
967 4210 1289 4282 quihusdam
1318 4208 1593 4264 inferioris
1640 4219 1781 4263 nota:
1827 4209 1985 4263 codd.

399 4286 532 4343 nihil
568 4288 773 4353 accipit.

472 4357 500 4395 ι)
530 4347 699 4410 Codd.
736 4353 851 4407 Vat.
886 4351 1019 4417 Reg.
1053 4352 1265 4405 collect.
1300 4349 1323 4401 1
1369 4357 1426 4403 ει
1457 4347 1574 4403 Vat.
1628 4349 1781 4418 Hisp.
1829 4362 1991 4419 atque

400 4427 553 4489 Isid.,
578 4426 879 4496 quicumque
902 4425 1101 4475 dicunt.
1126 4421 1407 4496 Vindehon
1431 4422 1647 4496 collect.
1673 4420 1729 4496 5,
1754 4422 1843 4496 qui
1866 4437 1990 4496 _c_um

396 4490 602 4553 dicunt.
662 4490 829 4559 Ilein',
862 4504 1059 4547 natura:
1088 4490 1161 4545 vel
1190 4495 1373 4545 anima:
1408 4494 1520 4561 ejus
1548 4490 1730 4561 inferri
1778 4493 1831 4545 in
1866 4491 1986 4546 Vat.

401 4569 555 4636 Hisp.
589 4577 641 4621 et
672 4566 799 4620 lsid.
830 4565 1108 4636 trihthque
1134 4563 1252 4616 aliis
1282 4575 1412 4614 mss.

479 4630 656 4691 c'vat,
685 4638 815 4703 Reg.
848 4630 1055 4689 collect.
1090 4633 1140 4693 l.
1178 4648 1295 4686 cum
1339 4645 1443 4683 uno
1474 4630 1728 4685 Thuaneo
1758 4636 1985 4698 Qne‘sn.,

404 4711 637 4765 omnibus
685 4702 854 4760 malis.
904 4706 1265 4759 Aliusnoster
1317 4702 1531 4766 codex,
1580 4704 1813 4756 omnibus
1840 4706 1983 4759 mali.

404 4780 542 4836 Vide
572 4790 685 4831 Itot.
708 4780 741 4831 6
762 4778 962 4843 Queen.
991 4776 1120 4829 Post
1144 4787 1311 4843 pauca
1344 4788 1439 4828 sex
1468 4774 1636 4827 nostri
1661 4775 1849 4842 codd.,
1872 4791 1989 4831 cum

402 4852 533 4922 ﬁdes
544 4866 641 4922 _ea,
663 4863 795 4922 qua;
807 4855 875 4899 est
886 4887 898 4898 .

477 4918 506 4961 ἀ
531 4912 728 4983 Οοάἄη
759 4916 876 4971 Vat.
906 4918 1035 4984 Reg.
1065 4914 1282 4969 collect.
1307 4915 1359 4978 l,
1384 4912 1491 4967 duo
1512 4912 1740 4968 Vindeb.
1772 4917 1982 4972 collect.

404 4992 462 5063 Β,
512 5002 566 5063 et
608 4992 762 5057 Hisp.
792 4989 985 5063 aliique
1020 4986 1126 5039 duo
1153 4984 1294 5063 νειμ.
1320 4985 1521 5063 delent_
1549 4988 1982 5063 prtepositionem

346 5080 351 5111 Δ
403 5054 481 5119 in.
512 5062 677 5117 Paulo
706 5054 845 5125 post,
865 5054 954 5111 sed
981 5072 1128 5127 poma
1150 5054 1447 5111 substantia:
1490 5056 1673 5112 delent
1701 5074 1831 5113 mss.
1865 5058 1982 5115 Vat.

341 5157 346 5183 ι
404 5132 551 5191 5845
578 5141 634 5186 et
656 5128 1044 5186 Grimauicuot.

342 5226 343 5229 η
484 5214 507 5242 ε
536 5204 662 5259 Mss.
698 5202 846 5269 llisp.
880 5210 933 5253 et
962 5198 1492 5269 lsid.,_consequitur.

480 5272 502 5313 ί
539 5276 593 5328 lo
626 5272 742 5325 Vat.
772 5267 922 5339 llisp.
954 5280 1010 5324 et
1041 5267 1187 5333 Isid.,
1223 5267 1503 5337 tribusque
1530 5268 1650 5323 aliis
1677 5283 1834 5337 mss.,
1863 5273 1982 5339 quia

405 5356 481 5404 est
508 5344 614 5398 illic
640 5342 849 5397 libertas
872 5338 1250 5403 turpitudinis,
1282 5338 1368 5394 ubi
1392 5356 1494 5393 non
1521 5340 1689 5406 pudor
1727 5349 1775 5394 et
1807 5345 1985 5396 matri-

407 5418 565 5471 monii
605 5425 854 5478 servatur,
884 5421 932 5468 et
960 5412 1170 5467 sobolis.
1200 5411 1338 5465 Editi
1370 5422 1493 5464 ante
1519 5412 1865 5480 Quesuellum
1898 5428 1980 5468 se-

406 5496 642 5557 quuntur
668 5486 949 5557 lectionem
993 5490 1170 5538 textus
1201 5485 1437 5557 exceptis
1467 5485 1644 5538 verbis
1687 5492 1732 5538 et
1770 5485 1978 5553 sobolis,

407 5554 635 5629 quem.
652 5558 787 5629 loco
815 5556 1017 5629 habent
1044 5562 1091 5608 et
1114 5569 1242 5629 spes
1256 5554 1465 5629 sobolis,

482 5636 508 5674 κ
532 5627 829 5681 Vindebou.
867 5628 1081 5681 collect.
1124 5625 1181 5687 5,
1210 5625 1378 5696 dicere
1406 5624 1598 5678 diaboli
1632 5640 1742 5677 esse
1771 5627 1982 5696 ﬁgmen-

411 5704 541 5753 tum.
564 5698 677 5751 Vat,
702 5699 911 5752 collect.
941 5699 975 5753 5
994 5711 1118 5751 cum
1142 5706 1299 5751 antea
1328 5693 1562 5763 Vulgat.,
1592 5696 1785 5749 diaboli
1808 5693 1984 5751 dicere

414 5782 523 5827 esse
542 5766 863 5827 ﬂamentum.
899 5767 1020 5823 Mos
1038 5766 1156 5822 Vat.
1180 5767 1313 5832 Reg.
1338 5767 1549 5821 collect.
1582 5768 1632 5829 l,
1660 5782 1755 5828 ope
1786 5770 1983 5822 dwmo-

2084 3444 2154 3495 ι,
2187 3427 2265 3499 8).
2297 3429 2365 3484 Et
2390 3427 2457 3482 ad
2479 3426 2765 3483 Jcremiam
2800 3426 3063 3483 Dominus
3102 3428 3178 3483 ait
3213 3443 3229 3481 :
3260 3425 3418 3481 Prius
3451 3442 3604 3497 quam
3636 3436 3689 3482 te

2087 3524 2364 3591 formarem
2404 3520 2459 3575 in
2489 3526 2654 3588 utero,
2684 3521 2802 3574 novi
2847 3528 2929 3586 te;
2971 3528 3021 3576 el
3060 3521 3116 3574 in
3160 3519 3310 3575 vulva
3357 3521 3536 3576 matris
3577 3531 3686 3577 tut:

2089 3614 2409 3683 sanctiﬁcam'
2447 3622 2493 3667 te
2521 3610 2750 3682 (lerem.
2784 3628 2835 3680 ι,
2870 3612 2967 3683 5).

2158 3704 2291 3760 CAP.
2322 3704 2390 3759 Χ.
2420 3704 2687 3774 Afﬁrmant
2712 3707 2915 3758 animas
2936 3705 2991 3758 in
3021 3704 3147 3760 caelo
3174 3714 3460 3777 peccantes,
3490 3708 3543 3759 in
3566 3721 3680 3759 cor-

2085 3813 2215 3869 pora
2241 3797 2476 3850 detrusus
2507 3812 2600 3865 pro
2628 3797 2826 3863 peccati
2854 3812 3020 3867 pmna.
3045 3826 3117 3837 —
3142 3796 3360 3853 Decimo
3390 3807 3567 3853 autem
3590 3811 3688 3852 ca-

2088 3892 2256 3962 pitulo
2285 3890 2593 3944 referuntur
2613 3904 2880 3954 asserere,
2910 3892 3117 3945 animas
3144 3906 3266 3960 qua:
3298 3890 3546 3945 humanis
3567 3904 3687 3946 cor-

2090 3985 2315 4056 poribus
2342 3983 2654 4039 ioseruntur
2683 3983 2850 4038 fuisse
2874 3980 2902 4020 ιι
2926 3986 3043 4039 sine
3068 3999 3317 4055 corpore,
3345 3991 3401 4039 et
3429 3985 3481 4039 in
3515 3983 3688 4039 coale-

2096 4155 2241 4192 num.
2273 4137 2425 4205 Hisp.
2459 4147 2513 4193 et
2541 4137 2695 4201 Isid.,
2743 4154 2833 4208 per
2858 4138 3135 4192 dwmones.
3164 4139 3221 4193 In
3259 4139 3548 4207 antiquiori
3586 4154 3686 4193 au-

2095 4220 2200 4263 tem
2230 4208 2533 4263 Vindebou.
2572 4209 2748 4277 Ilisp.,
2795 4225 2884 4275 per
2915 4211 3223 4275 daemonum,
3267 4221 3543 4279 corrupte,
3584 4210 3686 4266 ubi

2093 4296 2182 4351 per
2215 4284 2473 4347 scriptum
2508 4290 2729 4349 apparet
2756 4295 2822 4334 ex
2859 4296 3029 4350 apere,
3062 4284 3145 4335 vel
3175 4298 3353 4351 opera,
3388 4291 3447 4336 ut
3475 4284 3526 4336 in
3557 4281 3685 4337 aliis

2095 4352 2251 4420 codd.
2286 4352 2497 4420 legitur.

2166 4418 2194 4457 δ
2226 4421 2298 4475 lta
2327 4418 2487 4475 codd.
2513 4430 2717 4485 septem
2747 4436 2774 4472 a
2798 4420 3000 4486 Quesn.
3028 4421 3224 4475 laudati
3255 4423 3310 4476 in
3338 4421 3598 4491 margine,
3623 4430 3687 4477 et

2094 4492 2266 4547 nostri
2294 4495 2459 4546 multo
2502 4492 2682 4559 plures
2717 4507 2837 4545 cum
2882 4493 3118 4547 editione
3152 4492 3291 4547 Surii
3330 4500 3386 4548 et
3423 4491 3679 4547 Nicoliai.

2016 4552 2071 4612 D
2096 4564 2203 4627 AL,
2237 4552 2546 4616 concreatio.
2592 4563 2713 4616 Mox
2751 4563 2991 4634 dignitati
3034 4564 3217 4619 delent
3259 4580 3395 4621 mss.
3418 4563 3590 4620 Grim.
3620 4573 3688 4619 et

2095 4634 2304 4687 Tbunn.
2335 4634 2574 4702 ejusdem
2598 4634 2799 4699 QucSn.

2170 4702 2186 4741 ί
2221 4705 2348 4760 Mes.
2382 4704 2498 4757 Vat.
2532 4704 2681 4771 Hisp.
2724 4714 2777 4758 et
2817 4704 2943 4759 lsid.
2985 4718 3106 4759 cum
3148 4706 3318 4760 tribus
3347 4705 3487 4771 aliis,
3515 4705 3583 4758 ad
3611 4704 3687 4759 il-

2095 4775 2199 4828 lam
2230 4776 2595 4829 conditionem.
2621 4776 2784 4830 Paulo
2812 4787 2932 4846 post
2960 4792 3027 4830 ex
3068 4791 3196 4831 mss.
3225 4776 3527 4831 Viudehon.
3559 4777 3685 4829 col-

2094 4846 2219 4899 lect.
2252 4847 2284 4900 5
2325 4857 2379 4899 et
2418 4846 2565 4913 Vat.,
2603 4846 2754 4915 lltsp.
2803 4858 2856 4899 et
2894 4848 3046 4911 Isid.,
3088 4847 3458 4901 remeavimus
3494 4846 3687 4901 lectio-

2093 4932 2215 4971 nem
2266 4918 2531 4971 editorutn
2582 4926 2708 4971 ante
2740 4918 2963 4982 Quem”
3012 4920 3316 4985 substantia,
3363 4919 3513 4983 cujus
3559 4917 3689 4971 loco

2094 4988 2409 5053 Quesnellus
2449 4987 2664 5056 scripsit
2691 4989 3049 5055 substantiam,
3080 5000 3134 5044 et
3166 4990 3217 5042 in
3245 4991 3486 5056 margine
3515 5007 3525 5040 :
3564 4987 3683 5052 AL,

2093 5058 2438 5112 subsistentia.
2466 5059 2593 5111 Dein
2613 5068 2845 5112 manente
2865 5061 3066 5126 quidem
3088 5062 3140 5113 in
3162 5060 3276 5120 illo.
3303 5060 3355 5113 io
3376 5057 3492 5112 Vat.
3510 5057 3685 5112 5845.

2167 5128 2184 5179 i
2220 5130 2539 5194 Quesnellus
2566 5144 2630 5183 ea:
2660 5128 2861 5199 Spiritu
2890 5141 3086 5185 sancto.
3112 5131 3468 5184 Restituimus
3490 5129 3689 5196 vulga-

2095 5209 2201 5253 tam
2244 5199 2555 5267 lectionem,
2587 5201 2783 5269 quippe
2824 5215 2982 5265 quam
3035 5201 3194 5255 codd.
3244 5202 3689 5269 prastanttssitni

2092 5270 2219 5325 Vat.
2262 5269 2396 5340 Reg.
2430 5268 2640 5325 collect.
2672 5272 2723 5331 l.
2758 5269 3062 5331 Vindebou.
3103 5268 3318 5327 collect.
3352 5268 3407 5335 5,
3439 5283 3538 5323 nec
3566 5278 3684 5324 non

2094 5340 2247 5410 Hisp.
2271 5353 2325 5394 et
2356 5343 2476 5395 Isid.
2510 5356 2633 5395 cum
2662 5341 2834 5396 tribus
2865 5342 2985 5395 aliis
3015 5342 3156 5395 Vatt.
3187 5342 3534 5396 confirmant.

2164 5409 2364 5466 [Editi
2404 5422 2527 5465 ante
2554 5418 2755 5477 Quesn.
2799 5428 2919 5465 cum
2956 5411 3227 5482 plerisque
3256 5414 3415 5467 etiam
3446 5409 3688 5482 vetustis

2091 5483 2283 5545 codd.,
2342 5485 2394 5536 in
2442 5499 2668 5554 corpore,
2727 5483 2820 5554 sed
2866 5480 3180 5552 perperam,
3240 5494 3296 5536 ut
3356 5480 3692 5550 Quesnellt‘ss

2090 5556 2293 5623 optime
2318 5559 2501 5609 statuit
2532 5553 2647 5609 not.
2672 5554 2724 5607 7.
2757 5553 3200 5608 Emendationem
3229 5554 3566 5623 ejuquuam
3592 5566 3692 5606 re-

2090 5621 2226 5693 perit
2269 5627 2320 5679 in
2371 5626 2540 5679 tribus
2576 5637 2781 5678 tantum
2827 5640 2959 5679 mss.
2998 5624 3209 5679 Tbuan.
3261 5621 3318 5679 et
3361 5621 3692 5692 Trecopith.

2091 5695 2307 5749 collect.
2332 5694 2387 5760 5,
2421 5705 2475 5749 et
2512 5695 2783 5749 Herovall.
2822 5694 3011 5750 lsidori
3052 5697 3263 5749 collect.
3296 5693 3387 5760 l2,
3422 5708 3523 5748 nos
3550 5708 3693 5747 con—

2092 5737 2387 5821 ᾰῖἦῖαᾘιιῖ
2404 5737 2839 5823 εἶῖίέἑὸᾶἰὲίῖνὶιὲ
2846 5737 3011 5822 "viiii
3030 5737 3690 5831 adgravante;
