4006 6348
216 352 309 419 θοις

1603 352 1935 411 EPISTOLA
1976 350 2090 410 XV.

3376 349 3490 407 680

220 469 275 524 sti
302 464 635 521 habitatione
664 478 943 536 peccasse,
979 472 1141 536 atque
1169 465 1243 523 ob
1266 462 1372 521 hoc
1408 480 1437 520 a
1467 464 1789 523 sublimibus
1814 471 1868 534 Α
1893 469 2184 538 opinantur
2204 466 2486 539 obstringi,
2512 480 2604 539 per
2639 482 2797 537 quam
2831 468 3125 522 amentiam
3157 481 3382 523 necesse
3404 476 3489 524 est

220 559 271 614 ad
306 555 563 613 inferiora
592 558 863 627 delapsas,
911 560 964 614 in
1010 558 1243 614 diversae
1272 557 1546 626 qualitatis
1594 560 1795 628 princi-

221 666 298 723 pes
331 650 616 717 incidisse,
647 662 701 706 et
742 666 835 720 per
868 652 1043 706 aerias
1083 665 1145 706 ac
1188 649 1429 705 sidereas
1472 660 1790 721 potestates,

220 747 333 801 alias
362 744 635 809 duriores,
677 746 811 799 alias
849 744 1114 812 mitiores,
1157 744 1477 815 corporibus
1514 759 1637 799 esse
1666 759 1795 799 con-

221 842 401 907 clusas,
428 852 581 896 sorte
606 839 817 894 diversa
837 847 892 895 et
917 839 1225 894 conditione
1252 837 1499 894 dissimili
1524 856 1538 891 :
1564 847 1622 893 ut
1644 838 1795 907 quid-

223 933 330 1004 quid
349 932 403 987 in
422 932 525 989 hac
546 934 653 987 vita
676 933 823 987 varie
840 942 893 988 et
917 932 1254 997 inmqualiter
1278 931 1544 1002 provenit,
1570 945 1636 985 ex
1661 945 1797 999 prie-

224 1024 526 1083 cedentibus
552 1026 733 1082 causis
755 1024 999 1080 videatur
1016 1024 1176 1095 703
1207 1024 1471 1079 accidere.
1504 1022 1673 1092 Quam
1697 1022 1799 1076 im-

226 1118 423 1191 pietatis
461 1118 697 1172 labulam
728 1133 793 1173 ex
836 1118 1128 1171 multorum
1161 1116 1263 1170 sibi
1306 1115 1583 1171 erroribus
1614 1126 1797 1170 texue-

228 1221 364 1275 runt;
399 1210 496 1265 sed
527 1224 715 1265 omnes
746 1224 841 1265 eos
881 1208 1148 1263 catholica
1182 1206 1318 1263 ﬁdes
1356 1222 1387 1262 a
1414 1222 1640 1275 corpore
1685 1222 1798 1263 sua

229 1304 430 1361 unitatis
473 1303 728 1369 abscidit,
761 1310 1073 1360 constanter
1110 1301 1411 1372 praedicans
1448 1310 1611 1371 atque
1642 1316 1801 1356 vera-

228 1403 363 1463 citer,
388 1396 534 1468 quod
565 1397 757 1452 anima:
782 1396 1084 1457 hominum.
1110 1396 1423 1465 priusquam
1448 1394 1561 1448 suis
1586 1401 1609 1430 ³
1634 1395 1799 1463 inspi-

229 1500 459 1545 rarentur
489 1488 827 1559 corporibus,
876 1502 984 1543 non
1015 1487 1187 1555 luere,
1237 1501 1337 1541 nec
1370 1486 1435 1541 ab
1476 1486 1580 1540 alio
1618 1486 1800 1540 incor-

228 1593 469 1656 porantur
489 1584 591 1638 nisi
614 1583 681 1637 ab
706 1581 900 1652 upiiice
921 1581 1056 1648 Deo,
1084 1583 1173 1654 qui
1202 1591 1256 1636 et
1287 1582 1522 1653 ipsarum
1548 1588 1631 1635 est
1651 1594 1803 1634 crea-

230 1690 297 1730 tor
314 1687 370 1731 et
398 1691 689 1745 corporum
721 1691 738 1743 ;
771 1686 823 1732 et
852 1674 976 1748 quia
1004 1690 1100 1745 per
1127 1674 1285 1744 primi
1322 1673 1559 1729 hominis
1591 1689 1801 1743 praeva-

232 1771 530 1824 ricntionem
571 1778 680 1824 tota
710 1766 929 1823 humani
958 1768 1177 1838 generis
1205 1782 1444 1838 propago
1485 1768 1667 1822 vitiata
1710 1768 1803 1836 sit,

231 1863 485 1917 neminem
508 1875 667 1933 posse
687 1874 719 1914 a
740 1859 1053 1916 conditione
1082 1859 1281 1913 veteris
1309 1858 1540 1912 hominis
1558 1858 1796 1925 liberari,

230 1953 313 2009 nisi
360 1968 463 2025 per
504 1960 902 2008 sacramentum
952 1950 1291 2021 baptismatis
1335 1950 1569 2016 Christi,
1609 1949 1661 2004 in
1701 1966 1808 2019 quo

230 2045 352 2100 nulla
409 2052 497 2100 est
537 2043 795 2098 discretio
844 2051 1193 2111 renatorunt,
1244 2043 1457 2095 dicente
1504 2042 1803 2111 Apostolo:

234 2140 543 2209 Quicumque
566 2136 593 2176 δ
619 2138 754 2193 enim
789 2137 844 2189 in
873 2135 1077 2191 Christo
1103 2134 1347 2209 baptisati
1375 2135 1516 2199 estis,
1550 2133 1808 2189 Christum

227 2231 472 2286 induistis.
526 2228 647 2283 Non
697 2237 773 2284 est
812 2227 1055 2293 Judteus,
1091 2244 1250 2298 neque
1292 2224 1540 2293 Grarcus;
1586 2243 1689 2280 non
1732 2235 1807 2282 est

227 2340 402 2387 servus,
432 2339 596 2391 neque
626 2321 785 2388 liber;
816 2336 916 2375 non
958 2330 1032 2374 est
1064 2318 1345 2385 masculus,
1390 2335 1547 2387 neque
1572 2318 1765 2388 femina
1788 2334 1809 2373 :

227 2436 378 2474 omnes
401 2420 544 2473 enim
564 2434 650 2472 vos
672 2434 833 2472 unum
854 2418 973 2472 estis
994 2418 1045 2471 in
1064 2415 1273 2471 Christo
1286 2413 1323 2470 J
1326 2433 1413 2471 esu
1432 2413 1573 2484 (Gal.
1590 2432 1665 2481 ιιι,
1686 2415 1804 2486 27).

232 2525 248 2552 ε
271 2514 396 2582 Quid
430 2530 562 2583 ergo
592 2512 681 2567 hic
708 2521 873 2583 agunt
893 2526 1088 2566 cursus
1114 2511 1378 2577 siderum,
1404 2509 1531 2579 quid
1554 2510 1807 2580 ﬁgmenta

228 2606 467 2669 latorum,
500 2606 630 2677 quid
661 2604 1054 2660 mundanarum
1085 2618 1266 2658 rerum
1296 2602 1510 2657 mobilis
1532 2613 1725 2669 status,
1754 2612 1808 2657 et

229 2700 451 2770 inquieta
474 2698 799 2754 diversitas?
835 2699 972 2751 Ecce
998 2703 1080 2752 tot
1101 2695 1339 2764 impares
1362 2694 1534 2765 gratia
1568 2695 1659 2749 Dei
1682 2694 1809 2749 facit

228 2794 471 2863 aquales,
498 2792 593 2864 qui
616 2792 760 2848 inter
780 2790 1053 2861 quoslibet
1076 2788 1201 2844 vitas
1228 2788 1386 2859 hujus
1417 2788 1650 2853 labores,
1683 2789 1727 2842 si
1746 2788 1811 2842 tl-

228 2887 354 2942 deles
383 2896 738 2957 permanent,
764 2884 952 2941 miseri
973 2899 1097 2941 esse
1123 2898 1229 2938 non
1256 2892 1501 2953 possunt,
1534 2878 1562 2919 ά
1591 2891 1811 2950 aposto-

230 2980 366 3035 licum
401 2979 540 3035 illud
567 2980 620 3034 in
652 2980 799 3033 omni
826 2976 1387 3033 tentationedicentcs
1415 2993 1429 3028 :
1464 2973 1590 3040 Quis
1612 2991 1705 3029 nos
1730 2990 1810 3028 se-

230 3074 411 3142 parabit
458 3091 490 3128 a
520 3074 773 3127 charitate
814 3071 1005 3127 Christi
1019 3071 1047 3126 2
1083 3069 1388 3125 tribulatio?
1425 3085 1493 3121 an
1534 3068 1813 3137 angustia!

227 3182 285 3219 an
310 3166 638 3237 persecutio?
678 3182 743 3221 an
772 3164 975 3235 fames?
1004 3179 1073 3217 an
1118 3162 1326 3217 nuditas
1346 3162 1370 3215 ?
1394 3158 1813 3225 att-periculum?

1896 575 1953 619 ut
1975 565 2223 619 omnibus
2249 580 2579 634 paganorum
2608 566 2887 620 erroribus
2916 564 3193 634 implicati,
3223 573 3275 619 et
3301 566 3488 618 laven-

1897 656 1968 711 tia
1999 656 2127 720 sibi,
2163 665 2221 709 ut
2243 665 2445 724 putant,
2478 656 2657 712 sidera
2687 658 2887 721 colere,
2921 666 2976 712 et
3001 656 3345 711 adversantia
3377 664 3494 710 stu-

1896 750 2060 804 deant
2108 750 2374 818 mitigare.
2426 750 2626 804 Verutn
2671 752 2771 805 ista
2822 749 3155 805 sectantibus
3206 749 3387 803 nullus
3435 742 3539 815 inf

1899 841 2142 896 Ecclesia
2172 842 2433 896 catholica
2468 850 2495 890 s
2528 842 2679 896 locus
2708 852 2792 897 est
2822 858 2836 895 :
2869 842 3119 911 quoniam
3146 841 3236 910 qui
3268 854 3330 896 se
3365 838 3488 895 tali-

1899 936 2000 990 bus
2039 935 2479 1006 persuasionibus
2517 936 2707 1001 dedit,
2750 952 2776 989 a
2825 935 3026 990 Christi
3075 949 3302 1004 corpore
3345 945 3495 992 totus
3530 944 3533 1005 Ῐ

1902 1028 2186 1084 abscessit.
3530 1012 3537 1043 “

1971 1119 2102 1176 CAP.
2135 1119 2249 1175 XII.
2276 1121 2489 1175 Animas
2515 1120 2667 1174 certis
2697 1120 3030 1190 potestatibus
3052 1119 3349 1191 subjiciunt,
3375 1121 3496 1177 aliis

1902 1228 2177 1282 corporum
2219 1212 2462 1267 membra.
2496 1242 2567 1254 —
2594 1212 2982 1267 Duodecimum
3025 1212 3162 1265 inter
3204 1213 3320 1268 haec
3361 1211 3497 1268 illud

1902 1314 2009 1369 est,
2048 1305 2192 1376 quod
2239 1306 2341 1361 sub
2386 1306 2508 1360 aliis
2542 1306 2894 1373 potestatibus
2937 1312 3113 1373 partes
3151 1304 3363 1373 animai,
3394 1303 3495 1359 sub

1904 1399 2027 1453 aliis
2049 1398 2291 1469 corporis
2317 1398 2560 1454 membra
2582 1397 2927 1462 describunt;
2959 1406 3014 1452 et
3042 1397 3328 1467 qualitates
3358 1397 3500 1451 inte-

1905 1491 2111 1546 riorum
2144 1491 2434 1559 prmsulum
2477 1491 2527 1544 in
2572 1490 2996 1560 patriarcharum
3037 1488 3346 1543 nominibus
3390 1497 3502 1542 sta-

1908 1593 2085 1651 tuunt,
2118 1583 2312 1654 quibus
2336 1581 2365 1619 h
2394 1599 2421 1636 ιι
2456 1583 2671 1637 diverso
2702 1583 2853 1652 signa
2880 1581 3110 1647 siderea,
3134 1595 3361 1650 quorum
3386 1581 3501 1635 vir-

1910 1678 2009 1731 tuti
2036 1692 2262 1747 corpora
2292 1676 2666 1747 subjiciantur,
2700 1683 3001 1745 Opponunt.
3035 1674 3103 1729 Et
3130 1675 3183 1729 in
3218 1675 3299 1728 his
3326 1675 3503 1729 omni-

1909 1768 2009 1822 bus
2041 1769 2398 1823 inextricabili
2437 1784 2495 1823 se
2525 1784 2709 1823 errore
2740 1769 3094 1836 praepediunt,
3135 1784 3242 1821 non
3279 1768 3502 1822 audien-

1832 1872 1879 1934 Β
1912 1873 1993 1915 tes
2018 1862 2285 1915 dicentem
2318 1861 2633 1929 Apostolum
2667 1877 2681 1913 :
2720 1859 2900 1913 Videte
2936 1875 2997 1913 ne
3027 1860 3140 1927 quis
3165 1874 3251 1911 vos
3282 1860 3503 1922 decipiat

1916 1969 2005 2022 per
2027 1951 2405 2024 philosophiam
2433 1964 2479 2007 et
2510 1953 2713 2006 inanem
2744 1950 2759 1989 ί
2789 1952 3051 2022 fallaciam
3088 1952 3369 2006 secundum
3392 1962 3504 2006 tra-

1914 2045 2157 2097 ditionem
2186 2045 2473 2111 hominum,
2508 2045 2787 2099 secundum
2814 2046 3061 2098 elementa
3086 2043 3288 2108 mundi,
3326 2052 3371 2097 et
3402 2061 3504 2099 non

1913 2139 2193 2189 secundum
2224 2136 2484 2190 Christum
2508 2154 2526 2191 :
2553 2138 2672 2206 quia
2704 2137 2756 2189 in
2779 2137 2890 2205 ipso
2921 2137 3173 2190 inhabitat
3204 2137 3366 2190 omnis
3392 2138 3505 2206 ple-

1910 2230 2093 2305 nitudo
2123 2232 2428 2290 Divinitatis,
2454 2231 2807 2300 corporaliter,
2840 2240 2888 2284 et
2925 2230 3043 2284 estis
3083 2230 3137 2284 in
3178 2228 3271 2283 illo
3305 2232 3502 2300 repleti,

1910 2325 2002 2395 qui
2028 2334 2099 2378 est
2148 2334 2303 2391 caput
2333 2326 2497 2377 omnis
2538 2324 2857 2395 principatus
2902 2331 2948 2377 et
2982 2323 3247 2393 potestatis
3279 2320 3505 2394 (Coloss.

1911 2430 1971 2482 ιι,
1996 2417 2071 2485 8).
2102 2414 2174 2470 Et
2215 2416 2409 2470 iterum
2441 2432 2457 2471 :
2491 2414 2657 2469 Nemo
2683 2431 2770 2469 vos
2802 2415 3011 2468 seducat
3048 2413 3221 2468 volens
3251 2414 3303 2466 in
3335 2414 3505 2467 humi-

1914 2507 2055 2563 litate
2084 2518 2130 2562 et
2160 2506 2409 2579 religione
2439 2510 2765 2579 angelorum,
2795 2522 2911 2577 qua:
2936 2523 3037 2559 non
3058 2506 3185 2560 uidit
3210 2503 3502 2570 ambulans,

1911 2604 2111 2670 frustra
2132 2601 2346 2665 inﬂatus
2370 2616 2521 2654 sensu
2553 2600 2723 2653 carnis
2750 2613 2878 2660 suae,
2908 2615 3009 2651 non
3036 2607 3212 2651 tenens
3239 2606 3412 2667 caput,
3443 2611 3507 2649 ea;

1909 2711 2011 2765 quo
2042 2704 2205 2749 totum
2233 2709 2417 2764 corpus
2445 2710 2535 2765 per
2574 2709 2736 2747 nexus
2764 2703 2809 2747 et
2839 2692 3229 2763 conjunctiones
3257 2690 3507 2743 submini-

1911 2796 2131 2841 stratum
2186 2796 2234 2841 et
2281 2794 2629 2839 constructum
2687 2787 2862 2839 crescit
2907 2786 2962 2839 in
3020 2795 3351 2858 augmentum
3407 2784 3505 2838 Dei

1911 2878 2103 2952 (lbid.,
2138 2878 2249 2946 18).
2286 2877 2422 2945 Quid
2468 2892 2594 2946 ergo
2639 2892 2775 2947 opus
2822 2884 2907 2933 est
2945 2876 2999 2931 in
3050 2892 3145 2932 cor
3193 2876 3504 2945 admittere,

1912 2971 2057 3043 quod
2092 2972 2178 3024 lex
2218 2985 2324 3025 non
2372 2969 2576 3033 docuit,
2620 2968 2764 3040 quod
2810 2968 3094 3039 prophetia
3142 2982 3248 3023 non
3282 2968 3505 3031 cecinit,

1910 3068 2059 3137 quod
2099 3064 2371 3134 Evangelii
2412 3064 2611 3119 veritas
2658 3077 2765 3116 non
2807 3061 3141 3131 praedicavit,
3190 3061 3332 3133 quod
3376 3075 3508 3131 apo-

1913 3167 2106 3222 stolica
2136 3167 2379 3223 doctrina
2430 3182 2535 3223 non
2564 3166 2819 3223 tradidit?
2856 3165 2961 3223 Sed
3003 3167 3120 3221 hinc
3169 3168 3187 3217 l
3225 3175 3350 3235 apta
3386 3173 3513 3221 sunt

230 3274 285 3312 απ
308 3258 558 3330 gladi”?
588 3258 737 3314 δέεαι
764 3258 1011 3326 “fimum
1036 3265 1131 3320 εδεν
1175 3255 1299 3327 qui“
1325 3264 1531 3327 Ρνοριεν
1561 3263 1609 3308 ⁸⁸
1645 3262 1805 3309 ηιθτίο
1830 3263 1877 3327 C
1910 3284 2101 3324 eorum
2152 3269 2443 3333 mentibus,
2500 3268 2568 3325 de
2614 3268 2807 3338 quibus
2850 3268 3125 3337 apostolus
3175 3266 3309 3322 dicit
3342 3283 3355 3321 :
3388 3265 3507 3320 Erit

232 3354 466 3424 aﬁcimur
504 3363 613 3408 tota
654 3354 758 3419 die,
788 3352 1029 3407 wstimati
1063 3368 1243 3406 sumus
1284 3359 1341 3406 ut
1365 3366 1479 3406 oves
1519 3351 1810 3406 occisionis.

231 3446 319 3502 Sed
340 3449 392 3503 in
424 3447 517 3502 Isis
542 3446 777 3503 omnibus
807 3461 1107 3517 superamus
1142 3462 1234 3518 per
1254 3462 1371 3501 eum
1395 3446 1483 3516 qui
1513 3461 1606 3500 nos
1636 3445 1816 3499 dilexit

234 3539 389 3610 (Rom.
434 3554 560 3604 vm,
607 3539 723 3610 35).
774 3540 838 3594 Et
879 3538 1001 3593 ideo
1041 3538 1304 3605 Ecclesia,
1346 3551 1467 3609 quas
1497 3553 1694 3607 corpus
1733 3545 1819 3593 est

230 3632 433 3699 Christi,
475 3631 614 3688 nihil
643 3630 714 3687 de
746 3632 928 3686 mundi
960 3630 1417 3701 inthualitatibus
1445 3633 1656 3697 metuit,
1688 3629 1813 3701 quia

231 3727 342 3781 nihil
368 3727 436 3783 de
476 3728 634 3783 bonis
666 3736 688 3763 θ
722 3724 1111 3796 temporalibus
1133 3724 1501 3794 concupiscit;
1530 3738 1631 3779 nec
1662 3726 1817 3779 timet

233 3818 358 3873 inani
377 3821 616 3889 strepitu
648 3817 879 3873 fatorum
902 3816 1139 3889 gravari,
1164 3832 1282 3889 qua:
1310 3816 1566 3886 patientia
1592 3815 1814 3872 tribula-

231 3909 412 3964 tionum
448 3911 609 3965 novit
632 3910 838 3978 augeri.

288 4001 446 4074 704
470 4001 607 4057 CAP.
631 3997 723 4056 XI.
750 3997 990 4054 Fatalem
1022 4001 1371 4054 necessitatem
1402 4000 1687 4054 hominibus
1718 4006 1816 4054 im-

231 4106 427 4163 ponunt.
454 4124 537 4135 —
569 4092 862 4149 Undecima
901 4091 1141 4162 ipsorum
1184 4090 1520 4162 blasphemia
1564 4104 1665 4155 est,
1710 4107 1815 4162 qua

230 4185 523 4245 liatalibus
578 4187 753 4245 stellis
782 4196 839 4243 et
884 4188 1091 4242 animas
1144 4185 1444 4255 hominum,
1485 4195 1541 4241 et
1582 4200 1817 4256 corpora

230 4328 423 4385 collect.
451 4328 517 4394 δ,
550 4325 785 4382 Vercell.
812 4334 867 4380 et
888 4324 1010 4379 Vat.
1046 4322 1187 4379 1555
1213 4324 1430 4379 collect.
1466 4326 1523 4391 8,
1554 4324 1660 4378 alio
1684 4323 1808 4380 Vat.

229 4406 276 4454 et
301 4400 509 4455 Veneto
537 4399 599 4453 ὃ.
641 4398 802 4451 Marci
829 4398 1047 4451 collect.
1078 4397 1165 4460 η,
1196 4405 1251 4449 et
1272 4395 1391 4450 Vat.
1422 4396 1679 4448 Ottobon.
1704 4395 1811 4451 297

232 4472 427 4525 collect.
467 4470 563 4524 25.
614 4469 779 4521 Paulo
826 4479 944 4537 post
988 4468 1050 4520 ob
1102 4465 1199 4519 hoc
1239 4468 1393 4520 deest
1436 4468 1488 4520 in
1527 4465 1648 4520 Vat.
1698 4468 1814 4520 col-

232 4541 339 4597 iect.
366 4544 457 4597 24.
494 4541 631 4596 Post
661 4554 832 4610 pauca
863 4538 1012 4602 Vat.,
1049 4538 1196 4607 Hisp.
1222 4549 1275 4593 et
1304 4538 1453 4606 Isid.,
1488 4553 1609 4591 cum
1643 4539 1815 4595 tribus

232 4616 354 4677 aliis,
389 4618 442 4667 in
474 4628 590 4667 sum
618 4612 881 4680 qualitatis
918 4612 1174 4681 principes
1202 4611 1467 4674 incidisse,
1508 4619 1554 4662 et
1597 4627 1686 4677 per
1722 4627 1812 4681 ae-

235 4700 333 4737 reas
360 4702 421 4738 ac
445 4686 680 4738 sidereas
724 4680 993 4749 potestates
1034 4683 1163 4734 altas
1195 4682 1251 4734 in
1282 4682 1495 4735 diversis
1523 4680 1816 4751 corporibus

1919 3371 2082 3444 705
2110 3372 2243 3425 enim
2265 3381 2481 3440 temmts,
2510 3386 2624 3425 cum
2645 3386 2826 3425 sanam
2853 3370 3139 3425 doctrinam
3159 3386 3262 3423 non
3288 3370 3512 3426 sustine-

1918 3475 2062 3535 bant,
2095 3474 2183 3529 sed
2210 3474 2277 3527 ad
2307 3490 2399 3527 sua
2420 3474 2676 3529 desideria
2703 3473 3071 3528 coacervabunt
3113 3472 3211 3528 sibi
3236 3474 3513 3544 magistros

1916 3579 2201 3649 prurientes
2232 3576 2483 3643 auribus;
2510 3585 2557 3631 et
2585 3594 2618 3630 a
2638 3578 2848 3631 veritate
2875 3576 3081 3648 quidem
3106 3577 3343 3630 auditum
3359 3592 3512 3630 aver-

1918 3687 2045 3747 tent,
2075 3680 2144 3733 ad
2173 3678 2376 3751 fabulas
2404 3686 2573 3732 autem
2607 3686 2964 3732 convertentur
2987 3678 3052 3749 (ll
3087 3676 3221 3733 Tim.
3245 3694 3319 3744 tv,
3347 3678 3399 3745 3,
3430 3678 3511 3751 4).

1920 3778 2064 3836 Nihil
2096 3782 2274 3851 itaque
2304 3776 2332 3819 ι
2362 3778 2643 3834 nobiscum
2673 3794 2961 3834 commune
2984 3778 3238 3848 habeant,
3270 3783 3358 3851 qtti
3389 3780 3515 3836 talia
3588 3778 3599 3791 ’

1922 3884 2121 3939 audent
2146 3884 2229 3938 vel
2258 3882 2478 3951 docere,
2511 3882 2599 3937 vel
2624 3881 2874 3948 credere,
2906 3891 2961 3937 et
2987 3883 3317 3953 quibuslibet
3341 3884 3514 3939 modis

1924 3987 2167 4042 nituntur
2193 3998 2437 4041 astruere
2477 3987 2621 4056 quod
2654 3987 2952 4042 substantia
2983 3988 3161 4042 carnis
3208 3988 3277 4043 ab
3306 4004 3401 4059 spe
3433 4005 3516 4044 re-

1925 4089 2277 4145 surrectionis
2300 4089 2478 4143 aliena
2505 4089 2593 4152 sit,
2629 4098 2788 4157 atqtte
2819 4088 2891 4143 ila
2921 4104 3081 4145 omne
3113 4102 3514 4145 sacramentum

1922 4189 2311 4245 lncarnationis
2343 4187 2545 4244 Christi
2574 4190 2882 4245 resolvunt:
2919 4188 3087 4261 1quia
3110 4191 3389 4263 indignum
3413 4192 3518 4273 fui,

1918 4341 2237 4401 paganorum
2265 4327 2529 4401 erroribus
2568 4328 2622 4401 in
2659 4342 2790 4401 mss.
2828 4327 2970 4401 Va_t.,
3005 4329 3155 4401 llisp.
3190 4342 3238 4386 et
3270 4331 3421 4395 Isid.,
3452 4349 3518 4391 ac

1922 4398 2092 4452 tritius
2134 4399 2254 4452 aliis
2286 4400 2448 4454 codd.
2479 4399 2535 4453 ln
2568 4398 2871 4473 Vindebnn.
2901 4398 3074 4473 Hisp.,
3104 4398 3164 4454 ut
3201 4404 3517 4473 hominibus,

1922 4483 1988 4524 ex
2007 4486 2148 4592 Iuno.
2174 4474 2517 4526 emendatum
2561 4474 2833 4540 posterius
2860 4471 2912 4525 in
2946 4472 3180 4527 laudatis
3208 4471 3517 4544 codicibus,

1922 4552 1980 4595 ut
2023 4557 2259 4595 tommes.

1921 4552 1980 4595 ut
2007 4552 2259 4595 nomines.

1999 4621 2024 4659 ε
2050 4613 2221 4667 Codd.
2256 4612 2408 4680 Hisp.
2449 4619 2506 4668 et
2536 4611 2665 4667 Isid.
2702 4628 2822 4667 cum
2857 4612 2975 4667 Vat.
3006 4613 3218 4667 collect.
3257 4615 3348 4677 21,
3376 4617 3521 4673 locus

1924 4684 2023 4756 sit.
2053 4684 2192 4751 Mox,
2237 4684 2480 4756 quoniam
2520 4685 2750 4755 quisquis
2785 4686 2974 4738 talibus
3012 4690 3425 4756 persuasionibus
3454 4692 3521 4744 sit

232 4770 327 4836 esse
351 4758 652 4836 conclusas.
680 4754 913 4836 findet).
944 4754 1119 4821 Hisp.,
1148 4754 1202 4806 in
1224 4768 1278 4835 se
1301 4754 1659 4836 qualit‘atis....
1690 4754 1822 4807 alias
1848 4755 1901 4817 Β
1927 4754 2129 4836 deditus
2158 4754 2478 4836 iti'ituinque
2508 4754 2708 4836 nostris
2735 4756 3012 4836 chicibtis
3043 4754 3318 4813 inferioris
3355 4770 3516 4815 norm.

476 4825 818 4896 corporibus;
875 4836 1071 4879 caetera
1140 4834 1198 4881 ut
1238 4822 1293 4879 in
1346 4824 1581 4881 lectione
1622 4838 1824 4894 prace-

238 4896 463 5038 ὀπήδει.
498 4967 663 5038 Reg.,
698 4968 1036 5036 inspirentur.

294 5036 320 5079 ι
349 5042 446 5117 bis.
480 5036 716 5117 Vindeb.
752 5038 1075 5117 lalisp._‘del‘et
1440 5109 1473 5117 Β
1519 5109 1530 5117 ι
1703 5107 1744 5117 Η

301 5121 321 5149 ⁸
350 5111 471 5167 Vat.
520 5114 734 5182 collect.
762 5106 859 5174 24,
889 5108 1029 5172 Quid
1064 5110 1197 5182 enim
1222 5121 1404 5182 agunt.
1438 5109 1572 5182 Dein
1611 5106 1824 5182 mobiles

237 5193 382 5236 status
411 5185 466 5236 in
498 5181 807 5236 Vindebon.
836 5182 1052 5251 collect.
1084 5181 1138 5235 5.
1160 5180 1346 5235 Postea
1374 5180 1492 5251 fecit
1518 5180 1741 5249 cquales
1769 5182 1821 5233 in

238 5252 453 5309 Vindob.
492 5254 650 5317 Hisp.
674 5261 731 5305 et
757 5248 969 5304 duobus
1000 5249 1143 5305 Vatt.
1176 5248 1387 5305 collect.
1415 5251 1508 5304 21.

284 5327 321 5406 ,⁸
344 5325 530 5379 Codd.
567 5324 725 5405 ναι..
746 5322 896 5391 Hisp.
914 5331 979 5406 et
1008 5322 1513 5406 lSl‘d.LCIIlnll.flbUS
1539 5322 1659 5406 aliis
1682 5336 1823 5406 prse-

237 5397 389 5482 niisso
414 5407 647 5482 puncto,
682 5395 763 5448 sic
792 5394 1105 5482 praeierunt.
1135 5392 1272 5461 Quot
1302 5392 1423 5482 (alr
1443 5395 1589 5482 lquo‘d
1618 5403 1825 5482 appis-

238 5466 376 5519 licuus
404 5464 551 5520 illud
582 5472 637 5520 in
680 5466 820 5519 omni
852 5466 1131 5517 tentatione
1175 5474 1345 5517 monet
1382 5464 1499 5535 (aL,
1527 5466 1698 5534 docet)
1744 5465 1827 5518 di-

234 5551 340 5591 cens
368 5558 389 5592 :
422 5539 564 5603 Qui:
616 5553 730 5595 nos.
778 5543 884 5589 etc.
930 5535 1060 5589 Dein
1102 5537 1261 5589 iidem
1301 5536 1461 5590 codd.
1498 5543 1556 5591 ct
1594 5535 1822 5591 Vittdeb.

238 5606 397 5676 Hisp.,
431 5608 815 5675 mortiﬁcamur
848 5621 945 5675 pro
977 5616 1135 5661 morte
1161 5607 1431 5677 efﬁcimur.

298 5624 397 5676 sp.,
431 5621 815 5675 mortificamur
848 5621 945 5675 pro
977 5621 1135 5661 morte
1161 5621 1431 5676 amamur.

302 5689 325 5717 ⁸
358 5681 461 5735 bis.
500 5680 623 5733 Vat.
677 5680 891 5733 collect.
936 5680 1026 5743 85,
1075 5680 1220 5733 aliud
1261 5682 1512 5744 collect.,
1561 5689 1614 5733 et
1663 5679 1823 5733 codd.

236 5752 439 5833 tuncet.
471 5753 580 5814 ει,
626 5765 751 5833 eum
795 5751 1408 5833 antiquioribusneditis,
1451 5752 1824 5833 corporalibus,

237 5816 355 5893 Post
387 5836 591 5889 pauca,
613 5825 735 5893 quia
770 5816 1039 5887 patientia,
1075 5822 1127 5876 in
1164 5816 1465 5877 Vindebon.
1500 5816 1647 5891 Hist).

306 5891 327 5938 ι
355 5895 463 5958 Is,
503 5891 815 5953 Vindebon.
843 5895 997 5964 utsp.
1036 5894 1286 5966 fataliter.
1318 5896 1473 5962 Dein,
1504 5907 1557 5951 ut
1597 5894 1829 5950 homines

1999 4822 2174 4901 {Duo
2200 4822 2341 4901 Vatt.
2370 4822 2858 4901 mss._collect._2_l.
2882 4836 2929 4880 et
2952 4828 3151 4880 diversa
3175 4829 3343 4901 signa.
3378 4832 3517 4898 Mox,

1928 4899 2276 4967 subjiciuntur
2302 4899 2355 4951 in
2388 4897 2598 4950 duobus
2634 4898 3161 4967 Vindebonensihus.

2008 4966 2030 5005 ίί
2062 4968 2214 5024 Unus
2246 4968 2390 5035 Vat.,
2432 4969 2672 5039 gloriam.
2724 4966 2781 5022 In
2828 4981 2972 5022 tt-xtn
3004 4970 3253 5036 sequenti
3297 4980 3525 5039 uterque

1926 5038 2095 5114 codex
2133 5040 2279 5114 Hisp.
2312 5050 2364 5094 et
2396 5038 2513 5114 Vat.
2540 5040 2703 5114 Alsid.,
2737 5048 2899 5093 totum
2920 5056 3105 5110 corpus
3128 5038 3449 5114 compactum
3479 5055 3525 5095 et

1928 5112 2292 5181 conjunctione
2326 5111 2790 5164 subministratum.

2005 5180 2027 5231 i
2055 5182 2126 5234 ita
2166 5197 2355 5251 ontnes
2385 5182 2543 5234 codd.
2574 5182 2777 5249 Quesn.
2816 5188 2870 5235 et
2917 5182 3110 5249 nostri,
3144 5192 3370 5251 excepto
3406 5181 3521 5235 Vat.

1930 5252 2144 5307 collect.
2188 5250 2280 5313 24.
2307 5251 2361 5306 in
2390 5267 2498 5319 quo
2526 5267 2646 5305 cum
2687 5250 3049 5306 anterioribus
3089 5250 3320 5322 vulgatis
3347 5266 3527 5323 operta

1930 5334 2067 5378 sunt.
2101 5324 2229 5377 Post
2253 5336 2440 5392 pauca,
2473 5323 2536 5376 de
2556 5323 2741 5393 quibus
2769 5323 3045 5390 Apostolus
3071 5321 3296 5393 loquitur
3320 5321 3521 5385 dicens,

1936 5394 1987 5448 in
2021 5393 2143 5449 Vat.
2177 5394 2311 5452 Rea.
2353 5395 2565 5448 collect.
2589 5396 2640 5459 1,
2676 5394 2727 5447 in
2767 5393 3073 5449 deehon.
3119 5395 3333 5453 collect.
3385 5395 3437 5456 5.
3473 5397 3523 5447 in

1936 5465 2086 5533 HiSp.
2120 5476 2173 5519 et
2205 5465 2359 5528 ιδιά..
2396 5479 2459 5518 ac
2491 5466 2662 5519 tribus
2687 5464 2805 5519 aliis
2828 5466 3125 5519 codicibus.

2008 5534 2034 5573 ¹ι
2077 5537 2203 5590 Mss.
2238 5536 2357 5591 Vat.
2395 5538 2609 5590 collect.
2640 5536 2733 5602 21,
2778 5538 3054 5590 vobiscum.
3088 5536 3208 5591 Mox
3241 5539 3525 5590 communi~

1933 5608 2119 5661 cabttnt
2154 5623 2250 5675 pro
2293 5623 2562 5661 commune
2607 5609 2823 5660 habeant
2865 5608 2916 5660 in
2962 5605 3077 5662 Vat.
3130 5605 3277 5675 llisp.
3314 5619 3365 5661 et
3398 5607 3521 5662 Isid.

1931 5681 2117 5747 Codd.,
2146 5682 2233 5747 qui
2275 5680 2434 5748 paulo
2466 5689 2586 5745 post
2627 5682 2882 5732 omittunt
2919 5679 3127 5734 credere
3152 5689 3222 5733 et.
3255 5678 3524 5736 Vindebo-

1935 5753 2121 5804 nensis
2155 5751 2302 5820 Hisp.
2334 5751 2478 5820 delet
2506 5751 2581 5804 vel
2608 5751 2835 5803 credere.

2014 5821 2031 5859 1
2076 5822 2191 5876 Duo
2232 5819 2364 5877 mss.
2408 5819 2557 5877 Vatt.
2599 5823 2813 5875 collect.
2859 5820 2922 5874 21
2960 5829 3013 5877 et
3050 5820 3259 5877 Justelli
3292 5826 3459 5880 codex
3498 5842 3525 5879 ει

1939 5893 2157 5955 Labheo
2193 5902 2408 5966 citatus,
2455 5900 2580 5967 quia
2609 5898 2738 5951 sicut
2770 5894 2979 5960 dignum
3007 5895 3109 5958 fuit
3138 5895 3387 5960 inteqrum
3433 5899 3526 5953 lto-
