4006 6348
460 370 565 434 687

1612 351 1673 409 S.
1710 338 1955 408 LEONIS
1992 342 2207 404 MAGNI
2236 332 2615 402 EPISTOLAS.

3643 314 3760 389 888

459 492 735 562 integrum
758 482 1032 544 hominem
1052 475 1274 549 suscipi,
1292 476 1339 531 si
1356 472 1636 543 indignum
1654 477 1772 562 erat
1791 469 2055 539 integrant
2084 469 2139 527 Α
2236 461 2366 517 Cap.
2392 457 2510 513 XV.
2546 455 2846 556 Scriptura:
2876 464 3021 506 veras
3050 447 3374 515 adulteram,
3408 444 3572 517 falsas
3600 446 3755 503 inda-
3830 476 3846 552 ί

458 583 703 643 liberari.

535 684 665 738 CAP.
687 676 826 733 XIII.
846 671 1067 741 Qualem
1088 667 1479 737 Scripturarum
1500 661 1767 717 scientiam
1787 654 2058 713 astruant?

463 770 741 826 —-Tertio
776 766 989 821 decimo
1034 761 1156 815 loco
1203 758 1434 829 positum
1481 764 1565 811 est
1604 752 1826 809 eosdem
1875 749 2056 805 dicere

465 861 612 935 quod
655 873 818 915 omne
863 870 1060 923 corpus
1106 852 1502 921 Scripturarutu
1545 846 1926 903 canonicarum
1957 839 2058 896 sub

459 953 892 1027 patriarcharum
922 948 1231 1004 nominibus
1257 942 1630 1014 accipiendum
1662 942 1733 995 sit
1762 957 1776 994 :
1801 937 1927 1009 quia
1951 935 2080 991 illae.

460 1047 748 1105 duodecim
783 1045 1033 1111 virtutes,
1065 1056 1185 1112 qum
1216 1037 1661 1095 reformationem
1693 1029 1930 1087 hominis
1971 1029 2054 1082 iu-

458 1142 681 1199 terioris
710 1144 1027 1210 Operantur,
1067 1133 1124 1188 in
1155 1134 1345 1186 horum
1368 1128 1644 1184 vocabulis
1672 1133 1697 1161 ει
1728 1123 2052 1185 iudicentur,

458 1234 581 1291 sine
611 1248 714 1303 qua
753 1228 986 1287 scicntia
1018 1226 1218 1282 nullam
1250 1223 1485 1277 animam
1519 1234 1680 1289 posse
1710 1231 1950 1285 assequi,
1999 1220 2058 1267 ut

457 1323 518 1381 in
560 1340 680 1380 eam
712 1321 1067 1379 substantiam
1097 1322 1166 1372 de
1200 1331 1303 1386 qua
1332 1312 1531 1385 prodiit
1574 1309 1917 1367 reformetur.
1951 1304 2057 1361 Sed

457 1417 606 1473 lianc
641 1416 856 1485 impiam
893 1415 1183 1466 vanitatem
1226 1406 1504 1475 despectui
1547 1403 1709 1457 habet
1748 1401 2057 1456 Christiana

460 1506 750 1579 sapientia,
785 1518 903 1574 quae
928 1502 1076 1557 novit
1102 1498 1129 1537 δ
1153 1512 1296 1553 vera:
1327 1495 1548 1550 Deitatis
1598 1490 1965 1547 inviolabilem
2006 1497 2062 1545 et

461 1596 934 1659 inconvertibilem
977 1608 1098 1650 esse
1121 1602 1367 1647 naturam
1394 1604 1410 1654 ;
1440 1587 1674 1642 animam
1707 1592 1911 1651 autem,
1946 1581 2061 1637 sive

460 1695 771 1762 incorpore
800 1689 1095 1751 viventem,
1120 1684 1234 1739 sive
1258 1698 1287 1736 a
1310 1694 1539 1750 corpore
1569 1684 1896 1748 separatam,
1923 1674 2060 1729 mul-

464 1788 536 1842 tis
568 1782 912 1857 passionibus
940 1778 1246 1849 subjaccre.
1276 1776 1407 1843 Quae
1439 1774 1625 1842 utique
1658 1782 1679 1811 ο
1710 1771 1755 1825 si
1786 1770 1855 1826 de
1882 1768 2061 1823 divina

2165 563 2312 611 cunt.
2336 583 2406 593 --
2428 552 2505 606 De
2533 564 2636 620 qua
2655 563 2715 603 re
2737 544 2911 617 quinti
2942 544 3136 600 decimi
3165 539 3388 611 capituli
3411 554 3595 597 sermo
3620 554 3755 599 eon-
3830 539 3833 567 ’

2158 647 2424 720 queritur,
2461 653 2516 700 et
2542 639 3023 714 praesumptionem
3052 636 3374 693 diabolicam
3420 635 3618 690 merito
3661 620 3757 691 de-

2160 751 2388 799 testatur
2418 755 2433 794 :
2463 739 2589 809 quia
2615 746 2637 775 ε
2661 745 2718 793 et
2744 749 2845 791 nos
2887 731 3034 789 istud
3060 730 3334 787 veracium
3365 727 3589 783 testium
3618 728 3762 782 rela-

2159 839 2306 892 tione
2330 831 2730 903 comperimus,
2764 835 2820 884 et
2849 825 3048 882 multos
3085 820 3526 892 corruptissimos
3565 833 3756 875 eorum

2159 930 2397 996 codices,
2429 925 2521 996 qui
2550 922 2797 980 canonici
2830 919 3204 982 titularentur,
3238 913 3567 970 invenimus.
3610 911 3761 979 Quo-

2160 1022 2322 1078 modo
2348 1019 2494 1076 euim
2520 1018 2775 1088 decipere
2796 1014 3073 1084 simplices
3096 1019 3339 1083 possent,
3368 1008 3473 1064 nisi
3494 1016 3758 1064 venenata

2161 1116 2350 1187 pocula
2394 1114 2627 1185 quodam
2670 1110 2833 1166 melle
2878 1107 3235 1180 praelinirent,
3276 1119 3348 1160 ne
3374 1115 3762 1173 usquequaque

2160 1208 2493 1263 sentirentur
2534 1205 2814 1271 insuavia,
2855 1217 2975 1273 qua:
3005 1209 3189 1256 essent
3229 1199 3410 1254 futura
3443 1193 3764 1251 mortifera?

2161 1299 2471 1355 Curandum
2500 1312 2630 1367 ergo
2652 1305 2755 1362 est,
2786 1304 2842 1351 et
2863 1291 3188 1350 sacerdotali
3211 1288 3489 1360 diligentia
3522 1286 3762 1342 maxime

2162 1390 2580 1463 providendum,
2626 1398 2688 1444 ut
2729 1388 2904 1443 Ialsati
2950 1385 3189 1450 codices,
3222 1393 3277 1439 et
3314 1396 3346 1435 a
3381 1382 3593 1437 sincera
3622 1378 3765 1433 veri-

2162 1496 2274 1543 tate
2319 1483 2637 1550 discordes,
2685 1482 2740 1537 in
2788 1480 2938 1537 nullo
2983 1495 3086 1535 usu
3132 1475 3384 1533 lectionis
3437 1472 3764 1529 habeantur.

2164 1578 2504 1650 Apocryphte
2543 1586 2723 1632 autem
2770 1574 3088 1643 scripturae,
3137 1586 3258 1643 quae
3305 1570 3407 1624 sub
3451 1566 3767 1623 nominibus

2166 1673 2535 1740 apostolorum
2584 1670 2877 1725 multarum
2923 1667 3126 1721 habent
3158 1663 3179 1703 ί
3220 1662 3571 1719 seminarium
3601 1660 3762 1733 707

2166 1764 2485 1831 falsitatnm,
2517 1778 2627 1819 non
2648 1762 2823 1818 solum
2854 1756 3264 1825 interdicendae,
3296 1755 3396 1812 sed
3422 1757 3583 1811 etiam
3615 1752 3769 1824 poni-

466 1890 614 1937 esset
639 1876 896 1943 essentia,
938 1873 1070 1929 nihil
1102 1871 1313 1927 adversi
1339 1877 1520 1939 posset
1557 1865 1817 1921 incidere.
1851 1864 1919 1919 Et
1944 1862 2063 1919 ideo
2096 1855 2143 1916 B
2171 1868 2258 1915 tus
2307 1856 2617 1914 auferendae
2661 1865 2808 1924 sunt,
2855 1863 3017 1923 atque
3064 1850 3282 1923 ignibus
3324 1845 3765 1905 concremanda.

464 1970 966 2042 incomparabiliter
1008 1966 1155 2023 aliud
1193 1964 1453 2029 Creator,
1502 1968 1559 2015 et
1596 1959 1742 2014 aliud
1790 1965 2062 2013 creatura.

465 2066 565 2123 Ille
585 2066 725 2121 enim
752 2075 966 2131 semper
988 2059 1129 2113 idem
1151 2066 1258 2123 est,
1281 2065 1337 2111 et
1352 2053 1497 2110 nulla
1518 2053 1784 2108 varietate
1808 2059 2064 2114 mutatur,

466 2157 591 2213 haec
634 2164 814 2211 autem
851 2149 1126 2207 mutabilis
1165 2156 1279 2216 est,
1310 2146 1475 2201 etiam
1524 2159 1631 2199 non
1669 2150 1870 2197 mutata
1894 2185 1908 2208 ,
1943 2141 2066 2211 quia

470 2257 533 2303 ut
563 2262 673 2303 non
714 2253 970 2311 mutetur,
1004 2240 1261 2297 donatum
1294 2235 1491 2308 poterit
1529 2234 1754 2301 habere,
1798 2248 1906 2288 non
1939 2247 2066 2304 pro~

445 2341 673 2417 .priurn;

545 2430 709 2503 706
735 2429 865 2483 CAP.
899 2424 1039 2481 XIV.
1066 2423 1309 2481 Siderum
1334 2430 1385 2475 et
1410 2419 1677 2490 signorum
1707 2416 1946 2488 potestati
1975 2415 2071 2468 lto-

469 2526 664 2580 minent
700 2516 1230 2594 subjiciunt—Sub
1271 2524 1462 2585 quarto
1498 2511 1714 2568 decimo
1753 2525 1883 2566 vero
1918 2510 2069 2579 capi-

469 2618 611 2685 tulo,
642 2617 709 2669 dc
737 2622 880 2667 Statu
904 2608 1153 2680 corporis
1181 2606 1388 2663 sentire
1408 2605 1660 2660 dicuntur
1681 2603 1825 2674 quod
1854 2602 1954 2657 sub
1977 2616 2073 2672 po-

470 2716 672 2764 testate
694 2706 931 2761 siderum
954 2713 1115 2773 atque
1134 2701 1413 2771 signorum
1437 2713 1538 2769 pro
1563 2707 1783 2753 terrena
1809 2696 2072 2767 qualitate

469 2811 744 2871 teneatur,
777 2808 829 2854 et
851 2798 974 2853 ideo
1005 2795 1174 2851 multa
1201 2794 1255 2848 in
1281 2792 1486 2849 sanctis
1518 2791 1692 2857 libris,
1725 2804 1849 2861 quae
1875 2789 1943 2844 ad
1975 2804 2072 2844 ex-

472 2894 731 2949 teriorem
775 2891 1047 2946 hominem
1095 2887 1420 2959 pertineant,
1471 2883 1733 2955 reperiri,
1767 2882 1909 2938 utin
1940 2882 2075 2952 ipsis

469 2986 775 3057 Scripturis
819 2984 845 3022 ιι
887 2985 1031 3039 inter
1082 2982 1319 3036 divinam
1380 2989 1768 3049 terrenamque
1823 2986 2072 3033 naturam

473 3079 719 3150 quaedam
748 3077 851 3133 sibi
880 3083 1146 3148 repugnet
1191 3072 1521 3132 adversitas:
1568 3080 1623 3127 et
1655 3070 1803 3126 aliud
1834 3071 1907 3126 sit
1930 3069 2075 3141 quod

469 3171 577 3228 sibi
614 3169 891 3226 vindicent
929 3169 1121 3222 animae
1147 3164 1433 3236 praesules,
1475 3163 1621 3219 aliud
1654 3163 1800 3235 quod
1826 3164 2074 3235 corporis

2174 1952 2431 2020 Quamvis
2471 1951 2617 2005 enim
2660 1950 2771 2005 sint
2813 1947 2868 2001 in
2908 1944 3016 2001 illis
3044 1942 3287 2015 quaedam
3321 1957 3441 2013 qua:
3485 1939 3772 1995 videantur

2171 2046 2411 2117 speciem
2437 2045 2640 2100 habere
2664 2042 2898 2113 pietatis,
2935 2053 3227 2110 numquam
3251 2046 3429 2093 tamen
3450 2050 3617 2091 vacua
3640 2041 3774 2087 sunt

2174 2139 2420 2207 venenis,
2466 2147 2490 2185 ις
2519 2146 2573 2193 et
2602 2152 2699 2207 per
2743 2135 3043 2191 fabularum
3084 2131 3368 2187 illecebras
3404 2130 3508 2185 hoc
3536 2129 3774 2183 latenter

2173 2240 2491 2302 operantur,
2517 2238 2576 2285 ut
2596 2227 2925 2284 mirabilium
2953 2225 3263 2281 narratione
3288 2223 3541 2280 seductos
3562 2218 3776 2291 laqueis

2171 2325 2560 2396 cujuscumque
2591 2322 2795 2378 erroris
2832 2320 3131 2375 involvaut.
3162 2318 3316 2374 Unde
3342 2317 3389 2372 si
3414 2316 3535 2387 quis
3560 2315 3779 2384 episco-

2173 2432 2387 2489 porum,
2417 2416 2505 2471 vel
2527 2414 2833 2485 apocrypha
2858 2412 3046 2467 haberi
3067 2408 3097 2447 ιι
3121 2426 3214 2481 per
3237 2409 3432 2465 domos
3452 2422 3557 2463 non
3585 2404 3783 2477 prohi—

2177 2510 2374 2583 buerit,
2410 2510 2496 2565 vel
2524 2509 2625 2564 sub
2650 2507 3039 2564 cauouicorum
3068 2505 3289 2560 nomine
3330 2517 3426 2559 eos
3455 2501 3676 2556 codices
3716 2499 3785 2553 in

2175 2605 2417 2662 Ecclesia
2464 2602 2775 2675 permiserit
2819 2602 2945 2671 legi,
2985 2599 3078 2671 qui
3104 2597 3440 2667 ,Priscilliani
3471 2592 3785 2649 aJulterina

2179 2708 2306 2755 sunt
2336 2696 2717 2753 emendatione
2743 2693 2938 2759 vitiati,
2973 2691 3289 2747 haereticum
3314 2703 3374 2744 se
3402 2687 3617 2743 noverit
3636 2683 3789 2756 judi-

2177 2793 2409 2851 caudum
2441 2808 2457 2847 :
2486 2790 2739 2863 quoniam
2768 2788 2871 2857 QUI
2896 2802 3047 2843 suos
3074 2787 3142 2841 ab
3166 2798 3353 2841 errore
3386 2797 3494 2839 non
3532 2785 3789 2847 revocat,

2182 2887 2421 2956 seipsum
2451 2899 2634 2940 errare
2675 2883 3030 2938 demonstrat.

2250 2979 2382 3037 CAP.
2414 2976 2556 3034 XVI.
2599 2975 2674 3030 De
2708 2974 2921 3029 Dictiuii
2959 2972 3189 3043 scriptis.
3210 2998 3283 3010 --
3308 2970 3327 3006 ί
3360 2968 3647 3023 Postremo
3677 2978 3792 3021 au-

2178 3081 2287 3130 tem
2336 3070 2570 3143 capitulo
2616 3069 2721 3124 hoc
2765 3066 3003 3139 prodidit
3042 3064 3188 3135 jnsta
3232 3062 3588 3132 querimonia,
3636 3058 3795 3129 quod

2182 3166 2400 3224 Dictiuii
2453 3173 2713 3221 tractatus
2741 3177 2877 3233 quos
2906 3159 3201 3216 secundum
3233 3154 3554 3213 Priscilliani
3582 3152 3798 3223 dogma

473 3263 803 3321 conditores.
836 3262 967 3327 Qua:
997 3258 1193 3314 fabulae
1216 3257 1340 3314 ideo
1365 3257 1713 3312 disseruntur
1736 3262 1870 3312 utet
1892 3256 2074 3311 anima
2100 3252 2146 3315 C
2179 3260 2528 3331 conscripsit,
2570 3273 2602 3312 a
2641 3255 2825 3312 multis
2870 3269 2992 3309 cum
3030 3250 3378 3308 veneratione
3429 3248 3752 3317 legerentur
3773 3287 3792 3315 ,

471 3357 672 3414 divina:
701 3354 1004 3409 alﬁrmetur
1040 3366 1163 3408 esse
1200 3350 1542 3417 substantim,
1575 3357 1631 3405 et
1655 3362 1786 3404 caro
1824 3348 2077 3405 credatur

470 3451 633 3511 mala:
659 3464 779 3506 esse
810 3456 1017 3502 natura:
1046 3462 1059 3500 :
1089 3445 1342 3517 quoniam
1371 3452 1426 3499 et
1448 3443 1625 3513 ipsum
1659 3442 1924 3498 mundam
1951 3456 2075 3498 cum

474 3545 761 3602 elementis
788 3542 900 3597 suis
940 3555 1047 3596 non
1079 3554 1215 3609 opus
1243 3538 1336 3594 Dei
1368 3537 1493 3593 boni
1513 3579 1528 3605 ,
1569 3535 1666 3592 sed
1706 3536 2075 3594 conditionem

474 3640 605 3698 mali
629 3638 943 3709 proﬁtentur
964 3636 1235 3700 auctoris;
1259 3644 1419 3704 atque
1442 3644 1501 3688 ut
1523 3634 1638 3689 haec
1661 3632 2072 3689 mendaciorum

380 3774 385 3779 -
474 3750 700 3793 suorum
754 3732 1035 3803 sacrilegia
1077 3730 1236 3786 bonis
1278 3728 1447 3784 titulis
1494 3728 1845 3797 eolorarent,
1893 3728 2076 3783 omnia

475 3844 620 3900 pene
641 3828 821 3886 divina
843 3827 1058 3899 eloquia
1079 3839 1337 3883 sensuum
1362 3822 1719 3881 nefandorum
1743 3822 2077 3880 immissione

477 3922 767 3980 violarunt.

478 4157 672 4210 minent
692 4152 902 4222 suscipi,
924 4150 998 4204 sic
1019 4148 1359 4222 dignuiit_crat
1392 4145 1650 4222 integrum
1674 4143 1931 4197 hominem
1948 4141 2078 4198 libe-

478 4229 610 4284 rari.
637 4225 779 4280 Idem
804 4215 998 4293 legitur
1020 4215 1211 4293 iu'Vat.
1228 4215 1616 4293 Ilisp._ct_It-t'd.,
1634 4216 1733 4293 hac
1758 4216 2078 4293 erceptione

480 4299 744 4371 quodper
768 4286 1008 4371 eprorem
1033 4291 1207 4371 primo
1233 4290 1350 4371 loco
1379 4287 1603 4371 habent,
1615 4288 1761 4371 sicut
1786 4286 2077 4371 indignum.

484 4358 584 4494 ‘1.“
633 4358 753 4492 (Vat.
782 4366 935 4436 lltsp.
960 4372 1014 4419 et
1034 4358 1186 4428 Isid.,
1211 4361 1531 4415 dedicantur.
1570 4358 1870 4414 Vindebon.
1900 4358 2078 4428 Hisp.,

523 4458 629 4494 ιεεη
659 4457 739 4493 ur.

523 4443 739 4495 icentur.

557 4512 585 4550 δ
627 4512 683 4566 In
713 4507 873 4565 codd.
918 4505 1038 4559 Vat.
1088 4506 1241 4573 Hisp.
1286 4512 1341 4556 et
1371 4501 1497 4557 Isid.
1524 4500 1750 4573 deletur
1775 4516 1925 4573 certe.
1960 4497 2081 4573 Ilo:

525 4599 585 4637 ro
626 4578 1062 4635 inconcerlibilem
1106 4570 1229 4630 cod.
1278 4573 1401 4628 Vat.
1451 4572 1671 4626 collect.
1722 4572 1793 4626 24
1825 4581 1880 4626 et
1909 4570 2076 4626 editio

525 4600 585 4637 I‘O
626 4600 1062 4635 tncont'ertwuem
1106 4600 1229 4630 cuu.
1292 4600 1401 4628 vat.
1451 4600 1640 4626 cuucu

484 4600 753 4713 gainaudi
787 4650 921 4705 1671
949 4648 1151 4701 habent
1178 4644 1640 4713 incorruptibilem.

565 4736 585 4763 ε
614 4724 686 4778 Ita
702 4738 822 4776 cum
842 4721 1044 4788 Quesn.
1065 4719 1236 4773 nostri
1257 4716 1491 4770 codices.
1508 4716 1679 4781 Alias,
1696 4714 1743 4788 si
1758 4713 1942 4788 divina:
1953 4721 2077 4766 esset

488 4796 737 4851 essentiaz.
766 4786 893 4846 Post
924 4805 1089 4861 pauca
1117 4803 1215 4858 pro
1241 4801 1371 4840 voce
1392 4786 1865 4861 incomparabiliter
1886 4800 1917 4839 a
1939 4786 2080 4850 Que—

487 4867 663 4922 snello
709 4857 940 4931 recepta'
983 4857 1222 4930 plerique
1256 4857 1429 4931 nostri
1460 4858 1673 4912 codices
1718 4858 1917 4911 habent
1956 4872 2080 4911 cum

488 4928 856 4991 anterioribus
887 4928 1116 5002 vulgatis
1138 4928 1502 4996 'ine/fabiliter.
1522 4930 1590 4984 At
1611 4929 2080 5002 congruentiorem

2181 3368 2326 3418 cum,
2355 3351 2399 3407 si
2425 3348 2626 3420 aliquid
2650 3346 2926 3404 memoria:
2956 3342 3172 3400 Dictiuii
3196 3338 3539 3398 tribuendum
3564 3344 3795 3409 putant,

2182 3446 2582 3519 reparationem
2623 3442 2741 3513 ejus
2787 3440 2959 3511 magis
2998 3438 3233 3493 debeant
3270 3448 3456 3490 amare
3500 3446 3669 3503 quam
3711 3429 3801 3484 la-

2181 3556 2359 3613 psum.
2379 3539 2497 3595 Non
2521 3552 2651 3609 ergo
2679 3533 2993 3600 Dictinium,
3020 3530 3119 3587 sed
3148 3528 3547 3585 Priscillianum
3573 3526 3797 3594 legunt,

2181 3645 2233 3692 et
2260 3634 2393 3691 illud
2417 3633 2665 3704 probant,
2696 3628 2841 3700 quod
2864 3641 3052 3683 errans
3079 3623 3281 3690 docuit,
3309 3635 3416 3676 non
3443 3618 3586 3690 quod
3616 3618 3629 3667 i
3667 3631 3807 3672 cor-

2184 3739 2368 3786 rectus
2395 3725 2578 3796 elegit.
2610 3722 2721 3780 Sed
2748 3735 2909 3777 nemo
2945 3721 3048 3773 hoc
3082 3717 3304 3787 impune
3333 3718 3651 3785 praesumat,
3688 3721 3805 3763 nec

2186 3822 2327 3878 inter
2356 3817 2660 3876 catholicos
2706 3822 2993 3870 censeatur
3036 3807 3280 3880 quiSquis
3310 3807 3479 3861 utitur
3523 3802 3758 3871 scriptis
3785 3841 3804 3866 ,

2187 3928 2294 3971 non
2331 3912 2401 3968 ab
2444 3908 2690 3967 Ecclesia
2727 3906 2901 3962 solum
2945 3901 3232 3968 catholica,
3279 3897 3375 3955 sed
3409 3896 3573 3953 etiam
3610 3909 3644 3949 a
3692 3905 3808 3949 suo

2265 4142 2286 4179 ί
2328 4141 2450 4197 Vat.
2480 4138 2604 4194 cod.
2628 4136 2843 4193 collect.
2868 4137 2903 4191 5
2921 4143 2975 4189 et
3000 4134 3056 4188 in
3080 4132 3297 4188 decreto
3323 4129 3391 4184 dc
3417 4126 3811 4198 Apocryphis,

2191 4212 2333 4285 quod
2365 4211 2567 4285 ex_hoc
2597 4211 2717 4285 l_oco
2750 4218 3031 4285 sumptum
3056 4206 3115 4285 in
3144 4201 3444 4285 appendice
3484 4199 3759 4285 dabimus
3790 4239 3810 4264 ,

2188 4270 2409 4340 semina.
2436 4282 2564 4336 Vat.
2598 4280 2730 4349 Reg.
2764 4270 2979 4349 collect.
3010 4278 3033 4332 I
3069 4284 3124 4330 et
3151 4270 3670 4349 Viude_b0tt._Hisp..
3720 4286 3817 4324 se-

2189 4356 2428 4409 minaria.
2461 4352 2596 4407 Dein
2624 4342 2991 4405 intercidenda:
3032 4362 3130 4418 pro
3160 4342 3529 4401 interdicendce
3558 4342 3615 4396 in
3651 4356 3813 4400 mss.

2189 4427 2360 4483 Gritn.
2385 4435 2439 4481 et
2470 4425 2607 4480 Vict.
2638 4421 2937 4489 Quesnelli.

2262 4509 2287 4546 ε
2327 4497 2449 4552 Vat.
2481 4496 2628 4565 llisp.
2648 4484 2711 4549 vet
2731 4492 2993 4565 Isid.,_sed
3014 4488 3443 4565 perjabularum.
3472 4484 3815 4543 Vindebon.

2182 4570 2394 4626 collect.
2442 4568 2497 4631 5,
2526 4561 2590 4622 et'
2605 4582 2695 4638 per
2730 4561 3067 4638 famulorum.
3097 4561 3267 4638 Paulo
3297 4566 3812 4638 post_,_pro_na_r:ra.

2183 4643 2337 4708 tione,
2386 4629 2496 4694 tres
2525 4629 2669 4693 Vatt.
2719 4629 2914 4699 codd,
2961 4630 3362 4708 narrationibus.
3410 4629 3531 4708 Mpx
3571 4630 3627 4683 in
3666 4631 3821 4708 V_at.

2185 4701 2351 4789 5845',
2384 4711 2579 4789 seducti
2614 4710 2806 4789 laqueis
2834 4707 3163 4789 implicentur
3184 4703 3417 4789 erroris.‘
3446 4701 3583 4785 Tres
3612 4704 3819 4759 codd.

2188 4785 2239 4839 in
2269 4772 2489 4838 decreto
2520 4784 2587 4837 de
2615 4772 2976 4851 Apocryphis,
3020 4777 3216 4831 seducti
3252 4772 3442 4844 laqueis
3488 4774 3827 4845 cujuscum-

2187 4872 2284 4926 que
2309 4853 2887 4926 errortsimplicentum
3010 4920 3021 4926 _
3112 4918 3126 4926 ε
3356 4916 3370 4926 _
3455 4874 3463 4926 ξ

2262 4925 2285 4964 ¹³
2329 4927 2384 4982 In
2412 4942 2543 4981 mss.
2574 4916 2792 4977 collect.
2829 4920 2893 4975 21
2925 4930 2981 4976 et
3008 4920 3064 4973 in
3095 4918 3315 4975 decreto
3340 4916 3405 4972 de
3441 4916 3834 4989 Apocryphis

487 4988 1084 5062 lcctionemexcludére
1100 5002 1214 5055 ausi
1235 4988 1342 5054 non
1362 5014 1567 5065 sumus,
1591 4988 2080 5068 qum‘iirtelerturin
2111 4988 2163 5049 D
2189 4998 2341 5054 deest
2376 5015 2467 5069 per
2507 4998 2703 5049 domos.
2742 4992 2957 5069 Deinde
2976 4992 3211 5069 corrupti
3238 5004 3333 5059 pro
3366 4989 3530 5043 vitiati
3564 4988 3641 5042 in’
3667 4990 3833 5047 Vat.

486 5077 870 5149 antiquissimo
886 5074 1014 5149 Vat.
1049 5074 1209 5127 5845.
1239 5072 1359 5149 Mox
1392 5072 1977 5149 cod._Vercell..__ali‘ud
2007 5080 2081 5123 est

489 5141 727 5204 Creaior.
756 5148 869 5200 Duo
886 5146 1031 5201 Vatt.
1056 5160 1176 5199 eum
1201 5145 1359 5197 editis
1380 5154 1501 5197 ante
1519 5144 1747 5210 Quesn.,
1768 5143 1911 5196 aliud
1934 5141 2081 5196 Crea-

493 5234 573 5274 tor
600 5229 696 5284 est,
727 5218 868 5273 aliud
909 5225 1162 5270 creatura.
1208 5214 1320 5270 Sub
1362 5213 1522 5269 ﬁnem
1555 5214 1747 5283 capitis
1778 5216 1955 5267 datum
1984 5229 2082 5281 pro

490 5295 740 5347 donatum
783 5289 837 5343 in
877 5290 1248 5355 antiquissimo
1295 5284 1416 5339 Vat.
1450 5286 1659 5341 collect.
1695 5288 1726 5340 8
1748 5287 1928 5341 etalio
1961 5284 2080 5339 Vat.

493 5365 707 5419 collect.
736 5362 807 5415 2i
838 5376 960 5415 cum
993 5359 1377 5413 vetustioribus
1404 5358 1756 5413 editionibus.‘

470 5480 471 5483 η
562 5434 590 5474 ά
628 5436 749 5491 Vat.
782 5432 933 5503 Hisp.
962 5441 1017 5486 et
1054 5429 1381 5503 lsid.,_inter
1415 5430 1661 5495 divinam,
1696 5429 1771 5482 vel
1800 5436 2077 5493 terrenam,

495 5500 895 5572 humanamque
922 5512 1178 5557 naturam.
1216 5500 1349 5555 Post
1394 5502 1651 5555 nonnulla
1698 5511 1935 5555 seruntur
1988 5513 2086 5570 pro

495 5581 817 5633 disseruntur
849 5578 898 5629 in
930 5574 1052 5628 Vat.
1083 5572 1246 5628 5845.

472 5659 481 5709 t
571 5660 594 5687 ε
636 5650 769 5703 Cod.
801 5648 1105 5701 Vindebon.
1129 5644 1340 5699 collect.
1367 5642 1423 5705 5,
1449 5649 1493 5695 et
1517 5650 1810 5695 nostrorum
1831 5643 2087 5697 veracium

498 5721 721 5773 testium.
775 5718 927 5771 Alius
973 5715 1275 5771 Vindebon.
1308 5713 1458 5781 Hisp.
1489 5722 1544 5765 et
1576 5728 1715 5767 unus
1749 5713 1891 5780 Vat.,
1946 5716 2089 5769 testi-

498 5792 727 5845 monium
754 5804 851 5857 pro
878 5788 1101 5841 testium.
1126 5786 1329 5842 Deinde
1352 5781 1651 5857 tuss._Vatt.
1684 5784 1899 5842 collect.
1932 5785 1997 5841 ‘2I
2032 5797 2086 5842 et

497 5858 572 5939 24
598 5874 721 5919 cum
749 5855 1141 5933 antiquioribus
1164 5859 1341 5927 editis,
1376 5855 1649 5914 titttlantur

2189 5060 2493 5209 Hispgsld.
2531 5078 2585 5123 et
2611 5075 2841 5137 quatuor
2871 5065 2990 5119 aliis
3019 5062 3319 5129 codicibus,
3352 5060 3589 5131 atquein
3621 5062 3834 5119 editis

2190 5152 2313 5197 ante
2394 5155 2546 5202 uesn,

2190 5152 2313 5197 ante
2344 5152 2546 5202 Uuesn,

2268 5212 2284 5249 ί
2330 5204 2451 5266 Vat.
2483 5212 2627 5279 Hisp.
2666 5218 2721 5265 et
2749 5207 2877 5263 Isid.
2903 5225 2916 5260 :
2945 5206 3070 5279 Post
3101 5207 3197 5259 hoc
3228 5204 3455 5279 prodidit
3486 5206 3630 5272 iusta
3669 5222 3842 5279 qua-

2190 5285 2432 5338 rimonia.
2463 5277 2607 5349 Mox,
2640 5297 2735 5344 pro
2763 5279 2998 5343 Dictiuii,
3029 5278 3232 5345 Quesn.
3274 5278 3324 5330 in
3353 5280 3594 5349 margine
3622 5291 3638 5327 :
3679 5277 3841 5347 AL,

2191 5355 2471 5409 Dicticinii.
2508 5345 2847 5408 De'Dictinio
2868 5360 3049 5406 autem
3075 5351 3300 5418 ejusque
3321 5345 3648 5401 tractatibus
3679 5345 3851 5407 vide:

2193 5436 2305 5482 not.
2339 5428 2372 5482 8
2402 5427 2605 5493 Quesn.
2644 5433 2698 5478 et
2722 5424 3132 5493 observationes
3158 5435 3292 5493 quas
3319 5419 3513 5493 eidem_
3527 5418 3851 5493 subjicie-

2192 5514 2332 5553 mus.
2382 5487 2536 5561 Dcin,
2569 5496 2655 5565 qui
2681 5496 2726 5550 si
2755 5495 2953 5565 aliquid
2983 5495 3035 5549 in
3062 5487 3187 5548 Vat.
3220 5491 3372 5561 Hisp.
3417 5498 3471 5545 et
3492 5487 3669 5557 Isid.,
3718 5507 3855 5563 pro

2191 5586 2307 5641 cum
2332 5570 2378 5623 si
2407 5569 2627 5641 aliquid.

2267 5640 2281 5691 i
2333 5634 2546 5696 Dictniii
2574 5639 2842 5694 correctio
2875 5638 3136 5694 Toletano
3166 5636 3188 5691 I
3213 5634 3524 5706 subjicitur,
3546 5648 3859 5707 eamque

2193 5714 2588 5767 viudicabimus
2616 5713 2669 5765 in
2700 5711 2975 5780 observat,
3017 5709 3083 5764 ad
3115 5719 3227 5764 not.
3260 5709 3294 5764 8
3316 5704 3627 5780 Quesnelli2
3694 5704 3868 5769 hic:

2192 5800 2292 5853 pro
2321 5785 2532 5865 impune
2578 5782 2779 5836 laudati
2812 5776 3039 5865 codices
3068 5781 3390 5865 Vat..Hisp.
3432 5790 3489 5839 et
3516 5776 3701 5850 Isid.,
3736 5781 3869 5844 ἕως

2189 5871 2407 5925 ponere.
2435 5854 2571 5914 Dein
2600 5868 2700 5926 pro
2723 5854 2926 5926 scriptis
2954 5856 3090 5920 alias
3115 5854 3410 5927 scripturis.
