4006 6348
290 444 391 506 689

1686 432 2019 493 EPISTOLA
2056 436 2177 495 XV.

3486 456 3588 515 690

292 566 513 616 auctore
542 555 836 614 damnatis.
869 561 899 593 ι
922 552 1041 611 Non
1069 552 1140 609 sit
1168 551 1442 625 perversis
1468 548 1701 607 liberum
1729 551 1892 607 simu—
1916 558 1974 621 Α
1997 552 2106 619 vel,
2134 559 2194 609 ut
2227 556 2409 613 mitius
2441 555 2697 627 dixerim,
2727 575 2834 617 non
2859 564 3135 620 resistunt.
3168 566 3284 635 Qua
3308 581 3590 627 COISCIEN-

291 653 400 708 lare
425 649 573 722 quod
602 648 835 720 tingunt,
862 661 967 703 nec
1000 646 1103 702 sub
1130 645 1399 701 velamine
1446 644 1683 700 nominis
1727 643 1887 699 Chri-

290 744 481 812 stiani,
532 742 875 799 decretorum
925 738 1292 810 imperialium
1338 745 1538 793 statuta
1584 736 1885 792 declinent.

288 840 411 895 ideo
432 839 582 892 enim
612 835 679 890 ad
703 834 1002 890 Ecclesiam
1030 832 1351 888 catholicam
1382 846 1506 887 cum
1536 838 1681 886 tanta
1707 828 1889 885 cordis

287 930 607 986 diversitate
642 928 991 993 conveniunt,
1022 934 1084 982 ut
1112 935 1167 983 et
1212 941 1348 996 quos
1375 932 1607 997 possunt
1645 938 1775 979 suos
1802 922 1888 978 fa-

288 1024 460 1093 ciant,
494 1033 555 1080 et
581 1024 759 1094 legum
802 1023 1185 1089 severitatem,
1220 1020 1350 1077 dum
1394 1036 1453 1077 se
1479 1029 1693 1076 nostros
1737 1034 1891 1076 men-

290 1119 522 1186 tiuntur,
557 1117 723 1188 708
747 1115 1028 1187 effugiant.
1063 1114 1292 1171 Faciunt
1314 1114 1417 1170 hoc
1441 1112 1885 1180 Priscillianistae,

289 1213 489 1268 faciunt
531 1210 835 1279 Manicbaei,
868 1223 1100 1280 quorum
1148 1222 1272 1264 cum
1316 1208 1435 1263 istis
1481 1216 1591 1262 tam
1630 1205 1891 1262 foederata

288 1318 410 1366 sunt
436 1308 630 1374 corda,
664 1315 723 1362 ut
753 1307 883 1361 solis
920 1305 1234 1361 nominibus
1288 1304 1543 1372 discreti,
1593 1300 1893 1372 sacrilegiis

287 1409 467 1456 autem
498 1398 613 1455 suis
645 1398 989 1453 inveniantur
1017 1396 1149 1451 uniti
1181 1413 1195 1451 :
1224 1397 1349 1467 quia
1383 1396 1486 1451 etsi
1516 1403 1669 1451 vetus
1697 1394 1891 1448 Testa-

285 1502 555 1561 mentum,
583 1491 728 1563 quod
759 1489 849 1547 isti
885 1505 944 1545 se
974 1490 1255 1559 suscipere
1295 1488 1574 1556 simulant,
1609 1486 1892 1542 Manichmi

283 1584 556 1652 refutant,
597 1584 664 1640 ad
709 1599 874 1639 unum
914 1593 1092 1637 tamen
1125 1584 1287 1637 tinem
1330 1588 1681 1649 utrorumque
1720 1578 1893 1634 tendit

284 1678 536 1743 intentio,
574 1692 699 1733 eum
744 1673 891 1747 quod
922 1673 950 1713 ι)
982 1674 1064 1729 illi
1092 1672 1396 1730 abdicando
1427 1671 1767 1742 impugnant,
1799 1671 1889 1727 isti

284 1768 604 1841 recipiendo
628 1774 1002 1837 corrumpunt.

352 1864 410 1919 In
463 1860 897 1917 exsecrabilibus
936 1866 1118 1913 autem
1168 1856 1443 1929 mysteriis
1491 1871 1711 1924 eorum,
1764 1871 1888 1927 quae

1994 660 2086 701 'ru
2114 654 2147 696 ο
2180 645 2444 704 honorem
2491 651 2595 706 sibi
2640 654 2945 723 prmstitum
2988 656 3297 727 vindicant,
3349 663 3441 732 qui
3491 675 3589 731 pro

1993 738 2275 795 animabus
2305 741 2469 813 709
2508 743 2611 799 sibi
2656 746 2876 801 creditis
2921 762 3030 803 non
3072 748 3351 806 laborant?
3395 754 3593 810 Bestia
3674 826 3679 833 Ι

1994 829 2230 899 irruunt,
2263 838 2318 887 et
2346 834 2526 888 ovium
2562 846 2716 905 septa
2748 853 2856 893 non
2885 838 3163 896 claudunt.
3198 841 3226 878 ιι
3260 843 3432 900 Fures
3460 846 3596 903 insi-
3656 914 3659 917 _

1995 922 2233 996 diantur,
2267 934 2324 981 et
2351 926 2610 983 excubias
2638 944 2744 985 non
2773 932 3137 1002 przetendunt.
3170 936 3339 990 Morbi
3369 939 3592 997 crebre-
3651 942 3677 1007 ‘j.

1994 1031 2173 1089 scunt,
2218 1028 2272 1076 et
2299 1022 2539 1078 remedia
2584 1024 2731 1080 nulla
2779 1029 3133 1098 prospiciunt.
3184 1030 3317 1086 Cum
3353 1031 3369 1069 ί
3406 1043 3587 1091 autem

1994 1111 2159 1167 etiam
2185 1112 2319 1168 illud
2347 1114 2573 1183 addunt,
2602 1126 2661 1171 ut
2701 1116 2786 1173 his
2810 1119 2903 1189 qui
2932 1121 3218 1178 sollicitius
3265 1135 3428 1196 agunt
3455 1142 3592 1182 con-
3650 1162 3662 1179 η

1995 1207 2204 1263 sentire
2227 1207 2547 1278 detrectent,
2586 1219 2642 1267 et
2670 1212 2978 1285 impietates
3021 1217 3149 1272 olim
3187 1228 3298 1275 toto
3328 1222 3459 1278 orbe
3490 1222 3594 1278 da-
3646 1220 3662 1281 ζ

1997 1308 2232 1369 mnatas,
2256 1302 2744 1371 subscriptionibus
2774 1307 2885 1362 suis
2911 1322 2971 1362 se
2998 1308 3454 1369 anathematizare
3482 1314 3597 1369 dis-

1996 1393 2287 1463 simulent;
2337 1395 2466 1465 quid
2495 1395 2563 1453 de
2596 1412 2656 1453 se
2686 1399 2911 1472 intelligi
2937 1401 3147 1470 volunt,
3182 1405 3283 1460 nisi
3313 1408 3457 1476 quod
3488 1423 3597 1465 non

1994 1487 2063 1544 de
2094 1504 2321 1545 numero
2348 1490 2603 1559 fratrum,
2629 1492 2727 1548 sed
2758 1494 2826 1549 de
2855 1504 3006 1564 parte
3042 1494 3056 1547 i
3096 1505 3222 1551 sunt
3251 1498 3525 1553 hostium?

2065 1580 2191 1637 CAP.
2224 1581 2390 1637 XVII.
2432 1584 2512 1638 An
2543 1600 2664 1639 caro
2694 1583 2887 1639 Christi
2932 1602 3047 1641 uere
3086 1590 3387 1658 requieverit
3423 1592 3478 1644 in
3508 1609 3597 1646 se-

1994 1674 2199 1743 pulcro.
2230 1703 2301 1715 ——
2327 1675 2386 1730 In
2419 1690 2484 1731 eo
2525 1692 2655 1733 vero
2692 1678 2838 1748 quod
2864 1677 2891 1716 ¹ί
2921 1678 2977 1734 in
3017 1689 3262 1737 extrema
3314 1682 3598 1741 familiaris

1994 1767 2242 1836 epistola:
2271 1776 2379 1823 tua:
2409 1777 2564 1839 parte
2588 1770 2839 1840 posuisti,
2868 1771 3035 1827 miror
3062 1774 3380 1844 cujusquam
3407 1776 3597 1832 catho-

1995 1859 2086 1915 lici
2116 1860 2529 1931 intelligentiam
2576 1863 2842 1933 laborare,
2884 1873 3163 1937 tamquam
3210 1868 3477 1925 incertum
3524 1871 3597 1926 sit

285 1963 491 2026 quanto
517 1952 884 2009 immnndiora
908 1960 1056 2019 sunt,
1081 1957 1230 2006 tanto
1254 1949 1563 2021 diligentius
1585 1960 1606 1988 ε
1631 1949 1888 2005 occulun-
1915 1964 1966 2025 Β
1994 1968 2063 2007 an
2092 1953 2465 2010 descendente
2484 1956 2548 2011 ad
2578 1956 2790 2012 inferna
2813 1957 3057 2026 Christo,
3085 1975 3212 2016 caro
3236 1962 3353 2032 ejus
3383 1966 3598 2035 requie.

284 2056 409 2113 tur,
453 2059 624 2101 unum
656 2058 878 2115 prorsus
921 2041 1071 2098 nefas
1114 2048 1218 2108 est,
1250 2056 1358 2097 una
1388 2050 1472 2097 est
1498 2041 1805 2096 obscenitas
1831 2048 1890 2096 et

278 2138 479 2193 similis
535 2137 837 2208 turpitudo.
880 2136 1052 2203 Quam
1101 2135 1205 2191 etsi
1248 2134 1430 2206 eloqui
1476 2134 1886 2201 erubescimus,

276 2232 696 2288 sollieitissimis
738 2241 918 2287 tamen
967 2229 1409 2301 inquisitionibus
1453 2227 1785 2299 indagatam,
1832 2234 1889 2283 et

278 2327 732 2394 Manichaeorum,
756 2328 844 2395 qui
868 2324 1246 2395 comprehensi
1278 2322 1509 2388 fuerant,
1539 2320 1887 2378 confessione

278 2422 582 2487 detectam,
614 2420 680 2476 ad
721 2420 992 2491 publicam
1022 2417 1251 2473 fecimus
1278 2418 1561 2488 pervenire
1592 2418 1837 2474 notitiam
1868 2433 1884 2472 :

276 2531 356 2571 ne
392 2514 509 2569 ullo
537 2514 699 2570 modo
729 2523 912 2583 posset
943 2513 1168 2567 dubium
1208 2510 1380 2567 videri
1410 2512 1549 2583 quod
1593 2510 1647 2566 in
1681 2510 1886 2581 judicio

274 2618 499 2673 nostro,
527 2608 614 2663 cui
653 2622 763 2663 non
786 2606 961 2663 solum
994 2604 1427 2676 frequentissima
1471 2605 1759 2674 praesentia
1794 2617 1885 2659 sa-

275 2702 593 2768 cerdotum,
620 2701 716 2757 sed
746 2702 909 2757 etiam
935 2700 1223 2755 illustrium
1266 2699 1509 2754 virorum
1539 2698 1796 2769 dignitas,
1828 2706 1887 2755 et

276 2812 415 2868 pars
439 2796 684 2868 quaedam
706 2805 931 2851 senatus
964 2809 1028 2850 ac
1050 2793 1227 2865 plebis
1250 2792 1499 2849 interfuit
1528 2794 1766 2863 ipsorum
1794 2791 1888 2861 qui

278 2906 453 2947 omne
486 2889 690 2946 facinus
715 2896 1094 2961 perpetrarant
1120 2903 1215 2943 ore
1244 2894 1545 2942 reseratum
1591 2895 1701 2952 est;
1750 2886 1889 2941 sicut

270 2998 350 3038 ea
382 2998 503 3053 qua:
538 2982 606 3037 ad
636 2982 981 3038 dilectionem
1015 2976 1043 3017 ἀ
1070 2987 1215 3036 tuam
1248 2995 1393 3035 nunc
1411 2979 1705 3035 direximus
1734 2988 1888 3050 gesta

270 3075 681 3130 demonstrant.
722 3073 880 3142 Quod
922 3080 1105 3128 autem
1145 3072 1213 3128 de
1258 3071 1677 3148 Manichaeorum
1706 3072 1889 3129 ftedis-

270 3168 429 3222 simo
457 3166 683 3234 scelere,
715 3167 820 3221 hoc
857 3165 1021 3221 etiam
1053 3166 1121 3220 de
1160 3164 1695 3221 Priscillianistarum
1732 3164 1887 3221 ince-

275 3259 537 3315 stissima
579 3258 975 3315 consuetudine
1004 3258 1135 3313 olim
1165 3267 1502 3328 compertum
1552 3259 1887 3329 multumque

1998 2046 2138 2101 verit
2168 2046 2223 2100 in
2268 2048 2523 2117 sepulcro
2554 2064 2712 2118 :quzn
2737 2050 2878 2105 sicut
2910 2066 3045 2108 vere
3072 2061 3127 2107 et
3156 2065 3367 2111 mortua
3413 2066 3497 2113 est
3540 2068 3597 2114 et

1993 2139 2229 2207 sepulta,
2263 2138 2337 2193 ita
2368 2154 2495 2195 vere
2526 2150 2609 2195 est
2636 2142 2725 2196 die
2777 2143 2941 2199 tertio
2991 2145 3273 2202 suscitata.
3306 2149 3418 2204 Iloc
3447 2152 3595 2209 enim

1994 2240 2050 2284 et
2090 2231 2206 2300 ipse
2235 2232 2498 2288 Dominus
2543 2233 2976 2304 denuntiaverat,
3005 2238 3195 2295 dicens
3232 2241 3298 2296 ad
3329 2242 3547 2301 Judacos
3576 2263 3596 2298 :

1994 2322 2192 2379 Solvite
2219 2327 2465 2395 templum
2491 2328 2669 2397 hoc,et
2692 2330 2745 2383 in
2778 2332 2951 2386 triduo
2975 2334 3232 2389 suscitabo
3256 2336 3388 2391 illud
3408 2337 3593 2410 (Joan.

1993 2431 2054 2482 ιι,
2090 2416 2202 2489 19).
2237 2418 2336 2476 Ubi
2381 2424 2711 2493 evangelista
2744 2425 3021 2496 subjungit
3053 2446 3065 2480 :
3108 2427 3223 2486 Hoc
3251 2439 3427 2486 autem
3454 2432 3596 2488 dice-

1992 2510 2078 2565 bat
2108 2513 2170 2565 de
2200 2514 2390 2584 templo
2428 2517 2657 2588 corporis
2685 2519 2763 2572 sui
2788 2518 2979 2590 (Ibid.,
3003 2520 3122 2592 2i).
3152 2523 3319 2594 Cujus
3345 2525 3424 2581 rei
3454 2528 3597 2582 veri-

1991 2612 2160 2661 tatem
2194 2605 2357 2661 etiam
2386 2607 2553 2663 David
2578 2611 2841 2681 propheta
2870 2614 3211 2685 praedixerat,
3239 2618 3467 2686 loquens
3494 2623 3596 2679 sub

1992 2713 2227 2771 persona
2276 2701 2489 2757 Domini
2528 2704 2859 2774 Salvatoris,
2896 2716 2952 2762 et
3001 2708 3189 2765 dicens
3236 2710 3502 2782 :lnsuper
3545 2725 3597 2770 et

1992 2810 2113 2849 caro
2140 2812 2251 2850 mea
2288 2795 2306 2833 ι
2336 2797 2613 2868 requiescet
2638 2800 2690 2853 in
2716 2817 2823 2870 spe.
2861 2801 3121 2868 Quoniam
3143 2822 3244 2859 non
3271 2806 3598 2880 derelinques

1989 2890 2220 2943 animam
2266 2906 2433 2945 meam
2472 2893 2524 2945 in
2566 2893 2791 2963 inferno,
2825 2912 2917 2950 nec
2960 2897 3106 2951 dabis
3149 2898 3403 2954 Sanctum
3448 2910 3597 2958 tuum

1990 2980 2165 3035 uidere
2195 2982 2572 3049 corruptionem
2596 2983 2767 3056 (Psal.
2798 3002 2887 3055 xv,
2919 2988 2996 3058 9).
3023 2988 3229 3056 Quibus
3252 2993 3438 3064 utique
3463 3010 3597 3050 ver-

1990 3071 2075 3130 bis
2118 3073 2463 3129 manifestum
2496 3085 2600 3144 est,
2631 3086 2670 3113 ω
2698 3079 2844 3149 quod
2871 3095 2999 3135 caro
3030 3082 3245 3139 Domini
3277 3095 3331 3139 et
3362 3101 3487 3142 vere
3510 3101 3600 3143 se-

1991 3165 2141 3235 pulta
2188 3167 2474 3238 requievit,
2508 3178 2562 3224 et
2606 3174 3013 3242 corruptionem
3056 3191 3163 3232 non
3206 3178 3373 3234 subiit
3410 3196 3424 3234 :
3470 3179 3599 3251 quia

1991 3259 2245 3316 celeriter
2297 3262 2565 3319 vivificata
2614 3264 2791 3321 reditu
2844 3269 3037 3325 animze
3077 3274 3397 3328 resurrexit.
3443 3274 3599 3341 Quod

271 3353 561 3423 vulgatum
603 3362 707 3407 est.
743 3361 767 3390 ⁸
798 3352 902 3419 Qui
931 3352 1076 3407 enim
1109 3365 1205 3421 per
1235 3350 1416 3405 omnia
1446 3359 1572 3407 sunt
1609 3352 1886 3422 impietate
1912 3354 1959 3416 C
1994 3368 2101 3409 non
2149 3356 2376 3412 credere
2420 3359 2552 3413 satis
2581 3359 2806 3431 impium
2838 3371 2941 3434 est,
2968 3374 3022 3421 et
3065 3366 3133 3421 ad
3177 3367 3457 3425 Manichtei
3487 3370 3600 3426 I’ri-

270 3459 546 3500 sensuum
576 3457 755 3513 pares,
788 3457 895 3498 non
926 3450 1153 3515 possunt
1181 3442 1236 3497 in
1267 3441 1436 3497 sacris
1466 3443 1577 3498 suis
1616 3458 1737 3499 esse
1776 3444 1887 3499 dis-

269 3535 519 3592 similes.

364 3624 384 3664 ί
430 3628 683 3685 Decursis
709 3628 889 3699 itaque
913 3625 1165 3682 omnibus
1190 3641 1310 3697 qua:
1342 3626 1509 3682 libelli
1538 3627 1707 3683 series
1740 3642 1890 3684 com-

272 3719 601 3789 prehendit,
643 3730 699 3777 et
736 3735 766 3776 a
797 3719 990 3790 quibus
1029 3719 1432 3774 commonitorii
1464 3719 1633 3774 forma
1664 3736 1773 3775 non
1801 3720 1887 3776 di-

269 3820 528 3879 screpat,
559 3811 912 3879 sufficienter,
946 3820 1007 3866 ut
1034 3810 1248 3881 opinor,
1288 3810 1623 3866 ostendimus
1658 3812 1788 3882 quid
1818 3814 1887 3870 de

271 3904 378 3959 his
406 3919 528 3974 qua:
551 3905 615 3960 ad
645 3921 744 3960 nos
772 3904 1083 3959 fraternitas
1115 3912 1203 3959 tua
1244 3903 1427 3959 retulit
1456 3919 1799 3973 censeamus,
1830 3915 1887 3963 et

267 4009 451 4065 quam
485 4010 588 4051 non
632 3995 703 4050 sit
730 3994 1040 4061 ferendum,
1076 3993 1122 4049 si
1164 4003 1271 4049 tam
1316 3994 1556 4065 profanis
1606 3998 1885 4055 erroribus

270 4088 458 4144 etiam
507 4087 860 4158 quorumdam
906 4085 1248 4143 sacerdotum
1293 4086 1458 4143 corda
1501 4088 1881 4158 consentiunt,

356 4274 575 4331 'Iidem
600 4275 788 4341 codd.,
818 4275 903 4330 Ne
930 4275 1029 4342 sit;
1058 4282 1114 4331 et
1152 4283 1362 4347 postea,
1402 4292 1468 4331 ne
1490 4278 1586 4331 sub
1616 4279 1882 4335 velamine.

267 4347 501 4405 Deinde
542 4348 793 4402 omittunt
830 4347 1036 4418 cordis,
1070 4354 1123 4401 et
1151 4356 1273 4415 post
1314 4362 1503 4416 pauca,
1546 4364 1643 4418 pro
1684 4352 1807 4403 dum
1834 4369 1888 4407 se

264 4428 517 4483 nostros,
544 4418 746 4475 habent
792 4434 913 4475 cum
960 4417 1261 4474 Vindebon.
1310 4419 1486 4489 Hisp.,
1536 4421 1661 4474 dunt
1708 4438 1887 4477 sensus

263 4509 381 4547 ηοδ
387 4502 494 4544 11⁵08
503 4528 516 4541 .

348 4562 387 4601 δ
427 4561 527 4617 Sic
554 4576 617 4615 ex
647 4560 772 4617 Vat.
812 4560 943 4630 Reg.
977 4561 1192 4616 collect.
1228 4561 1254 4615 i
1293 4561 1625 4631 Vindebon.,
1659 4563 1880 4622 collect.

262 4636 303 4691 5
342 4635 597 4702 utrisque
635 4632 783 4704 Hisp.
816 4641 871 4687 et
906 4632 1021 4687 Vat.
1064 4632 1219 4699 lsid.,
1252 4647 1316 4688 ac
1352 4635 1523 4690 tribus
1566 4636 1686 4690 aliis
1719 4638 1883 4692 codd.

262 4705 613 4779 Quesnellus
641 4705 747 4779 isti,
772 4714 830 4759 ut
854 4705 903 4757 in
928 4704 1046 4757 aliis
1071 4719 1201 4779 mss.
1236 4705 1558 4779 reperimus.
1593 4707 1698 4761 Alii
1730 4708 1885 4779 editi,

262 4778 370 4834 isti
400 4776 696 4849 recipiendo
721 4785 1074 4849 corrumpunt,
1109 4776 1188 4829 illi
1225 4776 1512 4849 abdicando
1551 4776 1881 4849 impugnant.

265 4848 581 4913 Merlinus,
614 4848 722 4922 isti_
739 4846 1027 4922 abdicando
1070 4849 1412 4922 impugnant,
1462 4847 1542 4922 illi
1590 4846 1884 4922 recipiendo

260 4928 642 4990 corrumpunt.
694 4918 1034 4990 Praetulimus
1077 4919 1368 4973 lectionem
1417 4918 1703 4987 potiorum
1729 4922 1885 4977 codi-

257 5006 429 5053 cum,
462 5005 568 5059 qua
598 4990 682 5043 isti
710 4999 862 5045 vetus
888 4989 1293 5061 Testamentum
1318 4991 1642 5060 recipientes
1666 4993 1885 5049 Priscil—

256 5063 521 5117 Iianistaa
543 5061 928 5131 intelliguntur,
958 5062 1025 5113 de
1046 5061 1237 5125 quibus
1268 5064 1428 5131 paulo
1456 5072 1583 5118 ante
1612 5062 1723 5117 Leo
1749 5066 1885 5119 scri-

301 5134 394 5188 sit
424 5148 437 5184 :
464 5131 563 5185 Isti
590 5150 643 5187 se
668 5136 927 5201 suscipere
971 5131 1255 5199 simulant;
1304 5147 1408 5188 vox
1456 5146 1637 5189 autem
1686 5134 1765 5188 illi
1816 5137 1884 5192 ad

290 5203 616 5262 Ianichteos
642 5204 897 5259 refertur.

352 5289 381 5316 ε
427 5276 596 5340 Alias,
624 5275 965 5330 occultantur.

344 5346 377 5385 ἀ
422 5348 499 5402 Ita
532 5347 890 5416 antiquissimi
915 5345 1077 5401 codd.
1099 5344 1223 5401 Vat.
1253 5344 1387 5415 Reg.
1419 5346 1631 5401 collect.
1665 5349 1717 5411 I,
1745 5349 1883 5404 alius

264 5422 406 5474 Vat.
457 5418 670 5499 collect.
709 5417 1127 5499 75,AVindebon:
1172 5418 1278 5471 duo
1322 5418 1537 5473 collect.
1579 5418 1697 5499 Suet
1730 5419 1881 5499 IIisp.

256 5507 404 5545 cum
438 5488 602 5545 editis
632 5498 756 5544 ante
785 5488 1011 5557 Quesn.,
1043 5488 1390 5557 coluerctque
1422 5505 1544 5543 cum
1577 5489 1697 5543 aliis
1730 5488 1883 5545 sim—i-

255 5564 421 5619 libus
447 5560 607 5643 hujus
631 5561 875 5643 epistolae
898 5561 1051 5643 locis.
1076 5561 1419 5643 Que'sne‘llus,
1449 5568 1770 5643 vestram,ut
1787 5563 1885 5643 alii

254 5635 498 5689 codices
545 5632 649 5686 hoc
690 5633 807 5687 loco
846 5632 1126 5687 exhibent.
1179 5631 1309 5686 Post
1351 5646 1516 5700 pauca
1566 5632 1885 5702 ineptissima

256 5722 376 5777 pro
411 5704 751 5757 incestissima
782 5704 833 5757 in
861 5703 985 5759 cod.
1018 5702 1345 5759 Vercellenti
1366 5702 1589 5784 collect.
1619 5706 1674 5757 8.
1782 5778 1793 5788 .

349 5789 376 5814 ε
426 5775 545 5830 Vat.
578 5775 710 5846 Reg.
741 5776 951 5830 collect.
986 5777 1037 5838 i,
1070 5776 1283 5842 utrique
1315 5772 1465 5841 Htsp.
1491 5783 1545 5829 et
1571 5774 1691 5829 Vat.
1726 5774 1831 5830 [sui

534 5817 545 5829 ι
578 5812 710 5842 ιιιδ-
741 5812 951 5830 ιυιιυυιο
990 5812 1037 5838 Ι,
1071 5812 1145 5828 υιι
1162 5812 1283 5842 ltili“
1315 5812 1465 5841 ιιιογο
1491 5812 1545 5829 ιιι
1586 5812 1691 5829 παι.
1727 5812 1881 5842 ΙδΙυο,

256 5858 307 5905 et
351 5850 439 5918 qui
467 5864 559 5915 per
586 5848 760 5900 omnia
784 5857 899 5900 sunt
923 5848 976 5899 in
1005 5847 1265 5915 impietate
1286 5860 1528 5899 sensuum
1559 5863 1728 5916 pares.
1758 5848 1885 5905 Vitt-

257 5922 479 5997 debon.
514 5920 727 5997 collect.
756 5919 789 5974 5
817 5918 1016 5997 omittit
1046 5918 1221 5997 enim;

358 5990 377 6031 ι
427 5992 541 6044 Vat.
580 5991 731 6045 Iliso.
762 6000 810 6046 et
831 5989 958 6045 Isid.
984 5988 1104 6045 cum
1137 5986 1308 6045 tribus
1336 5986 1453 6043 aliis
1484 6004 1634 6055 mss.,
1670 5991 1882 6049 Discus-

1916 4708 1970 4768 D

1991 3446 2332 3518 scillianique
2388 3449 2689 3507 doctrinam
2731 3456 3004 3524 pertinere
3052 3473 3160 3514 non
3209 3460 3317 3514 dub
3342 3475 3433 3516 um
3488 3472 3595 3523 est.

1994 3539 2086 3608 qui
2131 3540 2397 3609 sacrilego
2426 3556 2589 3598 sensu
2620 3546 2691 3599 ita
2737 3561 2797 3601 se
2829 3546 3104 3604 Christum
3141 3550 3395 3607 simulant
3420 3555 3598 3610 confi-

1996 3631 2122 3715 teri,
2152 3632 2223 3699 {ut
2271 3631 2678 3706 incarnationis,
2710 3639 2874 3712 710
2906 3650 2964 3697 et
3012 3644 3227 3711 mortis,
3260 3652 3315 3700 et
3353 3661 3596 3703 resurree

1999 3722 2197 3780 ctionis
2227 3724 2476 3781 auferant
2500 3730 2807 3786 veritatem.

2071 3824 2099 3852 ιι
2129 3817 2401 3874 Ilabeatur
2432 3836 2561 3892 ergo
2605 3824 2746 3880 inter
2795 3840 2891 3882 vos
2935 3828 3246 3901 episcopale
3285 3833 3599 3900 concilium,

1995 3914 2051 3963 et
2074 3908 2142 3963 ad
2173 3924 2295 3965 eum
2327 3912 2507 3968 locum
2537 3916 2629 3985 qui
2657 3917 2908 3973 omnibus
2931 3933 3272 3991 opportunus
3300 3927 3371 3980 sit
3395 3928 3600 3983 vicina-

1994 4017 2113 4058 rum
2147 4006 2549 4074 provinciarum
2577 4014 2905 4069 conveniant
2926 4017 3258 4085 sacerdotes,
3291 4029 3371 4088 ut,
3405 4037 3601 4078 secun-

1993 4094 2122 4151 dum
2156 4096 2274 4154 haec
2310 4115 2436 4169 quae
2464 4101 2531 4157 ad
2561 4110 2648 4157 tua
2685 4106 2928 4161 consulta
2961 4110 3364 4179 respondimus,
3392 4114 3597 4174 plenis-

2028 4302 2043 4337 ι
2277 4328 2289 4341 .

2001 4294 2381 4443 :stftgtg'z‘lift‘lfieb.
2406 4360 2583 4432 Hisp.,
2607 4365 2852 4443 honorem
2876 4367 2974 4421 sibi
2994 4355 3267 4443 sacerdotii
3286 4371 3595 4443 prcestitum.

2002 4426 2120 4505 Vat.
2155 4430 2339 4505 Hisp.,_
2362 4426 2610 4505 honorem
2630 4436 2726 4490 sibi
2756 4442 3033 4505 prwsutum
3059 4426 3336 4497 vindicant.
3368 4426 3598 4500 Aliasin

1995 4499 2229 4577 vulgatis
2258 4503 2485 4577 debitum
2524 4522 2621 4574 pro
2654 4499 2963 4577 prcéstitum.

2071 4569 2101 4605 ιι
2131 4570 2439 4654 Vat."IIisp.
2468 4569 2707 4654 et'I_sid'.,
2742 4587 2797 4635 et
2824 4581 2878 4635 in
2909 4582 3155 4654 margine
3185 4584 3437 4644 editionis
3468 4587 3600 4646 Lab«

1996 4640 2227 4720 beanae,‘
2238 4640 2399 4720 ene
2419 4640 2754 4704 insidiantur.

2076 4712 2093 4749 ί
2122 4712 2180 4769 in
2214 4715 2408 4787 iisdem
2441 4721 2599 4774 codd.
2628 4732 2681 4775 et
2710 4724 2760 4776 in
2781 4724 3012 4780 Vindeb.
3038 4727 3254 4784 collect.
3279 4729 3312 4784 5
3334 4731 3600 4787 omittitur

1994 4792 2188 4859 autem.
2219 4786 2353 4843 Dein
2381 4790 2840 4859 subscriptionibus
2856 4798 2962 4852 suis
2984 4797 3168 4854 delent
3188 4802 3404 4857 codices
3424 4786 3597 4859 Grim.

1996 4866 2050 4929 et
2078 4856 2293 4912 Tbuan.
2330 4869 2437 4913 tres
2467 4856 2765 4929 Quesnelli.
2799 4868 2921 4922 Mox
2953 4887 3007 4923 se
3049 4873 3201 4925 abest
3227 4888 3257 4927 a
3286 4856 3453 4929 codd:
3474 4856 3596 4929 Vat.

1997 4926 2429 5005 Reg._._utri§que_
2465 4926 2618 5004 Hisp.
2652 4936 2801 5005 Vat.,
2838 4940 2960 4993 Isid.
2997 4950 3051 4995 et
3096 4926 3266 4998 tribus
3305 4926 3443 4998 aliis
3466 4926 3597 5000 mss.

2131 5001 2262 5083 uss.
2282 5002 2527 5083 _Vi.udeb.
2560 4998 2842 5083 collectis
2879 5022 2933 5065 et
2962 5011 3081 5066 Vat.
3107 5016 3323 5070 collect.
3354 5016 3439 5083 il,
3471 4998 3594 5070 sui.

2068 5066 2096 5106 ¹ί
2121 5072 2440 5153 addidimus
2470 5081 2906 5153 praepositionem
2934 5084 2986 5135 in
3017 5066 3447 5153 cuiquat‘.Reg,.
3472 5066 3599 5142 duo;

1995 5139 2097 5194 bus
2142 5139 2674 5210 Vindebonensib'us,
2707 5165 2770 5204 ac
2809 5154 2979 5208 tribus
3024 5159 3142 5211 aliis
3177 5139 3324 5212 Vatt.
3352 5139 3598 5213 Labbeus

1994 5214 2455 5293 ex‘cod._.lu,_~‘.telli
2486 5218 2655 5293 :_‘Jam
2684 5238 2800 5277 vero
2816 5226 2953 5293 quod
2976 5227 3028 5279 in
3060 5238 3308 5281 extrema.

2072 5281 2091 5320 1
2122 5284 2258 5339 Cod.
2290 5286 2436 5363 __Vat_.
2469 5288 2654 5363 _Reg.,
2683 5281 2988 5363 requiescit;
3027 5307 3081 5353 et
3133 5315 3256 5353 mox
3300 5299 3438 5354 idem
3493 5314 3597 5356 ms.

1995 5368 2100 5408 una
2130 5372 2250 5437 cum
2290 5356 2597 5437 V_i_ndeb_on:
2621 5356 2838 5420 collect.
2873 5368 2906 5422 5
2925 5409 2937 5431 ,
2967 5356 3075 5421 non
3108 5370 3439 5437 derelinquis.

2067 5426 2283 5512 fidem
2319 5428 2651 5512 Vindebon._,
2682 5437 2822 5512 quod
2871 5426 2993 5512 caro
3041 5438 3273 5507 Christi;
3300 5426 3415 5495 Vat.
3442 5441 3596 5512 llisp.

1996 5504 2049 5549 et
2070 5496 2547 5582 Isidqnquodnearo
2572 5496 2831 5582 Christiet
2861 5510 3173 5582 insepulcro
3198 5496 3464 5582 i'equievit.

2069 5576 2096 5603 η
2123 5567 2179 5623 In
2221 5567 2364 5649 Vat,
2393 5571 2557 5649 I'Iisp.‘
2580 5587 2632 5630 et
2677 5577 2827 5645 Isid.,
2862 5567 3073 5649 alioque
3117 5581 3233 5635 Vat.
3264 5567 3494 5640 'collect.
3529 5585 3593 5641 ii

1994 5652 2094 5724 nec
2144 5643 2336 5724 nonin
2366 5660 2471 5699 ms.
2503 5646 2665 5715 libro,
2700 5643 2860 5719 quem
2891 5643 3140 5707 Labbeus
3162 5654 3373 5724 laudat,
3409 5658 3486 5711 sic
3513 5658 3596 5712 Ie-

1990 5711 2134 5791 gitur
2153 5728 2173 5791 _:
2209 5711 2519 5791 Habeantur
2550 5711 2672 5789 ergo
2710 5711 2842 5774 inter
2869 5737 2954 5775 vos
2984 5722 3218 5791 epistola:
3246 5737 3293 5779 et
3319 5711 3390 5780 ad
3416 5711 3594 5783 conci-

1991 5782 2118 5856 lium
2147 5784 2200 5836 in
2227 5800 2345 5856 eum
2373 5786 2566 5854 locum,
2591 5782 2696 5844 etc.
2729 5790 2839 5854 AL,
2872 5792 2927 5844 in
2954 5782 3113 5847 unum
3140 5796 3331 5851 locum.
3364 5798 3593 5856 Vindeb.
3627 5800 3643 5846 ἱ

1991 5853 2143 5924 ilisp.
2160 5855 2380 5923 praefert
2402 5859 2576 5940 solum
2596 5853 2901 5940 Habeautur
2923 5874 3012 5940 :et
3029 5864 3154 5940 hinc
3172 5867 3311 5924 forte
3327 5853 3595 5940 posterius

1990 5939 2078 5978 res
2110 5931 2754 6021 amanuenses‘c'jusdem
2797 5936 3130 5995 collectionis
3170 5955 3269 6011 pro
3295 5931 3589 6021 episcopale

1990 5999 2347 6052 emcndarunt
2369 6000 2619 6066 epistolte,
2649 6011 2755 6058 etc.
