4006 6348
499 390 601 452 691

1628 383 1688 440 S.
1728 378 1977 438 LEONlS
2015 365 2648 439 MAGNTEPISTOLE.

3678 380 3791 451 692

495 506 635 561 simo
678 503 1009 574 disquiratur
1049 498 1301 557 examine
1335 513 1403 555 an
1433 496 1545 561 sint
1582 497 1744 570 aliqui
1786 498 1928 555 inter
1972 498 2090 567 epis
2113 519 2164 578 Α
2197 497 2299 565 les,
2328 513 2427 554 nec
2466 514 2626 553 verus
2668 498 2903 566 Virginis
2939 509 3125 569 partus
3152 499 3449 566 asseritur;
3481 505 3537 556 ut
3569 503 3785 571 porta]-

495 612 691 667 sc0pos
726 598 817 669 qui
867 597 1025 666 hujus
1068 596 1340 650 haereseos
1384 596 1637 665 contagio
1683 594 2023 665 polluantur;
2057 609 2088 650 a

494 689 879 745 communione
902 687 1021 743 sine
1050 687 1214 741 dubio
1237 689 1545 759 separandi,
1572 687 1621 749 si
1648 688 2086 757 nefandissimam

493 795 697 839 sectam
745 798 843 855 per
878 765 1133 841 omnium
1178 795 1437 851 sensuum
1487 782 1779 849 pravitates
1829 782 2088 837 damnare

491 876 783 930 noluerint.
810 873 968 929 Nulla
1007 873 1150 930 enim
1184 876 1392 931 ratione
1432 874 1770 943 tolerandum
1798 885 1881 930 est
1908 883 1968 935 ut
1995 873 2088 944 qui

490 967 850 1035 prtedicandae
891 967 1014 1021 tidei
1050 970 1286 1036 suscepit
1316 969 1579 1038 oltlcium,
1610 969 1657 1024 is
1692 978 1878 1025 contra
1910 969 2084 1025 Evan-

490 1060 689 1131 gelium
723 1059 941 1127 Christi,
968 1070 1155 1121 contra
1182 1062 1530 1130 apostolicam
1563 1062 2086 1129 doctrinam,contra

489 1155 814 1209 universalis
830 1154 1084 1210 Ecclesiae
1098 1155 1410 1223 Symbolum
1424 1156 1621 1211 audeat
1637 1156 1931 1229 disputare.
1947 1156 2089 1224 Qua-

410 1300 415 1319 ,
488 1245 568 1300 les
595 1247 706 1302 illic
728 1258 889 1302 erunt
916 1246 1189 1317 discipuli,
1216 1248 1305 1302 ubi
1340 1248 1477 1303 tales
1506 1247 1778 1305 docebunt
1800 1248 2087 1319 magistri?

404 1332 413 1352 ⁵
489 1341 623 1407 Qus:
657 1355 794 1396 ILLIC
822 1342 1013 1410 religio
1046 1341 1251 1410 p0pttli,
1278 1357 1397 1413 quae
1424 1342 1573 1407 salus
1602 1342 1797 1410 plebis,
1830 1342 1919 1396 ubi
1954 1356 2083 1395 con-

487 1438 569 1487 tra
605 1436 892 1487 humanam
926 1433 1240 1488 societatem
1270 1444 1293 1469 ι
1320 1433 1540 1503 pudoris
1570 1436 1826 1491 sanctitas
1856 1433 2084 1500 tollitur,

487 1524 869 1592 conjngiorum
894 1523 1070 1579 foedus
1096 1524 1360 1589 aufertur,
1386 1527 1698 1597 propagatio
1725 1515 2086 1597 generationis

484 1613 793 1680 inhibetur,
835 1617 1018 1671 carnis
1057 1628 1247 1671 natura
1285 1616 1593 1682 damnatur,
1616 1614 1645 1655 δ
1671 1627 1860 1671 contra
1897 1631 2085 1672 verum

487 1716 667 1761 autem
716 1706 833 1760 veri
885 1707 975 1762 Dei
1020 1708 1225 1763 cultum
1276 1706 1516 1765 Trinitas
1570 1708 1792 1773 Deitatis
1836 1717 2082 1779 negatur,

483 1814 843 1871 personarum
873 1803 1176 1871 proprietas
1204 1802 1577 1872 confunditur,
1601 1813 1624 1843 ο
1642 1805 1819 1859 anima
1849 1805 2086 1860 hominis

2190 608 2306 646 sam
2338 594 2640 662 passionem
2664 602 3003 664 mortemque
3030 609 3133 649 non
3148 610 3353 663 veram,
3374 594 3603 653 mendax
3619 598 3784 657 etiam

2189 683 2519 741 resurrectio
2560 696 2849 756 resumpta:
2889 686 2957 739 de
2986 686 3236 752 sepulcro
3266 687 3449 741 carnis
3489 686 3788 746 habeatur?

2190 777 2410 834 Frustra
2465 791 2646 834 autem
2680 786 2902 834 utuntur
2941 776 3208 833 catholico
3256 778 3510 847 nomine,
3539 782 3628 849 qui
3668 781 3790 839 istis

2190 870 2557 942 impietatibus
2605 887 2711 933 non
2759 873 3036 931 resistunt.
3087 872 3328 928 Possuu'r
3378 871 3497 928 haec
3534 874 3785 941 credere,

2187 964 2275 1034 qui
2309 972 2535 1033 possunt
2563 964 2686 1017 talia
2739 964 3002 1036 patienter
3047 962 3255 1020 audire.
3301 963 3559 1021 Dedimus
3605 968 3786 1038 itaque

2188 1059 2394 1115 litteras
2423 1060 2487 1113 ad
2521 1059 2718 1114 fratres
2764 1067 2820 1115 et
2862 1059 3213 1128 coepiscopos
3256 1068 3473 1113 nostros
3510 1060 3782 1115 Tarraco-

2189 1169 2408 1221 nenses,
2440 1152 2914 1223 Carthaginenses,
2938 1152 3245 1220 Lusitanos,
3276 1162 3439 1222 atque
3470 1162 3493 1191 ⁶
3522 1153 3782 1222 Gallicos,

2186 1249 2370 1316 eisque
2419 1247 2707 1301 concilium
2764 1246 2954 1317 synodi
3015 1246 3282 1316 generalis
3337 1246 3649 1302 indiximus.
3702 1247 3787 1303 Ad
3858 1236 3872 1247 ⁷

2191 1349 2295 1393 tute
2341 1339 2500 1411 711
2552 1338 2856 1393 dilectionis
2903 1338 3323 1394 sollicitudinem
3375 1340 3685 1409 pertinebit,
3726 1348 3790 1397 ut

2188 1440 2389 1484 nostrae
2456 1430 2810 1483 ordinationis
2862 1427 2881 1467 ε
2928 1429 3221 1483 auctoritas
3278 1428 3345 1484 ad
3401 1430 3785 1501 praedictarum

2188 1523 2583 1592 provinciarum
2609 1523 2892 1593 episcopos
2914 1522 3207 1577 deferatur.
3226 1521 3282 1576 Si
3309 1533 3486 1576 autem
3512 1532 3537 1571 ε
3556 1525 3785 1595 aliquid,

2185 1614 2328 1684 quod
2368 1614 2527 1681 absit,
2577 1615 2865 1682 obstiterit,
2912 1631 3018 1685 quo
3070 1614 3250 1677 minus
3298 1616 3469 1683 possit
3513 1616 3785 1672 celebrari

2186 1709 2437 1779 generale
2464 1709 2778 1775 concilium,
2818 1704 2848 1746 ιι
2877 1707 3118 1764 Gallicis:
3147 1708 3335 1763 saltem
3374 1708 3427 1761 in
3459 1723 3621 1763 unum
3653 1724 3787 1765 con-

2188 1802 2409 1858 veniant
2452 1800 2783 1866 sacerdotes,
2833 1800 3030 1873 quibus
3074 1799 3093 1838 ί
3144 1803 3535 1874 congregandis
3586 1801 3786 1857 fratres

484 1895 667 1950 divina
691 1898 926 1950 essentia
958 1897 1307 1966 praedicatur,
1341 1910 1393 1954 et
1421 1898 1610 1954 eadem
1654 1898 1723 1953 ad
1758 1898 1957 1955 diaboli
1995 1915 2082 1953 ar-
2110 1913 2160 1974 Β
2187 1897 2356 1951 nostri
2402 1894 2604 1950 ldatius
2654 1905 2708 1949 et
2754 1893 3025 1964 Ceponius
3073 1894 3452 1963 imminebunt,
3494 1896 3785 1965 conjuncta

484 1986 705 2041 bitrium
737 2002 900 2043 carne
924 1989 1280 2053 concluditur,
1312 1990 1405 2045 Dei
1432 1990 1601 2045 Filius
1633 2006 1728 2060 per
1756 1990 1810 2047 id
1839 1991 1981 2064 quod
2010 2007 2076 2048 ex

483 2078 705 2151 Virgine
731 2093 905 2150 ortus,
937 2098 1043 2138 non
1080 2098 1176 2154 per
1201 2084 1253 2139 id
1296 2084 1437 2154 quod
1480 2101 1545 2140 ex
1589 2084 1749 2139 Patre
1787 2095 1945 2139 natus
1973 2096 2076 2151 est,

482 2176 793 2245 unigenitus
832 2176 1176 2247 praadicatur,
1203 2176 1451 2247 idemque
1471 2175 1499 2214 ἀ
1531 2193 1632 2233 nec
1674 2192 1799 2233 vera
1832 2177 1929 2233 Dei
1957 2193 2083 2249 pro-

559 2358 684 2413 ﬂlta
723 2357 1043 2426 Quesnellus
1080 2372 1201 2413 cum
1253 2366 1459 2424 septem
1510 2356 1621 2410 suis
1666 2354 1826 2410 codd.
1856 2365 1911 2411 et
1949 2370 2070 2410 cum

485 2430 817 2488 editionihus
841 2429 1093 2491 Nicolini,
1127 2444 1190 2484 ac
1218 2428 1383 2492 Surii,
1417 2428 1610 2498 quibus
1637 2429 1934 2480 concinunt
1958 2428 2072 2495 ple-

485 2504 643 2572 rique
669 2503 859 2557 nostri.
896 2504 1008 2555 lluo
1029 2500 1171 2555 enim
1200 2497 1568 2553 tantummodo
1587 2497 1889 2572 excipiendi
1915 2508 2067 2572 sunt:

484 2570 607 2629 Vat.
641 2574 805 2639 58t5,
839 2573 893 2627 in
922 2587 1030 2639 quo
1075 2573 1299 2627 habetur
1327 2572 1496 2639 pudor
1521 2571 1808 2624 sanctitatis
1840 2570 2071 2624 sustolli-

485 2654 589 2705 tur,
619 2658 673 2698 et
716 2645 831 2697 Vat.
868 2644 1080 2697 collect.
1109 2642 1178 2698 24
1210 2644 1295 2711 qui
1345 2658 1466 2696 cum
1517 2656 1646 2696 mss.
1682 2640 1991 2696 Grimanico
2018 2651 2073 2695 et

483 2717 712 2781 Vulgatis
744 2726 869 2770 ante
895 2715 1097 2780 Qttesn.
1135 2712 1348 2779 prmfert
1377 2731 1392 2767 :
1420 2714 1634 2785 pudoris
1665 2714 1801 2782 justi
1830 2729 2071 2766 verecun-

482 2788 572 2859 dia
604 2787 1198 2859 tollitur,iconjugiorum
1222 2784 1426 2859 {rudera
1443 2784 1772 2859 auferuntur.

556 2856 584 2896 δ
616 2858 756 2924 Vat.,
799 2854 946 2923 llispI
980 2854 1035 2912 et
1064 2856 1214 2917 lsid.,
1245 2858 1347 2910 veri
1386 2857 1479 2910 Dei
1518 2854 1684 2909 cultus
1721 2854 2068 2922 interdicitur,

481 2925 714 2984 Trinitas
747 2928 979 2992 Deitatis,
1008 2939 1111 2981 etc.
1148 2928 1281 2982 Tres
1324 2927 1562 2990 codices,
1586 2942 1721 2996 quos
1748 2926 2071 2993 Uncsuellus

481 3000 639 3059 vidit,
670 3014 722 3055 et
752 3001 857 3055 duo
890 3002 1053 3051 nostri
1085 2998 1343 3064 Vaticttni,
1370 3015 1573 3053 necnon
1600 3000 1732 3050 alius
1762 2998 1898 3066 apud
1929 2998 2068 3052 Lab-

481 3068 643 3126 beum
676 3087 797 3125 cum
840 3071 1000 3125 editis
1031 3070 1094 3123 ad
1127 3072 1421 3139 marginem
1453 3088 1467 3123 :
1494 3085 1639 3123 verus
1680 3069 1772 3121 Dei
1800 3069 1968 3121 cultus
1992 3070 2069 3121 in-

482 3143 774 3207 terdicitur,
806 3155 913 3197 etc.
952 3142 1175 3196 Vindeb.
1202 3141 1378 3209 Hisp.,
1402 3139 1592 3195 Contra
1620 3157 1791 3193 verum
1835 3140 1929 3192 Dei
1958 3141 2069 3193 cul-

484 3222 615 3272 tum.
647 3226 753 3269 etc.
786 3214 936 3268 Alius
968 3212 1196 3268 Vindeh.
1224 3214 1438 3267 collect.
1472 3215 1526 3278 5,
1557 3210 1789 3266 Trinitas
1828 3212 2065 3277 Deitatis,

482 3297 667 3357 negata
696 3300 1021 3357 personarum
1066 3286 1399 3355 proprietate,
1424 3284 1776 3357 confunditur.

514 3351 582 3403 .⁷ο
614 3351 759 3409 Idem
796 3351 1091 3409 Vindebon'.
1130 3351 1347 3410 collect.
1379 3356 1433 3411 5.
1480 3351 1590 3409 duo
1632 3352 1796 3416 Valla
1829 3351 1983 3421 ΗῘεΡο
2013 3361 2072 3408 εἴ

480 3421 636 3487 lsid.,
662 3441 800 3481 unus
827 3425 1074 3491 Vercell.,
1099 3442 1221 3481 cum
1261 3428 1432 3482 tribus
1466 3428 1589 3480 aliis
1625 3427 1822 3477 nostris
1851 3439 1984 3477 mss.
2015 3433 2070 3479 et

482 3506 710 3567 quatuor
731 3513 758 3551 a
792 3499 995 3564 Quesn.
1020 3498 1073 3553 in
1112 3501 1352 3567 margine
1382 3497 1651 3564 indicatis,
1673 3496 1942 3551 animabus
1972 3495 2070 3551 htt-

481 3570 649 3622 manis
678 3568 853 3623 divina
876 3571 1093 3623 essentia
1123 3569 1300 3625 datur.

554 3636 583 3676 ἀ
618 3642 730 3694 Duo
766 3641 924 3694 codd.
956 3639 1097 3694 Vatt.
1123 3641 1336 3695 collect.
1363 3636 1455 3708 2t,
1488 3653 1580 3695 nec
1604 3639 1707 3694 veri
1742 3636 1842 3693 Dei
1871 3638 2061 3707 proles,

482 3724 575 3765 nec
600 3726 748 3784 verus
778 3711 918 3779 ﬁlius
946 3709 1173 3784 Virginis
1195 3713 1461 3784 asseritur.

558 3790 582 3819 ο
611 3780 877 3853 Callaecia:
902 3780 1187 3853 episcopos
1210 3783 1296 3853 hic
1319 3781 1548 3853 intelligi
1568 3786 1806 3853 patet_ex
1837 3780 1922 3835 his
1948 3794 2069 3853 qua:

482 3850 809 3919 Questiellus
854 3853 1033 3906 attulit
1082 3850 1195 3908 not.
1220 3852 1275 3909 9.
1302 3850 1555 3909 Gallicios
1574 3850 1660 3907 vel
1691 3850 1947 3906 Gatlmcos
1980 3851 2069 3906 ille

481 3924 672 3977 mallet
695 3940 709 3984 ;
744 3923 837 3977 sed
870 3921 1097 3978 Gallicos
1128 3940 1224 3993 pro
1249 3921 1500 3979 Gallicios
1527 3928 1577 3977 in
1604 3938 1736 3977 mss.
1760 3925 1957 3993 passim
1987 3921 2070 3976 in-

481 3997 718 4065 venitur,
752 4003 810 4047 ut
839 3996 890 4049 in
916 3994 1145 4065 epistola
1172 3994 1348 4050 Siricii
1378 3998 1443 4047 ad
1478 3995 1769 4048 tlitnerium
1808 3993 2070 4065 obsiet-va—

486 4064 561 4118 vit
584 4064 963 4130 Constantius,
994 4076 1108 4122 not.
1139 4082 1188 4119 c.
1220 4082 1338 4136 pag.
1370 4065 1493 4121 738.
1525 4066 1715 4119 Mirum
1747 4069 1932 4136 omitti
1952 4064 2070 4118 Βω-

482 4137 642 4206 ticos,
674 4150 796 4190 cum
838 4136 1077 4206 synodus
1122 4134 1388 4192 adversus
1436 4136 1869 4191 Priscillianistas
1920 4134 2068 4203 ju~su

482 4204 681 4261 Leonis
728 4204 937 4272 coacta,
977 4224 1040 4263 ex
1078 4207 1605 4272 Tarraciniensibus,
1636 4208 2073 4275 tiartttaginensi-

481 4278 603 4341 bus,
631 4277 922 4345 Lusitanis,
947 4288 1107 4343 atque
1137 4278 1346 4332 Brticis
1370 4281 1651 4343 coaluerit,
1687 4289 1744 4331 ut
1775 4290 1984 4330 coitsmt
2004 4293 2071 4332 ex

480 4345 689 4417 Regula
729 4349 850 4403 titlei
895 4351 1136 4419 subjecta
1174 4348 1495 4417 Toletanm,
1520 4365 1640 4419 quae
1670 4348 1853 4403 Leone
1885 4351 2073 4415 ιιι-τεεί-

483 4421 665 4487 piente
691 4421 908 4492 condita
947 4422 1063 4475 fuit.
1096 4420 1326 4492 Quodsi
1356 4422 1407 4474 in
1442 4421 1541 4475 hac
1571 4420 1777 4492 synodo
1812 4435 1917 4472 non
1961 4436 2073 4473 me-

484 4502 772 4560 morantur
797 4489 1039 4556 Gallazci,
1071 4508 1206 4560 quos
1248 4490 1358 4545 Leo
1383 4508 1503 4545 cum
1540 4489 1753 4544 caneris
1783 4492 2072 4545 convenire

483 4558 589 4615 hoc
616 4563 733 4614 loco
764 4565 1043 4631 praecepit,
1074 4558 1274 4631 aliquid
1315 4563 1683 4631 impedimenti
1710 4561 1916 4615 obstitit
1940 4578 2074 4624 quo-

483 4632 668 4686 minus
688 4634 753 4685 ad
775 4649 890 4687 eam
921 4636 1183 4705 synodum
1207 4650 1327 4705 cum
1360 4635 1479 4687 altis
1510 4633 1757 4705 Hispanis
1778 4645 2073 4705 concurre-

482 4714 605 4757 rent
642 4720 655 4755 :
686 4705 826 4757 unde
847 4702 967 4758 curn
995 4706 1270 4767 abessent,
1296 4702 1500 4773 Regula
1533 4705 1653 4756 fidei
1684 4703 1753 4756 ab
1774 4719 1833 4757 ea
1866 4704 2073 4773 synodo

483 4774 551 4844 ad
579 4774 885 4829 Balconium
908 4775 1171 4831 Galla-cie
1194 4771 1589 4844 metropolitam
1617 4771 1925 4828 transmissa
1951 4771 2068 4828 Γιιὶσ.

482 4843 675 4918 Aliam
698 4861 827 4901 vero
852 4848 1161 4902 distinctam
1189 4843 1453 4918 synodum
1480 4846 1638 4918 paulo
1669 4855 1788 4918 post
1816 4861 1846 4918 a_
1875 4844 2075 4899 Gallae-

482 4914 565 4970 cis
596 4916 826 4970 habitam
863 4912 1271 4974 observabimus
1301 4912 1489 4971 annot.
1512 4915 1582 4972 83
1603 4915 1812 4979 (infen,
1834 4912 1908 4983 1³).

560 4984 580 5025 ί
622 4986 919 5042 Pontillcitc
944 4993 1186 5057 epistolae
1219 4991 1470 5058 peculiari
1503 4974 1710 5042 ratione
1740 4974 2072 5043 auctoritates
2097 4974 2153 5035 Ῑ)

483 5058 769 5124 appellatae
809 5071 955 5123 sunt,
986 5076 1052 5113 eo
1086 5063 1228 5130 quod
1278 5062 1601 5130 praecipuam
1636 5060 1843 5113 ratione
1877 5060 2074 5127 prima-

483 5137 573 5184 tus
612 5131 663 5183 io
714 5136 823 5183 tota
859 5131 1092 5183 Ecclesia
1123 5134 1496 5186 auctoritatem
1528 5131 1827 5185 obtineant.
1859 5132 1947 5184 Sic
1970 5130 2074 5186 Zo-

482 5201 675 5263 simus,
702 5204 865 5268 epist.
892 5202 942 5263 l,
968 5202 1032 5253 ad
1060 5202 1345 5267 episcopos
1372 5204 1581 5266 Galliae,
1602 5217 1745 5253 num.
1785 5202 1835 5267 t,
1862 5202 2067 5269 inquit:

486 5270 654 5343 Quam
674 5274 1031 5325 auctoritatem
1057 5272 1240 5343 ubique
1270 5290 1359 5326 nos
1393 5275 1590 5326 misisse
1615 5272 1943 5339 manifestum
1975 5282 2068 5327 est.

485 5341 621 5397 lltuc
660 5344 712 5396 in
745 5352 957 5397 vetusto
996 5344 1119 5397 cod.
1158 5341 1285 5397 'Vat.
1316 5343 1490 5397 Palat.
1515 5343 1639 5403 574,
1674 5342 1763 5410 qui
1795 5346 2069 5411 antiquam

484 5411 815 5467 Gallicanam
845 5413 1217 5467 collectionem
1248 5416 1509 5475 continet,
1543 5415 1905 5466 Romanorum
1939 5429 2071 5482 pon-

484 5483 688 5538 tilicum
739 5485 1151 5541 constitutiottes
1199 5485 1278 5539 sic
1319 5486 1683 5539 inscribuntur
1724 5499 1739 5536 :
1778 5484 2071 5539 Auctoritas

484 5551 777 5626 Innocentii
803 5570 973 5623 papa,
995 5556 1275 5626 auctoritas
1308 5553 1505 5611 Zosimi
1541 5569 1710 5626 papa,
1741 5565 1847 5610 etc.
1872 5552 2073 5612 Conl‘er

484 5624 650 5694 epist.
684 5624 750 5680 19
777 5626 996 5693 Leonis,
1024 5642 1147 5695 cap.
1178 5624 1231 5681 1.

560 5706 585 5744 8
615 5698 751 5752 Cod.
787 5699 1010 5753 Vindeb.
1036 5698 1211 5768 Hisp.,
1230 5696 1409 5767 aliqui,
1428 5696 1567 5766 quod
1586 5698 1739 5763 absit,
1763 5698 2070 5755 obstiterint.

484 5765 809 5835 ltitelligitur
861 5784 1042 5826 autem
1108 5765 1550 5840 impedimentum
1607 5770 1824 5839 aliquod
1874 5774 1989 5826 sive
2041 5787 2069 5825 a

485 5840 823 5910 principibus
847 5842 1094 5911 diversis,
1127 5842 1242 5898 sive
1264 5853 1321 5896 ut
1347 5844 1692 5897 verisimilius
1720 5852 1826 5902 est,
1858 5857 1889 5896 a
1923 5843 2069 5898 bello

483 5918 548 5968 et
590 5912 802 5980 publica
845 5930 1025 5968 rerum
1084 5914 1489 5985 Hispanicarum
1532 5913 1965 5982 perturbatione,
2001 5928 2067 5968 ex

2184 2004 2307 2046 cum
2336 1988 2414 2043 cis
2440 1988 2693 2044 instantia
2726 1998 2835 2055 tua,
2867 2004 2972 2058 quo
2996 1987 3154 2043 cilius
3184 1990 3268 2044 vel
3302 1989 3613 2058 provinciali
3644 2005 3785 2044 con-

2187 2090 2350 2136 ventu
2381 2080 2680 2137 remedium
2723 2082 2886 2135 tantis
2927 2081 3241 2136 vulneribus
3279 2080 3553 2138 aﬂeratur.
3593 2080 3607 2133 i
3650 2081 3785 2138 Data

2185 2193 2263 2234 sn
2290 2176 2398 2233 kal.
2423 2176 2692 2249 Augustas
2720 2177 2944 2247 Calepio
2995 2186 3051 2233 et
3078 2177 3360 2235 Ardabure
3395 2193 3485 2233 vv.
3514 2193 3596 2233 cc.
3630 2191 3783 2233 coss.

2177 2356 2371 2427 quibus
2412 2356 2544 2410 inter
2583 2356 2871 2411 sacerdotes
2924 2354 3018 2410 Dei
3065 2355 3295 2426 difﬁciles
3352 2352 3699 2425 commeatus,
3732 2367 3788 2412 et

2176 2429 2286 2481 rari
2332 2438 2589 2498 cmperunt
2642 2445 2747 2481 esse
2786 2438 3081 2492 conventus,
3118 2437 3174 2481 ut
3211 2428 3374 2482 tradit
3408 2427 3544 2481 idem
3586 2427 3699 2484 Leo
3725 2430 3787 2484 in

2179 2498 2335 2563 hujus
2366 2500 2611 2566 epistola!
2644 2499 2959 2568 prmlatione

2252 2568 2278 2607 ιι
2308 2570 2419 2624 Hoc
2467 2572 2681 2639 quidem
2728 2573 3012 2625 concilium
3060 2577 3310 2624 cunctum
3364 2569 3529 2623 fuisse
3574 2569 3786 2627 indicat

2176 2640 2461 2711 Lucretius
2482 2645 2764 2711 Ppiscltplh
2790 2643 2840 2695 in
2868 2642 3075 2711 synodo
3098 2658 3113 2695 ι
3140 2642 3450 2696 Bt-acarcnsi
3476 2641 3728 2711 inquiens
3758 2661 3776 2700 :

2176 2709 2675 2783 Beatissimuspnpa
2706 2714 2845 2766 urbis
2878 2709 3056 2767 Roma!
3086 2712 3307 2783 Leo..."
3340 2730 3428 2781 per
3469 2709 3779 2766 Turribittm

2174 2789 2432 2837 natarinm
2474 2782 2615 2837 sedis
2651 2800 2760 2837 sum
2803 2784 2870 2837 ad
2906 2786 3161 2854 synodum
3209 2782 3443 2837 Gallicini
3467 2796 3647 2835 contra
3674 2784 3782 2836 im-

2176 2856 2315 2918 piam
2348 2856 2688 2909 I‘riscillinnw
2710 2853 2955 2909 liwreseos
2983 2866 3171 2909 sectam
3202 2856 3392 2919 scripta
3434 2870 3528 2908 sua
3556 2853 3776 2909 direxit.

2175 2926 2302 2980 Haec.
2352 2941 2527 2981 autem
2578 2927 2772 2980 Leonis
2824 2928 3048 2989 cpiSIOIa
3080 2929 3144 2980 ad
3187 2924 3429 2980 Gallicizc
3477 2926 3776 2994 synodum,

2173 3013 2295 3067 ᾳιιςε
2326 2998 2680 3062 άιξδιιΙιξΓτιίιιΓ,
2709 3006 2826 3067 post
2855 3012 3175 3066 prmseutetn
3216 2999 3279 3048 ad
3308 2995 3613 3051 Turribium
3648 2998 3778 3067 data

2173 3066 2292 3121 fuit.
2324 3071 2452 3122 liutn
2481 3072 2621 3122 enim
2658 3066 2763 3122 Leo
2785 3071 3065 3135 epistolam
3100 3070 3164 3122 ad
3195 3068 3499 3122 'l'urrihiom
3525 3066 3778 3131 scripsit,

2178 3150 2232 3193 et
2279 3155 2373 3205 per
2402 3142 2715 3195 Pervincntn
2742 3141 2972 3194 'l‘urrihii
3009 3140 3273 3194 notarium
3304 3155 3367 3193 ex
3395 3137 3560 3191 ldatio
3592 3148 3780 3191 trans—

2178 3212 2345 3273 misit,
2378 3213 2613 3266 nondum
2653 3224 2769 3267 erat
2816 3224 3136 3281 congregata
3191 3210 3478 3275 peculiaris
3527 3208 3781 3265 Gallicis:

2178 3284 2445 3352 synodus;
2478 3285 2641 3337 immo
2671 3299 2767 3337 nec
2798 3294 2913 3336 erat
2948 3283 3344 3351 congreganda,
3370 3296 3491 3334 cum
3521 3281 3775 3352 Callaici,

2178 3355 2280 3407 nisi
2321 3355 2448 3424 quid
2492 3355 2859 3423 impedimenti
2908 3362 3294 3423 npponcrctur,
3328 3366 3600 3424 unacum
3652 3351 3782 3424 aliis

2178 3422 2582 3494 Hispaniarum
2626 3422 3021 3491 provinciarum
3063 3425 3334 3492 episcoiiis
3392 3422 3457 3477 ad
3518 3423 3783 3494 generale

2178 3493 2463 3551 concilium
2490 3497 2685 3551 Leonis
2710 3498 2862 3564 jussu
2885 3499 3181 3551 convenire
3212 3495 3491 3549 deberent.
3513 3493 3648 3547 Cum
3680 3508 3782 3547 ve-

2179 3582 2240 3620 ro
2271 3569 2429 3623 iidem
2474 3568 2714 3634 impediti
2770 3569 2998 3624 fuis~t~nt
3028 3585 3053 3619 a
3096 3567 3335 3636 generali
3365 3566 3618 3625 concilio,
3652 3576 3784 3632 p0st

2172 3652 2447 3709 acceptam
2496 3640 2741 3694 fortas~is
2789 3640 3043 3709 Regulam
3095 3636 3222 3692 tidei
3260 3640 3327 3689 ab
3359 3636 3784 3709 aliisHispanis

2169 3708 2237 3761 ad
2279 3710 2590 3764 Buteoninm
2643 3707 2890 3765 Gallicini!
2941 3712 3414 3777 metropolitanum
3463 3707 3779 3772 directam,

2167 3793 2281 3835 suae
2337 3782 2626 3853 provincia:
2668 3781 2933 3853 synodum
2976 3781 3235 3844 habuere,
3272 3780 3529 3853 adquam
3565 3777 3625 3833 S.
3667 3777 3787 3853 Leo

2168 3852 2405 3919 scripsit.
2442 3853 2496 3906 In
2524 3849 2897 3922 antiquissimo
2922 3854 3043 3907 cod.
3071 3854 3140 3907 59
3162 3852 3377 3919 capituli
3412 3849 3776 3911 Veronensis,

2170 3925 2257 4048 gul
2302 3926 2542 3977 continet
2590 3934 2954 3991 pervetusuttn
3011 3923 3343 3977 Breviarium
3392 3936 3689 3982 canonum,
3726 3930 3787 3975 et

2210 3997 2519 4048 ecretalium
2547 3995 2909 4048 Romanorum
2937 3993 3271 4048 pontiﬁcum.
3305 4002 3415 4048 tum
3448 3992 3502 4047 in
3530 3992 3787 4048 pra-mis-

2210 3997 2519 4049 ecretalium
2547 3995 2909 4050 Rmnanorum
2937 3993 3271 4064 pontiﬁcum,
3305 4002 3415 4048 tum
3448 3992 3502 4047 in
3530 3992 3788 4060 pra-mis-

2170 4080 2229 4119 sa
2263 4069 2442 4121 tabula
2468 4068 2766 4127 titulorum,
2797 4083 2943 4119 num.
2966 4068 3054 4131 5t),
3086 4078 3193 4119 tum
3221 4067 3271 4116 in
3301 4080 3469 4127 opere
3501 4078 3653 4116 nutu.
3682 4064 3786 4121 50.

2173 4136 2367 4205 legitur
2392 4156 2405 4190 :
2442 4138 2521 4191 Ex
2549 4138 2765 4202 epistola
2794 4137 2978 4191 Leonis
3004 4153 3150 4204 papa:
3177 4136 3245 4189 ad
3269 4134 3607 4199 Brtlconium;
3640 4135 3789 4187 nihil

2172 4220 2350 4262 autem
2373 4224 2438 4264 ex
2463 4208 2573 4278 ipsa
2598 4211 2822 4277 cpistola
2851 4219 3045 4276 prwter
3078 4224 3282 4261 morem
3312 4209 3598 4278 profertur.
3634 4205 3786 4278 Num

2172 4294 2302 4333 vero
2337 4278 2451 4335 lucc
2485 4275 2713 4349 cpistola
2760 4275 2884 4334 data
2935 4279 3092 4332 fuerit
3123 4294 3229 4332 non
3278 4280 3451 4331 solum
3484 4276 3547 4329 ad
3580 4275 3790 4349 Bjtlco-

2174 4352 2347 4407 nium.
2382 4352 2475 4404 sed
2502 4346 2661 4405 eti-im
2694 4351 2760 4405 ad
2796 4362 3024 4420 caeteros
3069 4351 3355 4418 episcopos
3380 4346 3791 4420 sYthtllGalil-

2175 4427 2291 4485 cizt‘,
2321 4424 2391 4477 ita
2424 4432 2483 4477 ut
2510 4427 2573 4476 sit
2604 4422 2715 4489 illa,
2749 4438 2905 4492 quam
2939 4418 3224 4475 Lucretius
3258 4423 3308 4472 in
3338 4418 3546 4492 synodo
3576 4419 3793 4472 Uruca-

2173 4495 2687 4556 rensitnemoravit;
2715 4490 2781 4545 an
2804 4496 2873 4545 sit
2894 4494 2997 4545 alia
3027 4494 3314 4557 peculiaris
3334 4492 3399 4545 ad
3435 4490 3790 4553 Balconium,

2176 4563 2439 4617 incertum
2490 4574 2591 4618 est.
2629 4565 2706 4619 Ad
2742 4565 2987 4617 literesim
3031 4574 3178 4617 certe
3210 4561 3792 4625 Prisc-llianistarum,

2175 4649 2295 4705 qum
2328 4637 2378 4688 in
2410 4635 2632 4690 Gallicia
2666 4636 2893 4704 rigebat,
2931 4635 3257 4701 portiuuisse
3287 4634 3518 4705 videtur.

2255 4703 2271 4741 ί
2308 4705 2378 4758 Ita
2425 4720 2552 4761 ms<.
2588 4702 2746 4761 Codd.
2771 4719 2819 4761 et
2866 4705 3140 4771 Quesnelli
3188 4714 3242 4757 et
3291 4703 3482 4757 nostri.
3518 4702 3625 4769 AL,
3657 4721 3799 4757 con-

2214 4778 2419 4846 rogatis.
2468 4776 2697 4833 Vindeh.
2743 4780 2955 4832 collect.
2998 4774 3033 4829 5
3073 4780 3268 4828 omittit
3315 4774 3799 4846 utrumqneiscri-

2214 4792 2419 4846 regalis.
2473 4792 2697 4833 thuen.
2743 4792 2955 4832 COlleCl.
2998 4792 3033 4829 ξ)
3073 4792 3268 4828 omnm
3315 4792 3601 4842 utrumque
3646 4792 3797 4830 scrt-

2176 4792 2311 4970 gDeus
2342 4867 2355 4901 :
2389 4850 2573 4921 quibus
2605 4852 2789 4920 fratres
2821 4847 2983 4902 nostri
3013 4846 3295 4903 ίΕάαεὶιιε.
3328 4844 3557 4901 Vindeb.
3593 4844 3797 4933 Hisp.,

2231 4935 2390 4970 actus.

2231 4935 2390 4973 aetiis.

2249 4989 2264 5039 i
2306 4987 2628 5045 Cltronicam
2671 5001 2852 5045 notam
2905 4989 3228 5057 Qttcsnelltts
3284 4987 3481 5054 adjecit
3528 5003 3593 5042 ex
3648 5005 3801 5042 mss.

2175 5058 2341 5115 Corb.
2376 5062 2535 5114 Barh.
2575 5064 2625 5123 l,
2649 5062 2963 5127 TrrcOpith.
2993 5060 3227 5117 Chiallet.
3260 5070 3313 5112 et
3338 5059 3504 5113 tribus
3534 5059 3801 5128 Thu:m.,

2178 5146 2240 5185 ac
2270 5132 2509 5186 editione
2555 5132 2719 5188 Surii.
2752 5134 3007 5186 Eamdem
3041 5132 3367 5185 conﬁrmant
3397 5130 3639 5198 plerique
3692 5148 3803 5183 ιτυ-

2176 5204 2272 5256 stri
2296 5204 2455 5257 codd.
2488 5203 2688 5270 Calipio
2709 5205 3018 5271 plerumque
3037 5204 3087 5255 in
3119 5203 3219 5256 hac
3241 5204 3467 5269 cpistola
3496 5200 3803 5271 scribitur,

2175 5276 2260 5326 Cui
2294 5276 2457 5329 afﬁne
2486 5290 2563 5328 εει
2596 5280 2647 5329 in
2679 5270 2905 5343 vulgatis
2938 5274 3293 5327 Valentiniani
3330 5272 3569 5344 Novellis
3598 5270 3807 5344 Calig-

2214 5344 2282 5398 io.
2316 5348 2386 5401 At
2427 5347 2479 5400 in
2514 5346 2631 5400 Vat.
2664 5341 2796 5410 Reg}
2828 5346 3043 5399 col'ect.
3076 5348 3124 5410 l,
3158 5354 3212 5399 ct
3251 5348 3303 5398 in
3346 5341 3652 5397 Vindcbon.
3676 5341 3811 5397 cdt-

2199 5426 2303 5470 ect.
2355 5417 2408 5481 5,
2458 5418 2688 5472 habetur
2735 5416 2965 5483 Calepio,
3008 5420 3081 5469 uti
3134 5415 3237 5471 hoc
3284 5430 3480 5469 nomen
3528 5413 3812 5469 similiter

2177 5488 2436 5542 serihitur
2470 5505 2572 5542 non
2605 5490 2781 5542 Solum
2817 5492 2866 5540 in
2898 5487 3078 5541 Fastis
3113 5487 3316 5540 Latinis
3347 5484 3621 5547 Prosperi,
3661 5484 3813 5539 lda-

2174 5560 2259 5624 tii,
2284 5558 2581 5613 Marcellini
2604 5572 2657 5612 et
2697 5558 3026 5617 Cas~iodort.
3051 5574 3148 5613 nec
3183 5573 3286 5613 non
3319 5559 3368 5611 in
3390 5556 3815 5611 vetustioribus

2173 5643 2239 5700 ac
2277 5629 2737 5685 emendatioribus
2773 5631 3121 5685 Novellarum
3172 5630 3575 5700 exemplaribus
3613 5627 3815 5700 rUtto-

2173 5698 2302 5755 bon.
2330 5712 2383 5755 et
2404 5701 2768 5772 Wurceburg.
2794 5718 2821 5755 a
2856 5701 3061 5755 Riterio
3103 5698 3347 5756 laudatis
3374 5716 3496 5754 nov.
3525 5700 3558 5755 5
3585 5699 3657 5753 de
3700 5702 3819 5756 Se-

2172 5773 2367 5843 pulcris
2399 5784 2445 5826 et
2484 5790 2609 5826 nov.
2637 5776 2669 5828 5
2709 5778 2771 5828 de
2819 5773 3325 5843 Palatinis;vcrmn
3373 5774 3536 5843 etiam
3578 5772 3642 5843 fin
3684 5842 3687 5843 ν
3724 5775 3820 5826 inc

2174 5841 2467 5914 scriptione
2514 5845 2749 5899 basilicae
2810 5847 2864 5899 S.
2899 5845 3047 5899 Pauli
3098 5860 3249 5901 num.
3293 5841 3422 5914 201,
3465 5850 3523 5899 et
3575 5842 3822 5901 idcirco

2173 5912 2313 5970 hanc
2343 5916 2632 5972 lectionem
2664 5915 3023 5987 suscepimus.
