4006 6348
292 356 392 425 .95

435 473 495 534 S.
529 470 830 532 TURRIBH
858 468 1350 531 ASTURICENSIS
1380 470 1732 533 EPISTOLA.

290 592 367 650 De
410 607 515 649 non
553 588 855 653 recipiendis
898 588 953 643 in
997 587 1353 658 auctoritatem
1402 586 1522 655 ﬁdei
1571 583 1881 658 apocryphis

463 661 752 735 scripturis,
785 668 831 712 et
878 659 940 712 de
976 670 1113 713 secta
1154 657 1697 711 Priscilliunistarum.

287 754 495 825 Sanctis
520 770 584 808 ac
616 752 957 816 beatissimis,
988 760 1041 806 et
1063 750 1209 805 omni
1233 752 1584 825 veneratione
1612 750 1876 816 colendis,

296 820 345 830 ’ν’
479 823 661 880 Insano
686 838 739 879 et
768 826 1002 879 CEPONIO
1030 824 1320 893 episcopis,
1352 821 1665 878 Tunmstus.

350 946 482 1006 Cu.
515 948 558 1006 l.
588 979 659 993 —-
696 947 918 1005 Molesta
958 960 1175 1015 semper
1204 954 1287 999 est
1323 953 1375 998 et
1412 942 1697 1012 injucunda
1722 956 1878 1011 pere-

298 1041 719 1115 'rinatio,quam
743 1040 984 1094 afﬁciunt
1015 1038 1124 1113 [AL
1157 1036 1549 1109 elﬁciunt]dnri
1574 1036 1875 1093 labores.et

297 1133 656 1206 acrymabiles
684 1133 1060 1188 necessitatum
1084 1145 1251 1185 curas.
1279 1127 1451 1184 Habet
1474 1138 1651 1182 tamen
1673 1127 1874 1199 aliquid

281 1228 573 1297 adjumenti
590 1226 701 1300 [ΑΙ.
732 1220 1122 1293 instrumenti],
1156 1237 1275 1276 cum
1300 1221 1551 1275 adeundo
1582 1222 1867 1291 ineognita,

280 1318 358 1372 vel
387 1317 634 1387 ignorata
656 1314 1182 1386 discendo,quodam
1222 1311 1461 1383 profectu
1489 1316 1684 1368 mentis
1709 1328 1871 1383 auge-

278 1422 425 1475 mur;
457 1406 774 1479 plerumque
803 1408 964 1489 712
993 1421 1077 1475 ea,
1102 1419 1222 1476 qua:
1251 1406 1391 1472 apud
1432 1420 1530 1460 nos
1565 1406 1761 1474 optima
1791 1404 1871 1460 vi-

276 1499 564 1565 debantur,
594 1516 755 1571 prava
787 1516 907 1556 esse
949 1508 1111 1570 atque
1141 1499 1454 1566 deterrima,
1481 1500 1685 1554 reddita
1716 1499 1869 1556 nobis

273 1594 561 1648 meliorum
602 1595 829 1661 ratione,
860 1603 1166 1650 noscentes.
1199 1594 1353 1660 Quod
1400 1594 1532 1648 mihi
1564 1610 1661 1649 nsn
1699 1596 1865 1661 venit,

273 1684 360 1761 qui
390 1683 641 1741 diversas
673 1686 979 1756 provincias
1018 1684 1291 1751 adeundo,
1322 1685 1374 1739 in
1404 1684 1651 1739 omnibus
1684 1684 1867 1739 Eccle-

272 1775 365 1841 siis
410 1791 534 1845 quas
577 1776 631 1830 in
670 1776 892 1831 unitatis
938 1775 1318 1831 communione
1360 1776 1684 1840 consistunt,
1730 1790 1863 1829 con-

1324 352 1383 409 S.
1425 350 1724 410 TURRlBll
1764 351 2264 415 ASTURICENSIS
2305 356 2661 416 EPISTOLA.

3466 365 3579 429 σενι

1906 472 1961 534 Α
1986 480 2043 528 et
2070 475 2328 531 adversus
2350 478 2628 532 veritatem
2663 480 2809 534 verbi
2831 480 2959 546 Dei,
3003 482 3264 535 malarum
3299 482 3574 540 doctrina-

1984 580 2100 618 rum
2129 566 2429 638 adulterio,
2457 570 2677 625 zizania:
2717 572 2919 627 semina
2962 572 3253 642 jaciuntur.
3285 572 3575 645 Loquarne

1982 673 2147 730 ergo,
2176 677 2245 717 an
2277 673 2515 733 taceam,
2547 667 2731 723 nescio
2752 708 2764 731 ,
2800 669 2922 738 quia
2971 679 3257 737 utrumque
3314 666 3570 724 formido.

1982 749 2088 803 Sed
2122 768 2190 807 ne
2218 752 2353 809 forte
2381 758 2639 812 sanctitas
2665 770 2843 813 vestra
2864 800 2879 826 ,
2906 774 3024 827 quae
3050 760 3185 812 mala
3206 800 3222 828 ,
3251 770 3572 831 quantmque

1981 840 2329 910 blasphemiae
2358 849 2684 920 apocryphis
2724 851 2907 918 libris,
2943 867 3074 921 quos
3100 852 3151 906 hi
3184 853 3355 908 nostri
3380 868 3572 909 verna-

1977 928 2082 980 Cllli
2124 926 2361 986 haeretici
2395 934 2461 986 ad
2492 936 2659 989 vicem
2689 944 2995 989 sanctorum
3044 938 3457 1006 Evangeliorum
3490 940 3566 995 le-

1977 1031 2144 1094 gunt,
2181 1026 2565 1094 continentur,
2615 1030 2857 1098 ignoret,
2891 1030 3105 1085 maximi
3138 1030 3393 1087 facinoris
3418 1049 3568 1088 reum

1976 1131 2063 1170 me
2091 1131 2218 1175 esse
2236 1121 2428 1184 credo,
2452 1122 2494 1175 si
2527 1131 2754 1177 taceam.
2780 1121 2962 1193 Itaque
2992 1124 3108 1179 haac
3135 1142 3240 1178 non
3263 1125 3570 1182 adhortatio

1974 1212 2310 1268 auctoritatis
2338 1213 2568 1281 alicuius
2598 1222 2705 1284 est,
2731 1214 2826 1271 sed
2856 1217 3034 1287 potius
3082 1220 3442 1290 suggestiOnis
3485 1220 3567 1273 in-

1971 1304 2217 1361 structio.

2041 1396 2173 1452 Cn.
2217 1397 2309 1455 IV.
2346 1428 2422 1441 —
2462 1397 2703 1455 Primum
2732 1416 2862 1473 ergo
2905 1410 2985 1459 est
3013 1412 3073 1458 ut
3111 1401 3199 1457 illa
3242 1402 3564 1474 patefaciam

1970 1505 2093 1562 qua:
2116 1493 2166 1546 in
2198 1492 2547 1561 plurimorum
2576 1493 2711 1561 ﬁde,
2737 1495 2822 1550 vel
2854 1496 3022 1565 magis
3053 1496 3296 1565 perﬁdia,
3323 1512 3445 1552 esse
3467 1511 3562 1552 co-

1968 1585 2171 1655 gnovi:
2210 1601 2331 1656 quae
2379 1602 2499 1641 cum
2532 1603 2559 1640 a
2593 1588 2775 1644 multis
2816 1589 3030 1656 publico
3072 1606 3207 1659 pene
3251 1592 3562 1659 magisterio

1969 1675 2287 1743 doceantur,
2311 1679 2356 1734 si
2379 1680 2767 1735 catholicorum
2801 1681 2993 1752 aliquis
3018 1684 3176 1752 paulo
3197 1684 3558 1752 constantius,

1968 1773 2352 1829 destructionis
2380 1789 2561 1842 causa,
2595 1776 2876 1831 assertioni
2915 1780 3168 1842 resistat,
3202 1779 3458 1833 continuo
3479 1777 3559 1833 inc

270 1867 537 1923 demnatis
563 1869 814 1925 omnibus
839 1884 1082 1925 errorum
1106 1870 1288 1937 sectis,
1312 1870 1490 1937 reperi
1515 1885 1677 1923 unum
1701 1877 1861 1937 atque
1889 1864 1937 1926 B
1967 1863 2116 1919 ﬁt'ias
2147 1876 2293 1934 eunt,
2328 1874 2383 1922 et
2413 1867 2690 1937 perﬁdiam
2732 1867 2956 1939 perﬁdia
2998 1870 3272 1925 occulunt.
3300 1870 3455 1937 Quod
3486 1884 3556 1925 ne

270 1962 519 2023 eumdem
552 1963 833 2019 catholicae
864 1964 984 2018 ﬁdei
1016 1979 1234 2019 sensum
1266 1964 1435 2019 teneri
1479 1978 1545 2017 ex
1578 1963 1864 2033 purissimo

269 2056 511 2110 veritatis
544 2056 692 2112 fonte
723 2056 1030 2112 venientem
1063 2058 1187 2127 :qui
1218 2056 1268 2110 in
1301 2057 1443 2135 n’ulla
1473 2056 1697 2111 divortia
1724 2059 1863 2115 mul-

269 2147 432 2203 tilidis
483 2148 674 2204 rivulis
722 2150 923 2204 scissus
973 2164 1285 2217 camporum
1332 2150 1488 2219 plana
1522 2151 1572 2203 in
1616 2164 1863 2206 caenosas

268 2239 553 2310 voragines
588 2242 782 2309 solvat,
815 2256 933 2312 qua:
972 2249 1177 2296 rectum
1223 2240 1346 2297 ﬁdei
1397 2242 1496 2296 iter
1543 2241 1859 2312 impediant.

266 2332 370 2390 Eos
399 2349 556 2403 vero,
584 2350 721 2405 quos
759 2350 1044 2405 pravorum
1074 2334 1385 2405 dogmatum
1415 2336 1561 2391 virus
1592 2335 1859 2404 infecerit,

267 2434 356 2480 aut
382 2436 661 2481 correctos
686 2427 789 2497 pia:
820 2428 1059 2498 parentis
1088 2427 1293 2498 gremio
1326 2427 1603 2482 reformari
1628 2428 1863 2498 compel-

266 2515 346 2585 lit,
392 2527 488 2573 aut
540 2521 889 2589 pertinaciter
938 2530 1307 2590 contumaces,
1364 2520 1526 2575 veluti
1587 2521 1860 2577 abortivos

264 2621 453 2685 partus
492 2628 559 2668 ac
598 2630 705 2668 non
736 2614 1029 2685 legitimam
1060 2614 1300 2670 sobolem
1330 2628 1399 2670 ex
1436 2613 1710 2669 consortio
1738 2629 1861 2669 san-

264 2716 360 2764 ctae
383 2707 716 2763 baereditatis
743 2708 987 2778 expellit.

330 2800 463 2858 Cap.
494 2800 563 2857 ll.
586 2831 658 2842 —
683 2802 1029 2871 Quapropter
1058 2799 1192 2856 mihi
1224 2807 1347 2873 post
1378 2798 1571 2869 longas
1595 2813 1857 2855 annorum

264 2903 431 2949 metas
464 2893 531 2947 ad
561 2893 789 2964 patriam
812 2909 1053 2959 reverso,
1085 2894 1217 2947 satis
1246 2893 1439 2947 durum
1469 2891 1856 2962 videtur,quod

264 3006 332 3048 ex
377 2991 485 3046 illis
522 2989 925 3055 traditionibus,
959 3004 1095 3060 quas
1141 2988 1265 3042 olim
1295 2987 1557 3042 catholica
1589 2985 1861 3040 damnavit

262 3081 531 3149 Ecclesia,
571 3097 813 3154 quasque
853 3081 1169 3151 jamdudum
1226 3079 1455 3136 abolitas
1504 3094 1625 3135 esse
1672 3078 1861 3134 crede-

262 3176 405 3244 bam,
435 3176 573 3230 nihil
606 3180 818 3246 penitus
850 3173 1193 3229 imminutum
1239 3188 1363 3228 esse
1412 3172 1647 3242 reperio.
1689 3172 1858 3228 Immo

1965 1958 2103 2012 ultra
2131 1959 2241 2027 jam
2274 1959 2493 2024 faciant,
2536 1969 2593 2015 et
2615 1960 2943 2032 apocrypbis
2969 1962 3272 2029 scripturis.
3303 1978 3436 2031 quas
3463 1978 3558 2019 ca-

1963 2052 2177 2107 nonicis
2210 2052 2383 2119 libris,
2408 2054 2575 2107 veluti
2604 2064 2846 2109 secretas
2872 2062 2928 2109 et
2960 2068 3208 2120 arcanas,
3241 2054 3556 2124 praeferunt,

1963 2156 2019 2201 et
2068 2162 2201 2215 quas
2249 2146 2483 2202 maxima
2512 2147 2859 2203 veneratione
2902 2148 3237 2215 suscipiunt,
3268 2156 3325 2203 et
3366 2162 3431 2202 ex
3472 2146 3557 2203 bis

1961 2253 2098 2309 quas
2143 2240 2327 2307 legunt
2357 2238 2771 2303 traditionibus,
2809 2238 3075 2307 dictisque
3102 2249 3379 2294 auctorum
3426 2254 3554 2295 suo-

1961 2346 2103 2397 rum,
2134 2346 2195 2387 ea
2230 2347 2348 2403 qua:
2379 2332 2433 2387 in
2475 2332 2606 2402 ipsis
2635 2342 2931 2405 arguuntur
2957 2348 3084 2388 vera
3112 2348 3233 2388 esse
3262 2334 3551 2401 docentes;

1960 2424 2138 2493 aliqua
2168 2434 2344 2481 autem
2368 2441 2435 2480 ex
2462 2426 2543 2481 his
2566 2442 2685 2494 qua:
2716 2425 2770 2482 in
2796 2428 3019 2482 istorum
3044 2428 3290 2483 doctrina
3321 2440 3472 2494 sunt,
3496 2430 3551 2484 in

1962 2516 2070 2571 illis
2102 2531 2241 2587 quos
2280 2518 2458 2588 legere
2488 2520 2635 2587 potui
2668 2520 2991 2592 pocryphis
3028 2521 3304 2575 codicibus
3334 2536 3438 2575 non
3471 2530 3551 2578 te-

1961 2624 2181 2668 nentur.
2207 2613 2386 2681 Quare
2414 2616 2555 2669 unde
2584 2616 2789 2683 prolata
2810 2617 2917 2670 sint
2943 2616 3148 2685 nescio,
3176 2618 3275 2671 nisi
3309 2618 3443 2673 forte
3462 2617 3551 2673 ubi

1959 2710 2221 2778 scriptum
2251 2720 2333 2766 est
2374 2725 2470 2779 per
2506 2711 2876 2767 cavillationes
2907 2712 3061 2778 illas,
3104 2725 3201 2781 per
3230 2728 3365 2782 quas
3404 2712 3551 2783 loqui

1961 2812 2180 2858 sanctos
2223 2803 2503 2872 apostolos
2529 2799 2881 2870 mentiuntur,
2929 2804 3130 2875 aliquid
3163 2804 3389 2859 interius
3415 2804 3553 2859 indi-

1960 2903 2135 2950 catur.
2169 2893 2311 2963 quod
2348 2893 2729 2963 disputandum
2760 2895 2828 2950 sit
2852 2896 3025 2960 potius
3054 2912 3211 2963 quam
3245 2896 3549 2965 legendum,

1960 2997 2055 3043 aut
2082 2987 2307 3042 forsitan
2334 2988 2442 3043 sint
2476 2987 2597 3043 libri
2639 2987 2728 3043 alii
2761 2990 2850 3057 qui
2883 2989 3145 3044 occultius
3184 2990 3552 3061 secretiusque

1960 3092 2263 3146 serventur,
2289 3080 2445 3147 solis,
2480 3091 2538 3135 ut
2570 3080 2670 3150 ipsi
2694 3082 2866 3143 aiunt.
2893 3080 3145 3149 perfectis
3176 3090 3440 3149 patentes.

2033 3175 2163 3232 Car.
2197 3174 2262 3229 ν.
2289 3203 2358 3217 -—-
2386 3174 2518 3228 Illud
2562 3182 2738 3229 autem
2777 3173 3087 3243 specialiter
3116 3173 3169 3227 in
3201 3174 3304 3227 illis
3341 3173 3550 3229 actibus

262 3240 423 3326 etiam
471 3283 574 3338 pro
606 3240 1047 3338 uniuscujusque
1089 3266 1267 3321 studio
1297 3277 1355 3321 et
1389 3240 1667 3319 Voluntate
1693 3281 1853 3334 prava
1884 3240 1930 3304 (ἶ
1958 3269 2049 3339 qui
2084 3268 2145 3324 S.
2170 3267 2384 3322 Thomas
2402 3268 2673 3332 dicuntur,
2704 3240 3049 3335 praevcmteris
3075 3267 3365 3321 notandum
3390 3272 3551 3335 atque

260 3362 534 3431 dogmata.
566 3360 711 3415 velut
749 3360 1072 3431 quibusdam
1108 3358 1351 3430 hydrinis
1386 3358 1649 3428 capitibus
1682 3359 1852 3423 pullu-

262 3456 371 3514 lare
396 3469 675 3522 cognosco
701 3472 713 3507 ε
739 3468 862 3509 cum
884 3453 974 3507 alii
998 3456 1165 3508 veteri
1194 3451 1367 3507 errori
1399 3452 1854 3519 blaSpbcmiarum

260 3563 475 3605 suarum
527 3556 811 3617 augmenta
870 3544 1219 3614 contulerint,
1269 3544 1360 3598 alii
1412 3545 1679 3613 integrum
1734 3558 1854 3598 eum

261 3656 431 3713 usque
460 3640 638 3694 adhuc
666 3639 827 3712 713
850 3648 1157 3702 retentent;
1184 3637 1271 3691 alii
1298 3653 1449 3700 vero,
1482 3652 1619 3707 quos
1647 3651 1711 3691 ex
1746 3652 1860 3705 par-

262 3742 313 3790 te
350 3734 533 3804 aliqua
575 3735 641 3787 ad
691 3741 997 3801 reSpectum
1051 3730 1132 3785 sui
1186 3730 1571 3799 contemplatio
1611 3729 1856 3785 veritatis

262 3826 508 3889 adduxit,
537 3840 601 3880 ex
636 3823 780 3878 illius
808 3823 1056 3877 sensibus
1097 3820 1383 3876 retinendo
1423 3821 1703 3885 nonnulla,
1732 3822 1859 3877 reli-

264 3923 379 3990 quis
431 3918 794 3973 vinculentur.
823 3915 974 3983 Quod
1018 3915 1235 3985 quidem
1277 3928 1369 3983 per
1408 3914 1548 3967 mala
1599 3916 1858 3983 temporis

260 4011 456 4079 nostri,
491 4009 822 4079 synodorum
853 4007 1204 4063 cenventibus
1230 4006 1567 4076 decretisque
1596 4009 1860 4063 cessanti-

260 4101 378 4167 bus,
411 4101 643 4157 liberius
670 4099 876 4165 crevit;
912 4109 966 4153 et
994 4098 1327 4164 impiissime,
1362 4099 1502 4167 quod
1544 4108 1625 4153 est
1651 4101 1856 4156 cunctis

262 4195 525 4260 deterius,
552 4192 619 4246 ad
648 4207 815 4246 unum
838 4191 1012 4248 altare
1045 4189 1273 4247 diversis
1306 4190 1431 4245 ﬁdei
1453 4190 1698 4249 sensibus
1718 4207 1857 4275 ροη-

260 4289 497 4344 venitur.

329 4382 469 4436 ου.
498 4376 588 4433 Ill.
613 4406 683 4419 --
710 4375 838 4432 Haec
866 4390 968 4446 ego
997 4386 1055 4431 ut
1085 4374 1230 4444 loqui
1257 4374 1512 4441 audeam,
1541 4375 1642 4444 pia:
1681 4376 1858 4445 potius

263 4487 394 4545 erga
419 4473 651 4539 patriam
673 4470 951 4524 charitatis
972 4484 1132 4537 quam
1158 4468 1459 4522 temerariae
1485 4469 1857 4537 praesumptio-

260 4570 343 4625 nis
376 4582 504 4623 esse
524 4565 811 4622 conﬁteor.
844 4563 980 4618 Nam
1010 4563 1147 4617 alias
1176 4562 1370 4632 plenus
1394 4562 1635 4618 omnium
1668 4578 1855 4631 pecca-

1958 3360 2351 3416 exsecrandum
2384 3370 2496 3426 est,
2527 3359 2671 3429 quod
2701 3360 2831 3414 dicit
2860 3376 2979 3415 enm
3014 3376 3120 3415 non
3150 3359 3420 3423 baptizare
3454 3374 3552 3428 per

1960 3468 2150 3523 aquam
2172 3494 2185 3517 ,
2215 3455 2355 3508 sicut
2386 3451 2549 3508 habet
2570 3451 2847 3507 Dominica
2886 3449 3051 3523 715
3080 3450 3425 3517 praedicatio,
3454 3449 3549 3505 sed

1958 3562 2055 3617 per
2084 3546 2259 3601 oleum
2288 3547 2499 3601 solum:
2537 3545 2677 3616 quod
2709 3545 2925 3615 quidem
2957 3546 3041 3598 isti
3070 3544 3243 3598 noStri
3270 3558 3375 3598 non
3413 3542 3551 3599 reci-

1958 3640 2111 3712 piunt
2143 3639 2325 3711 [Forte
2351 3641 2454 3711 leg.
2506 3636 2815 3711 incipiunt],
2865 3620 2958 3694 sed
2991 3638 3268 3694 Manichtci
3310 3653 3547 3708 sequun-

1960 3742 2067 3789 tur.
2086 3733 2216 3802 Quaa
2242 3734 2481 3801 haeresis,
2511 3750 2632 3800 quas
2660 3733 2863 3788 eisdem
2890 3734 3039 3787 libris
3063 3733 3250 3797 utitur,
3281 3742 3331 3786 et
3360 3730 3547 3787 eadem

1959 3827 2208 3897 dogmata
2232 3869 2246 3891 ,
2278 3837 2335 3883 et
2366 3828 2447 3881 his
2472 3826 2745 3883 deteriora
2771 3834 3033 3891 sectatur,
3086 3826 3155 3881 ita
3197 3826 3548 3879 exsecrabilis

1959 3921 2225 3975 universis
2254 3935 2351 3989 per
2378 3934 2567 3975 omnes
2596 3927 2791 3987 terras,
2824 3917 2893 3973 ad
2938 3917 3165 3989 primam
3197 3917 3548 3985 professionis

1958 4030 2076 4071 suae
2102 4015 2498 4071 confessionem
2517 4057 2533 4081 ,
2561 4030 2662 4071 nec
2691 4013 2957 4080 discussa,
2988 4014 3277 4067 damnetur
3301 4022 3546 4082 oportet,

1960 4120 2059 4175 per
2087 4107 2240 4173 cujus
2268 4116 2516 4160 auctores
2541 4106 2624 4159 vel
2666 4120 2760 4173 per
2788 4106 3080 4159 maximum
3114 4105 3407 4174 principem
3441 4104 3549 4159 Ma-

1959 4212 2083 4251 nem
2116 4212 2177 4252 ac
2201 4197 2493 4267 discipulos
2516 4197 2655 4266 ejus,
2689 4196 2853 4251 libros
2885 4212 3072 4250 omnes
3095 4196 3436 4269 apocryphos
3464 4197 3549 4253 vel

1890 4326 1893 4329 -
1959 4288 2310 4356 Compositos,
2342 4290 2427 4344 vel
2454 4288 2680 4343 infectos
2706 4302 2846 4354 esse,
2895 4287 3237 4342 manifestum
3270 4298 3391 4344 est:
3426 4302 3549 4357 spe-

1958 4381 2167 4435 cialiter
2187 4389 2364 4435 autem
2403 4383 2563 4435 Actus
2600 4382 2721 4436 illos
2750 4383 2839 4450 qui
2887 4391 3148 4435 vocantur
3188 4381 3248 4437 S.
3284 4382 3548 4449 Andrew;

1959 4473 2043 4528 vel
2075 4475 2196 4528 illos
2230 4475 2320 4545 qui
2350 4474 2693 4544 appellantur
2724 4474 2785 4531 S.
2819 4473 3070 4539 Joannis,
3101 4491 3236 4546 quos
3284 4477 3549 4549 sacrilego

1960 4566 2188 4621 Leucius
2210 4584 2305 4621 ore
2328 4569 2681 4639 conscripsit;
2703 4568 2786 4624 vel
2808 4568 2925 4623 illos
2948 4569 3036 4638 qui
3055 4570 3305 4624 dicuntur
3328 4571 3389 4624 S.
3410 4569 3549 4626 Tito-

261 4672 463 4724 torum,
495 4669 551 4713 et
588 4670 903 4724 magnorum
926 4654 1215 4711 criminum
1249 4668 1374 4709 reus
1394 4697 1408 4723 ,
1442 4669 1549 4724 quo
1573 4669 1708 4708 ausu
1740 4653 1854 4709 hare
1883 4630 1936 4690 D
1962 4676 2079 4725 mw,
2122 4669 2179 4714 et
2205 4658 2288 4713 his
2314 4659 2510 4713 similia
2536 4630 2563 4712 τ’
2598 4674 2665 4714 ex
2696 4661 2888 4729 quibus
2930 4630 3207 4715 blanichrci
3240 4672 3296 4717 et
3330 4661 3549 4717 Priscil-

258 4754 323 4807 ad
368 4767 470 4807 vos
505 4751 803 4806 scriberem
826 4790 840 4813 ,
866 4763 1076 4803 memor
1098 4748 1393 4802 Dominicte
1422 4749 1589 4812 vocis,
1624 4764 1744 4817 quae
1768 4751 1850 4803 di-

259 4846 365 4900 cit:
401 4843 471 4898 In
496 4845 673 4898 alieno
704 4843 851 4896 oculo
873 4843 1123 4910 festucam
1150 4842 1309 4905 vides,
1338 4844 1391 4895 in
1420 4852 1507 4896 tuo
1539 4842 1727 4897 trabem
1750 4860 1851 4897 non

257 4937 474 5007 respicis
500 4933 722 5007 (Matth.
746 4948 840 5002 vn,
870 4933 965 5004 3)?
989 4932 1191 4987 Deinde
1222 4933 1472 4991 conscius
1494 4936 1609 5003 ejus
1634 4948 1852 4990 senten-

256 5029 384 5094 tiae,
430 5044 551 5100 qua
604 5028 785 5083 admr}
803 5028 881 5082 uit
916 5026 1134 5081 dicens:
1179 5026 1448 5082 Peccatori
1489 5029 1623 5083 dixit
1677 5029 1850 5083 Deus:

261 5119 445 5189 Quare
486 5120 743 5189 prwdicr.
759 5120 997 5191 justitias
1026 5136 1199 5183 meas,
1238 5129 1284 5174 et
1323 5123 1541 5175 assumis
1590 5132 1855 5177 testamen-

257 5219 368 5265 tum
412 5226 585 5265 meum
610 5222 663 5279 pl
738 5226 795 5263 os
835 5220 978 5264 tuum
1012 5209 1131 5279 (Ps.
1157 5226 1282 5266 xux
1305 5252 1321 5277 ,
1366 5212 1499 5279 16)?
1529 5212 1635 5268 Sed
1665 5215 1854 5270 iterum

256 5295 393 5359 illtid
416 5306 613 5373 aspicir
662 5304 804 5375 quod
830 5304 965 5359 infra
994 5306 1251 5374 scriptum
1276 5315 1387 5361 est:
1414 5306 1606 5362 Furem
1626 5310 1849 5377 videbas,

254 5405 303 5450 et
339 5396 575 5451 currebat
615 5410 730 5451 sum
758 5412 848 5459 eo,
878 5406 926 5450 et
954 5412 1071 5450 cum
1114 5398 1358 5451 adulteris
1384 5400 1669 5469 portionem
1716 5410 1857 5455 tuam

255 5488 487 5561 ponebas
513 5487 709 5559 (tum,
748 5488 859 5562 l8).
889 5487 1074 5559 Neque
1102 5492 1245 5544 enim
1272 5488 1365 5543 illa
1395 5492 1509 5544 sola
1540 5500 1669 5546 sunt
1695 5490 1855 5561 furta,

258 5599 385 5652 quae
442 5585 739 5642 alienorum
781 5585 1088 5656 direptione
1128 5586 1572 5654 committuntur;
1621 5590 1703 5643 vel
1746 5590 1859 5647 sola

258 5678 352 5734 illa
385 5678 657 5735 adulteria
685 5722 700 5747 ,
731 5695 849 5751 qua:
887 5678 1099 5735 violatis
1145 5682 1403 5736 maritalis
1445 5683 1544 5737 tori
1576 5682 1855 5741 affectibus

258 5781 683 5841 perpetramus:
717 5772 810 5829 sed
843 5782 919 5839 et,
946 5773 1237 5828 subtractis
1267 5790 1383 5843 qua:
1415 5790 1537 5829 vera
1570 5783 1715 5843 sunt,
1749 5775 1862 5832 fur-

258 5875 354 5918 um
385 5862 675 5921 catholica
713 5865 835 5922 ﬁdei
866 5866 1107 5931 perversi
1150 5866 1419 5932 dogmatis
1447 5870 1573 5925 facit
1600 5870 1851 5935 assertio,

1960 4749 2227 4814 lianistte,
2260 4751 2342 4805 vel
2394 4764 2747 4820 quascumque
2790 4750 2893 4804 illis
2940 4760 3024 4805 est
3068 4764 3213 4806 secta
3257 4767 3544 4823 germana,

1962 4859 2177 4898 omnem
2214 4842 2460 4897 hmresim
2486 4857 2637 4898 suam
2660 4844 2983 4899 confirmare
3006 4844 3276 4913 nituntur;
3301 4855 3354 4901 et
3378 4847 3547 4903 maxi-

1960 4950 2048 4989 me
2077 4950 2142 4989 ex
2166 4934 2635 5003 blasphemissimo
2662 4935 2757 4990 illo
2784 4936 2943 5000 libro,
2974 4936 3068 5007 qui
3098 4950 3319 4995 vocatur
3346 4940 3547 4996 Hemo-

1959 5029 2041 5081 ria
2066 5028 2448 5098 Apostolorum,
2470 5028 2522 5081 in
2546 5042 2653 5095 quo
2673 5028 2739 5083 ad
2769 5043 3015 5098 magnam
3042 5031 3407 5099 perversitatis
3433 5049 3547 5088 sua:

1960 5121 2331 5175 auctoritatem
2362 5120 2660 5175 doctrinam
2690 5120 2900 5175 Domini
2933 5124 3299 5191 mentiuntur,
3341 5126 3430 5195 qui
3463 5134 3547 5180 to-

1963 5226 2069 5271 tam
2098 5215 2327 5269 destruit
2352 5213 2524 5283 legem
2548 5216 2747 5270 veteris
2767 5216 3119 5280 Testamenti,
3144 5226 3201 5271 et
3225 5218 3403 5272 omnia
3426 5234 3547 5287 quas

1961 5310 2021 5366 S.
2056 5310 2226 5381 Moysi
2253 5309 2322 5364 de
2357 5309 2587 5363 diversis
2626 5318 2888 5363 creaturae
2930 5310 3256 5378 factorisque
3290 5309 3547 5367 divinitus

1961 5402 2197 5457 revelata
2230 5409 2393 5466 sunt;
2434 5411 2632 5470 praeter
2672 5400 2909 5471 reliquas
2958 5400 3199 5469 ejusdem
3242 5400 3365 5456 libri
3404 5402 3547 5457 blas-

1964 5491 2234 5563 phemias,
2262 5505 2398 5563 quas
2425 5491 2628 5547 referre
2656 5502 2944 5562 pertesum
2974 5502 3077 5546 est.

2034 5587 2166 5642 Car.
2192 5585 2281 5641 Vl.
2303 5613 2378 5627 —
2396 5584 2466 5642 Ut
2492 5594 2671 5641 autem
2693 5584 2963 5641 mirabilia
2983 5584 3093 5653 illa,
3115 5592 3275 5653 atque
3295 5581 3545 5654 virtutes,

1964 5696 2086 5752 quae
2117 5682 2169 5736 in
2197 5680 2523 5753 apocrypbis
2544 5682 2742 5749 scripta
2772 5687 2919 5746 sunt,
2938 5690 3250 5735 sanctorum
3272 5678 3547 5748 apostolo—

1964 5791 2083 5831 rum
2116 5776 2199 5831 vel
2246 5791 2397 5843 esse,
2444 5775 2529 5832 vel
2576 5775 2812 5844 potuisse
2841 5786 2994 5839 esse,
3037 5788 3144 5828 non
3174 5770 3396 5829 dubium
3426 5785 3544 5841 est;

1964 5870 2035 5925 ita
2064 5868 2454 5937 disputationes
2474 5907 2488 5931 ,
2520 5865 2955 5935 assertionesque
2986 5864 3109 5920 illas
3147 5878 3405 5921 sensuum
3432 5880 3545 5921 ma—
