4020 6352
346 392 453 453 695
1478 383 1536 439 S.
1578 379 1825 437 LEONlS
1863 326 2079 435 MAGNl
2126 367 2507 427 EPISTOLE.
3534 356 3641 418 090

352 510 625 581 lignorum
662 505 730 561 ab
767 500 1033 559 haereticis
1071 506 1284 555 constat
1330 498 1586 552 insertas.
1628 495 1713 550 Ex
1745 494 1940 564 quibus
1968 494 2022 553 Α
2044 486 2254 544 venitur
2283 483 2449 555 716
2474 478 2763 581 obnoxium
2786 516 2803 545 ,
2832 477 2995 535 celeri
3036 474 3423 581 sollicitudine,
3455 479 3551 529 aut
3567 472 3642 530 ab

350 567 636 673 scripturis
679 600 892 653 diversa
942 592 1249 649 testimonia
1295 587 1641 659 blaSphemiis
1686 586 1938 642 omnibus
2043 577 2361 651 ignorantia:
2398 574 2701 644 imperitia,
2740 578 2833 626 aut
2872 586 2903 625 a
2944 567 3385 642 praesumptionis
3414 580 3643 637 usurpa-
3700 608 3708 677 ἶ

354 662 513 763 plena
538 693 638 747 sub
661 690 830 745 titulis
856 687 967 742 suis
989 685 1223 755 ascripta
1253 683 1490 754 digessi,
1517 682 1711 753 quibus
1740 682 1936 747 etiam,
2044 676 2191 731 tione
2239 684 2577 728 revocemus.
2612 678 2637 717 ε
2678 667 2928 723 Manente
2970 668 3115 723 enim
3162 664 3456 719 Dominicae
3494 662 3643 719 vocis

356 756 601 855 utpotui,
634 798 729 852 pro
751 795 942 837 sensus
964 778 1069 835 mei
1099 777 1359 848 qualitate
1380 776 1653 846 respondi.
2046 768 2295 840 imperio,
2328 781 2436 837 quo
2470 763 2815 820 beatissimus
2857 762 3135 831 apostolus
3159 759 3351 814 Petrus
3388 756 3528 812 trina
3558 770 3650 812 re-
3695 756 3702 847 ξ

426 847 552 935 ἀι».
724 874 969 944 -—Quod
999 847 1126 929 ideo
1147 886 1375 929 necesse
1406 870 1565 926 habui
1597 868 1756 940 paulo
1784 867 1945 923 latius
2046 863 2307 935 petitione
2354 858 2602 933 mystica:
2660 854 2956 912 sanctioris
3000 852 3294 917 imbuitur,
3340 857 3400 904 ut
3447 847 3651 904 Christi
3695 854 3701 929 ξ

354 973 551 1028 vestris
580 969 802 1025 auribus
845 970 1115 1038 intimare,
1158 976 1215 1022 ut
1246 967 1329 1021 vel
1354 964 1579 1035 posthac
1608 977 1765 1017 nemo
1793 960 1946 1029 quasi
2042 970 2212 1022 oves,
2243 953 2333 1024 qui
2354 951 2630 1007 Christum
2661 948 2876 1020 diligit,
2909 954 3127 1018 pascat;
3154 944 3325 1013 ipsius
3354 940 3531 1007 sedis,
3560 940 3652 995 cui
3694 1024 3701 1049 Ρ

356 1067 563 1119 inscius
593 1077 775 1120 rerum
804 1062 965 1129 dic‘at,
993 1077 1053 1117 se
1082 1059 1402 1130 simpliciter
1442 1054 1751 1125 huiusmodi
1778 1053 1949 1109 libros

357 1157 445 1212 vel
477 1157 711 1222 habere,
746 1156 828 1212 vel
856 1156 1052 1226 legere.
1084 1153 1293 1209 Vestrae
1334 1161 1512 1207 autem
1534 1148 1949 1207 existimationis

363 1258 528 1319 atque
554 1264 801 1305 censura:
828 1248 1021 1303 merito
1052 1246 1212 1302 fuerit
1235 1247 1483 1301 universa
1511 1242 1867 1314 perpendere,
1897 1250 1955 1297 et

366 1356 431 1397 ea
461 1357 582 1411 quae
611 1343 730 1396 sine
757 1339 1105 1411 ambiguitate
1142 1338 1354 1394 veritati
1396 1352 1461 1393 ac
1508 1336 1635 1392 ﬁdei
1681 1335 1952 1391 contraria

364 1435 642 1500 videritis,
690 1448 813 1490 cum
862 1432 981 1487 aliis
1025 1431 1281 1487 fratribus
1321 1429 1551 1495 vestris,
1584 1440 1953 1499 quoscumque

365 1526 522 1583 vobis
567 1528 714 1583 zelus
744 1526 1026 1583 catholiete
1069 1524 1346 1595 religionis
1394 1523 1479 1579 vel
1526 1524 1671 1593 pium
1721 1522 1957 1577 studium

368 1621 698 1685 sociaverit,
732 1619 877 1673 illam
908 1610 1614 1686 exeusationem’spirituali
1650 1615 1845 1685 gaudio
1876 1629 1963 1670 re-

368 1726 577 1782 secare,
604 1720 659 1767 et
688 1711 852 1782 ignita
880 1709 1046 1764 divini
1084 1708 1235 1764 verbi
1261 1708 1459 1763 virtute
1483 1721 1853 1777 compescere.

771 1828 935 1901 715
966 1835 993 1864 ι
1030 1825 1370 1883 EPISTOLA
1410 1824 1530 1880 XVI

374 1943 402 1986 δ
432 1959 501 2001 ΑΒ
528 1959 817 2001 UNIVERSOS
854 1958 1133 2000 EPISCOPOS
1170 1960 1273 1999 PER
1310 1957 1541 1999 SlClLlAI
1580 1954 1960 1998 CONSTITUTOS.

381 2066 405 2096 ο
431 2060 687 2117 quorsrs
717 2060 823 2132 (Ex
852 2061 1111 2132 Dionysio
1140 2060 1395 2131 Exiguo).
1425 2091 1495 2102 —
1524 2061 1563 2115 Ι.
1609 2060 1759 2128 Quod
1790 2060 1965 2128 prohi~

449 2133 627 2205 bentur
660 2135 712 2205 in
730 2130 825 2186 die
858 2130 1267 2205 Epiphanioruni
1305 2135 1555 2205 baptisma
1590 2132 1856 2186 celebrari.
1898 2162 1970 2173 —

450 2204 516 2259 ll.
550 2204 700 2272 Quod
748 2204 921 2258 omnia
951 2206 1092 2258 nobis
1120 2221 1289 2259 rerum
1320 2208 1498 2259 ordine
1529 2221 1617 2276 per
1651 2205 1970 2259 incarnatio-

449 2292 570 2348 neni
602 2277 811 2348 Domini
852 2277 1015 2330 nostri
1046 2276 1230 2330 salutis
1277 2286 1597 2331 sacramenta
1626 2276 1823 2348 digesta
1846 2276 1968 2330 sint.

452 2374 525 2389 -—
551 2347 640 2402 Ill.
664 2346 813 2413 Quod
843 2348 893 2400 in
922 2348 1172 2419 baptismo
1201 2364 1339 2400 mors
1367 2349 1626 2416 proveniat
1657 2346 1971 2419 interfectio-

454 2434 520 2473 ne
554 2419 753 2491 [llisp.,
779 2418 1070 2490 infectione]
1104 2420 1329 2485 peccati,
1352 2429 1398 2473 et
1424 2422 1745 2487 sepulturam
1773 2418 1974 2491 tridua-

455 2490 577 2543 natn
612 2492 837 2544 imitetur
868 2493 1005 2544 trina
1033 2491 1301 2553 demersio,
1332 2500 1379 2543 et
1408 2492 1469 2545 ab
1498 2492 1643 2559 aquis
1668 2491 1882 2544 elevatio
1907 2490 1974 2544 sit

456 2562 586 2615 velut
610 2564 913 2633 resurrectio
932 2563 997 2615 de
1015 2564 1344 2633 sepulcro.—
1363 2561 1454 2616 lV.
1491 2562 1643 2629 Quod
1665 2562 1843 2616 beatus
1871 2561 1975 2615 Pe-

458 2642 566 2686 trus
594 2634 645 2685 in
669 2634 751 2687 die
782 2632 1105 2687 Pentecostes
1132 2634 1355 2687 virorum
1378 2637 1478 2688 tria
1504 2635 1665 2687 millia
1688 2633 1977 2702 baptizaue-

456 2704 651 2774 rit._-
680 2703 742 2757 V.
771 2704 922 2771 Quod
946 2705 1047 2757 duo
1067 2716 1263 2757 tantum
1291 2716 1539 2774 tempora,
1568 2707 1621 2758 id
1651 2716 1723 2759 est
1750 2704 1975 2772 Pascha,

458 2772 860 2849 el_Penterostes
881 2817 896 2837 ,
924 2778 993 2829 ad
1024 2772 1400 2849 baptizan'dum’
1421 2796 1454 2831 a
1490 2776 1737 2831 Romanis
1765 2779 1979 2849 pontiﬁg

460 2845 599 2899 cibus
630 2849 729 2901 sint
754 2848 987 2918 prce/ima.
1012 2845 1197 2902 —'Vl.
1228 2848 1377 2914 Quod
1401 2852 1539 2903 omni
1568 2845 1792 2916 tempore
1820 2849 1869 2901 hi
1892 2848 1982 2917 qui

462 2920 761 2993 necessitate
804 2921 988 2993 morlis
1023 2930 1302 2993 urgentur,
1354 2920 1463 2993 [AL
1516 2920 1729 2993 additur
1773 2921 1827 2973 id
1869 2928 1977 2993 est,

463 2991 817 3062 (egritudinis.
879 2988 1188 3047 obsidionis.
1247 2988 1639 3062 persecutionis,
1688 2988 1982 3062 naufragii]

466 3061 682 3145 debeant
712 3060 982 3145 baptizari:
1004 3093 1077 3145 τ
1106 3062 1218 3145 V_Il.
1249 3060 1324 3145 ἷζε
1356 3060 1804 3145 άεβὶοξίὶιίιετηζ
1830 3060 1984 3145 annis

464 3133 683 3204 singulis
713 3133 936 3204 episcOpi
966 3133 1076 3204 [AL
1120 3134 1183 3187 de
1214 3136 1465 3204 episcopis
1494 3135 1559 3188 ad
1591 3136 1726 3189 diem
1776 3136 1985 3189 tertium

465 3202 805 3277 kalendarum
854 3202 1189 3277 Octobrium]
1222 3202 1442 3261 Romam
1480 3206 1745 3272 sociandi,
1786 3207 1983 3277 synodo

466 3274 912 3330 indissimulanter
934 3274 1228 3332 occurrant.

468 3366 583 3424 Leo
612 3368 921 3439 episcopus,
953 3371 1220 3441 universis
1250 3370 1519 3440 episcopis
1550 3385 1649 3441 per
1676 3370 1917 3428 Siciliam

707 3440 1014 3496 constitutis
1036 3440 1064 3480 ἀ
1089 3443 1143 3498 in
1177 3442 1406 3498 Domino
1429 3440 1676 3499 salutem.

481 3563 505 3592 ο
537 3554 743 3611 Divinis
772 3558 1060 3628 praceptis
1088 3565 1144 3613 et
1165 3559 1477 3629 apostolicis
1506 3560 1725 3616 monitis
1759 3559 1780 3598 ί
1806 3561 1998 3618 incita-

405 3662 529 3703 mur
556 3656 618 3702 ut
646 3662 746 3718 pro
767 3648 1007 3705 omnium
1043 3649 1409 3707 Eeclesiarum
1440 3660 1583 3708 statu
1613 3653 1844 3723 impigro
1861 3654 2001 3726 vigi-

405 3739 580 3797 lemus
622 3738 839 3811 aﬂ‘ectu,
871 3756 937 3797 ac
973 3741 1021 3798 si
1046 3742 1175 3813 quid
1207 3759 1431 3815 usquam
1460 3746 1874 3816 reprehensioni
1919 3748 2002 3805 in-

482 3928 509 3958 ε
538 3920 750 3990 Scripta
770 3921 836 3975 21
874 3920 1097 3976 Octobr.
1127 3935 1218 3977 an.
1247 3922 1374 3978 447.

478 3990 509 4030 ι)
541 3992 691 4045 llane
720 3991 1024 4064 epistolam,
1046 3992 1304 4047 exhibent
1348 4008 1539 4049 omnes
1567 3995 1802 4064 antiquas
1830 3996 1999 4055 colle-

410 4063 623 4119 ctiones
648 4077 817 4137 usque
859 4063 926 4117 ad
960 4063 1029 4137 15
1046 4066 1287 4137 exceptis
1315 4064 1352 4137 2
1372 4074 1427 4121 et
1455 4066 1490 4120 4
1509 4106 1525 4130 ,
1560 4082 1659 4137 nec
1687 4063 1793 4123 non
1818 4079 2001 4137 poste-

410 4136 586 4214 r_iores
610 4134 730 4214 a_21
760 4148 931 4214 usque
951 4136 1018 4189 ad
1039 4134 1132 4204 24,
1157 4145 1292 4214 etex
1314 4136 1573 4214 Dionysio
1594 4136 1705 4194 fere
1735 4134 2000 4214 integram

413 4205 961 4288 Cresconius.nlnter
1017 4208 1319 4288 prmcipuos
1373 4205 1623 4273 codices,
1681 4205 2003 4280 quibuscum

411 4277 562 4349 illam
587 4277 946 4349 contulimus,
976 4278 1311 4333 memorandi
1337 4291 1463 4334 sunt
1503 4277 1840 4349 potissimum
1865 4287 2006 4339 anti-

415 4348 637 4421 quiores
666 4347 788 4402 Vat.
818 4349 1252 4421 llegiuscollect.
1297 4351 1349 4411 1.
1380 4347 1517 4406 alter
1554 4351 1673 4405 Vat.
1705 4355 2003 4421 eollect,-3,

416 4418 723 4494 Vindebon.
753 4419 966 4474 collect.
997 4419 1052 4494 5,
1081 4429 1137 4474 et
1164 4421 1303 4494 alios
1332 4421 1449 4476 Vat.
1484 4422 1644 4486 5845,
1681 4440 1847 4494 purus
1876 4418 2006 4481 Dio;

419 4492 700 4561 nysianus,
725 4500 777 4545 et
806 4493 1155 4560 perantiquus
1175 4491 1447 4549 Veronen.
1475 4494 1544 4549 60
1562 4491 1861 4551 Cresconii.
1891 4497 2009 4552 Ca2-

420 4572 593 4635 teros_
596 4562 822 4635 aliarum
847 4562 1226 4635 collectionum
1262 4566 1313 4617 in
1338 4576 1523 4620 aunnt.
1556 4565 1936 4635 allegabimus.

500 4642 523 4713 ε
553 4632 759 4713 'l‘itulos
803 4648 870 4688 ex
901 4634 1156 4713 Dionysio
1202 4646 1448 4713 sumptus
1473 4636 1539 4691 ad
1572 4632 1818 4713 codicum
1849 4639 2009 4694 fidem

423 4702 748 4780 relegim_t_ts,
788 4718 853 4758 ex
881 4702 1075 4780 quibus
1123 4702 1491 4780 supplevimus
1531 4709 1809 4777 quintum,
1851 4726 2009 4780 quem

426 4774 749 4842 Quesuellus
776 4774 1214 4843 prmtermiserat’.
1244 4777 1301 4831 ln
1331 4780 1509 4832 tabula
1539 4774 1753 4834 collect.
1782 4782 1835 4845 5,
1861 4774 2010 4836 num.

428 4846 527 4921 '78,
566 4845 656 4921 hic
677 4847 865 4921 brevis
900 4848 1082 4921 titulus
1113 4848 1338 4921 legitur:
1372 4850 1452 4903 Ad
1496 4852 1762 4921 episcOpos
1794 4852 2015 4921 Sicilia,

430 4928 487 4970 ut
509 4918 562 4988 in
589 4916 995 4988 Epiphaniorum
1023 4918 1104 4972 die
1130 4919 1381 4988 baptisma
1408 4937 1509 4975 non
1526 4916 1762 4976 tradant.

500 4985 740 5113 dl_V’ot‘:Iesl
761 4990 815 5041 in
840 4987 1060 5041 Domino
1082 4985 1302 5043 salutem
1326 4993 1523 5047 absunt
1544 4994 1597 5047 in
1627 4994 1748 5050 Vat.
1775 4995 2015 5067 Reginae,

509 5075 535 5111 3
565 5075 614 5110 I0
690 5076 717 5111 8
750 5097 762 5111 .

433 5067 614 5113 etalio
646 5067 762 5113 Vat.

506 5130 529 5205 '_
552 5130 645 5205 35,
670 5146 762 5200 qu.
790 5130 840 5196 1,
867 5130 1065 5205 Divinis
1091 5134 1358 5205 prmeeptis
1388 5149 1437 5189 c.
1470 5136 1524 5189 2.

512 5199 529 5239 ε
562 5202 637 5256 Ita
664 5216 785 5256 cum
828 5199 1191 5257 anteriorihus
1220 5199 1376 5260 editis
1398 5221 1589 5261 omnes
1612 5209 1782 5263 nostri
1805 5209 2022 5265 codices

434 5285 638 5398 gitti:
660 5272 777 5327 Vat.
811 5272 961 5344 Hisp.
985 5283 1038 5328 et
1069 5275 1217 5341 lsid.,
1243 5276 1336 5346 qui
1364 5294 1482 5332 cum
1515 5278 1826 5347 Quesnello,
1851 5284 2019 5353 infor-

513 5425 538 5463 ε
567 5416 679 5482 AL,
715 5414 958 5471 Monente
980 5416 1067 5472 vel
1101 5418 1441 5475 Admoneute.
1478 5421 1781 5478 Vindebon.
1808 5423 2020 5480 collect.

442 5488 493 5553 5,
526 5487 765 5542 Monente
789 5487 1092 5555 Dominictz,
1122 5490 1300 5544 deleto
1331 5494 1485 5547 enim.

513 5557 544 5596 ἰ
564 5559 673 5625 AL,
707 5556 1039 5613 cohortamur
1071 5560 1279 5616 duobus
1310 5564 1622 5619 inferiorum
1645 5566 2023 5622 collectionum

443 5645 573 5685 mss.
606 5629 1041 5699 suifragantibus.

524 5701 537 5737 ί
572 5702 698 5779 lllss.
728 5702 946 5779 collect.
973 5702 1039 5757 21
1076 5702 1445 5779 e_tV_e_ronens.
1484 5707 1776 5775 Crescouii,
1811 5714 2031 5779 promis-

444 5774 548 5896 δὶοὴ
576 5772 811 5899 M‘oxazui
841 5790 936 5843 pro
964 5791 1065 5845 qua
1108 5777 1159 5830 in
1186 5774 1304 5829 Vat.
1344 5778 1553 5833 collect.
1589 5780 1623 5833 5
1662 5790 1717 5833 et
1754 5772 1859 5833 alio
1907 5780 2027 5834 Vat.

445 5858 512 5897 co
554 5860 657 5898 ee.
767 5887 778 5899 .

445 5858 657 5898 εοιιορῑ.
690 5858 778 5899 24.

524 5915 537 5965 i
573 5914 713 5970 Editi
736 5925 859 5972 ante
872 5918 1100 5987 Quesn.,
1124 5923 1543 5990 repugnantibus
1565 5922 1812 5979 omnibus
1834 5922 2031 5979 nostris

2050 1064 2148 1120 per
2170 1046 2559 1103 abundantiam
2586 1042 2784 1099 divinae
2812 1040 3000 1112 gratia:
3028 1050 3330 1109 praesumus
3350 1074 3366 1102 ,
3396 1047 3653 1090 reveren-
3694 1040 3700 1111 ζ

2054 1135 2181 1195 tiah
2209 1148 2586 1200 coarctamur,
2632 1143 2692 1189 ut
2734 1133 3037 1205 periculum
3082 1128 3307 1185 desidia:
3332 1168 3347 1193 ,
3390 1134 3653 1196 quantum

2054 1244 2377 1304 possumus,
2413 1228 2790 1285 declinemus:
2825 1241 2895 1281 ne
2941 1223 2958 1261 1
2991 1221 3261 1294 professio
3286 1218 3484 1274 summi
3510 1218 3657 1286 Apo-

2056 1325 2212 1390 stoli,
2246 1337 2351 1393 qua
2406 1337 2467 1377 se
2513 1327 2811 1375 amatorem
2856 1315 3072 1372 Domini
3115 1328 3238 1371 esse
3280 1320 3506 1366 testatus
3534 1316 3656 1376 est,

2064 1418 2079 1468 l
2116 1431 2223 1472 non
2252 1413 2556 1470 inveniatur
2582 1413 2637 1467 in
2656 1410 2841 1477 nobis;
2874 1409 2999 1479 quia
3021 1414 3398 1464 asthcsurxn
3427 1413 3661 1474 pascens

2062 1509 2225 1564 toties
2245 1504 2682 1563 commendatum
2704 1501 2733 1540 ¹ί
2756 1516 2999 1573 gregem,
3030 1498 3367 1556 convincitur
3391 1506 3663 1551 summum

2064 1618 2173 1659 non
2202 1616 2388 1657 amare
2420 1608 2692 1670 pastorem
2725 1597 2908 1666 (Joan.
2940 1611 3055 1662 xxi,
3091 1593 3206 1665 17).

2136 1694 2267 1751 Car.
2300 1693 2341 1749 Ι.
2373 1691 2454 1747 De
2476 1691 2730 1764 baptismo
2754 1705 2859 1743 non
2884 1688 2939 1742 in
2976 1684 3311 1759 Epiphania,
3338 1682 3428 1738 sed
3455 1681 3512 1735 in
3535 1681 3675 1752 festo

2069 1787 2305 1859 paschali
2334 1784 2664 1840 celebrando.
2688 1811 2759 1823 —
2784 1780 2919 1836 Cum
2959 1794 3088 1850 ergo
3129 1777 3261 1833 mihi
3287 1776 3355 1831 de
3383 1773 3669 1832 charitatis

1997 1892 2048 1955 Β
2076 1894 2273 1939 vestra:
2313 1880 2520 1937 actibus
2564 1876 2586 1917 ι
2629 1876 2867 1933 fraterna
2897 1873 3186 1930 all‘ectione
3228 1868 3464 1926 sollicito
3505 1866 3672 1924 certis

2078 1976 2293 2034 indiciis
2322 1972 2635 2039 innotuerit,
2666 1986 2765 2027 vos
2793 1970 2847 2025 in
2884 1983 2952 2024 eo
2989 1966 3131 2038 quod
3163 1965 3303 2020 inter
3330 1969 3674 2019 sacramenta

2074 2069 2337 2126 Ecclesiae
2361 2066 2657 2138 principale
2702 2071 2808 2131 est,
2857 2063 2925 2118 ah
2968 2059 3280 2131 apostolica:
3320 2056 3677 2114 institutionis

2074 2160 2462 2219 consuetudine
2496 2157 2840 2226 discrepare,
2878 2153 2951 2210 ita
2974 2161 3033 2208 ut
3064 2152 3318 2221 baptismi
3349 2163 3671 2205 sacramen-

2078 2266 2189 2312 tum
2219 2254 2561 2310 numerosius
2602 2253 2657 2306 in
2692 2250 2780 2307 die
2812 2249 3132 2320 Epiphaniae
3162 2262 3324 2319 quam
3354 2247 3408 2301 in
3438 2244 3683 2317 paschali

2084 2359 2332 2419 tempore
2357 2357 2399 2385 ιιι
2429 2346 2747 2412 celebretis;
2796 2346 2966 2400 miror
3018 2358 3150 2409 vos,
3198 2343 3281 2398 vel
3316 2352 3685 2412 praecessores

2079 2454 2291 2501 vestros
2334 2452 2442 2497 tam
2485 2439 2910 2496 irrationabilem
2940 2438 3236 2493 novitatem
3281 2448 3545 2504 usurpare
3580 2446 3685 2502 po-

2082 2537 2250 2593 tuisse
2276 2577 2290 2601 ,
2334 2543 2393 2589 ut
2429 2542 2459 2570 ιι
2490 2532 2713 2589 confuso
2760 2530 3020 2601 temporis
3070 2528 3352 2598 utriusque
3412 2524 3679 2599 mysterio

2081 2629 2285 2685 nullam
2313 2642 2432 2683 esse
2463 2626 2821 2681 differentiam
2864 2622 3165 2680 crederetis
3204 2622 3346 2675 inter
3386 2619 3530 2675 diem
3575 2631 3689 2690 quo

2083 2725 2335 2780 adoratus
2361 2730 2445 2778 est
2487 2721 2736 2777 Christus
2771 2736 2801 2775 a
2832 2719 3001 2790 magis
3031 2760 3046 2784 ,
3090 2726 3143 2773 et
3173 2715 3319 2772 diem
3354 2730 3462 2784 quo
3500 2728 3689 2769 resur-

2085 2817 2229 2873 rexit
2255 2815 2500 2871 Christus
2521 2830 2551 2868 a
2583 2813 2833 2869 mortuis.
2882 2812 3053 2878 Quam
3085 2809 3298 2880 culpam
3332 2808 3477 2863 nullo
3526 2806 3694 2863 modo

2088 2908 2410 2981 potuissetis
2439 2907 2697 2970 incidere,
2729 2907 2773 2961 si
2797 2904 2939 2960 unde
2961 2913 2985 2940 ο
3018 2900 3486 2959 consecrationem
3521 2901 3696 2954 hono-

2091 3005 2168 3059 ris
2198 3002 2465 3073 accipitis,
2499 3000 2623 3055 inde
2650 3000 2827 3068 legem
2858 2998 3021 3053 tetius
3059 2992 3421 3051 observantia:
3448 2982 3697 3048 sumere-

2091 3096 2159 3151 tis
2184 3114 2199 3151 :
2231 3106 2284 3151 et
2313 3094 2454 3150 beati
2496 3093 2641 3149 Petri
2672 3092 2898 3163 apostoli
2930 3089 3111 3154 sedes,
3134 3103 3254 3157 quae
3281 3096 3308 3137 ρ
3334 3086 3486 3141 vobis
3512 3100 3697 3141 sacer-

2094 3190 2292 3246 dotalis
2320 3199 2493 3244 mater
2515 3197 2599 3244 est
2621 3187 2920 3257 dignitatis,
2953 3191 3100 3239 esset
3119 3179 3503 3237 ecclesiasticae
3528 3177 3701 3248 magi-

2020 3293 2068 3357 c
2098 3293 2209 3340 stra
2237 3283 2485 3339 rationis.
2514 3284 2555 3336 Α
2579 3280 2733 3351 cujus
2758 3294 2855 3334 vos
2878 3277 3079 3349 regulis
3108 3274 3405 3331 recessisse
3429 3284 3457 3323 ιι
3484 3272 3704 3328 minore

2008 3428 2019 3440 .
2105 3384 2290 3449 posset
2320 3374 2717 3447 aequanimitate
2746 3372 2911 3445 717
2952 3369 3214 3435 tolerari,
3258 3367 3303 3422 si
3340 3366 3516 3437 aliqua
3546 3379 3703 3421 com-

2103 3468 2415 3525 monitionis
2444 3474 2646 3522 nostrai
2670 3464 2970 3533 increpatio
3010 3459 3397 3531 praecessisset.
3427 3456 3581 3513 Nunc
3602 3470 3704 3511 au-

2106 3572 2215 3619 tem
2259 3562 2384 3633 quia
2427 3577 2537 3616 non
2582 3559 2902 3629 desperatur
2955 3554 3255 3621 correctio,
3301 3551 3566 3608 servanda
3616 3559 3706 3607 est

2110 3653 2489 3711 mansuetudo.
2523 3652 2593 3708 Et
2613 3652 2740 3707 licet
2764 3667 2850 3706 vix
2873 3664 3121 3705 rauenna
3147 3648 3218 3701 sit
3246 3646 3300 3699 in
3327 3642 3706 3700 sacerdotibus

2112 3748 2390 3807 excusatio
2431 3764 2552 3820 quin
2607 3746 2910 3819 praetendat
2946 3754 2971 3783 τ
3013 3740 3388 3807 inscientiam,
3433 3740 3705 3795 malumus

2103 3925 2405 3993 codicibus,
2430 3941 2563 3979 vana
2589 3922 2901 3978 inveniatur.

2182 3997 2208 4036 ι
2243 3998 2363 4052 Vat.
2393 3988 2555 4067 'Hisp.
2596 4005 2649 4051 et
2688 3994 2837 4061 lsid.,
2867 3990 3321 4067 ae_Vereellensls
3359 3988 3620 4067 Hadrian:
3645 3994 3707 4067 et

2106 4068 2459 4135 Cresconius,
2504 4060 2627 4124 cum
2670 4082 2803 4123 mss.
2835 4064 3051 4120 collect.
3078 4062 3185 4129 21,
3220 4062 3424 4119 addunt
3464 4060 3710 4116 Domini-

2108 4159 2243 4196 cum.
2308 4170 2317 4179 '

2190 4211 2375 4267 l'Cod.
2400 4211 2523 4265 Vat.
2547 4210 2760 4265 collect.
2785 4211 2842 4275 5,
2873 4215 3110 4280 paterna.

2180 4294 2221 4321 ιη
2245 4283 2472 4339 Codices
2490 4282 2805 4336 Hadrianem
2828 4275 3040 4336 collect.
3066 4292 3187 4332 cum
3217 4275 3471 4339 Justello,
3496 4284 3552 4329 et
3573 4289 3709 4329 mss.

2110 4356 2324 4411 collect.
2360 4357 2417 4408 11
2458 4370 2558 4408 nec
2596 4369 2702 4407 non
2733 4353 3015 4416 Crescon.,
3055 4348 3336 4403 celebretur
3359 4389 3372 4413 ,
3400 4346 3711 4402 Vindeb‘on.

2114 4428 2255 4496 Hisp.
2277 4472 2290 4491 ,
2322 4426 2627 4480 celebratur.

2185 4488 2496 4553 n'Crescon.
2520 4537 2535 4561 ,
2558 4495 2788 4563 confusis
2811 4492 3409 4566 teniporibus_utriusque
3458 4488 3713 4566 ηιείιιενὲἰ.

2114 4570 2281 4624 Paulo
2321 4580 2443 4637 post
2486 4583 2617 4622 mss.
2650 4568 2770 4622 Vat.
2819 4563 2953 4637 Reg.
2998 4576 3052 4620 et
3095 4563 3222 4637 Vat.
3256 4563 3471 4637 collect.
3511 4563 3560 4637 5_
3586 4574 3716 4615 cum

2115 4642 2276 4695 codd.
2310 4632 2527 4695 collect.
2558 4639 2631 4694 24
2667 4648 2724 4692 et
2745 4632 3061 4692 editis'ante
3080 4634 3430 4703 Quesnellum
3456 4632 3716 4687 omittunt

2040 4752 2094 4813 ι)
2118 4711 2353 4767 Christus
2382 4722 2508 4765 ante
2546 4724 2708 4764 voces
2733 4726 2766 4762 a
2793 4710 3030 4763 mortuis.

2196 4793 2220 4813 ο
2255 4784 2327 4813 λιι.
2376 4782 2659 4813 νῖ..ι1οιυιη
2708 4782 2896 4813 ηηιιοηι
2957 4780 2987 4813 ἓξ

2196 4793 2220 4819 ο
2254 4784 2349 4837 Ms.
2376 4782 2682 4837 Vindebon.
2707 4782 2921 4835 collect.
2955 4780 3008 4845 5,
3042 4779 3280 4833 decorem
3318 4776 3547 4831 honoris.
3589 4775 3721 4831 Mox

2122 4856 2410 4928 accepistis,
2443 4853 2599 4928 Vulg.
2630 4864 2755 4928 ante
2781 4852 2982 4919 Quesn.
3002 4865 3145 4928 _c_um
3177 4847 3466 4928 Vati-Reg.
3497 4848 3716 4904 collect.

2126 4928 2177 4990 1,
2213 4920 2440 4993 Vintleb.
2464 4920 2675 4979 collect.
2708 4926 2741 4980 5
2765 4937 2817 4978 et
2840 4938 2976 4993 puro
3002 4921 3259 4992 Dionysio
3282 4920 3403 4974 Vat.

2196 5009 2224 5048 r
2257 4990 2390 5050 Vlde
2413 5006 2528 5051 not.
2560 4998 2583 5050 1
2613 4996 2819 5062 Quesn.
2844 4990 2901 5047 et
2927 4990 3203 5049 observat.
3233 5000 3496 5045 uestram.

2197 5080 2225 5119 ς
2254 5068 2393 5124 Editi
2421 5056 2713 5136 Quesnello
2739 5066 3039 5121 anteriores
3070 5076 3347 5136 cumimss.
3365 5062 3589 5136 collect.

2126 5143 2295 5195 minus
2322 5130 2489 5211 possct
2522 5139 2874 5209 wquanimiter
2922 5135 3151 5211 tolerari.
3186 5135 3318 5211 Dein
3364 5132 3527 5188 iidem
3563 5130 3723 5199 editi,

2130 5216 2175 5266 si
2202 5206 2378 5281 aliqua
2424 5206 2787 5281 commotionis
2828 5218 3015 5281 nostra:
3054 5206 3341 5281 increpatio
3367 5221 3473 5258 non
3499 5219 3727 5281 preces-

2131 5275 2301 5349 sisset,
2331 5299 2449 5351 quae
2472 5282 2632 5337 lectio
2652 5280 2991 5353 praeferenda
3015 5288 3181 5353 esset,
3201 5275 3256 5330 'si
3275 5284 3443 5353 antea
3456 5275 3722 5353 scriptum

2132 5346 2324 5409 fuisset
2343 5346 2539 5426 majore
2560 5346 2842 5426 vel'magis
2877 5351 3249 5417 aequanimiter.
3295 5347 3467 5426 Codd.
3501 5346 3725 5426 collect.

2130 5426 2223 5490 24,
2254 5429 2297 5479 si
2328 5417 2502 5494 aliq'ua
2532 5417 2944 5479 commonitionis
2974 5429 3161 5475 nostra:
3198 5417 3731 5494 pagina__prtecessis-

2134 5488 2225 5552 set.
2252 5498 2373 5551 Vat.
2404 5488 2619 5552 collect.
2647 5499 2681 5551 '5
2708 5503 2765 5550 et
2797 5494 3095 5549 Vindebon.
3142 5488 3355 5548 cellect.
3386 5489 3451 5553 5,
3485 5488 3728 5545 secunda

2136 5584 2318 5633 manu,
2345 5570 2391 5622 si
2433 5567 2610 5640 aliqua
2635 5566 2988 5622 commotionis
3019 5572 3209 5618 nostra:
3236 5562 3558 5633 impatientia
3590 5574 3731 5625 prte-

2137 5643 2385 5695 cessisset.

2209 5722 2229 5749 ι·
2268 5712 2323 5766 1η
2353 5710 2543 5767 iisdem
2585 5711 2730 5781 vulg.
2780 5711 3035 5764 inscitia»:
3084 5723 3205 5763 cum
3236 5720 3342 5781 uno
3376 5713 3563 5781 neStrn
3599 5701 3728 5757 Vat.

2137 5783 2267 5854 Reg.
2285 5785 2499 5838 collect.
2519 5783 2569 5843 1.
2603 5775 2705 5851 qui
2719 5782 2876 5854 paulo
2907 5791 3026 5853 post
3052 5794 3150 5851 pro
3169 5778 3376 5854 ratione
3401 5775 3618 5843 praefert
3640 5789 3735 5825 ra-

2140 5850 2379 5910 tionibus.
2417 5850 2632 5912 Verrell
2680 5850 2731 5910 et
2760 5850 3041 5921 (ΖΙ-θεάσῃ..
3074 5850 3351 5905 maluimus
3387 5857 3577 5901 tamen.
