4020 6352
235 402 332 457 697

1625 392 1960 450 EPISTOLA
1990 394 2132 453 XVI.

3411 405 3522 466 698

230 532 401 575 tamen
444 525 501 574 et
540 529 826 573 censuram
856 512 1217 571 necessariam
1248 520 1551 584 temperare
1572 552 1588 580 ,
1631 520 1685 567 et
1728 526 1814 567 ra-
1843 512 1893 574 Α
1924 530 2042 569 rum
2072 518 2330 589 mySteria
2354 533 2672 580 coruscasse
2700 539 2715 592 ;
2747 524 2841 581 sed
2864 522 3060 584 aliter‘l
3082 526 3319 599 quidque
3348 528 3517 600 signis

226 616 366 671 tione
386 626 488 666 vos
518 610 875 681 apertissimm
901 609 1142 665 veritatis
1174 608 1463 662 instruere.

286 706 414 762 Cu.
450 704 514 761 ll.
564 704 644 758 De
670 702 920 758 servanda
945 712 1230 772 temporum
1254 709 1303 756 et
1343 701 1701 772 mysteriorum
1731 700 1814 755 di-

222 800 601 855 stinctione.—-
626 796 858 866 Semper
887 794 1103 866 quidem
1134 794 1190 850 in
1221 805 1425 851 mterno
1455 794 1689 851 consilio
1713 793 1813 849 Dei

223 895 417 949 mansit
434 891 656 947 humani
671 890 890 963 generis
913 890 1425 946 ineommutabiliter
1449 888 1812 959 prmordinata

222 990 489 1061 reparatio
513 1004 529 1054 ;
559 987 654 1044 sed
682 987 818 1043 ordo
847 1001 1029 1042 rerum
1064 1001 1160 1055 per
1188 986 1373 1042 Jesum
1400 985 1675 1041 Christum
1710 984 1817 1040 Do-

223 1082 425 1136 minum
449 1091 695 1136 nostrum
729 1079 1092 1151 temporaliter
1126 1078 1517 1150 gerendarum,
1544 1076 1599 1132 in
1633 1076 1818 1133 Incar—

222 1176 441 1230 natione
463 1173 633 1230 Verbi
660 1174 890 1244 sumpsit
918 1173 1221 1229 exordium.
1246 1172 1404 1229 Unde
1431 1170 1576 1227 aliud
1602 1180 1815 1243 tempus

223 1279 322 1338 est,
355 1284 466 1339 quo
488 1269 845 1324 annuntiante
871 1268 1064 1338 angelo
1094 1266 1244 1339 (Luc.
1266 1283 1307 1335 ι,
1331 1265 1446 1338 96),
1476 1265 1633 1321 beata
1664 1266 1818 1337 virgo

224 1363 384 1420 Maria
418 1362 814 1418 fecundandam
846 1377 905 1418 se
946 1378 1041 1429 per
1065 1361 1324 1428 Spiritum
1365 1372 1611 1417 sanctum
1641 1360 1820 1417 credi-

224 1455 299 1510 dit
323 1462 380 1511 et
406 1456 709 1525 concepit;
768 1454 953 1523 aliud,
1002 1468 1108 1525 quo
1154 1454 1301 1509 salva
1355 1453 1662 1525 integritate
1710 1453 1819 1509 vir-

222 1548 377 1619 ginea
414 1590 432 1615 ,
490 1564 627 1620 puer
684 1548 865 1605 editus
922 1549 1227 1604 exsultante
1271 1548 1467 1618 gaudio
1514 1547 1817 1604 cmlestium

225 1645 601 1698 ministrorum
653 1642 959 1715 pastoribus
1017 1642 1288 1697 indicatur
1343 1640 1516 1711 (Luc.
1567 1656 1646 1709 ιι,
1698 1640 1816 1711 7);

222 1734 404 1801 aliud,
440 1749 549 1800 quo
577 1734 752 1790 infans
794 1734 1199 1791 circumciditur
1232 1732 1395 1804 (Ibid.
1418 1779 1433 1803 ,
1462 1732 1599 1803 9.1);
1649 1733 1815 1801 aliud,

218 1843 324 1897 quo
361 1828 535 1883 hostia
576 1843 674 1899 pro
710 1843 776 1884 eo
824 1828 1007 1899 legalis
1038 1828 1307 1894 oii‘ertur;
1368 1826 1516 1881 aliud
1554 1842 1677 1881 cum
1711 1837 1820 1882 tres

1918 608 2257 677 denuntiari,
2303 614 2462 671 aliter
2500 617 2663 673 rebus
2703 619 2955 690 impleri;
3009 636 3110 677 nec
3151 637 3511 693 quaecumque

1917 719 2272 765 numerantur
2314 711 2366 767 in
2425 714 2683 783 operibus
2746 714 3039 772 Salvatoris
3110 718 3177 772 ad
3242 726 3513 788 tempus.

1926 816 2089 874 posse
2115 807 2387 875 pertinere
2414 809 2776 879 baptismatis.
2814 810 2948 869 Nam
2990 813 3036 870 si
3071 814 3233 869 etiam
3278 814 3365 869 illa
3392 830 3513 887 qum

1925 909 2049 971 post
2077 899 2221 955 beati
2248 900 2471 957 Joannis
2504 904 2775 960 lavacrum
2807 921 2837 961 a
2865 907 3095 963 Domino
3124 917 3276 978 gesta
3308 923 3514 978 cogno-

1919 994 2095 1050 vimus
2111 995 2209 1050 sub
2226 995 2519 1053 indiscrete
2536 998 2742 1055 honore
2765 1003 3023 1067 colamus,
3051 1003 3232 1057 omnia
3264 1014 3513 1075 tempore

1918 1090 2245 1147 continuatis
2271 1101 2433 1148 erunt
2462 1092 2770 1163 deputanda
2801 1096 2957 1151 festis
2977 1140 2991 1163 ,
3024 1096 3151 1166 quia
3182 1098 3360 1151 omnia
3392 1106 3517 1155 sunt

1920 1185 2078 1255 plena
2109 1185 2402 1241 miraculis.
2452 1185 2653 1242 Verum
2700 1188 2824 1259 quia
2864 1187 3098 1260 Spiritus
3140 1190 3419 1259 sapientia:
3462 1198 3518 1246 et

1921 1278 2231 1336 intellectus
2258 1280 2332 1335 ita
2363 1280 2673 1351 apostolos,
2706 1289 2761 1335 et
2799 1282 2964 1337 totius
2993 1280 3254 1338 Ecclesim
3285 1282 3517 1337 erudivit

1920 1372 2239 1441 magistros,
2273 1380 2331 1426 ut
2360 1372 2415 1427 in
2440 1372 2746 1428 Christiana
2778 1374 3126 1431 observantia
3158 1372 3289 1429 nihil
3314 1374 3517 1430 inordi-

1922 1473 2105 1521 natum
2128 1508 2142 1533 ,
2175 1465 2309 1521 nihil
2339 1476 2618 1537 pateretur
2641 1483 2762 1525 esse
2793 1470 3101 1537 confusum,
3136 1469 3515 1526 discernendm

1921 1568 2047 1615 sunt
2073 1575 2250 1616 causm
2295 1562 2696 1618 solemnitatum
2724 1607 2739 1631 ,
2783 1574 2840 1621 et
2869 1566 2922 1621 in
2963 1567 3215 1622 omnibus
3254 1564 3516 1622 institutis

1923 1652 2140 1708 Patrum
2171 1654 2580 1725 principumque
2621 1665 2928 1714 nostrorum
2979 1659 3316 1715 rationabilis
3346 1656 3368 1697 ί
3402 1674 3517 1715 ser-

1923 1745 2095 1801 vanda
2123 1745 2398 1802 distinctio
2432 1766 2445 1801 :
2478 1749 2601 1818 quia
2634 1764 2741 1806 non
2772 1752 2933 1807 aliter
2961 1769 3099 1809 unus
3130 1768 3260 1824 grex
3291 1761 3347 1808 et
3377 1767 3517 1809 unus

1925 1845 2111 1907 pastor
2139 1851 2347 1905 sumus,
2378 1838 2506 1905 nisi,
2539 1842 2995 1909 quemadmodum
3017 1845 3309 1913 Apostolus
3334 1844 3517 1910 docet,

217 1926 360 1994 magi
390 1924 642 1980 claritate
680 1924 806 1979 novi
851 1922 1047 1979 sideris
1088 1922 1293 1978 incitati
1337 1919 1390 1976 in
1440 1919 1717 1976 Bethleem
1748 1920 1817 1975 ab

1927 1930 2147 2002 idipsum
2167 1932 2401 1987 dicamus
2414 1949 2619 2000 omnes;
2650 1937 2808 1991 simus
2828 1946 3003 1992 autem
3028 1938 3244 2009 perfecti
3270 1939 3322 1991 in
3342 1937 3517 1993 eodem

214 2016 441 2074 Oriente
474 2018 797 2086 perveniunt
826 2015 1046 2089 (Matth.
1080 2030 1140 2083 ιι,
1175 2014 1261 2086 1),
1298 2022 1353 2070 et
1383 2013 1664 2069 adoratum
1692 2028 1814 2084 par-

213 2114 401 2169 vulum
432 2114 661 2187 mystica
690 2128 979 2169 munerum
1008 2111 1281 2168 oblatione
1308 2119 1659 2165 venerantur.
1707 2107 1818 2164 Nec

211 2211 384 2265 iidem
411 2221 539 2265 sunt
569 2210 685 2266 dies
715 2209 910 2282 quibus
940 2209 1104 2278 impio
1132 2206 1364 2271 Herodi,
1398 2204 1645 2261 ordinata
1675 2203 1816 2259 divi-

215 2305 373 2359 nitus
400 2304 455 2358 in
480 2303 771 2375 AZgyptum
794 2302 1145 2358 translatione
1171 2302 1485 2357 subtractus
1512 2309 1594 2355 est
1621 2299 1814 2371 (lbid.,

211 2397 339 2470 15),
370 2398 453 2453 vel
479 2398 673 2468 quibus
701 2397 769 2452 ab
788 2395 1024 2467 .‘Egypto
1055 2396 1108 2449 in
1127 2394 1431 2461 Galilaeam,
1466 2400 1817 2463 persecutore

207 2500 463 2557 mortuo,
494 2498 785 2547 revocatus
825 2498 909 2545 est
958 2487 1145 2560 (Ibid.,
1176 2486 1291 2557 20).
1336 2486 1481 2541 Inter
1508 2486 1605 2540 has
1636 2494 1816 2540 autem

207 2584 682 2655 diSpensationum
706 2583 1017 2651 varietates,
1035 2590 1062 2618 α
1087 2579 1352 2635 accedunt
1377 2586 1667 2647 augmenta
1692 2591 1815 2632 cor-

207 2693 386 2748 porea
413 2697 426 2731 :
474 2679 669 2734 crescit
702 2676 985 2739 Dominus,
1018 2675 1159 2730 sicut
1188 2672 1528 2744 evangelista
1561 2679 1813 2738 testatur,

206 2770 548 2841 profectibus
579 2771 753 2825 mtatis
785 2777 841 2825 et
877 2769 1065 2839 gratim
1108 2767 1260 2840 (Luc.
1292 2782 1363 2833 ιι,
1405 2763 1496 2836 52)
1517 2808 1532 2832 ,
1564 2780 1662 2836 per
1700 2765 1815 2821 dies

210 2861 451 2918 Paschm
479 2863 531 2919 in
563 2862 823 2932 templum
852 2860 1155 2917 Jerusalem
1181 2874 1303 2914 cum
1328 2857 1639 2928 parentibus
1670 2858 1818 2913 venit

207 2954 419 3027 (Ibid,
452 2952 542 3024 41)
564 2997 578 3020 ,
606 2963 664 3010 et
689 2969 810 3009 cum
843 2940 1059 3007 abesset
1086 2966 1113 3005 a
1142 2952 1403 3006 societate
1447 2948 1813 3016 redeuntium,

204 3049 421 3105 sedens
438 3063 557 3103 cum
576 3047 907 3114 senioribus,
933 3054 987 3102 et
1010 3046 1152 3100 inter
1174 3044 1507 3099 admirantes
1529 3044 1816 3114 magistros

202 3142 499 3209 disputans
531 3141 803 3195 invenitur
821 3180 836 3205 ,
866 3139 1240 3207 rationemque
1260 3135 1288 3175 δ
1314 3135 1674 3191 remansionis
1702 3150 1816 3191 sum

203 3234 624 3300 reddens.Quid
636 3243 732 3301 est,
750 3231 1085 3303 inquit,quod
1097 3247 1174 3284 me
1186 3230 1486 3299 qumrebatis
1500 3231 1524 3283 ?
1540 3227 1819 3283 Nescieba-

206 3327 295 3395 tis,
315 3327 464 3393 quod
478 3328 527 3380 in
541 3328 618 3380 his
632 3341 745 3396 qum
758 3300 931 3380 Patris
945 3300 1045 3379 mei
1062 3331 1179 3378 sunt
1194 3332 1394 3392 oportet
1409 3339 1487 3378 me
1501 3338 1608 3377 esse
1622 3321 1786 3394 (Ibid.
1798 3364 1813 3389 ,
1840 3300 1887 3363 (δ

205 3419 305 3489 49)
339 3419 366 3473 1
411 3420 723 3490 signiﬁcans
761 3420 879 3489 ejus
918 3434 976 3474 se
1018 3433 1137 3473 esse
1185 3417 1352 3471 tilium
1394 3417 1547 3486 cujus
1589 3427 1735 3472 esset
1764 3418 1849 3471 et'

208 3514 510 3585 templum.
541 3513 659 3570 Jam
692 3529 822 3570 vero
852 3528 976 3569 cum
1002 3514 1055 3568 in
1080 3511 1235 3567 annis
1258 3512 1554 3581 majoribus
1577 3510 1817 3582 apertius

206 3608 580 3665 declarandus
609 3610 775 3682 718
802 3608 1127 3679 baptismum
1160 3607 1512 3677 prmcursoris
1542 3607 1621 3663 sui
1656 3606 1819 3663 Joan-

209 3702 301 3756 nis
338 3702 595 3770 expetiit,
630 3701 760 3770 quid
790 3700 1017 3756 Deitatis
1049 3700 1167 3770 ejus
1194 3700 1454 3758 remansit
1484 3699 1814 3770 ambiguum,

208 3792 442 3862 quando
487 3792 757 3861 baptizato
801 3793 1031 3848 Domino
1059 3792 1186 3847 Jesu
1231 3791 1470 3862 Spiritus
1501 3802 1718 3848 sanctus
1764 3793 1819 3849 in

204 3888 487 3942 columbae
514 3887 697 3956 specie
723 3900 888 3955 super
905 3901 1028 3941 eum
1059 3886 1359 3951 descendit,
1394 3894 1450 3940 et
1472 3886 1694 3951 mansit,
1724 3899 1821 3940 au-

203 3980 326 4036 dita
360 3980 428 4035 de
454 3981 607 4046 cmlis
626 3980 797 4035 Patris
820 3994 975 4044 voce,
994 3978 1224 4035 dicentis
1249 3996 1261 4031 :
1295 3978 1374 4032 Tu
1403 3995 1456 4032 es
1480 3976 1655 4033 Filius
1681 3995 1821 4033 meus

205 4074 475 4139 dilectus,
509 4083 531 4111 ε
562 4074 616 4127 in
639 4080 687 4126 te
716 4073 838 4127 bene
865 4071 1153 4142 complacui
1189 4069 1405 4143 (Matth.
1432 4085 1524 4135 ιιι,
1551 4071 1615 4124 17
1644 4086 1660 4136 ;
1689 4070 1820 4125 Luc.

206 4182 307 4237 ιιι,
342 4166 460 4232 22;
493 4181 582 4234 ix,
614 4166 730 4237 55).
779 4166 912 4232 Qum
941 4166 1121 4221 omnia
1162 4165 1284 4221 ideo
1314 4174 1515 4236 quanta
1546 4165 1820 4236 potuimus

202 4261 492 4319 brevitate
516 4260 954 4331 perstrinximus,
978 4270 1233 4316 utnotum
1248 4260 1608 4316 sitdilectioni
1626 4268 1821 4314 vestrm

202 4356 513 4411 universos
549 4354 755 4409 Christi
785 4354 903 4409 dies
936 4354 1233 4409 innumeris
1262 4360 1613 4407 consecratos
1654 4350 1821 4408 fuisse

205 4448 539 4515 virtutibus,
570 4456 627 4503 et
653 4447 707 4502 in
732 4448 941 4504 cunctis
970 4448 1089 4519 ejus
1117 4446 1421 4503 actionibus
1448 4456 1820 4503 sacramento-

280 4598 313 4627 ι
348 4589 468 4644 Duo
496 4588 639 4644 Vatt.
666 4589 882 4645 collect.
906 4588 1002 4653 2|,
1032 4588 1331 4642 succedunt.

282 4660 316 4700 δ
351 4662 452 4716 Ms.
487 4661 718 4716 Vindeb.
766 4663 941 4729 Hisp.,
988 4660 1289 4713 mansionis.
1322 4658 1453 4729 Post
1494 4670 1664 4725 pauca
1688 4655 1812 4710 Vat.

204 4734 358 4803 Reg.
387 4733 601 4787 collect.
638 4734 663 4787 1
695 4743 750 4788 et
788 4727 1019 4787 Vindeb.
1051 4731 1269 4786 collect.
1299 4731 1364 4799 5,
1400 4727 1663 4795 Nescitis,
1715 4742 1816 4797 pro

206 4804 563 4859 Nesciebatis.

287 4889 311 4915 ε
351 4875 488 4930 Cod.
530 4873 830 4929 Vindebon.
870 4874 1040 4942 prima
1073 4887 1264 4937 manu,
1295 4880 1347 4926 et
1372 4884 1513 4925 unus
1540 4871 1814 4927 recentior

204 4948 344 5001 Vat.
370 4988 386 5011 ,
426 4948 482 5001 in
510 4963 611 5016 quo
647 4946 774 4999 mihi
815 4946 937 5000 bene
962 4942 1273 5017 complacui.
1320 4942 1471 4998 Alius
1502 4942 1625 4997 Vat.
1674 4942 1815 4998 idem

206 5020 409 5081 habet,
439 5019 534 5073 sed
567 5018 711 5073 delet
734 5018 874 5070 bene.

283 5090 316 5126 ά
358 5089 662 5143 VindebOn.
690 5088 907 5143 collect.
940 5087 973 5140 5
994 5096 1047 5142 et
1077 5086 1197 5139 Vat.
1229 5085 1345 5155 puri
1370 5084 1613 5155 Dionysii
1634 5098 1698 5140 ac
1712 5084 1820 5140 Ve-

204 5179 341 5216 ron.
392 5160 581 5215 Cresc.
622 5176 745 5213 cum
777 5160 939 5215 editis
965 5166 1090 5213 ante
1117 5159 1353 5225 Quesn.,
1389 5172 1590 5228 quoque
1619 5174 1639 5211 :
1670 5156 1814 5223 apud

202 5232 513 5289 Juxtellum
562 5232 690 5302 quid
730 5231 891 5301 quod.
922 5230 1052 5286 Mss.
1084 5230 1297 5285 collect.
1340 5226 1411 5282 24
1455 5226 1595 5283 hanc
1623 5242 1816 5284 vocem

203 5307 503 5359 omittunt.

288 5386 313 5413 ο
353 5374 592 5431 Verbum
622 5389 770 5445 posse
795 5373 950 5445 abest
973 5388 1003 5427 a
1022 5372 1143 5445 Vat.
1166 5369 1297 5440 Reg.
1319 5369 1533 5445 c_ollect.
1561 5371 1615 5437 t,
1639 5369 1817 5445 aVat.

203 5447 433 5501 collect.
473 5445 544 5499 24
580 5441 635 5501 et
664 5445 733 5501 ab
763 5444 926 5501 editis
956 5456 1081 5498 ante
1111 5443 1311 5510 Quesn.
1347 5442 1401 5496 in
1438 5455 1571 5495 mss.
1599 5441 1816 5497 collect.

201 5518 376 5585 Hisp.
410 5527 468 5573 et
492 5517 618 5572 Isid.
652 5528 706 5572 et
737 5517 793 5571 in
831 5515 954 5571 cod.
988 5514 1191 5570 Veron.
1220 5515 1428 5579 Cresc.,
1461 5521 1645 5585 potest.
1690 5512 1818 5585 Post

204 5584 393 5659 pauca
432 5590 716 5643 recolamus
755 5588 810 5643 in
852 5586 976 5642 Vat.
1011 5586 1143 5657 Reg.
1186 5594 1240 5659 et
1286 5584 1519 5659 secunda
1554 5598 1723 5659 manu
1763 5584 1817 5639 in

204 5655 456 5715 Vindeb.
488 5662 700 5716 collect.
735 5660 789 5715 5.
838 5661 1005 5715 Forte
1041 5655 1226 5713 cmteri
1271 5658 1486 5712 codices
1537 5655 1817 5710 dimanant

201 5735 283 5788 ab
333 5733 731 5800 antiquioribus
778 5731 1218 5801 exemplaribus,
1258 5726 1556 5801 inquibus
1602 5726 1817 5781 omissm

201 5807 440 5861 fuerunt
470 5798 665 5858 littera:
694 5820 768 5869 re,
793 5804 864 5857 ob
885 5798 1207 5859 concursum
1227 5798 1485 5855 similium
1510 5799 1813 5853 litterarum

202 5877 266 5935 in
304 5876 413 5931 ﬁne
442 5876 594 5931 vocis
616 5874 989 5931 antecedentis
1018 5874 1234 5927 honore.

293 5946 315 5989 ί
357 5947 473 6003 Vat.
506 5947 630 6017 puri
656 5944 919 6018 Dionysii,
947 5946 1083 6003 alius
1103 5942 1289 6002 Cresc.
1325 5942 1461 6001 ιδυι
1492 5950 1651 6015 atque
1675 5955 1807 6000 mss.

1920 2041 2075 2079 sensu
2096 2034 2141 2079 et
2166 2026 2217 2079 in
2240 2024 2418 2081 eadem
2450 2034 2476 2073 ε
2508 2029 2757 2082 sententia
2788 2029 2831 2102 (ἰ
2854 2028 2972 2083 Cor.
3004 2045 3043 2096 ι,
3077 2030 3191 2099 10).

1990 2119 2120 2175 CAP.
2153 2118 2243 2175 lll.
2295 2117 2398 2174 Cur
2442 2120 2497 2174 in
2550 2122 2663 2176 sola
2710 2121 2931 2177 Pascha
2975 2132 3021 2177 et
3062 2121 3392 2179 Pentecostes
3432 2142 3519 2179 τοι

1919 2213 2184 2268 lemnitate
2254 2212 2558 2283 baptizatur.
2627 2244 2698 2255 —-
2783 2214 3039 2283 Quamvis
3107 2230 3239 2287 ergo
3301 2223 3357 2271 et
3425 2215 3518 2275 illa

1919 2324 2041 2380 qum
2069 2308 2137 2364 ad
2176 2307 2541 2364 humilitatem
2590 2318 2645 2363 et
2700 2308 2793 2365 illa
2839 2326 2961 2381 quae
2999 2309 3065 2365 ad
3116 2309 3343 2381 gloriam
3392 2325 3521 2380 per-

1918 2404 2091 2460 tinent
2148 2402 2395 2471 Christi,
2447 2404 2501 2458 in
2558 2418 2718 2458 unam
2777 2412 3110 2459 concurrant
3161 2403 3520 2473 eamdemque

1917 2510 2203 2568 personam
2230 2538 2245 2561 ,
2292 2504 2570 2566 totumque
2613 2493 2643 2533 ιι
2674 2496 2931 2566 quidquid
2962 2496 3015 2551 in
3064 2496 3155 2551 illo
3196 2504 3252 2553 et
3302 2496 3519 2552 virtutis

1919 2588 2117 2643 divinm
2148 2596 2229 2643 est
2258 2596 2312 2642 et
2340 2586 2671 2641 infirmitatis
2713 2587 2965 2643 humanm
3003 2586 3071 2643 ad
3115 2595 3315 2643 nostrm
3362 2602 3521 2659 repa-

1917 2680 2145 2737 rationis
2184 2678 2371 2735 tendat
2411 2677 2697 2743 ell‘ectum,
2738 2678 2754 2716 ί
2793 2679 3011 2749 proprie
3046 2686 3226 2734 tamen
3259 2677 3313 2733 in
3346 2684 3521 2735 morte

1920 2771 2203 2839 cruciﬁxi,
2235 2781 2291 2827 et
2328 2772 2381 2826 in
2412 2771 2813 2827 resurrectione
2839 2770 2853 2822 i
2895 2772 3122 2839 mortui,
3156 2771 3396 2839 potentia
3426 2770 3522 2826 ba-

1919 2865 2189 2937 ptismatis
2220 2880 2411 2920 novam
2441 2875 2743 2921 creaturam
2775 2864 2959 2919 condit
3000 2880 3069 2921 ex
3108 2865 3282 2920 veteri
3318 2883 3329 2917 :
3374 2872 3433 2920 ut
3460 2864 3516 2920 in

1919 2958 2328 3015 renascentibus
2341 2966 2394 3013 et
2410 2974 2555 3013 mors
2568 2957 2772 3013 Christi
2790 2966 3071 3027 operetur,
3089 2957 3285 3026 etvita,
3306 2956 3519 3013 dicente

1920 3050 2079 3107 beato
2110 3049 2371 3119 Apostolo
2404 3067 2418 3104 :
2465 3051 2632 3121 719
2666 3050 2745 3103 An
2775 3050 3027 3120 ignoratis
3058 3050 3184 3121 quia
3213 3051 3520 3120 quicumque

1922 3141 2168 3213 baptizati
2191 3156 2370 3194 sumus
2392 3141 2448 3193 in
2481 3138 2685 3194 Christo
2715 3137 2862 3207 Jesu,
2890 3140 2945 3193 in
2968 3147 3130 3194 morte
3150 3141 3314 3209 ipsius
3346 3140 3519 3209 bapti-

1919 3234 2025 3287 zati
2045 3232 2267 3287 sumus?
2296 3230 2597 3304 Consepulti
2618 3229 2643 3268 ιι
2677 3231 2817 3285 enim
2846 3248 3026 3286 sumus
3057 3247 3177 3286 cum
3198 3231 3290 3286 illo
3319 3248 3411 3303 per
3431 3231 3520 3286 ba-

1920 3330 2166 3401 ptismum
2200 3328 2257 3381 in
2288 3337 2506 3381 mortem
2538 3343 2557 3381 :
2602 3334 2659 3380 ut
2688 3326 2946 3397 quomodo
2974 3327 3198 3382 surrexit
3227 3323 3461 3381 Christus
3487 3344 3521 3382 a

1922 3420 2141 3475 mortuis
2171 3437 2261 3493 per
2282 3422 2501 3493 gloriam
2534 3419 2714 3474 Patris
2734 3461 2750 3486 ,
2778 3420 2851 3473 ita
2874 3428 2923 3475 et
2952 3436 3046 3475 nos
3072 3420 3127 3474 in
3154 3420 3375 3475 novitate
3400 3423 3521 3476 uiue

1921 3516 2261 3570 ambulemus.
2294 3514 2355 3571 Si
2379 3516 2512 3570 enim
2543 3514 2883 3585 complantati
2912 3515 3038 3585 facti
3067 3531 3244 3569 sumus
3276 3516 3519 3571 similitu-

1922 3608 2037 3663 dini
2066 3610 2245 3662 morlis
2274 3608 2406 3678 ejus,
2437 3608 2595 3662 simul
2622 3615 2669 3661 et
2702 3607 3088 3662 resurrectionis
3118 3608 3310 3662 erimus
3339 3606 3517 3680 (Rom.

1921 3718 1997 3774 vr,
2033 3705 2087 3771 5,
2121 3703 2219 3773 5);
2255 3711 2309 3757 et
2339 3711 2530 3758 caetera
2563 3716 2685 3773 qum
2713 3701 2875 3756 latius
2902 3700 3160 3772 magister
3184 3701 3421 3772 gentium
3453 3700 3520 3756 ad

1925 3795 2416 3853 commendandum
2432 3803 2831 3850 sacramentum
2847 3793 3184 3865 baptismatis
3195 3792 3491 3863 disputavit
3505 3811 3519 3848 :

1926 3898 1986 3945 ut
2017 3899 2305 3959 appareret
2330 3904 2396 3943 ex
2423 3888 2584 3957 hujus
2606 3887 2866 3943 doctrinm
2888 3887 3105 3956 spiritu,
3135 3886 3522 3958 regenerandis

1926 3983 2056 4037 ﬁliis
2088 3982 2391 4049 hominum,
2420 3989 2478 4037 et
2497 3981 2552 4037 in
2569 3981 2664 4038 Dei
2688 3981 2825 4037 filios
2844 3980 3182 4052 adoptandis,
3214 3981 3362 4036 illum
3380 3981 3522 4037 diem

1930 4072 1950 4113 ι
1986 4089 2109 4131 esse
2140 4083 2195 4130 et
2225 4073 2360 4129 illud
2393 4083 2603 4145 tempus
2633 4073 2888 4138 electum,
2919 4072 2975 4127 in
3005 4087 3114 4142 quo
3144 4086 3242 4143 per
3267 4072 3522 4127 similitu-

1928 4165 2111 4221 dinem
2141 4165 2479 4234 formamque
2507 4164 2752 4235 mysterii
2769 4179 2830 4220 ea
2854 4180 2973 4233 qum
2993 4172 3251 4235 geruntur
3277 4163 3329 4218 in
3353 4177 3522 4219 mem-

1926 4258 2060 4325 bris,
2086 4258 2170 4314 his
2196 4274 2316 4328 qum
2343 4258 2395 4311 in
2420 4258 2539 4326 ipso
2561 4265 2689 4311 sunt
2714 4257 2893 4326 capite
2915 4267 3088 4327 gesm,
3120 4261 3479 4326 congruerent
3506 4272 3521 4310 :

1926 4356 2054 4411 dum
2088 4355 2141 4410 in
2172 4352 2515 4422 baptismatis
2541 4350 2756 4421 regula,
2788 4359 2843 4406 et
2870 4364 3019 4405 mors
3044 4348 3523 4406 intervenitinler-

1926 4447 2164 4503 fectione
2194 4444 2433 4517 peccati,
2480 4452 2535 4500 et
2580 4443 2913 4514 sepulturam
2946 4442 3249 4499 triduanam
3281 4442 3523 4499 imitatur

1838 4585 1894 4645 D
1920 4584 2135 4639 collect.
2169 4581 2240 4637 24
2269 4596 2388 4637 cum
2421 4579 2581 4635 editis
2605 4586 2731 4633 ante
2767 4578 2972 4645 Quesn.
2991 4619 3006 4644 ,
3057 4574 3307 4631 servanda
3330 4584 3405 4631 est
3433 4574 3520 4629 di-

1923 4658 2127 4710 scretio.
2160 4654 2389 4722 Quidam
2426 4650 2609 4715 codd.,
2642 4649 2918 4722 districtio.

1997 4738 2023 4774 8
2056 4726 2134 4780 Ita
2173 4716 2357 4779 textus
2392 4722 2623 4793 apostoli
2650 4730 2716 4793 et
2765 4721 3023 4793 plerique,
3053 4718 3227 4793 nostri
3276 4716 3517 4793 codices.

1924 4798 2217 4866 Exemplar
2250 4797 2367 4849 Vat.
2399 4789 2610 4849 c'ollect.
2640 4790 2710 4845 24
2738 4789 2809 4866 ac
2830 4789 2932 4866 tria
2957 4792 3060 4866 alia
3082 4804 3111 4844 a
3140 4789 3435 4866 Quesnello
3467 4790 3518 4845 in

1924 4863 2363 4937 marg.’laudata,
2394 4866 2629 4920 scientia.
2661 4864 2813 4937 A_pud
2841 4863 3124 4937 Justellum
3151 4871 3207 4937 et
3240 4863 3424 4937 Cresc.
3454 4875 3519 4937 ac

1924 4941 1977 4995 in
1994 4932 2103 4996 alio
2120 4940 2358 5001 Thuan.,
2376 4937 2653 5005 sapientia.
2684 4932 2740 4988 ιη
2769 4936 2892 4990 cod.
2920 4934 3117 4989 Veron.
3138 4934 3320 4990 Cresc.
3344 4932 3514 5003 priori

1924 5012 2240 5067 charactere
2269 5009 2544 5072 sapientia,
2579 5008 2867 5077 posteriori
2897 5006 3133 5061 scientia.

1994 5081 2024 5120 h
2052 5083 2163 5147 AL,
2197 5080 2333 5150 quod
2362 5080 2417 5133 in
2448 5080 2562 5133 illo.

2003 5154 2018 5191 ί
2055 5154 2128 5207 De
2150 5146 2406 5208 Cdnsecr.
2437 5150 2569 5204 dist.
2599 5150 2655 5217 ι,
2693 5149 2918 5219 Proprie
2944 5149 2998 5201 in
3024 5155 3206 5219 morte,
3238 5160 3287 5200 c.
3315 5146 3405 5219 Ιξ).

1999 5224 2013 5275 i
2056 5225 2196 5279 Editi
2227 5234 2352 5277 ante
2380 5222 2581 5287 Quesn.
2626 5214 2748 5277 cum
2782 5214 2911 5275 mss.
2944 5219 3065 5272 Vat.
3102 5217 3253 5287 Hisp.
3284 5226 3338 5272 et
3362 5214 3515 5282 lsid.,

1925 5313 1988 5351 ex
2021 5296 2258 5351 mortuis.
2315 5286 2482 5347 Paulo
2521 5303 2640 5362 post
2680 5292 2839 5347 iidem
2889 5286 3334 5362 editi_cum__Vat.
3380 5287 3515 5362 Reg.

1923 5369 2136 5423 collect.
2164 5367 2189 5421 1
2221 5376 2271 5420 et
2291 5357 2589 5419 Vindebon.
2621 5364 2836 5419 collect.
2869 5362 2903 5416 5
2932 5376 2995 5417 ac
3025 5357 3251 5414 Justelio
3281 5357 3519 5426 praemit-

1925 5448 2042 5509 tunt
2068 5452 2283 5509 nomen,
2300 5436 2608 5509 Paulopvoci
2633 5434 2905 5509 Apostolo.
3463 5497 3478 5509 υ

1996 5508 2018 5547 ιι
2054 5508 2376 5564 Particulam
2407 5507 2541 5560 enim
2571 5523 2599 5561 a
2629 5508 2833 5576 Quesn.
2865 5508 3195 5576 expunctum
3224 5507 3511 5576 revocavi-

1924 5598 2041 5636 mns
2064 5597 2127 5637 ex
2148 5579 2578 5663 ‘tDSqulle‘c'lJi
2605 5568 2783 5663 Diom,
2816 5568 3279 5663 liadriannlﬂisp.
3303 5579 3357 5626 et
3384 5568 3509 5625 Isid.

1923 5652 2254 5764 atquealiis.
2288 5651 2419 5733 Dein
2446 5650 2671 5704 Vindeb.
2699 5650 2874 5735 Hisp‘.,
2906 5650 2959 5699 iu
2983 5652 3167 5697 morte.

2056 5723 2282 5779 deeb.
2310 5723 2459 5792 Hisp.
2492 5731 2547 5776 et
2579 5722 2776 5792 Veron.
2798 5720 2979 5792 Cresc.
3012 5728 3135 5792 cum
3162 5712 3390 5792 Justelio
3407 5710 3509 5769 de-

1922 5798 2037 5852 lent
2062 5812 2190 5851 esse.
2230 5784 2421 5850 Deerai
2444 5794 2604 5848 etiam
2638 5794 2691 5847 in
2717 5788 2944 5845 Vindeb.
2969 5786 3183 5842 collect.
3209 5784 3263 5850 5,
3294 5784 3391 5844 sed
3412 5800 3510 5843 an-

1922 5870 2071 5941 tiqua
2104 5882 2265 5926 manu
2292 5867 2618 5936 suppletum.
