4020 6352
565 358 674 415 699

1669 348 1727 404 S.
1765 344 2011 402 LEONIS
2051 340 2265 397 MAGNI
2307 340 2687 399 EPISTOLE.

3717 338 3813 401 700

566 473 708 535 trioa
736 469 1027 533 demersto,
1055 473 1111 521 et
1137 464 1205 521 ab
1227 462 1381 534 aquis
1401 460 1630 519 elcvatio
1648 503 1663 528 ,
1694 462 2024 532 resurgentis
2051 461 2133 516 in-
2162 463 2218 522 Α
2241 468 2382 525 ctus,
2411 458 2631 526 spiritus
2656 459 2919 525 veritatis,
2953 472 3257 529 nomenque
3278 455 3539 515 Paracleti
3562 465 3587 497 ο
3609 455 3814 529 utrique

565 572 679 627 star
704 571 785 618 est
812 563 879 615 de
900 558 1167 627 sepulcro.
1196 553 1313 624 Ipsa
1345 556 1505 627 igitur
1525 554 1705 625 operis
1730 555 1959 625 qualitas
1980 554 2137 610 docet

564 653 899 714 celebranda:
939 650 1267 722 generaliter
1307 649 1490 718 gratiae
1528 664 1652 705 eum
1680 664 1802 705 esse
1842 648 2133 719 legitimum

563 743 706 799 diem
746 741 798 795 in
848 750 955 808 quo
996 743 1113 790 orta
1156 743 1243 790 est
1284 742 1337 789 et
1376 736 1544 789 virtus
1583 736 1817 789 muneris
1845 746 1899 790 et
1928 734 2138 806 species

563 830 810 899 actionis.
829 826 910 883 Ad
932 824 1082 896 cujus
1106 827 1181 879 rei
1201 825 1661 881 conﬁrmationem
1690 826 1971 895 plurimum
1998 825 2139 880 valet

564 920 705 991 quod
736 920 851 988 ipse
883 918 1139 973 Dominus
1168 917 1325 973 Iesus
1348 916 1624 985 Christus,
1654 928 1835 988 postea
1866 933 2024 988 quam
2056 933 2140 986 re-

565 1010 802 1073 surrexit
829 1026 861 1065 a
892 1010 1144 1077 mortuis,
1181 1010 1459 1078 discipulis
1482 1013 1623 1076 suis,
1651 1010 1705 1065 in
1732 1012 1925 1081 quibus
1953 1024 2140 1065 omnes

568 1104 929 1160 Ecclesiarum
958 1103 1215 1174 praesules
1240 1104 1607 1170 docebantur,
1638 1114 1691 1158 et
1716 1104 1938 1159 formam
1971 1114 2023 1158 et
2048 1118 2141 1172 po-

570 1208 815 1255 testatem
845 1196 1061 1265 tradidit
1092 1195 1413 1265 baptizandi,
1445 1196 1667 1251 dicens:
1700 1195 1888 1249 Euntes
1913 1199 1939 1227 ι
1969 1194 2143 1249 docete

570 1306 744 1345 omnes
768 1300 962 1361 gentes,
982 1288 1296 1357 baptizantes
1314 1304 1398 1341 eos
1420 1288 1473 1340 in
1495 1288 1695 1341 nomine
1707 1286 1905 1355 Patris,
1930 1295 1973 1340 et
1988 1283 2140 1351 Filii,

570 1393 618 1445 et
649 1382 872 1455 Spiritus
902 1382 1069 1435 sancti
1100 1378 1314 1451 (Matth.
1346 1393 1539 1444 xxvm,
1573 1377 1681 1447 19).
1716 1377 1794 1433 De
1822 1394 1927 1447 quo
1958 1379 2143 1448 utique

570 1492 672 1545 eos
696 1477 857 1532 etiam
886 1485 1011 1535 ante
1042 1473 1344 1543 passionem
1379 1472 1641 1541 potuisset
1680 1472 1949 1527 instruere
1974 1514 1990 1539 ,
2041 1474 2143 1526 nisi

571 1566 788 1638 proprie
828 1566 1086 1621 voluisset
1125 1562 1350 1633 intelligi
1379 1564 1798 1632 regeneratioois
1822 1564 2047 1633 gratiam
2078 1578 2144 1618 ex

569 1673 666 1713 sua
691 1659 1084 1715 resurrectione
1104 1656 1353 1726 cmpisse.
1388 1655 1620 1711 Additur
1648 1670 1776 1711 sane
1808 1656 1931 1710 huic
1960 1659 2147 1711 obser-

572 1751 765 1817 vantiae
796 1752 956 1807 etiam
987 1749 1333 1805 Pentecostes
1361 1766 1425 1804 ex
1455 1750 1687 1805 adventu
1716 1750 1946 1820 Spiritus
1975 1751 2144 1805 sancti

2238 552 2309 607 sit
2336 552 2635 621 proprium,
2664 566 2768 606 non
2799 551 3059 607 dissimile
3086 560 3170 607 est
3199 552 3391 607 festum
3420 549 3511 605 ubi
3547 564 3707 607 unum
3736 557 3816 607 est

2238 654 2659 700 sacramentum.

2304 734 2439 791 Car.
2467 733 2553 789 IV.
2586 734 2671 789 Ea:
2699 732 2979 806 apostolico
3008 736 3239 801 exemplo
3280 733 3534 804 baptisma
3562 734 3614 785 in
3638 731 3815 789 Pente-

2238 838 2373 882 coste
2400 826 2664 883 celebrari.
2710 856 2781 868 --
2836 824 2856 865 ί
2896 826 3005 880 lloc
3047 837 3225 881 autem
3273 842 3373 880 nos
3403 840 3508 880 non
3546 840 3610 879 ex
3643 834 3815 880 nostra

2238 920 2591 991 persuasione
2616 918 2932 983 defendere,
2961 918 3058 972 sed
3084 933 3147 973 ex
3180 917 3474 987 apostolica
3504 917 3817 972 auctoritate

2240 1026 2478 1079 servare,
2511 1014 2644 1065 satis
2670 1012 2866 1066 idoneo
2905 1011 3197 1079 probamus
3228 1010 3508 1079 exemplo,
3540 1020 3817 1078 sequentes

2240 1102 2455 1158 beatum
2479 1104 2781 1172 apostolum
2795 1102 3035 1168 Petrum,
3058 1103 3147 1171 qui
3174 1103 3227 1155 in
3248 1103 3364 1170 ipso
3380 1101 3468 1155 die
3484 1117 3589 1170 quo
3612 1116 3816 1154 omnem

2241 1195 2573 1250 credentium
2598 1210 2876 1250 numerum
2894 1193 3436 1265 promissusSpiritus
3458 1193 3626 1248 sancti
3656 1193 3818 1262 reple-

2244 1289 2326 1343 vit
2353 1287 2612 1343 adventus
2634 1334 2647 1356 ,
2682 1290 2841 1345 trium
2874 1290 3100 1347 millium
3126 1298 3152 1335 ι
3185 1290 3438 1359 populum
3461 1330 3476 1355 ,
3508 1302 3599 1342 sua
3635 1286 3814 1355 pra-dio

2243 1379 2453 1435 catione
2476 1396 2817 1444 conversum,
2854 1381 3067 1435 lavacro
3091 1381 3437 1450 baptismatis
3466 1380 3819 1435 consecravit.

2244 1471 2397 1541 Quod
2428 1485 2609 1527 sancta
2642 1473 2947 1542 Scriptura,
2979 1488 3097 1543 qua:
3120 1473 3485 1542 apostolorum
3518 1479 3667 1525 actus
3693 1485 3820 1525 con-

2246 1563 2409 1628 tinet,
2452 1564 2597 1618 lideli
2627 1565 2854 1620 historia
2884 1568 3043 1619 docet
3076 1564 3263 1619 dicens
3291 1582 3304 1618 :
3349 1562 3447 1616 His
3478 1563 3671 1617 auditis
3696 1577 3825 1615 cont-

2248 1659 2423 1727 puncti
2451 1666 2569 1711 sunt
2592 1660 2744 1710 corde
2767 1701 2781 1725 ,
2829 1668 2874 1711 et
2898 1642 3154 1712 'dixerunt
3178 1658 3247 1710 ad
3277 1658 3491 1710 Petrum
3530 1664 3580 1711 et
3610 1656 3827 1727 reliquos

2247 1748 2507 1817 apostolos
2529 1764 2547 1801 :
2573 1746 2709 1813 Quid
2732 1749 3000 1819 faciemus,
3017 1749 3111 1801 viri
3141 1748 3377 1819 fratres?
3406 1745 3592 1801 Petrus
3620 1764 3740 1801 vero
3767 1750 3827 1802 ad

573 1852 783 1899 sacrata
812 1843 1144 1910 solemnitas,
1176 1858 1294 1912 qum
1318 1842 1384 1897 de
1410 1843 1679 1912 paschalis
1704 1844 1819 1898 festi
1844 1843 2040 1913 pendet
2060 1859 2146 1897 ar—
2175 1838 2221 1899 B
2249 1840 2366 1896 illos
2390 1858 2408 1896 :
2440 1842 2829 1909 Paenitentiam,
2864 1843 3064 1911 inquit,
3096 1843 3261 1913 agite,
3291 1850 3337 1894 et
3363 1842 3647 1911 baptisetur
3674 1856 3830 1896 unus-

575 1936 758 1991 ticolo.
781 1936 985 1990 Etcum
1014 1935 1078 1988 ad
1102 1936 1236 1989 alios
1263 1935 1377 1990 dies
1398 1936 1500 1989 alia
1529 1935 1661 1991 festa
1686 1937 2007 2003 pertineant,
2036 1936 2148 1991 haec

574 2040 788 2096 semper
816 2026 881 2080 ad
912 2041 1031 2081 eum
1060 2026 1204 2081 diem
1240 2027 1329 2096 qui
1372 2030 1767 2083 resurrectione
1811 2028 2021 2083 Domini
2066 2036 2150 2083 est

575 2116 797 2187 insignis
814 2117 1048 2173 occurrit
1073 2136 1086 2172 :
1119 2117 1146 2156 ι)
1173 2119 1449 2190 porrigens
1470 2121 1864 2190 quodammodo
1893 2123 2148 2175 auxilian-

576 2211 644 2265 tis
663 2213 847 2281 gratia:
872 2227 1111 2280 manum,
1145 2222 1199 2267 et
1222 2228 1317 2269 eos
1347 2230 1483 2283 quos
1506 2229 1535 2268 a
1559 2216 1647 2269 die
1671 2216 1889 2269 Paschze
1918 2225 2008 2269 aut
2036 2232 2149 2269 mo-

575 2305 732 2361 lestia
761 2305 1118 2373 infirmitatis,
1151 2316 1242 2362 aut
1272 2308 1630 2379 longinquitas
1662 2308 1868 2364 itineris
1890 2354 1903 2377 ,
1937 2320 2027 2363 aut
2056 2323 2149 2364 na-

576 2398 861 2470 vigationis
889 2398 1175 2455 dilﬁcultas
1206 2402 1527 2467 interclusit,
1561 2403 1812 2467 invitans,
1847 2412 1902 2456 nt
1929 2402 2149 2471 quibus-

575 2490 707 2546 libet
736 2492 1145 2547 necessitatibus
1186 2493 1457 2562 impediti,
1499 2492 1753 2548 desiderii
1787 2494 1869 2547 sui
1899 2493 2149 2548 ell‘cctum

576 2578 719 2633 dono
748 2581 920 2635 sancti
965 2583 1196 2652 Spiritus
1238 2595 1658 2653 consequantur.
1712 2584 1828 2651 Ipse
1860 2588 2004 2640 enim
2038 2588 2154 2641 uni-

575 2672 788 2740 genitus
814 2672 910 2727 Dei
931 2674 1002 2728 'in
1038 2673 1141 2729 ﬁde
1170 2673 1501 2729 credentium
1532 2683 1589 2730 et
1624 2676 1678 2730 in
1706 2676 1903 2732 virtute
1928 2692 2151 2747 operum

540 2754 543 2757 ’
577 2765 776 2835 nullam
827 2767 967 2822 inter
1003 2783 1062 2825 se
1104 2778 1158 2823 et
1199 2769 1453 2839 Spiritum
1496 2782 1737 2825 sanctum
1767 2781 1788 2810 ο
1835 2772 2003 2827 voluit
2032 2787 2154 2828 esse

579 2859 907 2931 distantiam,
933 2863 1055 2932 quia
1072 2863 1215 2917 nulla
1231 2864 1609 2919 estdiversitas
1626 2865 1677 2917 in
1698 2873 1909 2931 natura,
1936 2866 2151 2921 dicens:

580 2953 791 3027 Rogabo
817 2973 908 3027 ego
928 2956 1175 3024 Patrem,
1211 2965 1257 3011 et
1280 2957 1437 3011 alium
1461 2959 1623 3031 720
1658 2958 1984 3013 Paracletum
2013 2960 2155 3014 dabit

578 3047 746 3115 vobis,
777 3056 831 3100 ut
861 3049 1115 3102 vobiscum
1144 3050 1207 3104 sit
1242 3049 1297 3103 in
1335 3060 1581 3103 aternum
1616 3047 1643 3086 ἀ
1674 3050 1903 3122 Spiritus
1933 3053 2156 3107 veritatis

582 3138 761 3211 (Joan.
783 3156 892 3208 xtv,
915 3140 1023 3213 16).
1053 3140 1117 3195 Et
1146 3142 1336 3195 iterum
1368 3159 1380 3194 :
1416 3139 1715 3197 Paracletus
1735 3152 1904 3198 autem
1928 3144 2154 3214 Spiritus

2250 1937 2463 2006 quisque
2485 1946 2708 1990 vestrum
2731 1937 2785 1989 in
2805 1936 3008 1989 nomine
3030 1934 3157 1990 Iesu
3179 1933 3387 2000 Christi,
3406 1936 3459 1988 in
3485 1935 3831 1989 remissionem

2252 2038 2577 2100 peccatorum
2607 2041 2928 2095 vestrorum;
2977 2041 3025 2084 et
3066 2030 3328 2098 accipietis
3371 2030 3565 2082 donum
3605 2028 3832 2101 Spiritus

2248 2131 2434 2186 sancti.
2465 2130 2619 2185 Vobis
2641 2132 2774 2184 enim
2798 2142 2872 2185 est
2901 2128 2927 2167 δ
2956 2132 3309 2201 repromissio,
3340 2139 3386 2183 et
3408 2129 3533 2198 filiis
3555 2128 3757 2190 vestris,
3787 2137 3834 2180 et

2252 2225 2485 2279 omnibus
2505 2226 2594 2292 qui
2618 2226 2767 2298 longe
2787 2235 2928 2291 sunt,
2950 2239 3299 2295 quoscumque
3317 2222 3635 2276 advocaverit
3662 2217 3837 2273 Domi-

2252 2330 2347 2369 nus
2376 2314 2512 2368 Deus
2542 2326 2733 2369 noster.
2768 2316 2899 2369 Aliis
2929 2317 3082 2369 etiam
3106 2314 3339 2385 pluribus
3366 2313 3524 2367 verbis
3542 2311 3837 2379 testiﬁcatus

2252 2417 2359 2473 est,
2393 2416 2438 2462 et
2478 2408 2848 2463 exhortabatur
2874 2423 2958 2461 eos
2988 2407 3162 2461 dicens
3189 2422 3207 2459 :
3246 2404 3537 2460 Salvamini
3572 2420 3605 2456 a
3631 2418 3840 2473 genera-

2255 2501 2389 2556 tione
2411 2503 2509 2554 ista
2542 2517 2722 2570 prava.
2776 2500 2875 2565 Qui
2907 2516 3025 2569 ergo
3051 2506 3352 2567 receperunt
3382 2507 3669 2550 sermonem
3710 2498 3837 2567 ejus,

2256 2592 2500 2663 baptizati
2531 2603 2668 2655 sunt,
2699 2602 2747 2647 et
2775 2593 3024 2659 apposita
3046 2599 3163 2644 sunt
3196 2589 3291 2644 illa
3318 2590 3402 2643 die
3424 2589 3611 2641 anima:
3638 2587 3842 2641 circiter

2258 2685 2358 2737 tria
2382 2682 2547 2736 millia
2574 2684 2710 2754 (Act.
2741 2698 2800 2747 tt,
2832 2681 3040 2752 '57-“).

2326 2778 2482 2848 721
2513 2778 2639 2831 CAP.
2676 2776 2736 2830 V.
2790 2775 2855 2829 In
2901 2776 3212 2830 necessitatis
3258 2790 3381 2827 casu
3425 2773 3565 2826 omni
3610 2780 3843 2841 tempore

2257 2868 2642 2940 baptisandum.
2676 2898 2743 2909 —
2774 2867 2929 2924 Unde
2954 2867 3078 2938 quia
3106 2865 3543 2921 manifestissime
3570 2872 3725 2933 patet
3759 2864 3847 2916 ba-

2254 2961 2517 3031 ptizandis
2550 2962 2603 3014 in
2636 2960 2869 3015 Ecclesia
2899 2960 3085 3014 electis
3113 2960 3225 3013 huic
3257 2956 3275 2996 ί
3320 2959 3427 3013 duo
3468 2966 3753 3025 tempora,
3784 2954 3849 3011 de

2255 3050 2449 3121 quibus
2477 3050 2636 3105 locuti
2662 3065 2868 3118 sumus,
2897 3065 3017 3105 esse
3048 3050 3284 3120 legitima
3311 3094 3325 3117 ,
3369 3048 3721 3104 dilectionem
3763 3062 3852 3101 ve-

2256 3152 2421 3197 stram
2450 3158 2727 3199 monemus
2763 3152 2815 3196 nt
2841 3143 3011 3197 nullos
3033 3142 3168 3196 alios
3190 3140 3303 3196 dies
3332 3140 3456 3195 huic
3478 3139 3851 3194 observantia

580 3210 807 3300 sanctus,
837 3210 990 3304 quem.
1010 3234 1169 3287 mittet
1195 3232 1354 3286 Pater
1378 3234 1432 3287 in
1462 3235 1665 3287 nomine
1698 3252 1825 3301 meo,
1852 3210 2037 3289 illeuos
2055 3236 2152 3289 do-
2184 3210 2229 3276 Ο
2261 3236 2547 3291 misceatis.
2579 3235 2711 3301 Quia
2745 3232 2869 3308 [Ed.
2895 3232 3025 3303 Cap.
3059 3232 3143 3303 VIJ
3179 3236 3194 3283 l
3228 3233 3327 3287 etsi
3349 3240 3472 3285 sunt
3510 3231 3613 3284 alia
3635 3245 3856 3299 quoque

581 3325 710 3378 cebit
732 3327 925 3391 omnia,
958 3338 1005 3381 et
1028 3337 1259 3399 suggeret
1283 3328 1516 3380 universa
1540 3343 1867 3398 qutrcumque
1888 3331 1997 3383 dixi
2021 3331 2156 3384 vobis

581 3414 769 3493 (Ibid.,
797 3416 913 3489 26).
957 3418 1020 3471 Et
1044 3418 1233 3472 iterum
1270 3436 1282 3471 :
1332 3415 1461 3471 Cum
1486 3420 1675 3473 uenerit
1704 3420 1791 3473 ille
1819 3420 2048 3490 Spiritus
2074 3437 2157 3474 ue~

579 3511 773 3577 ritatis,
800 3510 887 3565 ille
914 3511 1097 3582 diriget
1126 3528 1209 3565 vos
1237 3512 1289 3566 in
1314 3528 1513 3565 omnem
1541 3514 1802 3568 veritatem
1834 3515 2014 3585 (Joan.
2039 3530 2154 3580 xvt,

584 3601 695 3676 15).
726 3600 857 3658 Cum
888 3601 1068 3675 itaque
1099 3605 1293 3659 veritas
1309 3602 1553 3659 Christus
1574 3607 1663 3672 sit,
1694 3614 1748 3660 et
1777 3606 2009 3676 Spiritus
2034 3622 2158 3663 san-

655 3769 680 3797 ι
709 3759 841 3815 Cod.
879 3760 990 3816 Vat.
1026 3761 1158 3831 Reg.
1191 3760 1340 3815 addit
1374 3759 1833 3831 ergo._rEditioues
1861 3760 2153 3827 Quesnello

584 3832 882 3887 anteriores
907 3829 1271 3897 cumVindeb.
1294 3829 1507 3887 collect.
1524 3829 1558 3885 5
1582 3842 1637 3886 et
1662 3846 1794 3887 mss.
1825 3833 2039 3887 codect.
2061 3830 2150 3897 14,

585 3920 705 3959 θναο
731 3920 884 3957 nunc.

720 3974 934 4027 Eaedem
958 3971 1219 4027 editiones
1243 3987 1361 4027 cum
1389 3986 1519 4026 mss.
1542 3971 1756 4027 collect.
1782 3971 1853 4026 24
1880 3982 2154 4040 corrupte,

586 4045 847 4115 porrigens
878 4046 1249 4115 quodammodo
1276 4044 1575 4115 auxiliantis
1610 4044 1791 4114 gratia:
1820 4060 2056 4105 manum,
2102 4053 2157 4097 ut

587 4112 641 4168 hi
664 4132 787 4182 quos
810 4131 843 4168 a
869 4114 951 4168 die
986 4112 1262 4170 Paschtv...
1292 4113 1573 4169 interclusit
1603 4112 1805 4179 invitos,
1837 4125 1924 4168 aut
1950 4115 2159 4181 quibus-

589 4186 709 4240 libet
736 4186 1114 4239 necessitatibus
1144 4185 1439 4253 impeditos,
1490 4186 1761 4249 desiderii,
1802 4198 1906 4239 etc.
1953 4187 2154 4251 Queen.

588 4273 650 4327 ex
687 4256 796 4310 suis
826 4257 1099 4311 codicibus
1140 4257 1480 4321 emendavit,
1523 4257 1718 4327 quibus
1760 4256 1949 4326 reliqui
1989 4255 2159 4309 nostri

590 4326 821 4453 rm:
854 4397 1081 4453 Vindeb.
1112 4397 1261 4466 Hisp.
1306 4397 1496 4454 inserit
1540 4396 1789 4464 Domini;
1838 4406 1958 4467 post
1996 4411 2161 4467 pauca

590 4469 735 4523 delet
760 4486 872 4539 ego.

661 4537 688 4577 ά
720 4540 853 4594 Cod.
888 4539 1113 4594 Vindeb.
1148 4537 1361 4593 collect.
1407 4539 1471 4605 5,
1513 4540 1724 4605 utrique
1763 4538 1910 4607 llisp.
1944 4547 1998 4593 et
2037 4538 2160 4592 Vat.

2204 3396 2207 3399 Α
2261 3328 2413 3394 festa,
2459 3330 2650 3399 quibus
2677 3329 2839 3383 multa
2874 3329 2925 3382 in
2972 3327 3232 3382 honorem
3280 3326 3371 3381 Dei
3418 3326 3728 3380 reverentia
3767 3325 3857 3379 de-

2258 3421 2469 3489 beatur,
2507 3420 2812 3491 principalis
2840 3429 3016 3475 tamen
3047 3428 3102 3474 et
3129 3418 3347 3473 maximi
3390 3416 3726 3473 sacramenti
3771 3430 3860 3469 cu-

2259 3512 2537 3568 stodienda
2570 3511 2721 3567 nobis
2751 3519 2851 3577 est,
2933 3511 3155 3582 mystica
3179 3520 3232 3565 et
3256 3508 3529 3565 rationalis
3556 3508 3853 3578 exceptio;

2265 3604 2285 3644 ι
2318 3622 2422 3661 non
2453 3606 2733 3662 interdicta
2764 3605 3001 3671 licentia,
3033 3620 3138 3675 qua
3169 3606 3221 3660 in
3247 3604 3514 3674 baptismo
3563 3603 3863 3660 tribuendo

2336 3761 2364 3801 ιι
2396 3762 2738 3829 Quesuellus,
2774 3761 2862 3830 qui
2896 3760 3071 3816 varias
3098 3759 3255 3828 hujus
3285 3758 3391 3814 loci
3428 3757 3701 3831 lectiones
3738 3774 3868 3831 pro-

2259 3833 2359 3889 fert
2386 3843 2499 3888 not.
2524 3834 2577 3899 2,
2608 3833 2832 3900 prmtulit
2862 3832 2997 3886 hanc
3023 3835 3256 3902 mystica,
3283 3840 3329 3884 et
3348 3830 3679 3902 rationabilis
3702 3848 3868 3885 exem-

2259 3905 2438 3974 platio,
2472 3918 2640 3973 eaque
2672 3903 3005 3972 potissimum
3033 3901 3099 3957 de
3125 3916 3315 3965 causa,
3349 3903 3469 3974 quia
3519 3901 3771 3974 Dionysii
3816 3912 3868 3957 et

2257 3971 2531 4029 Cresconii
2556 3971 2681 4028 esse
2701 3974 2928 4028 credidit
2960 3974 3128 4039 illam,
3155 3989 3271 4042 qua:
3297 3974 3347 4026 in
3373 3971 3587 4027 Justelli
3616 3971 3871 4029 editione

2260 4046 2548 4113 profertur.
2576 4046 2679 4100 Nos
2706 4060 2831 4099 vero
2860 4045 3025 4099 textui
3055 4046 3377 4098 inseruitnus
3409 4043 3712 4098 lectionem
3747 4046 3866 4111 pttri

2261 4117 2501 4189 Dionysii
2535 4116 2653 4171 Vat.
2691 4117 2863 4189 5&5,
2907 4131 3025 4186 quae
3060 4129 3335 4189 praeterea
3365 4112 3872 4189 conﬁrmatunne

2260 4184 2634 4257 dom‘autiquo
2665 4186 2783 4240 cod.
2817 4184 3179 4257 CresConiano
3207 4186 3326 4241 Vat.
3358 4184 3513 4248 1347,
3558 4186 3662 4240 sed
3706 4186 3875 4239 etiam

2261 4258 2383 4313 Vat.
2418 4255 2561 4327 Reg.
2577 4259 2787 4312 collect.
2824 4259 2873 4320 I,
2910 4258 3033 4312 item
3056 4255 3177 4310 Vat.
3204 4257 3414 4310 collect.
3444 4258 3583 4327 5.,et
3604 4257 3724 4311 alio
3747 4257 3873 4311 cod.

2266 4326 2624 4399 Dionysiano,
2680 4344 2838 4399 quem
2893 4327 3194 4383 Harduiuus
3242 4327 3443 4382 laudat.
3498 4326 3653 4399 Idem
3712 4328 3881 4382 habet

2262 4402 2420 4454 etiam
2456 4400 2677 4453 Vindeb.
2702 4398 2919 4454 collect.
2952 4400 2984 4453 5
3015 4402 3185 4469 prima
3215 4414 3405 4463 manu;
3436 4398 3688 4451 secunda
3744 4414 3877 4452 vero

2262 4469 2362 4525 fuit
2389 4472 2666 4524 emendata
2699 4474 2870 4523 solum
2902 4484 3001 4523 vox
3053 4469 3371 4521 rationabilis
3422 4484 3515 4532 pro
3558 4470 3875 4524 rationalis.

2264 4542 2432 4595 Codd.
2469 4542 2617 4608 llisp.
2642 4550 2693 4595 et
2716 4541 2842 4596 Isid.
2873 4555 3005 4605 quos
3031 4556 3097 4595 ex
3130 4555 3261 4606 puro
3292 4539 3551 4609 Dionysio
3587 4540 3883 4608 profectos

594 4610 717 4664 Isid.
750 4626 846 4664 nec
870 4626 975 4663 non
1000 4612 1196 4663 Veron.
1223 4608 1477 4663 Crescoa.
1502 4623 1623 4663 cum
1644 4610 1885 4670 Merlino,
1910 4609 2156 4675 Justello,
2187 4612 2239 4673 1')
2266 4611 2468 4677 liquet,
2515 4612 2711 4667 habent
2758 4612 2831 4664 uti
2878 4609 3087 4665 Thoan.
3134 4619 3189 4665 et
3233 4608 3543 4679 'l‘rectiptth.
3577 4610 3817 4666 collect.
3850 4612 3886 4666 5

595 4692 647 4733 et
676 4682 791 4734 aliis
817 4681 1203 4748 antiquioribus
1231 4682 1388 4733 editis
1432 4683 1704 4749 praemissa
1736 4681 1970 4747 virgula,
2004 4681 2159 4748 spiri-

597 4762 700 4803 tum
724 4754 961 4805 veritatis.
996 4751 1122 4803 Post
1147 4765 1310 4818 pauca
1334 4758 1491 4803 mittet
1517 4749 1676 4803 Pater
1696 4766 1832 4804 meus
1864 4751 1915 4804 in
1944 4751 2165 4819 quibus-

596 4823 717 4876 dam
750 4837 878 4874 mss.
910 4831 963 4875 et
991 4821 1199 4875 Justetl.
1232 4819 1352 4891 Ipse
1374 4823 1557 4891 diriget
1579 4837 1663 4874 ros
1690 4821 1744 4875 in
1778 4822 1893 4874 Vat.
1930 4820 2060 4889 Reg.

670 4902 692 4929 ⁸
722 4894 850 4946 Mss.
886 4892 1032 4959 Hisp.
1060 4902 1114 4946 et
1142 4891 1293 4954 Isid.,
1324 4893 1608 4959 utriusque.

672 4961 690 4999 τ
728 4964 799 5016 De
827 4963 1083 5017 Consecr.
1117 4963 1243 5017 dist.
1280 4962 1345 5026 1,
1392 4960 1613 5031 Proprie
1651 4963 1704 5015 in
1742 4970 1934 5025 morte,
1968 4960 2013 5031 ᾗ.
2051 4960 2163 5016 Hoc

596 5043 787 5099 autem,
821 5046 869 5087 c.
899 5034 983 5087 15.

669 5112 695 5175 tt
721 5104 835 5175 Non
868 5104 1018 5171 pauci
1049 5102 1283 5170 codices,
1312 5104 1637 5175 populorum.

668 5171 697 5214 δ
723 5174 893 5229 Codd.
928 5176 1136 5227 collect.
1178 5176 1279 5238 2|,
1313 5171 1652 5241 repromissio
1697 5174 1822 5228 hac.
1877 5175 2163 5244 Aliquanto

599 5255 717 5315 post
751 5246 1001 5316 apposin
1024 5254 1141 5297 sunt
1167 5246 1219 5298 in
1255 5244 1349 5316 illa
1378 5246 1460 5299 die
1496 5246 1548 5300 in
1588 5247 1825 5311 utrisque
1860 5245 2161 5316 Vindebon.

596 5314 806 5371 collect.
825 5314 866 5370 ἐι
888 5328 943 5371 et
972 5318 1143 5383 Hi8p.,
1175 5317 1225 5368 in
1252 5314 1482 5370 Vercell.
1509 5317 1784 5381 Hadriam,
1816 5317 1867 5370 in
1892 5314 2159 5371 Veronen.

595 5386 803 5452 Cresc.,
834 5396 889 5441 et
917 5387 1055 5453 apud
1084 5386 1385 5441 Justellum.

676 5460 693 5496 ί
728 5460 801 5513 De
827 5458 1108 5522 Consecr.,
1137 5455 1264 5510 dist.
1294 5456 1348 5521 1,
1377 5453 1493 5509 Duo
1523 5466 1767 5522 temmra,
1796 5472 1845 5512 c.
1881 5457 1964 5511 η.

673 5540 687 5578 t
720 5527 1038 5584 Particulam
1060 5529 1150 5581 etsi
1173 5542 1267 5595 pro
1291 5527 1356 5595 si,
1381 5542 1535 5597 uitam
1558 5527 1885 5595 subsequens
1911 5527 2171 5597 particula

601 5608 770 5653 tamen
800 5599 1007 5653 videtur
1033 5601 1286 5666 exigere,
1331 5612 1361 5651 a
1403 5596 1689 5665 Quesnello
1734 5598 1856 5653 licet
1902 5596 2168 5652 exclusam

602 5670 931 5724 restituitnus
960 5685 1059 5737 ope
1083 5683 1215 5723 mss.
1241 5668 1355 5722 Vat.
1385 5669 1514 5738 Itcg.
1540 5668 1749 5722 collect.
1782 5670 1834 5728 1.
1870 5668 2167 5723 Vindebon.

602 5739 818 5794 collect.
846 5739 903 5806 ὕ,
933 5740 1165 5795 secunda
1194 5755 1354 5794 manu
1374 5778 1390 5803 ,
1420 5750 1473 5793 et
1516 5739 1738 5792 aliorum
1788 5738 1905 5793 Vat.
1955 5740 2167 5794 collect.

606 5809 670 5864 21
695 5822 759 5865 ac
777 5807 871 5867 2b.
891 5810 1018 5866 Mss.
1038 5810 1187 5875 llisp.
1210 5820 1263 5866 et
1282 5808 1407 5866 Isid.
1433 5808 1687 5867 omittunt
1706 5816 1816 5865 tum
1835 5809 1948 5873 etsi,
1972 5818 2082 5865 tum
2105 5816 2167 5864 sl.

2265 4685 2492 4751 mystice,
2528 4683 2609 4735 vel
2640 4684 2865 4752 mystica:
2898 4682 3164 4735 rationalis
3191 4681 3416 4750 exceptio
3439 4696 3457 4733 :
3488 4682 3640 4748 quod
3677 4681 3752 4733 ad
3784 4697 3883 4733 uo-

2263 4761 2429 4807 stram
2470 4755 2683 4820 quidem
2736 4753 3017 4806 lectzonetn
3065 4753 3309 4813 accedit,
3362 4752 3643 4818 discrepat
3695 4762 3886 4807 autem

2264 4839 2421 4893 quant
2476 4824 2706 4878 maxime
2750 4824 2819 4879 ab
2866 4824 2953 4893 illa
3002 4837 3161 4890 quam
3226 4821 3549 4889 Quesnellns
3604 4826 3885 4890 prznlulit.

2269 4892 2413 4947 Ilauc
2445 4895 2495 4946 in
2528 4895 2728 4962 aliquot
2756 4892 2912 4947 codd.
2945 4894 3070 4947 coll.
3111 4893 3445 4957 lladrianete,
3479 4908 3624 4962 quos
3676 4893 3892 4949 Justel-

2269 4908 2413 4947 ttauc
2445 4911 2495 4946 Ill
2528 4908 2728 4962 aliquot
2756 4908 2912 4947 COtlu.
2945 4908 3070 4947 cott.
3111 4908 3445 4957 ttaortanete,
3519 4909 3624 4945 nos
3676 4908 3891 4949 Ju5tet-

2266 4964 2346 5017 Ius
2394 4975 2607 5018 secutus
2657 4972 2771 5028 est,
2818 4964 3130 5031 reperimus.
3169 4962 3304 5016 Editi
3339 4908 3723 5029 antefboesn.
3762 4979 3891 5018 cum

2267 5035 2487 5105 Merlino
2518 5044 2573 5089 et
2598 5034 2867 5105 nonnullis
2898 5034 3080 5098 codd.,
3102 5035 3337 5105 mystica:
3357 5034 3573 5086 rationis
3608 5036 3891 5105 acceptio.

2270 5104 2412 5159 Unus
2440 5105 2667 5160 Vercell.
2698 5116 2751 5159 et
2779 5104 3044 5159 Veroneu.
3087 5103 3370 5170 Cresc0o.,
3405 5106 3632 5174 mystica
3659 5148 3674 5167 ,
3709 5103 3761 5159 et
3810 5121 3899 5159 ra-

2265 5175 2467 5229 tionalis
2495 5177 2763 5247 exemptio.
2799 5176 2894 5229 llic
2925 5186 3101 5247 autem
3128 5176 3356 5247 gxceptio
3378 5218 3391 5240 ,
3428 5190 3522 5228 seu
3556 5180 3859 5245 exeniptiu
3885 5217 3901 5239 ,

2265 5248 2545 5315 signiﬁcat,
2576 5245 2767 5314 praeter
2797 5245 2998 5300 I’ascba
3030 5255 3084 5299 et
3127 5245 3480 5299 Pentecosten
3503 5286 3517 5308 ,
3562 5261 3707 5315 qum
3757 5250 3901 5301 testa

2267 5319 2336 5370 ob
2364 5320 2637 5385 mysticam
2670 5327 2723 5372 et
2754 5317 3122 5370 rationabilem
3156 5332 3370 5371 causam
3417 5318 3755 5384 baptismati
3804 5320 3906 5371 ad-

2270 5387 2619 5441 ministrando
2666 5389 2929 5453 assiguata
2979 5396 3144 5452 sunt,
3200 5397 3427 5442 caeteros
3482 5386 3615 5442 dies
3674 5388 3864 5443 festos
3909 5429 3923 5451 ,

2268 5472 2387 5512 cum
2426 5459 2667 5513 eamdem
2712 5473 2926 5512 causam
2959 5473 3063 5512 non
3089 5458 3369 5525 recipiant,
3400 5460 3673 5526 mystica,
3710 5468 3774 5513 et
3809 5476 3906 5515 ra-

2272 5528 2511 5583 tionabiii
2541 5529 2857 5596 exceptione
2875 5528 2944 5584 ab
2964 5543 3029 5583 eo
3053 5528 3347 5583 ministerio
3372 5527 3532 5582 fuisse
3557 5542 3912 5600 exemptos;

2271 5614 2332 5653 ac
2366 5608 2640 5668 propterea
2675 5600 2809 5653 hanc
2838 5600 3211 5667 exceptionem
3237 5613 3357 5653 esse
3378 5601 3761 5666 servandam,
3800 5604 3909 5655 nisi

2274 5676 2564 5724 necessitas
2592 5672 2769 5739 aliquo
2798 5670 3050 5738 peculiari
3077 5684 3205 5725 casu
3236 5670 3390 5724 aliter
3420 5671 3703 5739 postulet,
3746 5688 3807 5727 ut
3860 5691 3911 5727 ιιι

2273 5742 2615 5849 sequentibus
2642 5742 2875 5823 additur.

2404 5811 2475 5849 nn
2502 5812 2735 5849 nnncnnr
2813 5812 2875 5849 ιΙι‹

2404 5811 2475 5866 De
2502 5812 2780 5879 Consecr.,
2813 5812 2935 5867 dist.
2972 5812 3026 5881 1,
3068 5813 3125 5871 Si
3156 5814 3242 5884 qui
3282 5814 3663 5880 necessitate,
3703 5830 3761 5870 c.
3818 5816 3908 5868 16.
