4020 6352
276 327 374 386 τοι

1662 327 1998 397 EPISTOLA
2036 331 2175 392 XVI.

3441 336 3550 401 70!

273 440 509 513 quolibet
537 449 778 513 tempore
797 441 1224 514 periclitantibus
1253 440 1589 509 subvenitur.
1615 441 1694 498 Ita
1716 444 1858 499 enim
1888 449 1940 510 Α
1965 447 2142 503 Iesum
2169 449 2425 505 Christum
2448 450 2583 520 facta
2609 460 2681 507 est
2710 451 2888 523 (Joan.
2924 461 2963 520 i,
2989 450 3161 525 1'7):h
3178 455 3317 513 sicut
3334 454 3548 515 diversa

269 536 334 591 ad
365 534 464 590 has
491 533 626 590 duas
655 534 972 591 festivitates
997 550 1271 591 connean
1309 535 1527 591 sibimet
1559 546 1721 606 atque
1760 551 1853 591 con

266 642 477 703 gnatas,
508 630 851 687 incolumium
881 642 936 689 et
962 633 1014 688 in
1046 633 1189 704 pacis
1219 633 1507 689 securitate
1547 633 1857 705 degentium

267 724 433 779 libera
463 735 586 781 vota
613 724 929 796 differimus,
962 726 1092 781 utin
1128 726 1318 781 mortis
1343 727 1600 795 periculo,
1625 728 1680 783 in
1712 729 1857 784 obsi-

268 817 443 872 dionis
464 818 798 885 discrimlne,
823 819 873 872 in
897 819 1286 888 persecutionis
1308 817 1590 889 angustiis,
1619 822 1673 874 in
1702 820 1855 875 timo-

268 926 325 967 re
355 911 639 984 naufragii,
667 912 812 967 nullo
842 921 1103 983 tempore,
1135 913 1237 967 hoc
1270 927 1412 968 verte
1443 912 1631 967 salutis
1666 914 1854 983 singu-

264 1004 373 1058 lare
399 1008 428 1040 ⁸
452 1004 769 1065 pmidium
803 1006 1051 1075 cuiquam
1080 1005 1426 1074 denegemus.

330 1099 492 1175 722
523 1095 766 1165 CAP.VI.
789 1094 982 1152 Christi
1010 1098 1076 1150 ad
1105 1096 1355 1168 baptisma
1380 1095 1596 1152 Joannis
1614 1097 1855 1153 acceden-

263 1190 325 1245 tis
354 1195 673 1262 mysterium.
692 1190 803 1233 -δ
826 1192 880 1249 Si
912 1194 1032 1263 quis
1064 1202 1238 1247 autem
1266 1192 1576 1264 Epiphaniae
1597 1194 1855 1253 festivita-

263 1296 395 1354 tem,
422 1300 542 1353 quae
568 1286 621 1341 in
643 1300 743 1341 suo
763 1285 950 1341 ordine
972 1286 1155 1341 debito
1186 1286 1393 1343 honore
1417 1288 1721 1343 veneranda
1748 1298 1850 1355 est,

261 1378 331 1432 ob
363 1378 464 1432 hoc
505 1388 527 1417 ⁸
579 1380 809 1434 aestimat
853 1379 1185 1451 privilegium
1230 1380 1427 1436 habere
1476 1381 1850 1453 baptismatis,

260 1471 385 1539 quia
405 1466 547 1525 hocd
565 1471 780 1542 quidam
804 1481 1008 1540 putant,
1031 1472 1171 1543 quod
1196 1472 1249 1528 in
1273 1474 1456 1529 eadem
1481 1474 1565 1531 die
1594 1476 1851 1533 Dominus

258 1562 327 1616 ad
360 1562 681 1632 baptismum
714 1565 882 1619 sancti
911 1564 1133 1619 Joannis
1161 1568 1485 1632 accesserit;
1528 1567 1664 1623 sciat
1707 1568 1853 1626 illius

256 1652 517 1722 baptismi
558 1656 716 1711 aliam
756 1656 1007 1727 gratiam,
1030 1659 1191 1712 aliam
1223 1657 1392 1714 fuisse
1419 1660 1717 1727 rationem;
1752 1676 1852 1719 nec

255 1747 327 1801 ad
358 1747 601 1801 eamdem
630 1748 953 1819 pertinuisse
977 1750 1229 1807 virtutem
1257 1792 1268 1800 .
1312 1766 1415 1820 qua
1460 1768 1553 1819 per
1591 1754 1849 1823 Spiritum

1966 541 2125 613 723
2157 542 2412 597 sacriﬁcia
2436 559 2595 598 unam
2623 544 2849 601 hostiam
2882 546 3312 618 praal'ormarunt,
3336 557 3391 605 et
3412 550 3548 606 mul-

1963 643 2136 687 torum
2171 649 2430 701 agnorum
2458 636 2658 691 occisio
2688 638 2827 693 illius
2858 639 3224 699 immolatione
3248 640 3397 697 ﬁnita
3424 651 3543 711 est,

1958 726 2027 785 de
2054 742 2157 798 qtto
2186 728 2378 783 dicitttr
2402 749 2413 782 :
2446 729 2579 785 Ecce
2603 732 2781 804 Agnus
2809 731 2934 797 Dei,
2964 750 3075 790 ecce
3095 736 3183 806 qui
3208 734 3340 790 tollit
3368 754 3547 805 pecca-

1960 828 2065 873 tum
2089 820 2268 873 mundi
2295 819 2472 893 (Joan.
2501 837 2540 892 ι,
2567 821 2659 892 29)
2680 840 2694 889 ;
2719 825 2799 879 sic
2820 833 2873 879 et
2892 824 3127 883 Joannes
3150 841 3254 881 non
3274 825 3541 898 Christus,

1957 912 2051 967 sed
2081 912 2275 968 Christi
2301 916 2556 983 praevius;
2589 930 2690 969 non
2714 930 2965 986 sponsus,
2991 919 3085 974 sed
3109 920 3293 989 sponsi
3316 923 3540 992 amicus,

1957 1004 2052 1059 fuit
2081 1006 2217 1061 adeo
2245 1005 2417 1061 ﬁdelis
2446 1017 2499 1062 et
2528 1022 2634 1062 non
2664 1022 2759 1063 sua
2789 1025 3037 1079 quaerens
3057 1052 3071 1077 ,
3112 1011 3205 1066 sed
3252 1028 3368 1083 quae
3415 1011 3542 1068 Jesu

1957 1098 2174 1168 Christi,
2203 1112 2257 1156 ut
2286 1116 2345 1157 se
2386 1102 2731 1171 profiteretur
2773 1103 2840 1158 ad
2883 1104 3137 1160 solvenda
3177 1106 3544 1167 calceamenta
3580 1106 3583 1111 ”

1955 1193 2151 1263 pedum
2196 1194 2314 1261 ejus
2356 1194 2629 1264 indignum
2675 1195 2855 1267 (Matt.
2900 1199 3104 1265 1",“;
3138 1198 3265 1253 Luc.
3295 1214 3373 1263 ili,
3411 1199 3540 1272 l6):

1954 1286 2205 1356 quoniam
2237 1288 2351 1355 ipse
2373 1288 2585 1358 quidem
2621 1288 2915 1355 baptizaret
2946 1289 2997 1343 in
3026 1304 3159 1359 aqua
3191 1291 3244 1345 in
3279 1294 3543 1359 pmoiten-

1952 1376 2103 1442 tiam,
2136 1378 2223 1433 ille
2250 1387 2425 1433 autem
2452 1378 2814 1449 baptizaturus
2846 1391 2990 1436 esset
3020 1383 3073 1438 in
3115 1382 3319 1453 Spiritu
3365 1396 3542 1441 sancto

1953 1480 2000 1525 et
2030 1472 2136 1542 igni
2167 1470 2391 1543 (Ibid);
2424 1472 2511 1543 qui
2543 1471 2739 1542 duplici
2771 1483 3033 1543 potestate
3071 1483 3127 1532 et
3148 1476 3312 1531 vitam
3344 1477 3540 1532 redde-

1952 1572 2055 1628 ret,
2085 1573 2139 1616 et
2177 1572 2396 1632 peccata
2421 1574 2781 1618 consumeret.
2817 1565 2910 1621 His
2935 1565 3115 1637 itaque
3135 1608 3150 1634 ,
3190 1567 3382 1624 fratres
3413 1570 3541 1624 cha-

1953 1654 2173 1720 rissimi,
2199 1663 2275 1709 tot
2297 1669 2361 1709 ac
2387 1655 2547 1709 tantis
2572 1656 2928 1712 existentibus
2958 1658 3318 1729 documentis,
3346 1661 3540 1731 quibus

1952 1748 2095 1802 omni
2125 1746 2471 1817 ambiguitate
2501 1746 2767 1812 submota,
2798 1749 3078 1805 evidenter
3121 1752 3408 1820 agnoscitis
3431 1792 3447 1817 ,
3483 1754 3536 1808 in

252 1852 503 1895 sanctum
522 1850 892 1909 renascuntur,
912 1842 981 1899 de
1011 1844 1204 1912 quibus
1232 1845 1426 1899 dicitur
1448 1847 1577 1912 τοιιί
1599 1864 1699 1901 non
1733 1857 1756 1885 ο
1787 1864 1849 1903 ea:
1878 1837 1923 1898 B
1954 1838 2284 1909 baptizandis
2328 1837 2533 1906 electis,
2566 1839 2655 1909 qui
2683 1840 2976 1895 secundum
3007 1843 3355 1909 apostolicam
3390 1843 3407 1882 ί
3445 1860 3534 1901 re-

246 1934 523 2001 sanguine,
551 1950 711 2005 neque
756 1950 820 1989 ea:
864 1936 1123 1990 uoluntate
1148 1940 1338 2005 carnis,
1363 1955 1524 2008 neque
1567 1955 1631 1993 ea:
1668 1941 1847 1995 uolun-

249 2035 364 2081 tate
392 2027 505 2094 uiri,
536 2028 624 2081 sed
651 2044 715 2082 ea:
740 2027 849 2083 Deo
880 2031 987 2083 nati
1015 2039 1133 2085 sunt
1159 2028 1339 2102 (Joan.
1371 2049 1410 2096 ι,
1449 2033 1560 2101 15).
1589 2032 1848 2089 Dominus

242 2122 401 2178 cnim
431 2121 620 2177 nullius
647 2121 890 2193 indigens
929 2124 1245 2180 remissione
1290 2128 1528 2195 peccati,
1563 2142 1664 2183 nec
1702 2142 1851 2198 quat-

243 2228 385 2269 rens
413 2214 704 2270 remedium
732 2216 1069 2283 renascendi,
1096 2217 1176 2272 sic
1197 2217 1367 2273 voluit
1392 2218 1678 2288 baptizari.
1707 2235 1844 2290 quo-

240 2305 422 2361 modo
447 2304 465 2344 ί
488 2315 542 2360 et
560 2305 729 2360 voluit
749 2305 1083 2373 circumcidi,
1111 2309 1446 2379 hostiamque
1467 2324 1566 2381 pro
1588 2324 1647 2365 se
1669 2326 1849 2366 emun-

236 2398 490 2453 dationis
511 2397 688 2455 oﬁ‘erri
718 2398 927 2471 (Matth.
961 2415 1038 2466 ill,
1074 2399 1164 2465 15)
1192 2417 1206 2452 :
1239 2410 1295 2456 ut
1323 2403 1414 2471 qui
1453 2401 1624 2458 factus
1672 2402 1848 2459 fuerat

235 2506 328 2546 ex
357 2490 593 2556 muliere,
622 2491 759 2546 sicut
789 2492 1082 2560 Apostolus
1122 2492 1237 2559 ait,
1285 2493 1439 2549 ﬁeret
1480 2502 1536 2548 et
1583 2494 1682 2549 sub
1729 2495 1849 2564 lege

236 2582 468 2655 (Colat.
498 2600 575 2651 tv,
605 2583 685 2651 ὁ),
718 2600 877 2654 quam
908 2600 1013 2639 non
1050 2594 1271 2641 venerat
1310 2587 1523 2641 solvere
1544 2629 1557 2653 ,
1600 2587 1695 2642 sed
1744 2588 1846 2641 im-

234 2679 405 2747 plere
432 2674 640 2743 (Matth.
674 2692 727 2747 v,
758 2676 870 2747 17),
904 2687 957 2732 et
985 2677 1258 2747 implendo
1290 2680 1464 2749 linire,
1497 2688 1524 2727 8
1559 2680 1692 2734 sicut
1721 2678 1850 2735 bea-

230 2780 346 2825 tus
395 2770 681 2839 Apostolus
729 2772 985 2841 praedicat
1029 2772 1252 2828 dicens:
1300 2770 1452 2828 Finis
1501 2781 1673 2829 autem
1720 2772 1846 2845 legis

228 2861 488 2918 Christus
525 2862 592 2916 ad
624 2865 883 2935 justitiam
923 2865 1063 2919 omni
1086 2866 1312 2920 credenti
1343 2865 1521 2937 (Rom.
1553 2882 1609 2932 ι,
1641 2866 1698 2937 4)
1732 2868 1841 2921 Ba-

228 2955 437 3025 ptismi
466 2963 638 3009 autem
668 2956 751 3009 sui
782 2957 833 3010 in
865 2972 925 3013 se
953 2958 1191 3013 condidit
1230 2968 1625 3015 sacramentum
1655 3000 1672 3027 ,
1718 2961 1841 3029 quia

231 3048 303 3102 is:
350 3046 577 3102 omnibus
614 3050 892 3120 primatum
930 3062 1103 3106 tenens
1144 3051 1341 3124 (Catos.
1382 3068 1422 3119 ι,
1454 3052 1543 3125 18)
1575 3068 1635 3109 se
1662 3053 1847 3109 docuit

228 3153 379 3196 esse
408 3138 747 3209 principium.
792 3142 861 3197 Et
904 3151 1030 3198 tunc
1075 3146 1500 3214 regenerationis
1550 3148 1841 3213 potentiam

1952 1931 2129 2002 gulam
2172 1938 2228 1984 et
2268 1931 2583 1985 exorcismis
2633 1930 2941 2000 scrutandi,
2974 1942 3027 1987 et
3052 1932 3270 2004 jejuniis
3300 1935 3540 1991 sanctiﬁ-

1951 2022 2128 2087 candi,
2149 2032 2203 2078 et
2223 2022 2592 2091 frequentibus
2612 2032 2738 2078 sunt
2758 2023 3223 2092 prazdicaliouibus
3243 2026 3537 2103 imbuendi,

1954 2120 1969 2171 i
2006 2120 2113 2177 duo
2146 2130 2346 2176 tantum
2378 2121 2405 2159 ιι
2438 2129 2697 2191 tempora,
2729 2121 2781 2174 id
2812 2130 2898 2176 est
2922 2120 3123 2175 Pascha
3144 2165 3159 2189 ,
3192 2132 3247 2178 et
3276 2122 3540 2179 Penteco-

1950 2223 2091 2281 sten,
2117 2230 2238 2271 esse
2259 2215 2551 2278 servanda;
2578 2214 2682 2270 hoc
2704 2212 2723 2253 ι
2745 2226 2939 2270 vesme
2963 2214 3249 2271 indicimus
3268 2216 3536 2287 charitati,

1950 2317 2009 2363 ut
2046 2309 2112 2365 ab
2138 2309 2447 2379 aposmlicis
2493 2308 2755 2364 institutis
2804 2309 2955 2364 nullo
3001 2310 3230 2365 ulterius
3274 2311 3541 2368 recedatis

1950 2418 2195 2460 excessu.
2229 2403 2362 2471 Quia
2395 2403 2622 2457 inultum
2651 2412 2770 2471 post
2801 2403 2918 2458 hinc
2945 2418 3067 2459 esse
3099 2418 3205 2458 non
3236 2405 3463 2474 poterit,
3493 2406 3542 2462 si

1950 2496 2229 2565 quisquam
2280 2496 2605 2564 apostolicas
2655 2494 2868 2565 regulas
2916 2495 2971 2549 in
3028 2494 3206 2565 aliquo
3250 2496 3543 2555 crediderit

1950 2588 2316 2658 negﬁgendas.

2021 2680 2185 2753 72ἥ⁵
2206 2680 2337 2736 Car.
2371 2680 2482 2736 VIl.
2511 2678 2591 2735 De
2614 2680 2834 2735 concilio
2870 2680 3143 2751 quotannis
3189 2680 3372 2737 Roma
3415 2683 3544 2738 cele-

1950 2775 2166 2829 brando.
2196 2804 2269 2816 —
2297 2776 2475 2841 Quare
2503 2773 2630 2827 illud
2662 2774 2905 2840 primitus
2929 2788 3027 2841 pro
3053 2773 3290 2828 custodia
3322 2788 3544 2829 concor-

1948 2865 2187 2920 dissimac
2208 2866 2423 2919 unitatis
2444 2864 2729 2935 exigimus,
2753 2873 2831 2935 ut,
2855 2866 2977 2935 quia
3002 2865 3352 2920 saluberrime
3374 2881 3401 2920 a
3421 2882 3544 2922 san-

1948 2958 2051 3011 ctis
2080 2956 2325 3011 Patribus
2350 2953 2701 3011 constitutum
2729 2968 2830 3021 est,
2864 2956 3020 3010 binos
3049 2954 3103 3010 in
3134 2956 3291 3011 annis
3318 2956 3545 3026 singulis

1948 3049 2326 3119 episcoporum
2356 3047 2555 3103 debere
2585 3063 2705 3103 esse
2735 3057 3050 3115 conventus,
3083 3048 3217 3102 terni
3242 3062 3455 3119 semper
3474 3062 3544 3105 ex

1949 3146 2097 3197 vobis
2120 3151 2160 3180 ιη
2186 3142 2249 3195 ad
2280 3143 2421 3197 diem
2454 3141 2667 3196 tertium
2694 3140 2908 3196 kalend.
2941 3140 3161 3196 Octobr.
3188 3140 3408 3196 Romam
3440 3140 3545 3197 ira-

230 3232 456 3294 sanxit,
488 3234 701 3300 quando
726 3234 793 3289 de
820 3234 987 3291 latere
1017 3235 1186 3305 ipsius
1217 3236 1586 3305 proﬂuxerunt
1630 3239 1850 3307 sanguis
1876 3215 1921 3280 (ἶ
1954 3244 2108 3291 terno
2137 3233 2367 3289 concilio
2407 3232 2669 3299 sociandi,
2718 3231 3175 3287 indissimulanter
3216 3242 3541 3288 occurrant:

233 3327 662 3396 redemptionis,
695 3339 748 3382 et
775 3344 909 3398 aqua
951 3329 1290 3399 baptismatis
1330 3331 1516 3403 (Joan.
1571 3347 1690 3398 ιιι,
1731 3330 1845 3401 54).

232 3420 406 3477 Sicut
431 3432 559 3489 ergo
588 3427 742 3476 vetus
774 3430 1153 3477 testamentum
1194 3424 1317 3478 novi
1366 3423 1669 3479 testiﬁcatio
1707 3423 1842 3489 fuit,

233 3524 297 3569 et
325 3510 416 3565 lca:
439 3526 530 3579 per
561 3510 738 3567 Mosen
768 3515 893 3568 data
918 3525 1012 3581 est,
1042 3516 1210 3587 gratia
1248 3526 1412 3572 autetr
1450 3527 1499 3573 et
1536 3518 1722 3571 veritas
1764 3532 1852 3588 per

318 3699 350 3726 ι
381 3689 528 3745 Editi
551 3701 671 3749 ante
698 3693 897 3761 Quesn.
930 3710 1052 3752 cum
1083 3694 1212 3752 solis
1239 3696 1439 3753 nostris
1470 3709 1600 3751 mss.
1628 3694 1845 3751 collect.

233 3758 313 3815 24
345 3764 649 3817 remedium.

314 3832 460 3912 {De
494 3836 767 3912 Co::sec_r.,
796 3835 923 3892 dist.
954 3836 1011 3907 4,
1056 3838 1117 3895 Si
1154 3839 1271 3912 quis
1308 3846 1481 3893 autem
1524 3836 1754 3909 Epiph.;
1798 3846 1852 3892 et

235 3903 295 3957 in
338 3905 555 3959 Decret.
588 3921 659 3960 IV.
692 3908 729 3961 l.
765 3922 799 3961 ι.

318 3985 345 4014 ε
381 3975 673 4053 Exemplar
699 3977 823 4034 Vat.
856 3979 1095 4053 Dionysii
1124 3995 1246 4037 cum
1272 3981 1426 4051 Hisp.
1454 3980 1585 4037 Isid.
1623 3989 1678 4036 et
1710 3978 1841 4036 duo-

230 4043 345 4101 bu»
374 4043 656 4103 Cresconii
683 4064 841 4113 russ.,
874 4043 1150 4107 existimat.

311 4114 343 4153 ἀ
387 4118 521 4171 Vide
550 4132 660 4172 not.
689 4122 723 4176 ὅ
752 4123 952 4188 Qttesn.

314 4197 341 4224 ι’
378 4188 531 4243 Unus
561 4192 680 4247 cod.
721 4192 953 4251 Vercell.
982 4203 1036 4250 et
1063 4193 1184 4250 Vat.
1211 4194 1423 4249 collect.
1461 4195 1551 4259 ll,
1583 4207 1702 4249 cum
1736 4194 1850 4249 edi-

229 4262 307 4339 tis
351 4271 487 4314 ante
522 4261 865 4339 Quesnellum
893 4307 908 4331 ,
956 4283 1018 4339 ex
1065 4268 1417 4339 sanguittibus.
1471 4266 1591 4319 Mox
1645 4264 1844 4320 Veron.

226 4333 435 4408 Cresc.
469 4342 527 4387 et
560 4334 676 4408 Vat.
707 4335 924 4391 collect.
952 4338 1042 4407 2i,
1074 4355 1137 4392 ea:
1161 4333 1420 4408 ioluptnte
1446 4338 1639 4390 carnis.

314 4401 336 4440 ί
383 4405 711 4477 inserttimus
743 4401 1054 4473 particulam
1088 4418 1134 4462 et
1175 4424 1241 4463 ex
1284 4401 1411 4462 'Vat.
1458 4409 1588 4477 Reg.
1630 4408 1842 4464 collect.

229 4475 290 4550 j,
332 4491 405 4526 cs
445 4489 581 4550 puro
610 4476 827 4547 Dionys.
860 4478 1007 4543 Vat.,
1042 4495 1109 4535 ex
1138 4479 1361 4534 Vindeb.
1394 4475 1604 4534 collect.
1635 4481 1688 4545 5,
1720 4482 1843 4550 qui-

230 4545 345 4619 bus
377 4546 675 4619 conc-luunt
706 4545 927 4619 utraque
960 4566 1090 4605 mss.
1124 4552 1291 4619 iiisp.,
1329 4550 1469 4615 Vat.,
1503 4551 1627 4605 lsid.
1655 4561 1709 4605 et
1736 4545 1840 4606 duo

228 4615 413 4669 codd.
448 4616 747 4673 lirescmiii.
778 4615 1030 4674 Merlinus
1057 4637 1175 4676 cum
1206 4615 1306 4675 ms.
1339 4621 1455 4675 Vat.
1486 4622 1698 4677 collect.
1731 4622 1799 4677 24
1828 4664 1842 4688 ,

226 4690 377 4763 sicut
407 4690 570 4763 notuit
598 4691 914 4763 circumcidi.
946 4692 1112 4747 Paulo
1145 4702 1263 4762 post
1290 4694 1506 4763 quidam
1535 4693 1693 4748 codd.
1720 4709 1844 4749 cum

224 4760 644 4833 antiquioribus
675 4761 854 4826 editis,
884 4766 970 4817 sed
997 4760 1298 4833 adimplere.

308 4840 337 4877 s
370 4830 504 4903 Mss.
541 4830 678 4897 Vat,
717 4834 865 4903 llisp.
895 4849 956 4888 ac
985 4830 1149 4902 Isid,
1173 4846 1226 4891 et
1266 4834 1465 4890 Veron.
1505 4833 1684 4889 Cresc.
1721 4850 1842 4892 cum

221 4900 499 4976 lustr-llo,
530 4911 574 4955 et
620 4905 771 4959 sicut.
815 4900 1127 4961 'Vindebon.‘
1165 4907 1341 4976 Hisp.,
1390 4908 1521 4960 sicut
1567 4906 1841 4976 Apostolus

220 4976 304 5027 ait
334 4974 543 5026 dicens.

302 5042 338 5082 ιι
370 5044 515 5120 liditi
540 5053 664 5120 ante
679 5045 907 5120 Ducam,
934 5049 1005 5102 sic
1028 5048 1248 5103 diversa.
1277 5048 1413 5114 Mox,
1440 5049 1842 5120 prwformorunt

247 5119 413 5178 quod
436 5114 756 5186 Quesncllus
778 5120 1088 5174 retinuisset
1115 5121 1362 5186 libenter,
1396 5114 1494 5175 nisi
1521 5114 1840 5177 auctoritate

278 5186 514 5255 innys‘ti.
548 5185 721 5243 Cresc.
757 5200 809 5244 ct
837 5193 1073 5260 quinque
1104 5208 1230 5246 mss.
1264 5192 1689 5246 substituendum
1746 5208 1840 5261 pn—

218 5268 418 5313 tasset
444 5261 815 5328 reformarunt,
850 5264 921 5315 uti
958 5265 1159 5316 monuit
1199 5273 1312 5318 not.
1358 5262 1415 5331 4)
1458 5278 1556 5318 nos
1597 5264 1835 5318 restitui-

216 5344 475 5404 mus__ex
523 5334 976 5404 pragsmntissimis
1016 5335 1173 5388 codd.
1217 5334 1337 5389 Vat.
1380 5336 1512 5402 Heg.
1545 5336 1754 5389 collect.
1786 5342 1835 5404 1,

216 5402 347 5455 alio
374 5398 501 5453 Vat.
531 5402 743 5458 Collect.
784 5406 818 5457 5
860 5404 1084 5470 aliisque
1127 5407 1367 5472 pluribus
1414 5398 1569 5461 trium
1613 5398 1836 5460 aliarum

214 5473 625 5544 pollectipunm
654 5473 737 5536 ll,
764 5475 825 5527 21
860 5484 914 5527 et
941 5476 1033 5537 24,
1062 5476 1254 5544 quibus
1286 5477 1426 5532 favet
1452 5483 1612 5531 etiam
1648 5476 1835 5531 Vinde-

212 5542 371 5598 δοῦ.
399 5543 613 5619 Collect.
638 5545 691 5619 5,
718 5548 768 5599 in
791 5561 900 5615 quo
920 5542 1093 5615 prima
1113 5564 1272 5602 manu
1295 5558 1412 5603 erat
1431 5549 1643 5618 quidem
1666 5551 1834 5619 refor-

212 5625 494 5678 mant;
525 5616 617 5669 sed
644 5618 711 5671 ab
738 5631 957 5686 antiquo
982 5622 1316 5686 ainanuensi,
1340 5622 1429 5686 qui
1453 5616 1691 5675 codicem
1714 5616 1835 5675 eum

212 5686 350 5743 alio
388 5687 670 5764 vetustiori
702 5686 947 5764 contulit,
983 5692 1322 5764 emendatum
1355 5691 1452 5746 fuit
1497 5694 1838 5764 performanc-

210 5768 386 5823 που.
419 5756 549 5812 Post
575 5774 740 5827 anCa
770 5761 982 5823 quidam
1010 5761 1223 5819 codices
1250 5774 1459 5827 peccata
1487 5756 1689 5817 mundi.

236 5834 241 5837 '
317 5828 338 5868 ἰ
376 5828 498 5883 Duo
520 5828 741 5886 codices
771 5829 916 5887 Vatt.
944 5834 1159 5890 collect.
1207 5828 1299 5895 21.
1350 5836 1656 5890 doctrinam.
1702 5832 1838 5891 Vide

1955 3328 2228 3399 quoniam,
2256 3326 2542 3396 adjuvante
2566 3326 2737 3395 gratia
2760 3325 2875 3391 Dei,
2910 3324 3116 3379 facilius
3143 3326 3336 3395 poterit
3364 3325 3543 3395 provi-

1953 3421 2066 3477 deri
2096 3429 2150 3475 ut
2183 3420 2235 3473 in
2268 3418 2523 3473 Ecclesiis
2551 3418 2743 3473 Christi
2784 3417 2929 3472 nulla
2961 3416 3246 3480 scandala,
3278 3415 3411 3471 nulli
3447 3431 3543 3471 na-

1951 3524 2170 3569 scantur
2200 3525 2437 3577 errores,
2469 3524 2589 3564 cum
2618 3523 2801 3565 coram
2832 3508 3145 3565 beatissimo
3172 3506 3415 3579 apostolo
3445 3507 3542 3567 Pc-

1957 3702 2071 3748 not.
2104 3694 2137 3747 5
2161 3695 2361 3763 Quesn.

2033 3766 2048 3816 i
2085 3766 2219 3822 Vide
2247 3776 2359 3821 not.
2390 3764 2425 3820 6
2454 3763 2657 3833 Quesn.

2026 3833 2055 3873 ¹ι
2090 3838 2162 3892 lie
2188 3830 2626 3905 Consecr.,'dist.
2656 3832 2714 3897 4,
2745 3830 2862 3905 Quo
2889 3839 3138 3903 tempora,
3167 3846 3218 3905 cf.
3254 3832 3340 3889 12.

2029 3905 2049 3945 ¹
2083 3907 2159 3962 De
2185 3902 2465 3971 Conscen,
2498 3908 2625 3961 dist.
2654 3906 2708 3967 4,
2743 3902 2857 3957 Hoc
2882 3914 3078 3966 vestra,
3110 3918 3158 3957 c.
3189 3904 3274 3957 10.

2029 3989 2069 4017 ιιι
2096 3979 2416 4047 Quesnellus
2446 3979 2498 4034 in
2530 3978 2771 4047 margine
2798 3975 2869 4029 ad
2898 3976 3032 4027 diem
3066 3990 3163 4047 snt
3202 3974 3303 4029 kal.
3332 3975 3537 4032 Octobr.

1952 4068 2017 4108 ex
2051 4046 2259 4104 duobus
2288 4050 2446 4106 codd.
2476 4064 2609 4120 quos
2635 4046 2756 4103 esse
2784 4047 2991 4120 Timon.
3019 4060 3080 4120 ac
3102 4046 3537 4120 Trecopithtean.

1951 4124 2162 4179 collect.
2183 4120 2216 4173 5
2236 4116 2534 4190 colligimus
2560 4136 2622 4174 ex
2645 4128 2829 4173 nostro
2846 4116 3148 4190 Vindebon.
3168 4117 3407 4185 ejusdem
3429 4121 3539 4174 col-

1951 4194 2223 4255 lectionis,
2248 4192 2338 4261 qui
2364 4186 2509 4245 solus
2531 4191 2776 4245 similiter
2800 4190 3031 4261 praefert.
3061 4186 3385 4261 sequentem
3410 4205 3543 4246 vero

1951 4275 2153 4320 textum
2188 4258 2468 4318 immutare
2496 4262 2765 4316 noluimus
2788 4262 2854 4315 ob
2879 4258 3115 4330 Dionysii
3141 4262 3536 4330 auctoritatem,

1950 4353 2108 4405 quam
2141 4350 2330 4389 omnes
2356 4334 2513 4388 codd.
2546 4333 2822 4398 Hadriam,
2852 4328 3175 4405 llisp.,lsid.
3205 4328 3538 4401 aliarumque

1950 4401 2307 4478 posteriorum
2340 4404 2719 4478 coliecuionum
2750 4403 2916 4478 secuti
2948 4410 3093 4455 sunt.
3123 4401 3389 4478 Caeterum
3431 4414 3539 4478 tres

1948 4471 2335 4547 antiquissima:
2367 4476 2713 4531 colli-ctiOucs
2742 4474 3164 4547 additamentum
3199 4471 3416 4547 habent,
3443 4475 3536 4547 sed

1951 4544 2182 4603 lectione
2199 4548 2583 4610 aliquantulum
2603 4547 2927 4613 diserepant.
2950 4544 3064 4597 Duo
3083 4544 3353 4609 Quesnelii
3375 4544 3533 4601 codd.

1950 4622 2161 4676 Thuan.
2186 4632 2238 4674 et
2267 4619 2698 4685 Trecopithman.
2724 4619 2937 4669 collect.
2974 4617 3005 4669 5
3036 4624 3155 4682 post
3186 4628 3345 4669 voces
3375 4616 3538 4671 indis-

1947 4694 2253 4746 simulanter
2279 4701 2550 4743 occurrant
2581 4688 2804 4750 addunt,
2831 4686 3118 4753 Qucsnollo
3150 4694 3313 4751 teste,
3346 4696 3393 4740 et
3429 4687 3539 4742 hth

1947 4779 1981 4818 a
2000 4763 2139 4816 vobis
2159 4762 2472 4816 consuetudo
2494 4770 2739 4814 servetur.
2758 4759 2952 4813 Noster
2969 4757 3270 4810 Vindelmn.
3296 4757 3535 4824 ejusdem

1946 4834 2319 4890 collectionis:
2354 4833 2530 4886 Romi:
2568 4833 2794 4900 fraterno
2838 4830 3055 4882 concilio
3098 4827 3539 4883 indissimulanter

1948 4912 2239 4968 occurrant,
2271 4913 2319 4957 et
2342 4920 2539 4975 perivos
2578 4904 2693 4975 lucc
2732 4903 3333 4975 cons_uetudo_scrvetur.
3388 4902 3528 4975 Ideni

1948 4975 2109 5032 habet
2132 4976 2254 5031 cod.
2283 4971 2403 5029 νεα.
2437 4974 2569 5043 Reg.
2598 4974 2809 5028 collect.
2842 4971 2891 5038 1,
2915 4982 2969 5025 et
2992 4971 3164 5025 solum
3188 4986 3284 5040 per
3307 4974 3537 5024 oscitan-

1950 5049 2075 5102 tiam
2110 5045 2311 5101 librarii
2339 5047 2552 5100 omissa:
2583 5045 2800 5099 fuerunt
2828 5057 2989 5098 voces
3030 5051 3304 5095 occurrant
3335 5051 3389 5096 et
3426 5057 3533 5109 per.

1946 5118 2067 5173 Vat.
2103 5121 2314 5175 collect.
2349 5120 2382 5175 5
2410 5119 2567 5186 paulo
2612 5115 2984 5170 dissimiliter:
3030 5113 3098 5167 ad
3135 5114 3279 5186 diem
3323 5127 3380 5166 tn
3619 5105 3629 5139 ·’

1949 5190 2156 5245 Octobr.
2198 5190 2377 5243 Roma
2410 5182 2687 5241 occurrant
2727 5188 2953 5252 fraterno
2980 5182 3216 5249 concilio,
3249 5192 3297 5235 et
3326 5182 3537 5236 indissi-

1944 5263 2198 5315 mulunter
2222 5278 2253 5313 a
2280 5260 2416 5313 vobis
2439 5258 2547 5312 hac
2572 5260 2882 5313 consuetudo
2902 5266 3145 5311 servetur.
3174 5255 3377 5322 Vulgati
3404 5267 3537 5321 quo-

1942 5348 2047 5403 que
2076 5342 2199 5387 ante
2227 5334 2425 5406 Quesn.
2456 5344 2743 5406 cumutnss.
2787 5329 2998 5384 collect.
3040 5327 3143 5406 ξιτ.
3172 5326 3386 5406 Romam
3410 5327 3536 5406 fra-

1945 5397 2089 5459 terno
2127 5404 2338 5459 concilio
2377 5402 2605 5477 sociandi
2635 5410 2928 5477 occurrant,
2959 5407 3007 5477 et
3031 5397 3473 5477 indissimulauter
3499 5411 3531 5447 a

1943 5476 2085 5549 nobis
2103 5478 2209 5529 hozc
2228 5475 2539 5549 consuetudo
2560 5482 2799 5549 seruetur.
2832 5472 3007 5526 Editiu
3031 5467 3254 5549 iflicolini
3281 5467 3333 5520 in
3362 5473 3532 5532 textu,

1942 5554 2000 5621 et
2024 5547 2141 5621 alia}
2171 5547 2439 5621 nonnullae
2468 5545 2536 5599 ad
2567 5544 2886 5611 marginem,
2917 5544 3189 5621 nescimus
3210 5552 3276 5592 ex
3306 5552 3413 5621 quo
3442 5551 3536 5619 c.0-

1942 5616 2085 5686 dice,
2116 5617 2555 5671 indissimulanter
2582 5610 2893 5670 concurrant
2915 5628 2934 5667 .'
2951 5610 3094 5686 quod
3116 5610 3289 5677 utique
3315 5610 3537 5686 laborio-

1942 5706 2057 5743 sum
2072 5679 2184 5761 non
2215 5690 2389 5761 esthi
2419 5689 2652 5761 vicissim
2671 5689 2813 5761 inter
2832 5702 2919 5740 vos
2941 5679 3393 5761 ft_arc.consu‘ctudo
3414 5694 3533 5761 ser-

1942 5769 2106 5816 uetur.
2139 5759 2271 5816 Cod.
2299 5751 2524 5815 Vercell.
2553 5757 2904 5823 etJustelius,
2947 5751 3173 5811 lectione
3213 5751 3536 5825 Dionysiana

1945 5840 2184 5904 recepta,
2213 5830 2411 5889 habent
2436 5836 2760 5887 concurrant.
