4020 6352
354 289 459 360 705

1726 306 2061 372 EPiSTOLA
2101 310 2287 373 XVIII.

3543 308 3653 375 706

351 423 641 479 rimoniam
688 423 743 478 in
772 430 959 481 sancta
994 420 1201 497 synodo
1228 467 1242 492 ,
1287 426 1373 482 cui
1407 428 1858 500 praesidebamus,
1891 432 1959 489 de
1986 435 2036 494 Α
2063 448 2294 503 cumque
2323 431 2527 488 ordinis
2556 430 2763 499 clerici,
2805 448 2897 504 qun
2935 430 3339 489 eonniventiam
3376 433 3430 488 in
3464 432 3652 490 Eccle-

354 518 717 588 usurpatione
761 520 961 591 prioris
1021 519 1263 591 episcopi
1308 520 1634 577 detulerunt.
1697 525 1959 592 Quamvis

348 624 487 681 ergo
542 618 567 647 α
611 611 726 681 jam
773 612 1078 668 ordinatum
1125 629 1157 669 a
1197 613 1353 670 nobis
1394 614 1464 670 sit
1503 616 1957 686 quemadmodum

349 702 647 773 utriusque
676 704 941 761 Ecclesia:
967 706 1285 763 utilitatibus
1313 708 1648 780 consulatur,
1686 727 1751 765 ne
1776 720 1956 768 tamen

351 797 463 851 hoc
493 798 860 867 perniciosum
912 801 1263 872 nequissimae
1306 802 1727 871 depraedationis
1772 820 1957 860 exem-

348 889 507 958 plum
537 891 791 962 cuiquam
820 894 1043 963 posthac
1075 894 1168 950 fiat
1216 896 1498 962 imitabile,
1529 896 1671 952 hanc
1700 899 1956 969 praecepti

356 984 536 1038 nostri
582 982 811 1040 formam
856 986 998 1058 apud
1047 986 1390 1044 dilectionem
1435 1000 1669 1044 vestram
1703 991 1956 1047 volumus

344 1086 478 1129 esse
522 1084 879 1145 perpetuam:
908 1093 1013 1149 qua
1040 1078 1069 1117 δ
1096 1080 1215 1135 sine
1266 1090 1288 1120 ο
1330 1080 1655 1150 exceptione
1701 1082 1955 1139 decerni-

345 1182 477 1223 mus
507 1177 567 1223 ut
610 1184 679 1225 ne
725 1170 847 1241 quis
889 1172 1178 1243 episcopus
1225 1172 1293 1229 de
1336 1174 1593 1230 Ecclesiae
1638 1190 1750 1231 sua:
1793 1177 1957 1232 rebus

344 1259 554 1316 audeat
597 1262 889 1334 quidquam
935 1266 1024 1321 vel
1076 1266 1298 1333 donare,
1353 1268 1437 1323 vel
1482 1279 1840 1338 commutare,
1872 1270 1957 1325 vel

348 1354 629 1420 vendere;
670 1357 773 1413 nisi
798 1360 936 1415 forte
964 1360 1035 1415 ita
1063 1361 1264 1431 aliquid
1296 1361 1485 1417 horum
1517 1364 1697 1429 faciat,
1731 1374 1789 1420 ut
1831 1381 1950 1421 me-

343 1447 497 1504 liora
525 1451 838 1521 prospiciat,
880 1461 935 1508 et
961 1450 987 1490 ἀ
1020 1468 1142 1508 eum
1176 1454 1337 1509 totius
1368 1455 1500 1512 cleri
1532 1466 1762 1512 tractatu
1792 1468 1953 1527 atque

344 1556 630 1597 consensu
676 1543 728 1599 id
772 1544 961 1614 eligat,
1015 1544 1156 1615 quod
1194 1561 1299 1601 non
1330 1547 1400 1601 sit
1444 1548 1664 1603 dubium
1694 1548 1953 1604 Ecclesiae

339 1632 717 1703 profuturum.
744 1634 877 1691 Nam
906 1635 1233 1708 presbyteri,
1266 1638 1354 1693 vel
1383 1638 1616 1708 diaconi,
1651 1647 1745 1696 aut
1772 1638 1954 1710 cujus-

2060 525 2158 580 size
2182 524 2379 581 damna
2409 525 2746 592 miscuerint,
2778 526 2952 582 sciant
2975 540 3033 582 se
3067 536 3089 563 °
3122 535 3175 582 et
3202 524 3393 581 ordine
3423 534 3477 582 et
3504 540 3652 581 eom-

2063 616 2319 673 munione
2362 618 2653 688 privandos
2686 636 2700 674 :
2735 619 2859 690 quia
2910 620 3124 689 plenum
3150 618 3375 689 justitize
3410 628 3511 686 est,
3548 618 3652 673 fra-

2066 720 2175 765 tres
2204 710 2530 778 charissimi,
2566 722 2624 765 ut
2655 728 2760 767 non
2808 713 2984 769 solum
3040 713 3312 783 episcopi,
3365 712 3459 768 sed
3491 712 3652 767 etiam

2063 803 2229 858 totius
2278 804 2410 858 cleri
2454 805 2618 876 729
2667 804 2868 867 studio.
2925 803 3362 861 fecclesiasticae
3411 804 3652 859 utilitatis

2063 896 2399 951 incrementa
2456 906 2761 963 serventur,
2823 907 2877 953 et
2929 912 3116 952 eorum
3176 913 3398 951 munera
3451 896 3651 951 illibata

2062 1000 2456 1061 permaneant,
2506 1000 2531 1038 ε
2578 992 2667 1061 qui
2719 1007 2814 1061 pro
2866 993 3166 1046 animarum
3213 1006 3431 1046 suarum
3479 990 3656 1046 saluto

2062 1086 2338 1154 propriam
2385 1084 2742 1139 substantiam
2794 1084 3055 1140 Ecclesiis
3101 1085 3466 1140 contulerunt.
3520 1083 3648 1139 Data

2062 1181 2093 1217 ιι
2127 1194 2205 1234 xu
2237 1178 2453 1236 kalend.
2482 1179 2820 1247 Novembris,
2848 1179 3066 1250 Calepio
3094 1196 3146 1237 v.
3170 1194 3220 1236 c.
3251 1195 3402 1237 cons.

2554 1340 2891 1397 EPISTULA
2925 1342 2937 1377 ί
2978 1340 3140 1395 XVIII

2245 1455 2258 1503 «I
2309 1470 2377 1509 AD
2409 1470 2703 1511 JANUARIUM
2750 1470 3041 1510 EPISCOI‘L‘M
3064 1470 3466 1519 AQUILEIENSEH.

2062 1567 2089 1606 ιι
2115 1568 2363 1624 vaorsrs
2394 1569 2493 1637 (Ex
2532 1569 2786 1641 DiOnysio
2819 1570 3070 1640 Exiguo).
3094 1601 3164 1611 —
3195 1570 3344 1635 Quod
3372 1570 3537 1626 omnis
3559 1588 3647 1625 cu-

2125 1642 2339 1713 juslibet
2385 1641 2581 1695 ordinis
2633 1642 2876 1707 clericus,
2927 1643 3013 1711 qui
3055 1642 3363 1697 catholicam
3390 1643 3645 1709 deserens,

340 1840 539 1917 ﬁrmat
562 1840 718 1896 etiam
752 1842 870 1917 Vat.
906 1842 1070 1917 5845,
1104 1844 1195 1915 qui
1233 1860 1447 1917 causam
1481 1844 1759 1912 omittens,
1792 1859 1950 1899 accu-
1979 1848 2028 1909 B
2054 1845 2321 1901 bonorum
2356 1822 2637 1912 Ecclesiae,
2679 1861 2745 1902 ex
2772 1861 2875 1917 qua
2904 1844 3191 1916 plurimum
3225 1845 3408 1901 damni
3452 1845 3502 1900 in
3552 1846 3643 1901 Ec-

341 1914 594 1985 saﬁtivum
620 1914 1011 1985 querimoniam
1060 1916 1247 1985 exigit.
1281 1916 1503 1970 Vossius
1533 1932 1652 1970 cum
1683 1932 1814 1971 mss.
1846 1917 1945 1971 Ot-

338 1984 473 2059 μοι).
520 1992 572 2059 et
616 1984 735 2059 Vat.
795 1984 975 2059 1555,
1025 1988 1107 2040 cui
1150 1984 1364 2059 praeesse
1412 1987 1743 2059 debebamus
1776 1989 1945 2043 textui

336 2056 613 2127 inseruit:
658 2057 710 2109 in
759 2056 1001 2125 margine
1050 2056 1228 2113 autem
1276 2060 1502 2120 notavit,
1549 2060 1691 2127 quod
1735 2058 1786 2114 iu
1821 2060 1945 2115 aliis

333 2126 605 2179 omnibus
635 2142 764 2183 mss.
798 2128 1119 2197 reperimus,
1156 2130 1237 2183 cui
1264 2126 1684 2197 prtesidebamus.
1720 2130 1949 2185 I’rreter-

332 2212 417 2251 ea
462 2198 576 2269 duo
631 2200 847 2254 codices
880 2215 976 2269 pro
1007 2201 1072 2254 de
1096 2202 1429 2269 usurpatione
1456 2200 1657 2256 habent
1702 2202 1765 2254 de
1794 2220 1943 2255 usur-

332 2267 667 2335 patiouibus.
696 2267 969 2341 Synodiim
997 2272 1150 2338 cujus
1188 2267 1289 2327 huc
1323 2272 1442 2326 loco
1466 2271 1525 2326 ﬁt
1553 2273 1758 2328 mentio
1791 2275 1946 2328 habi-

335 2350 468 2394 tam
513 2342 782 2396 credimus
826 2357 882 2396 Ill
909 2342 1016 2397 Ital.
1066 2343 1313 2409 Octobr.,
1356 2343 1613 2413 illamque
1662 2343 1829 2398 fuisse
1877 2346 1945 2401 ad

332 2427 518 2480 quam
551 2414 686 2467 terni
718 2429 783 2468 ex
816 2414 1001 2468 Sicilia
1029 2415 1268 2484 episcopi
1307 2429 1596 2471 occurrere
1639 2416 1941 2484 debebant,

332 2484 436 2537 uti
466 2499 530 2556 ex
562 2485 886 2555 praecedenti
920 2487 1144 2554 epistola
1170 2502 1216 2538 c.
1246 2487 1277 2539 7
1308 2486 1493 2556 liquet.

432 2564 456 2592 ι
495 2554 763 2627 Particula
779 2559 895 2627 jam
926 2556 1223 2626 adjicienda
1253 2554 1440 2612 fuit—ex
1476 2559 1943 2627 prmstantiorihus

327 2642 485 2681 mss.
521 2626 638 2682 Vat.
668 2626 809 2682 5845
831 2639 885 2682 et
912 2628 1172 2683 Valliccll.
1207 2644 1269 2683 ac
1300 2626 1589 2692 GerhOho;
1631 2630 1942 2685 decretum-

328 2712 460 2767 que
477 2700 593 2769 jam
623 2699 683 2771 in
710 2699 949 2753 Romana
979 2700 1187 2771 synodo
1216 2700 1381 2754 latum
1430 2701 1649 2755 indicat.
1696 2702 1809 2755 lloc
1850 2718 1947 2757 au-

329 2778 466 2841 tem
520 2770 786 2839 peculiare
832 2770 1028 2826 Leonis
1060 2771 1338 2825 decretum
1372 2786 1470 2841 pro
1496 2772 1943 2829 Taurominitana

326 2852 403 2895 et
437 2840 814 2896 Panormitana
845 2843 1101 2897 Ecclesiis
1132 2840 1492 2907 desideratur,
1528 2852 1588 2897 ut
1618 2844 1812 2898 desunt
1841 2847 1941 2900 alia

326 2911 521 2966 multa
558 2912 751 2968 Leonis
788 2915 1084 2969 celebriora
1127 2931 1140 2968 :
1172 2923 1226 2968 et
1251 2915 1423 2968 solum
1454 2913 1558 2969 hoc
1595 2916 1847 2983 generale
1875 2919 1943 2972 ad

326 2984 632 3039 universos
679 2984 889 3040 Siculos
928 2987 1200 3040 decretum
1260 2986 1328 3041 ab
1376 2998 1596 3040 auctore
1643 2987 1858 3041 collect.
1910 2994 1945 3043 8

328 3055 514 3111 nobis
538 3068 911 3110 conservatum
943 3057 1064 3110 fuit.
1099 3057 1151 3111 Id
1180 3068 1359 3111 autem
1386 3056 1453 3111 ad
1482 3057 1761 3126 cujusdam
1796 3059 1944 3124 Que-

324 3127 628 3182 snelliante
643 3127 961 3196 objectiouis
991 3128 1414 3184 imbecillitatem
1440 3130 1831 3186 ostendendam
1853 3131 1941 3186 in-

323 3198 638 3255 dieandum
667 3198 860 3254 fuerat.

424 3269 451 3309 ι)
493 3271 581 3343 εἰ,
607 3286 699 3341 qu.
728 3269 782 3335 2,
815 3286 935 3341 cap.
971 3271 1098 3328 Sine
1123 3272 1442 3343 exceptione.

428 3352 451 3414 ς
493 3341 612 3414 Duo
635 3342 793 3397 codd.
824 3358 946 3398 cum
974 3341 1256 3407 Gerhoho,
1282 3344 1390 3396 sine
1419 3345 1811 3414 exspectatione.

424 3410 452 3486 fl
492 3413 637 3468 lnter
677 3428 913 3486 canones
959 3415 1051 3485 qui
1088 3415 1319 3470 concilio
1364 3429 1416 3469 tv
1442 3410 1849 3486 Carthaginiensi
1884 3418 1937 3473 in

324 3484 673 3557 collectione
718 3484 1050 3556 Hispanica,
1100 3494 1157 3540 et
1198 3485 1393 3557 exinde
1451 3486 1506 3540 in
1554 3484 1781 3557 vulgatis
1837 3490 1935 3542 tri-

324 3556 609 3618 buuntur,
657 3557 744 3613 hic
788 3568 872 3613 est
916 3571 1090 3630 canon
1117 3558 1227 3611 52:
1264 3556 1426 3611 Irrita
1456 3560 1549 3611 erit
1578 3556 1786 3612 donatio
1831 3561 1939 3630 epi-

324 3643 654 3694 scOporum,
701 3630 779 3683 vel
826 3628 1079 3691 venditio,
1118 3629 1194 3683 vel
1224 3630 1556 3682 commutatio
1597 3633 1669 3683 rei
1701 3628 1940 3684 ecclesia-

325 3699 496 3771 stica
525 3700 709 3771 absque
750 3701 1076 3771 rconnivcntia
1105 3710 1153 3753 et
1197 3701 1567 3769 subscriptione
1612 3702 1934 3755 clericorum.

328 3770 511 3826 Licet
539 3770 715 3826 autem
744 3770 797 3826 hi
827 3787 1067 3827 canones
1103 3772 1451 3841 probabiliter
1493 3786 1597 3825 non
1647 3774 1756 3827 sint
1799 3773 1938 3827 Car-

332 3842 687 3912 thaginensis
716 3844 956 3911 concilii,
988 3844 1191 3911 antiqui
1237 3853 1413 3896 tamen
1443 3852 1586 3908 sunt,
1618 3852 1673 3898 et
1704 3845 1753 3897 in
1787 3855 1937 3899 vetu-

328 3914 607 3969 stissimis
632 3930 763 3969 mss.
786 3914 1193 3970 collectiOnibus
1216 3912 1532 3968 Corbeiensi
1561 3914 1616 3980 2,
1644 3914 1936 3971 Barberina

329 3984 405 4048 5,
450 3984 678 4054 aliisque
709 3988 872 4041 etiam
901 3984 1466 4056 Gallicanisﬂdiversae
1508 3986 1734 4055 originis
1784 4002 1937 4056 repe-

327 4056 572 4127 riuntur
596 4072 714 4111 eum
761 4058 915 4112 titulo
946 4058 1155 4113 Statuta
1186 4055 1431 4110 Ecclesiae
1474 4058 1708 4127 antiqua.
1750 4067 1802 4113 et
1829 4058 1935 4113 alio

328 4126 550 4182 ordine
594 4128 685 4183 ille
740 4144 913 4184 canon
970 4139 1053 4184 est
1098 4126 1603 4197 quinquagesimus.
1650 4129 1707 4185 ld
1754 4139 1934 4185 autem

325 4198 592 4253 ostendit
634 4198 770 4255 hanc
810 4201 1061 4255 Ecclesiae
1105 4199 1439 4267 disciplinam
1472 4214 1593 4269 quae
1630 4201 1697 4255 ad
1734 4200 1936 4256 aliena-

324 4272 559 4324 tionem
604 4272 868 4325 bonorum
902 4271 1161 4326 Ecclesia:
1200 4271 1329 4326 cleri
1358 4284 1684 4325 consensum
1719 4282 1773 4327 et
1802 4274 1933 4328 sub-

324 4341 671 4414 scriptiones
718 4344 1043 4414 requirebat.
1077 4357 1185 4396 non
1233 4356 1354 4397 esse
1399 4342 1715 4410 posterioris
1758 4351 1813 4398 et
1842 4359 1932 4399 re-

323 4413 616 4469 missioris
643 4415 765 4479 aevi,
820 4415 893 4469 uti
920 4415 1240 4481 Quesnellus
1286 4414 1575 4481 opposuit,
1623 4429 1687 4468 ac
1734 4416 1776 4469 si
1834 4414 1935 4471 hoc

324 4486 627 4540 decretum
656 4485 827 4540 Leoni
858 4500 1055 4556 magno
1101 4487 1391 4539 convenire
1436 4500 1543 4539 non
1576 4487 1763 4552 possit.
1813 4485 1935 4541 Sta-

323 4566 458 4610 tuta
490 4557 576 4610 illa
601 4558 813 4625 antiqua
839 4573 903 4612 ex
927 4555 1242 4626 antiquitate
1264 4557 1497 4624 ipsarum
1528 4556 1929 4624 collectionum,

2053 1917 2272 1972 Clesiqu
2309 1917 2518 1971 redibat
2540 1917 2563 1971 ?

2073 2030 2081 2038 .
2135 1987 2153 2027 τ
2197 1989 2330 2044 Cod.
2364 1988 2626 2043 Valliccll.
2670 1999 2727 2045 et
2754 1989 3039 2046 Gcrholius
3075 1990 3422 2043 ecclesiastica
3452 1988 3648 2044 utilitas

2051 2061 2353 2114 intemerata
2399 2072 2644 2115 servetur.
2696 2060 2807 2115 Vox
2859 2062 3160 2116 intemerata
3204 2076 3301 2131 pro
3338 2064 3648 2117 incrementa

2052 2144 2133 2187 est
2164 2134 2363 2201 pariter
2394 2132 2446 2186 in
2479 2132 2691 2187 duobus
2716 2133 2837 2187 aliis
2869 2148 2996 2188 mss.

2128 2214 2152 2251 Β
2184 2204 2473 2258 Prtemissa
2497 2219 2598 2258 vox
2626 2221 2800 2258 eorum
2830 2206 2992 2274 exigit
3025 2206 3132 2275 qui,
3165 2221 3270 2259 non
3318 2222 3449 2275 quur,
3498 2215 3555 2260 ut
3594 2204 3648 2264 iu

2056 2274 2211 2344 Vulg.
2237 2277 2482 2339 habetur,
2504 2277 2640 2330 sicut
2662 2287 2714 2330 et
2738 2278 2787 2331 in
2812 2277 3079 2343 aliquibus
3102 2278 3259 2331 codd.
3280 2274 3356 2333 sic
3380 2294 3394 2332 :
3418 2293 3531 2347 quae
3553 2293 3647 2347 pro

2052 2348 2344 2419 nuntiarunt
2369 2364 2580 2419 suarum
2608 2349 2775 2402 salute
2806 2348 2983 2416 ﬁdeles
3031 2351 3093 2402 de
3121 2351 3329 2419 propria
3357 2351 3647 2403 substantia

2051 2417 2295 2471 Ecclesiis
2336 2418 2681 2472 contulerunt.
2730 2420 2803 2472 lix
2861 2419 2977 2474 Vat.
3024 2419 3165 2474 5845
3212 2417 3265 2475 et
3295 2436 3358 2475 cx
3390 2420 3644 2476 Gerbolto

2050 2488 2352 2543 delevimus
2380 2489 2557 2557 ﬁdeles
2579 2491 2661 2556 de,
2691 2499 2743 2544 ct
2772 2492 3089 2559 scripsimus
3117 2493 3381 2561 propriam
3402 2494 3641 2546 substan-

2050 2562 2196 2623 tiam,
2232 2561 2375 2628 quod
2410 2562 2654 2615 ultimum
2686 2564 2845 2615 etiam
2875 2562 3066 2629 legitur
3095 2565 3143 2615 in
3177 2578 3281 2616 ius.
3318 2562 3547 2618 Vercell.

2121 2630 2148 2668 ¹ι
2180 2632 2319 2686 Editi
2346 2647 2398 2685 χι
2442 2632 2546 2686 kal.
2584 2631 2908 2699 Novembris,
2952 2633 3109 2687 nullis
3138 2635 3337 2687 nostris
3365 2634 3641 2691 codicibus

2050 2702 2487 2774 suifragantibus,
2531 2705 2694 2757 immo
2734 2707 2894 2759 etiam
2947 2704 3255 2770 refragante
3300 2704 3478 2759 Vossii
3519 2707 3639 2760 edi-

2052 2776 2216 2838 tione,
2247 2791 2386 2844 qum,
2412 2785 2469 2829 ut
2515 2777 2565 2829 in
2596 2790 2724 2830 mss.
2768 2776 2947 2839 habet,
2988 2792 3058 2830 xu
3091 2775 3195 2830 kal.
3257 2775 3531 2830 Norembr.
3584 2777 3640 2833 ln

2048 2846 2256 2931 duobus
2279 2845 2672 2931 antiquioribus
2703 2847 2873 2931 codd.“
2894 2862 2992 2915 pro
3023 2846 3157 2931 pata
3205 2848 3399 2931 legitur
3449 2846 3642 2904 Danda

2048 2918 2141 2971 sub
2165 2919 2247 2972 die
2276 2934 2347 2971 xu
2370 2918 2476 2971 kal.
2504 2917 2665 2987 Nom,
2695 2934 2813 2987 qutc
2850 2919 3076 2973 formula
3102 2935 3227 2972 num
3261 2917 3485 2975 innuere
3515 2935 3642 2989 pos~

2048 2992 2117 3043 sit
2147 2991 2249 3045 hoc
2281 2991 2481 3055 pariter
2501 2991 2753 3059 generale
2801 2990 2995 3044 Leonis
3053 2990 3330 3046 decretum
3378 2991 3639 3046 constitu-

2051 3068 2159 3114 tum
2194 3062 2356 3115 fuisse
2385 3061 2437 3114 in
2470 3062 2675 3133 synodo
2698 3070 2881 3115 coacta
2921 3078 2977 3116 Ill
3018 3061 3126 3117 Ital.
3154 3061 3422 3127 Octobris,
3455 3063 3505 3116 in
3537 3078 3640 3133 qua

2048 3133 2321 3187 decretum
2372 3132 2697 3201 particulare
2738 3148 2836 3202 pro
2896 3134 3151 3190 Ecclesiis
3193 3134 3635 3189 ‘I‘aurominitana

2000 3214 2099 3267 tet
2146 3203 2525 3258 Panormitana
2570 3204 2771 3258 editum
2808 3205 2922 3269 luit,
2977 3208 3045 3259 ita
3079 3214 3139 3259 ut
3186 3204 3410 3260 formula
3443 3204 3633 3259 Danda

2047 3277 2140 3328 sub
2169 3276 2250 3329 die
2274 3277 2515 3344 apposita
2550 3276 2709 3331 fuerit
2752 3276 2821 3330 ob
2870 3276 3210 3330 indicandum
3267 3277 3408 3330 diem
3451 3289 3639 3345 postea

2048 3346 2432 3415 adjiciendum,
2488 3362 2608 3401 cum
2646 3348 2872 3415 cpistola
2912 3348 3247 3411 mitteretur,
3289 3349 3517 3403 aliorum
3552 3348 3637 3417 ju-

2043 3418 2184 3472 dicio
2212 3418 2569 3472 decidendum
2596 3420 2968 3489 relinquimus.
3017 3420 3263 3489 Plerique
3290 3434 3420 3474 mss.
3474 3419 3636 3476 codd.

2043 3504 2166 3543 cum
2208 3490 2366 3544 editis
2390 3490 2589 3544 habent
2625 3489 2845 3559 Calipio,
2871 3490 2964 3545 sed
2988 3492 3320 3560 prtetulimus
3342 3490 3628 3547 lectionem

2043 3560 2246 3615 codicis
2288 3561 2404 3614 Vat.
2439 3561 2719 3623 Ottobon,
2752 3561 2981 3629 Calepio,
3010 3578 3169 3632 quam
3210 3562 3472 3618 veriorem
3506 3578 3635 3632 pro-

2042 3633 2283 3687 bavimus
2305 3643 2488 3686 annot.
2520 3632 2589 3687 85
2614 3632 2763 3703 (692,
2790 3633 2837 3703 i)
2864 3638 2912 3687 in
2936 3635 3091 3703 epist.
3119 3633 3205 3689 l5.
3233 3633 3414 3703 Neque
3436 3636 3634 3690 miruut

2041 3704 2109 3757 sit
2141 3704 2280 3771 quod
2305 3704 2494 3758 unicus
2532 3704 2719 3759 consul
2749 3705 2997 3773 Calepius
3044 3705 3348 3759 nominetur
3382 3706 3498 3760 sine
3532 3708 3634 3761 Ar-

2040 3775 2242 3848 dabure
2262 3776 2603 3848 collega,qui
2645 3776 2700 3831 in
2740 3778 2952 3832 caeteris
3004 3776 3161 3847 hujus
3218 3776 3344 3831 anni
3389 3777 3634 3848 epistolis

2041 3845 2502 3916 illiconjungitur.
2535 3847 2721 3901 Solum
2753 3851 2896 3901 enim
2928 3845 3203 3916 Calepium
3229 3845 3633 3905 Occidentalem

2040 3918 2316 3973 consulem
2348 3918 2624 3984 appellare
2660 3920 2791 3973 satis
2834 3920 3093 3973 usitatmn
3144 3931 3280 3973 erat.
3338 3920 3637 3976 Nonnullas

2041 3988 2402 4043 Valentiniani
2428 3990 2574 4057 leges
2605 3991 2707 4045 hoc
2732 4005 2874 4044 anno
2911 3990 3066 4044 datas
3095 3991 3378 4058 habemus,
3431 4000 3485 4045 et
3508 3994 3635 4048 licet

2040 4060 2093 4113 in
2124 4062 2391 4131 plerisque
2420 4065 2632 4130 utrique
2683 4062 2935 4117 consoles
2987 4063 3285 4131 signentur.
3345 4073 3521 4117 tamen
3576 4067 3629 4119 in

2041 4132 2251 4186 novella
2281 4129 2371 4195 27,
2405 4133 2468 4184 de
2500 4129 2941 4202 N’egotiatoribus,
2971 4129 3100 4187 etin
3134 4134 3337 4187 novella
3363 4136 3417 4195 ὅ.
3442 4135 3505 4187 de
3528 4132 3636 4189 Pa-

2039 4202 2235 4265 latinis,
2257 4204 2406 4257 solus
2421 4202 2667 4271 Calepius
2687 4214 2921 4258 nOtatur.
2951 4203 3092 4260 Idem
3120 4219 3234 4258 mos
3252 4220 3315 4258 ex
3332 4205 3449 4259 aliis
3469 4205 3633 4261 etiam

2038 4272 2237 4329 Leonis
2279 4274 2615 4328 documentis
2663 4276 2849 4341 liquet.
2921 4276 3009 4330 Sic
3060 4292 3091 4330 e
3138 4275 3346 4329 duabus
3390 4278 3633 4344 epistolis

2037 4346 2161 4398 anni
2195 4345 2468 4415 sequentis
2494 4346 2560 4400 l9
2591 4354 2645 4400 et
2664 4346 2739 4401 20
2770 4346 2915 4415 prior
2946 4348 3010 4400 ad
3039 4348 3236 4401 Dorum
3267 4347 3438 4400 solum
3468 4346 3629 4401 Post-

2037 4415 2339 4469 ltumianum
2408 4416 2715 4471 Occidentis
2794 4419 3071 4471 consulem
3147 4416 3403 4486 prmfert,
3455 4420 3627 4475 altera

2036 4502 2168 4541 vero
2194 4488 2633 4542 Posthumianum
2655 4499 2709 4542 et
2746 4487 3018 4542 Zenonem
3044 4489 3238 4559 jungit.
3272 4489 3454 4558 Neque
3485 4490 3631 4545 difﬁ-

2038 4559 2291 4612 cultatem
2326 4570 2539 4614 moveat
2581 4562 2715 4615 hanc
2736 4560 3017 4628 epistolam
3045 4563 3234 4615 eodem
3278 4560 3364 4615 die
3386 4560 3453 4615 ad
3506 4576 3629 4617 eos-

325 4628 394 4684 in
434 4628 625 4697 quibus
656 4630 884 4697 antiqua,
914 4628 1077 4700 idest
1105 4628 1406 4696 antiquiora
1439 4627 1627 4700 iisdem
1650 4629 1931 4682 collectio-
1961 4638 2016 4699 ])
2040 4629 2161 4684 dem
2192 4629 2401 4685 Siculos
2442 4631 2619 4684 datam
2672 4627 2836 4685 fuisse
2886 4646 2993 4697 quo
3042 4633 3266 4699 epistola
3314 4634 3628 4700 praecedens

324 4700 510 4756 nibus
551 4700 927 4770 praeferuntur.
958 4699 1155 4755 Leonis
1196 4708 1410 4770 aetatem
1440 4698 1506 4752 ad
1538 4701 1815 4754 minimum
1849 4710 1934 4754 at-

325 4768 585 4840 tingunt.
629 4772 781 4840 Quod
828 4774 871 4826 si
902 4771 1115 4825 Hilarus
1164 4784 1299 4839 papa
1349 4768 1546 4823 Leonis
1592 4770 1936 4828 immediatus

323 4857 636 4898 successor
673 4844 887 4899 concilii
932 4842 1374 4911 approbationem
1408 4841 1460 4894 in
1492 4841 1683 4897 iisdem
1733 4845 1938 4898 aliena-

324 4915 591 4968 tionibus
634 4917 899 4983 posterius
942 4913 1223 4982 ﬂagitavit,
1256 4912 1307 4965 id
1342 4913 1518 4981 potius
1549 4914 1704 4968 nobis
1746 4914 1933 4970 favet:

322 4986 509 5040 facile
554 4986 691 5039 enim
735 4987 834 5041 fuit
879 4990 1183 5040 cautionem
1224 4999 1254 5038 a
1302 4983 1480 5039 Leone
1527 4984 1796 5040 decretam
1829 5002 1936 5041 non

323 5056 482 5111 satis
497 5054 770 5113 efﬁcacem
803 5072 963 5111 cursu
998 5054 1254 5123 temporis
1284 5056 1552 5109 inventam
1583 5057 1769 5122 fuisse,
1800 5058 1936 5113 adeo

323 5138 396 5182 ut
433 5130 692 5192 majorem
734 5130 1034 5183 cautionem
1064 5127 1419 5195 adjiciendum
1453 5127 1665 5182 Hilarus
1712 5144 1937 5185 censue-

324 5200 436 5254 rit.
492 5197 643 5254 Unde
695 5201 887 5254 mirum
938 5216 1045 5254 non
1088 5206 1174 5252 est
1216 5199 1260 5251 si
1293 5197 1429 5252 hanc
1480 5199 1835 5267 posteriorem
1882 5211 1938 5257 et

324 5270 670 5326 strictiorem
693 5272 994 5327 cautionem
1018 5271 1410 5338 subsequentes
1438 5271 1717 5339 pontifices
1741 5288 1769 5326 a
1793 5271 1933 5339 Que-

328 5343 527 5397 suello
555 5343 784 5414 Aallegati
816 5359 964 5396 num.
998 5343 1031 5395 5
1058 5349 1388 5414 renovarunt
1422 5359 1433 5393 :
1463 5357 1570 5414 qua
1611 5350 1792 5397 tamen
1838 5359 1932 5414 po-

325 5412 565 5469 steriori
596 5410 709 5467 aevo
733 5414 971 5468 obsoleta
1000 5414 1147 5480 prior
1174 5410 1408 5466 Leonina
1436 5410 1613 5467 cautio
1642 5416 1821 5470 rediit.

419 5492 446 5520 ο
487 5483 694 5555 Duplex
720 5483 829 5556 lucc
859 5500 1007 5553 paena
1045 5483 1229 5556 Leonis
1267 5493 1417 5536 celate
1446 5500 1548 5536 non
1579 5486 1924 5556 inﬂigebatur,

322 5556 443 5613 nisi
472 5554 606 5638 forte
627 5596 652 5638 ,A
676 5555 811 5637 quod
854 5554 1118 5637 nonnullis
1140 5554 1318 5638 placet
1340 5567 1607 5638 ,__propter
1630 5554 1929 5638 gravissima

322 5625 577 5684 omnium
622 5628 878 5697 facinora,
927 5627 1100 5695 inquit
1135 5625 1453 5693 QueSnellus
1500 5630 1552 5680 in
1587 5625 1727 5683 notis
1778 5646 1927 5685 num.

322 5701 394 5767 7,
443 5708 498 5755 et
546 5699 745 5755 idcirco
788 5708 1064 5752 auctorem
1096 5697 1341 5765 epistolae
1372 5697 1541 5753 multo
1570 5702 1929 5757 recentiorem

324 5774 676 5845 pronuntiat.
710 5773 782 5826 At
809 5771 1074 5845 undenam
1117 5768 1331 5845 pr_obat_
1354 5768 1495 5845 inter
1526 5771 1758 5827 facinora
1811 5791 1932 5844 gra-

325 5837 565 5913 vissima
593 5842 875 5907 accenseri
897 5855 1007 5905 non
1031 5839 1276 5912 potuisse
1303 5837 1518 5906 facilem
1549 5837 1927 5907 alienationem

2042 4701 2165 4755 data
2190 4702 2491 4773 pra-fertur.
2518 4703 2593 4756 Ex
2626 4702 2870 4771 epistolis
2891 4703 3033 4756 enim
3058 4704 3117 4773 4|
3153 4710 3207 4756 et
3228 4700 3296 4756 42
3325 4703 3389 4756 ad
3413 4703 3629 4760 Raven-

2041 4773 2211 4839 nium,
2239 4771 2339 4827 156
2370 4784 2423 4828 et
2454 4775 2554 4829 I57
2587 4773 2653 4827 ad
2707 4771 3071 4841 Marcianum,
3092 4782 3147 4828 et
3192 4772 3293 4827 464
3322 4789 3385 4829 ac
3413 4776 3516 4831 165
3563 4777 3632 4832 ad

2042 4842 2275 4899 Leonem
2327 4846 2623 4913 Augustum
2682 4853 2825 4913 patet
2861 4853 3105 4899 nostrum
3138 4845 3447 4915 pontiﬁcem
3476 4847 3630 4903 binas

2042 4916 2334 4970 identidem
2358 4917 2614 4986 epistolas
2642 4916 2831 4970 eodem
2875 4917 2965 4971 die
2993 4918 3273 4984 scripsisse
3299 4917 3364 4970 ad
3384 4919 3631 4975 eamdem

2042 5001 2372 5109 pegsonam,
2420 5003 2540 5043 cum
2599 4997 2974 5058 argumentum
3046 4988 3361 5043 distinctum
3434 5005 3630 5060 suppe-

2044 5066 2096 5109 te
2136 5068 2207 5109 at.

2044 5066 2207 5113 lebat.

2121 5128 2251 5203 (Al.
2275 5130 2361 5186 M.
2376 5131 2506 5203 Quae
2527 5140 2709 5187 autem
2730 5140 2886 5188 antea
2902 5132 2968 5188 18
2989 5141 3126 5200 erat,
3150 5146 3292 5187 nunc
3316 5130 3400 5187 l9.
3419 5131 3627 5203 Scripta

2040 5200 2109 5256 50
2135 5200 2389 5257 Decemb.
2424 5202 2552 5257 447.

2115 5274 2129 5322 1'
2170 5274 2318 5329 Hanc
2342 5275 2625 5343 epistolam
2676 5274 2980 5330 luculenter
3007 5275 3395 5331 vindicarimus
3446 5275 3498 5327 in
3538 5274 3633 5328 ad—

2037 5346 2334 5401 monitione
2358 5348 2634 5414 pracmissa
2664 5347 2910 5416 epistola:
2936 5350 3141 5416 primae,
3187 5346 3273 5398 ubi
3305 5345 3465 5416 etiam
3498 5359 3629 5399 mss.

2037 5426 2091 5471 et
2120 5418 2288 5472 editas
2311 5418 2664 5474 collectiones
2703 5415 2757 5473 in
2797 5415 2991 5488 quibus
3037 5415 3627 5496 contineturindieatas

3297 5501 3561 5544 invenies.

2114 5627 2137 5665 k
2173 5628 2227 5683 In
2268 5629 2450 5683 tabula
2479 5630 2695 5685 collect.
2740 5631 2794 5693 5,
2823 5645 2970 5684 num.
3000 5628 3093 5692 75,
3148 5627 3234 5680 hic
3300 5626 3488 5681 titulus
3539 5626 3633 5683 de-

2041 5700 2333 5755 scribitur:
2377 5702 2459 5755 Ad
2515 5700 2827 5757 Ianuarium
2886 5702 3181 5770 episcopum
3231 5694 3628 5770 Aquileiensem,

2041 5772 2105 5826 de
2132 5773 2329 5828 clericis
2350 5774 2437 5844 qui
2481 5775 2537 5827 in
2591 5773 2826 5828 hwresim
2856 5766 2933 5846 vel
2976 5766 3238 5842 quedlibel
3259 5766 3483 5827 ultimus
3511 5766 3632 5846 pro;

2042 5850 2176 5919 lapsi
2207 5842 2578 5920 sunt,'minime
2598 5844 2982 5918 promerendis.
3512 5842 3521 5846 ⁷
3584 5842 3591 5863 ’
