4020 6352
476 274 579 337 707

1595 270 1653 326 S.
1695 266 1944 323 LEONIS
1982 265 2197 324 MAGNI
2245 264 2625 323 EPISTOLE.

3650 253 3748 323 7011

546 391 805 449 nautica
827 408 882 448 sc
914 387 1255 445 communioni
1286 385 1563 449 miscuerit,
1606 385 1651 438 si
1674 384 1744 437 ad
1781 382 2067 438 Ecclesiam
2093 386 2148 449 Α
2171 384 2319 455 ipsos
2350 395 2600 441 auctores
2627 395 2873 437 errorum
2899 378 3145 435 damnari
3184 393 3217 435 a
3252 392 3312 434 se
3331 378 3452 433 sine
3495 375 3747 451 ambigui.

548 480 777 519 reversus
802 463 974 533 fuerit,
1005 461 1057 512 in
1080 475 1137 541 eo
1162 455 1329 537 gradu
1354 459 1525 524 inquo
1555 464 1661 509 erat
1699 455 1931 528 (Cresc.,
1967 472 2067 529 quo

552 538 740 609 fuerat)
769 539 876 589 sine
902 536 1221 604 promotione
1249 536 1536 582 remaneat.

480 674 596 734 ἰ.ιο
635 671 918 744 episcopus
948 676 972 705 ι
1012 666 1164 744 urbis
1235 665 1441 744 Romae,
1508 664 1775 723 lenonio
1814 664 2070 737 episcopo

1110 738 1462 807 Aquileiensi.

552 855 715 928 730
747 852 924 909 Lectis
981 851 1334 907 fraternitatis
1386 858 1491 907 tuze
1546 849 1776 921 litteris,
1829 850 2071 921 vigorem

482 948 606 1003 fidei
647 958 773 1014 tum,
802 960 962 1016 quem
989 944 1117 1000 olim
1170 958 1522 1009 noveramus,
1570 943 1905 1012 agnovimus,
1937 958 2072 996 con—

478 1040 810 1111 gratulantes
836 1036 930 1091 tibi
970 1036 1111 1106 quod
1151 1035 1217 1089 ad
1269 1034 1573 1090 custodiam
1598 1032 1626 1072 δ
1666 1034 1843 1105 gregis
1872 1032 2074 1089 ChriSti

484 1131 809 1201 pastoralem
863 1145 1047 1186 curam
1098 1129 1379 1199 vigilanter
1402 1129 1753 1197 exsequeris;
1788 1142 1855 1183 ne
1885 1138 1907 1165 ο
1939 1127 2071 1195 lupi,

481 1224 570 1292 qui
600 1223 701 1277 sub
742 1221 922 1291 Specie
972 1222 1151 1274 ovium
1179 1221 1551 1272 subintraruiit
1583 1218 1796 1287 (Matth.
1826 1233 1923 1285 Vll,
1959 1218 2073 1287 15),

484 1314 695 1369 beStiali
755 1313 958 1369 saavitia
1018 1310 1289 1379 simplices
1332 1324 1575 1379 quosque
1633 1309 1966 1373 dilacerent;
2022 1317 2079 1362 et

486 1422 592 1461 non
633 1406 807 1460 solum
860 1405 959 1473 ipsi
1010 1401 1157 1456 nulla
1204 1402 1545 1454 correctione
1602 1398 1922 1469 proficiant,
1981 1398 2077 1454 sed

488 1500 652 1556 etiam
686 1515 747 1554 ea
779 1513 898 1568 qua:
961 1504 1087 1550 sunt
1133 1509 1264 1548 sana
1303 1502 1671 1563 corrumpant.
1714 1492 1866 1560 Quod
1898 1508 1966 1547 ne
2005 1493 2082 1547 vi.

489 1608 648 1664 perea
705 1592 874 1662 possit
928 1588 1174 1645 obtinere
1240 1588 1473 1655 fallacia,
1532 1586 1879 1641 dilectionem
1931 1595 2077 1641 tuam

487 1687 735 1742 duximus
767 1681 1215 1739 comnionendam
1245 1699 1258 1734 :
1292 1681 1636 1735 insinuantes
1676 1683 1741 1735 ad
1765 1684 1958 1735 anima:
1986 1696 2079 1749 pe-

2175 485 2285 533 tate
2306 477 2575 533 fateantur
2600 492 2615 531 :
2644 485 2702 530 ut
2728 471 3018 530 sensibus"
3045 472 3227 543 pravis
3253 473 3414 527 etiam
3442 474 3748 542 peremptis,

2174 574 2317 630 nulla
2347 571 2601 643 sperandi
2630 569 2864 640 supersit
2883 566 3124 635 occasio,
3150 581 3249 621 nec
3270 564 3437 621 ullum
3463 563 3753 622 membrum

2176 668 2362 721 talium
2390 664 2561 736 possit
2588 663 2847 719 societate
2866 662 3078 726 violari,
3124 675 3248 717 cum
3298 674 3393 729 per
3439 660 3616 714 omnia
3660 660 3755 717 illis

2175 759 2440 830 professio
2470 757 2689 828 propria
2709 756 2932 824 coeperit
2964 756 3212 811 obviare.
3257 753 3416 810 Circa
3442 767 3577 822 quos
3603 754 3788 847 etiam,

2176 852 2322 908 illam
2356 849 2377 890 ι
2412 866 2676 907 canonum
2703 850 3145 906 constitutionem
3199 850 3540 919 praecipimus
3590 856 3789 904 custo—'

2177 947 2299 1003 diri.
2334 955 2392 1000 ut
2434 946 2490 1001 in
2531 960 2723 1015 magno
2756 943 2991 999 habeant
3022 940 3285 998 beneflcio
3306 940 3353 996 si
3381 940 3633 1011 adempta
3666 941 3759 996 sibi

2177 1039 2326 1094 omni
2355 1054 2450 1108 spe
2476 1038 2855 1109 promotionis,
2916 1036 2968 1091 in
3008 1051 3116 1106 quo
3158 1034 3505 1090 inveniuntur
3558 1034 3758 1099 ordine,

2181 1140 2218 1166 ω
2276 1129 2567 1184 stabilitate
2612 1140 2869 1198 perpetua
2914 1136 3200 1193 maneant;
3258 1127 3302 1181 si
3359 1137 3537 1181 tamen
3585 1126 3765 1181 iterata

2184 1220 2441 1276 tinctione
2472 1236 2577 1275 non
2605 1221 2800 1275 fuerint
2835 1220 3108 1273 maculati.
3139 1217 3258 1274 Non
3291 1218 3461 1274 levem
3489 1217 3631 1286 apud
3662 1216 3761 1273 D0-

2182 1319 2384 1368 niiuum
2414 1329 2607 1367 noxam
2639 1312 2865 1368 incurrit
2887 1313 2975 1381 qui
2998 1311 3065 1367 de
3108 1311 3307 1365 talibus
3334 1318 3363 1347 ιι
3392 1311 3456 1364 ad
3481 1324 3663 1365 sacros
3682 1326 3765 1364 0r-

2186 1410 2339 1463 diues
2370 1408 2793 1475 proitioveudum
2824 1406 3057 1477 aliquem
3086 1405 3362 1474 jndicarit.
3411 1404 3564 1473 Quod
3587 1403 3631 1457 si
3652 1417 3767 1458 cum

2180 1503 2371 1576 grandi
2399 1501 2796 1558 examinatione
2824 1502 3093 1571 promotio
3131 1498 3442 1554 conceditur
3470 1498 3766 1567 incnlpatis,

2188 1599 2361 1653 multo
2387 1598 2556 1666 magis
2588 1611 2693 1649 non
2721 1594 2880 1650 debet
2910 1596 3070 1649 licere
3102 1594 3387 1663 suspectis.
3438 1591 3666 1646 Proinde
3692 1590 3771 1644 di-

2187 1690 2348 1744 lectio
2372 1699 2482 1754 tua,
2508 1689 2661 1755 cujus
2683 1687 2971 1741 devotione
2995 1686 3315 1756 gaudemus,
3365 1684 3553 1754 jungat
3594 1699 3769 1737 curam

487 1777 715 1835 riculum
747 1778 1042 1847 pertinere,
1078 1769 1109 1811 ει
1134 1774 1182 1829 si
1214 1773 1499 1844 quisquam
1522 1773 1590 1828 de
1629 1773 1709 1829 his
1740 1773 1831 1843 qui
1869 1790 1898 1826 a
1927 1774 2081 1828 nobis
2112 1787 2162 1849 Β
2188 1796 2338 1836 suam
2371 1780 2817 1850 dispositionibus
2862 1782 3085 1844 nostris,
3128 1778 3289 1849 732
3321 1786 3373 1831 et
3422 1775 3514 1830 det
3556 1789 3773 1843 operam

488 1871 544 1927 in
584 1870 958 1924 haereticorum
981 1875 1141 1936 atque
1172 1874 1195 1904 ο
1230 1865 1699 1921 schismaticorum
1744 1874 1944 1921 sectam
1980 1866 2077 1919 de-

488 1967 672 2037 lapsus
725 1974 831 2030 est,
884 1971 939 2017 et
962 1978 1021 2017 se
1059 1974 1351 2031 utcumque
1385 1962 1651 2017 haeretica:
1679 1961 2078 2016 communionis

490 2059 813 2127 contagione
845 2054 1128 2110 macularit
1178 2054 1527 2122 resipiscens,
1587 2054 1640 2108 in
1696 2054 2081 2108 communione

491 2149 985 2223 731catholicaf
1033 2148 1154 2201 sine
1207 2146 1543 2216 professione
1604 2147 1859 2217 legitimas
1914 2150 2078 2203 satis.

489 2242 735 2299 factionis
763 2240 1042 2297 habeatur.
1064 2248 1089 2287 ε
1113 2238 1541 2295 Saluberrimum
1572 2238 1715 2293 enim
1745 2250 1797 2293 et
1827 2239 2082 2307 spiritalis

490 2336 772 2395 medicina:
805 2335 1037 2389 utilitate
1064 2331 1440 2401 plenissimum
1475 2339 1580 2398 est,
1625 2340 1681 2385 ut
1713 2334 1827 2385 sive
1858 2332 2083 2402 presby.

490 2432 617 2497 teri,
640 2432 751 2485 sive
774 2428 987 2483 diaconi
1014 2469 1028 2493 ,
1062 2422 1093 2463 ιι
1142 2427 1222 2479 vel
1268 2424 1601 2485 subdiaconi.
1631 2432 1721 2478 aut
1753 2422 1768 2460 ί
1799 2424 2085 2495 cujuslibet

496 2526 700 2583 ordinis
726 2524 934 2589 clerici,
960 2522 1049 2591 qui
1081 2535 1141 2575 se
1170 2529 1445 2574 correctos
1478 2517 1653 2573 videri
1680 2517 1889 2585 volunt,
1921 2528 2085 2587 atque

491 2618 560 2674 ad
599 2616 918 2673 catholicam
970 2611 1155 2677 fidem,
1196 2625 1354 2679 quam
1382 2608 1493 2678 jam
1518 2610 1723 2675 pridem
1764 2610 2079 2679 amiserant,

496 2725 710 2767 rursum
762 2714 959 2763 reverti
1005 2704 1271 2770 ambiunt,
1315 2703 1464 2771 prius
1505 2700 1521 2753 i
1585 2716 1801 2757 errores
1849 2716 1975 2757 suos
2028 2716 2083 2759 et

494 2821 755 2879 invenies.
782 2814 1123 2871 Contulimus
1150 2829 1271 2867 cum
1302 2811 1545 2885 pluribus
1594 2819 1651 2885 et
1698 2814 2082 2885 praestantissi-

494 2898 599 2951 mis
652 2890 929 2947 codicibus
1002 2890 1053 2941 in
1115 2883 1318 2939 annotf
1374 2883 1693 2951 allegztndis.
1766 2884 2079 2940 Vaticanum

495 2964 772 3029 exemplar
802 2957 943 3015 5845
978 2958 1092 3026 puri
1132 2954 1379 3029 Dionysii
1426 2962 1676 3009 conferre
1708 2956 2080 3029 nequivimus,

494 3053 560 3091 eo
582 3026 719 3105 quod
757 3033 806 3105 iit
828 3047 894 3105 en
916 3031 985 3083 ob
1021 3028 1225 3105 codicis
1253 3027 1519 3080 defectum
1580 3041 1684 3080 non
1739 3032 1913 3080 solum
1957 3026 2085 3105 haec

498 3099 726 3177 epistola
752 3102 912 3177 desit,
944 3116 1125 3177 verum
1150 3101 1310 3177 etiam
1344 3106 1857 3177 postremuinncaput
1881 3099 2088 3164 episto-

498 3167 565 3233 lae
594 3174 944 3248 praecedentis
969 3172 1158 3248 Δ(ιιρίιιε
1190 3169 1277 3248 lli)
1308 3170 1373 3223 ad
1415 3169 1645 3248 Siculos.
1670 3167 1933 3248 Caeterum
1964 3186 2087 3222 oin-

500 3234 606 3304 nes'
646 3246 861 3301 codices
910 3234 996 3295 ad.
1032 3234 1366 3303 Ianuarium,
1425 3240 1739 3308 prmfernnt.
1782 3239 1922 3293 Editi
1964 3250 2093 3296 ante
2120 3234 2167 3297 C

499 3323 699 3387 Quesn.
724 3332 791 3387 e_x
818 3314 1038 3369 Merlino
1060 3313 1358 3387 inscribunt
1389 3311 1455 3363 ad
1483 3308 1775 3387 lulianum,
1798 3322 1851 3365 et
1874 3316 1925 3364 in
1952 3328 2093 3387 marg

502 3380 627 3461 Eine
655 3390 721 3442 ad
746 3384 1080 3461 Januarium,
1115 3384 1209 3436 sed
1238 3380 1741 3461 errore_i_nni_t_il'e5to
1772 3400 1784 3434 :
1830 3400 1957 3461 nam.
1988 3385 2090 3451 ipsi

500 3452 717 3517 codices
742 3461 956 3512 collect.
1001 3456 1088 3517 12,
1120 3470 1185 3508 ex
1211 3454 1405 3523 quibus
1434 3452 1692 3507 Merliiius
1721 3468 1873 3507 suam
1897 3456 2096 3509 editio-

503 3550 625 3588 nem
678 3528 962 3597 derivavit,
1007 3525 1076 3579 ad
1102 3523 1416 3579 Ianuarium
1440 3524 1720 3580 exhibent.
1758 3526 1890 3581 Vide
1921 3538 2033 3581 not.
2063 3528 2087 3581 1

555 3619 707 3659 uesn.

503 3606 810 3729 Qufs‘l’loces
857 3669 999 3726 urbis
1034 3666 1214 3724 Roma:
1256 3667 1578 3723 omittuntur
1608 3665 1663 3721 in
1712 3681 1815 3721 ms.
1862 3666 2092 3725 Vindeb.

504 3746 719 3803 collect.
754 3747 805 3798 5.

579 3816 604 3856 δ
630 3815 775 3871 ldem
826 3813 948 3869 cod.
980 3810 1281 3865 Viudebon.
1315 3808 1533 3863 collect.
1567 3808 1599 3863 5
1628 3817 1682 3862 et
1710 3824 1841 3863 mss.
1875 3810 2092 3866 collect.

504 3888 570 3943 21
601 3899 655 3944 et
684 3885 753 3941 24
786 3901 905 3939 cum
934 3882 1325 3951 antiquioribus
1356 3881 1537 3952 editis,
1568 3896 1780 3952 gregum
1806 3879 2020 3934 Christi.

584 3972 605 3999 ο
640 3955 977 4026 littelligeudi
1008 3950 1133 4007 sunt
1160 3950 1451 4026 Pelagiani,
1512 3950 1674 4026 quosi
1704 3954 1752 4004 in
1786 3952 2095 4021 Aquileien-

506 4047 620 4087 sem
649 4023 1138 4098 proviit'i-iainoli_iti
1174 4023 1477 4091 irrepsisse,
1508 4038 1562 4075 et
1588 4024 1638 4075 in
1661 4030 2095 4098 commuttionem

506 4096 794 4172 aliquando
825 4101 942 4153 sine
961 4096 1147 4172 debita
1175 4110 1418 4148 errorum
1441 4104 1504 4172 tet
1535 4106 1812 4172 auctorum
1840 4096 2100 4149 eundem-

507 4166 724 4229 natione
763 4170 1131 4237 imprudenter
1163 4176 1408 4234 receptos
1438 4166 1710 4231 Septimus
1746 4167 1952 4219 Altinas
1985 4182 2099 4221 iuo-

508 4256 731 4309 nueiat;
767 4242 906 4296 unde
934 4241 1043 4294 Leo
1090 4240 1421 4306 Aquileieust
1456 4252 1731 4309 episcopo,
1772 4248 1845 4309 ut
1902 4242 2098 4309 proha-

510 4316 677 4370 bilius
712 4307 815 4380 est,
878 4311 1262 4381 priedecessori
1311 4311 1595 4381 epistolam
1634 4315 1651 4361 ι
1680 4307 1851 4371 dedit,
1885 4325 1987 4379 qua
2020 4307 2099 4363 sic

510 4378 890 4456 imprudenter
908 4390 1175 4456 receptos,
1217 4394 1351 4456 cum.
1376 4378 1584 4456 idoneis
1616 4378 1953 4433 cautionibus
2008 4396 2097 4433 re-

510 4450 1445 4529 cipiendosmandavit.Januaritis,
1495 4450 1584 4517 qui
1642 4466 1765 4503 mox
1816 4452 2096 4529 suecessit,

512 4522 615 4585 hoc
646 4530 954 4582 mandatum
995 4523 1253 4593 pastorali
1302 4537 1426 4575 cura
1468 4534 1752 4574 exsecutus
1801 4536 1901 4579 εει,
1936 4532 1989 4576 et
2022 4522 2101 4575 id-

2187 1885 2245 1928 ut
2275 1874 2671 1942 circumspecte
2710 1881 2874 1941 atque
2912 1872 3173 1927 velociter
3212 1872 3533 1939 itiipfeanttir
3570 1884 3686 1937 quae
3708 1865 3773 1920 ad

2187 1970 2352 2023 totius
2383 1968 2639 2022 Ecclesia:
2697 1966 3123 2020 incolumitatem
3154 1973 3209 2020 et
3240 1963 3580 2018 laudabiliter
3606 1970 3632 1996 ο
3656 1976 3777 2029 eug-

2185 2070 2332 2129 gesta
2358 2068 2503 2123 sunt,
2531 2068 2585 2112 et
2608 2058 2900 2112 salubriter
2926 2055 3192 2111 ordinata.
3228 2054 3344 2109 Non
3376 2064 3550 2107 autem
3575 2051 3777 2107 dubitet

2185 2153 2405 2208 dilectio
2429 2161 2537 2219 tua,
2556 2167 2652 2205 nos
2671 2152 2737 2214 si,
2757 2150 2899 2220 quod
2917 2166 3019 2203 non
3042 2148 3389 2213 arbitramur,
3406 2144 3645 2215 neglecta
3660 2141 3776 2199 fue-

2188 2248 2295 2303 rint
2314 2261 2433 2316 quae
2451 2262 2547 2316 pro
2565 2245 2806 2299 custodia
2831 2259 3095 2299 canonum
3120 2251 3174 2297 et
3200 2257 3294 2312 pro
3324 2240 3451 2296 fidei
3479 2238 3780 2308 integritate

2200 2338 2563 2403 decernimus,
2599 2336 2970 2390 vehementius
2998 2332 3421 2389 commovendos
3452 2350 3465 2385 :
3506 2331 3629 2401 quia
3654 2339 3682 2381 Ρ
3702 2343 3782 2386 ut-

2194 2445 2465 2487 nitioituu
2504 2428 2752 2484 ordinum
2778 2428 2949 2498 culpae
2981 2427 3048 2481 ad
3076 2427 3257 2481 nullos
3286 2428 3455 2497 magis
3480 2422 3779 2480 referenda:

2196 2534 2504 2593 suntquam
2536 2522 2602 2577 ad
2644 2524 2860 2577 desides
2888 2520 3334 2594 negligentesque
3382 2530 3661 2574 rectores:
3691 2516 3785 2586 qui

2196 2616 2419 2670 multam
2458 2630 2603 2683 smpe
2654 2615 2897 2669 nutriunt
2947 2612 3331 2682 pestilentiam,
3372 2611 3498 2665 dum
3538 2624 3788 2664 necessa-

2194 2708 2329 2763 riam
2387 2706 2728 2762 dissiniulant
2790 2706 3050 2762 adbibere
3106 2704 3449 2761 medicinam.
3507 2702 3689 2756 Data‘l
3728 2716 3789 2757 ιιι

2188 2836 2313 2875 item
2345 2821 2400 2873 in
2439 2822 2601 2887 epist.
2636 2818 2688 2881 1,
2729 2817 2758 2890 §
2802 2820 2856 2881 4,
2911 2826 2967 2872 et
3018 2828 3204 2873 annot.
3237 2818 3310 2875 25
3356 2818 3408 2890 in
3462 2818 3623 2887 epist.
3662 2816 3785 2872 159.

2189 2892 2368 2959 Quare
2389 2906 2525 2960 OpUs
2551 2906 2655 2943 non
2685 2888 2767 2944 est
2790 2891 3051 2958 suspicari
3086 2892 3319 2944 Leonem
3366 2888 3469 2943 hoc
3521 2890 3648 2960 loco
3668 2902 3790 2960 ser-

2197 2957 2637 3015 iiionem'fecisse
2668 2961 2735 3015 ile
2777 2960 3073 3016 Donatistis
3124 2972 3214 3016 aut
3264 2961 3575 3014 Novatianis
3626 2957 3790 3026 Aqui-

2190 3033 2508 3097 leieiisibus,
2536 3034 2601 3085 de
2624 3033 2817 3102 quibus
2838 3033 3057 3087 aliunde
3081 3033 3132 3087 iti
3160 3034 3433 3103 provincia
3457 3028 3794 3103 Aquileiensi

2195 3106 2403 3159 nulloin
2430 3100 2689 3159 indicium
2718 3113 2819 3158 est.
2855 3104 2974 3159 Mox
3006 3120 3074 3159 ex
3109 3100 3210 3160 ms.
3248 3102 3549 3159 Vindebou.
3576 3100 3771 3158 collect

2208 3178 2242 3231 5
2265 3176 2573 3229 addidimus
2613 3176 2839 3229 verbum
2872 3186 2965 3227 est.

2278 3247 2297 3285 τ
2334 3249 2584 3315 Quinque
2614 3247 2799 3308 codd.,
2833 3247 2942 3300 sine
2962 3247 3282 3318 promotione

2273 3328 2297 3366 ε
2332 3319 2381 3378 1,
2411 3334 2503 3387 qtt.
2534 3318 2587 3382 7,
2621 3318 3054 3382 Saluberrimiim,
3080 3334 3131 3371 c.
3161 3318 3254 3370 21.

2272 3387 2300 3426 h
2329 3385 2471 3443 Duas
2503 3404 2661 3442 voces
2693 3395 2766 3441 rel
2815 3390 3117 3443 subdiaconi
3146 3388 3346 3457 adjecit
3369 3385 3696 3454 Quesnellus
3720 3401 3793 3457 ex

2200 3462 2572 3515 Dion.Cresc.
2626 3460 2856 3513 NiColini
2908 3461 3147 3515 editione
3187 3456 3243 3515 et
3285 3474 3381 3515 sex
3443 3473 3575 3512 mss.
3631 3456 3801 3513 codd.

2198 3533 2474 3601 Leguiitur
2504 3547 2720 3600 quoque
2751 3532 2801 3584 in
2834 3530 3104 3601 pleri-que
3136 3535 3363 3595 nostris,
3397 3530 3568 3585 tribus
3594 3543 3803 3599 excep-

2199 3609 2291 3669 tis,
2317 3605 2369 3658 in
2401 3602 2599 3671 quibus
2631 3604 2977 3667 omittuntur,
3012 3604 3258 3658 utetiam
3302 3602 3497 3657 desunt
3545 3601 3596 3655 in
3630 3608 3804 3669 epist.

2198 3676 2237 3757 2
2263 3676 2339 3756 ad
2363 3674 2687 3757 Septimum,
2714 3674 2768 3729 in
2800 3690 2905 3744 qua
2950 3676 3064 3729 haec
3109 3674 3297 3730 eadem
3344 3673 3617 3729 sententia
3641 3686 3807 3742 repe-

2202 3756 2297 3801 tita
2328 3756 2618 3800 Invenitur.

2280 3815 2297 3854 ί
2329 3820 2379 3882 1,
2405 3833 2497 3885 qu.
2524 3821 2573 3877 1.
2610 3816 2789 3869 Omnia
2816 3817 3112 3884 cujuslibet,
3144 3833 3196 3874 c.
3225 3816 3349 3873 112.

2278 3888 2291 3939 i
2334 3884 2435 3943 Ms.
2471 3888 2772 3942 Vinilebon.
2802 3889 3013 3943 collect.
3049 3890 3113 3951 5,
3147 3904 3371 3943 errorem
3402 3903 3552 3941 suum
3590 3884 3809 3951 clipeos

2202 3962 2391 4014 erroris
2414 3969 2646 4013 auctores
2671 3959 2928 4013 damnari.
2962 3961 3218 4015 Jitstelltts
3250 3973 3467 4027 quoque
3496 3972 3618 4012 cum
3664 3959 3812 4011 duo-

2204 4032 2307 4085 bus
2346 4031 2624 4086 codicibus
2660 4031 2821 4083 habet
2861 4040 3089 4095 tantum,
3128 4041 3365 4086 auctores
3393 4030 3603 4085 erroris.
3647 4027 3814 4085 Alius

2202 4102 2352 4167 cod.,
2396 4105 2664 4154 damnatos
2695 4116 2792 4169 pro
2820 4102 3079 4156 damnari.

2281 4170 2308 4210 ι
2343 4174 2476 4226 Cod.
2516 4173 2738 4226 V’indeb.
2774 4176 2984 4227 collect.
3022 4175 3075 4241 5,
3107 4175 3277 4240 pravis
3303 4183 3350 4225 et
3376 4173 3573 4224 dudum
3604 4186 3816 4237 perem-

2206 4245 2309 4313 ptis
2332 4286 2347 4309 ,
2382 4245 2457 4297 uti
2488 4245 2681 4311 legitur
2720 4246 2768 4295 in
2810 4248 2970 4311 epist.
3016 4247 3049 4297 Ξ
3085 4246 3150 4300 ad
3181 4244 3502 4310 Septimum.
3536 4241 3658 4296 Mox
3687 4257 3817 4307 spc-

2207 4318 2361 4369 randi
2395 4332 2577 4369 vocem
2610 4314 2850 4369 exhiberi
2885 4317 2940 4369 in
2978 4322 3228 4371 oinnilius
3259 4326 3315 4370 et
3352 4330 3480 4368 mss.
3506 4327 3561 4371 et
3585 4313 3820 4367 excusis

2206 4388 2487 4441 Confessus
2518 4388 2686 4441 estin
2729 4388 2936 4454 postilla
2992 4387 3272 4457 inargiiiali
3324 4387 3651 4451 Quemiellus
3696 4398 3712 4448 ;
3758 4392 3822 4438 at

2214 4476 2234 4510 ι
2264 4459 2545 4526 suspicor,
2579 4460 2749 4526 inquit
2776 4500 2787 4517 .
2838 4460 3123 4527 legendum
3176 4458 3431 4528 spirandi.
3478 4475 3497 4509 ι
3539 4458 3813 4522 Quinque

2209 4532 2383 4584 nostri
2413 4530 2629 4585 codices
2648 4530 2867 4596 habent,
2897 4530 3232 4600 desperandi’,
3264 4530 3445 4584 caeteri
3466 4539 3653 4583 autem
3685 4541 3821 4597 spe-

512 4603 657 4656 circo
694 4597 1141 4681 ltiudatuanV/ide
1179 4593 1601 4648 admonitionem
1634 4593 1879 4662 epistola:
1901 4596 1927 4648 1
1964 4609 2102 4665 prte-
2131 4621 2183 4681 η
2209 4601 2381 4655 randi,

511 4686 731 4730 missam
762 4685 909 4723 num.
942 4668 1035 4721 ‘26.

586 4742 613 4779 ιι
646 4748 698 4810 1,
729 4758 818 4812 qu.
850 4742 899 4809 1,
933 4742 991 4793 Si
1020 4738 1131 4807 quis
1161 4736 1432 4798 haereticos.
1457 4750 1507 4787 c.
1539 4732 1631 4812 4'2.

590 4823 612 4850 ε
640 4805 1097 4868 Schismaii'corum
1144 4820 1367 4867 mentio.
1421 4820 1473 4860 et
1502 4807 1665 4875 paulo
1695 4815 1817 4874 post
1849 4805 1938 4859 illa
1969 4820 2105 4860 con-

519 4886 672 4950 ditio,
704 4886 747 4938 si
776 4898 942 4936 tamen
984 4884 1169 4935 iterata
1207 4880 1446 4931 tinctione
1472 4894 1573 4950 non
1604 4878 1796 4945 fuerint
1831 4878 2102 4943 maculati,

517 4948 825 5013 Donatistae
865 4955 945 5007 vel
994 4951 1319 5006 Novittianos
1368 4952 1420 5001 iii
1458 4948 1789 5017 Aquileiensi
1829 4951 2103 5016 provincia

518 5029 758 5083 detectus
804 5027 1040 5079 indicare
1098 5026 1225 5076 visae
1268 5032 1391 5073 sunt
1422 5062 1436 5084 ,
1482 5021 1533 5073 in
1589 5037 1695 5087 quo
1734 5020 1855 5075 vide
1908 5032 2020 5074 not.
2072 5019 2107 5074 5

517 5104 719 5167 Quesn.
744 5097 812 5152 At
836 5096 1102 5166 generalis
1146 5098 1352 5167 _regula_
1395 5092 1481 5167 hic
1510 5092 1812 5167 indicatur,
1848 5096 2100 5167 omnibus

519 5163 629 5225 ιῖιιιι
647 5163 934 5228 haereticis,
954 5178 1063 5218 tum
1083 5163 1439 5217 schismaticis
1457 5163 1521 5216 ad
1550 5163 1841 5217 Ecelesiam
1873 5163 2103 5218 redeun-

519 5246 656 5297 tibus
671 5239 990 5301 communis,
1013 5240 1135 5290 licet
1162 5240 1445 5289 oet-asioiie
1466 5235 1749 5302 peciili.trts
1764 5250 1920 5287 casus
1936 5235 2103 5304 Aqui-

521 5316 742 5369 leiensis
777 5310 1061 5383 provincia:
1096 5321 1464 5383 prepoitatur._
1503 5305 1671 5383 Nemo
1729 5306 2105 5383 scilicet__swe

520 5377 917 5451 schisinaticus‘,
948 5383 1063 5433 sive
1096 5381 1374 5451 haereticus
1403 5377 1468 5429 ad
1498 5380 1754 5430 unitatem
1786 5378 2105 5430 catholicam

521 5472 842 5519 reverens,
892 5449 1009 5507 sine
1048 5449 1379 5519 professione
1432 5452 1681 5518 legitima:
1730 5451 2107 5502 satisfactionis

522 5530 689 5596 recipi
725 5534 929 5593 poterat
956 5565 971 5591 ,
1002 5526 1102 5576 etsi
1133 5533 1279 5596 esset
1304 5523 1553 5596 clericus,
1602 5535 1664 5572 ea
1702 5522 1874 5596 solum
1916 5522 2106 5575 condi-

525 5592 675 5679 tione
721 5592 1099 5679 restituehatur
1132 5594 1182 5646 in
1224 5606 1378 5679 suum
1411 5592 1657 5670 gradum,
1682 5594 1725 5643 si
1754 5592 1955 5679 iterato
1982 5595 2107 5672 hap-

526 5671 741 5726 timnate
768 5661 872 5723 iinit
905 5670 1092 5722 fuisset
1146 5669 1411 5734 p0lllllllx;
1443 5666 1530 5733 qui
1577 5666 1719 5715 enim
1754 5661 1853 5715 hoc
1884 5666 2109 5717 crimine

525 5754 687 5799 erant
715 5742 892 5796 infecti
949 5757 1057 5793 non
1104 5738 1499 5805 rei-ipiebaiitur
1532 5734 1582 5786 iii
1624 5736 1853 5795 clerum,
1884 5736 1975 5788 sed
2014 5753 2103 5801 pti-

520 5806 685 5885 Micat
709 5813 1038 5885 pauiteutia:
1074 5804 1517 5883 subjiciebautur.
1552 5806 1755 5865 Confer
1777 5804 2107 5866 admonitio-

2291 4670 2309 4709 1
2351 4671 2485 4727 Cod.
2526 4672 2647 4727 Val.
2680 4671 2897 4726 collect.
2924 4674 3009 4736 11,
3040 4674 3360 4725 canonicam.
3394 4669 3526 4735 Quae
3556 4684 3690 4724 vero
3720 4668 3826 4722 hic

2214 4742 2545 4813 intelligatur
2568 4760 2824 4799 canonum
2847 4746 3144 4798 constitutio
3166 4746 3516 4809 exposuimus
3541 4742 3592 4795 in
3616 4741 3827 4813 adma:

2214 4809 2517 4953 aitionelpd
2548 4817 2709 4885 epist.
2745 4816 2771 4870 1
2801 4854 2816 4880 ,
2869 4830 3016 4869 nutu.
3059 4816 3145 4869 18.
3198 4814 3398 4868 Confer
3427 4817 3591 4868 etiam
3624 4820 3748 4866 not.
3785 4809 3829 4864 2

2268 4902 2432 4940 nestie
2478 4904 2513 4940 i.

2268 4902 2513 4940 nesnettt.

2286 4965 2325 4992 ω
2362 4958 2591 5013 Viiideb.
2642 4972 2773 5011 mss.
2804 4955 3017 5011 collect.
3045 4955 3079 5009 5
3106 4998 3120 5021 ,
3150 4956 3203 5009 in
3233 4964 3485 5026 perpetua
3524 4953 3833 5026 stabilitate

2214 5038 2567 5154 permaneant.
2599 5029 2725 5084 Mox
2750 5028 2891 5083 idem
2914 5027 3109 5093 codex,
3140 5024 3337 5082 iterati:
3357 5026 3620 5080 unctionis
3649 5024 3836 5080 sacri-

2234 5116 2370 5154 cato.

2263 5117 2631 5240 ἔῘιξοῦιιιειιιὶεθχ
2659 5170 2914 5240 Dionysio
2930 5185 2991 5223 ac
3013 5169 3225 5225 expleris
3249 5168 3662 5223 collectionibus
3690 5183 3833 5237 qua:

2208 5256 2237 5295 a
2274 5239 2599 5312 DiOnysiuna
2627 5239 2891 5307 originem
2925 5242 3162 5305 ducunt,
3210 5240 3277 5293 ad
3305 5255 3479 5294 sacros
3504 5254 3839 5312 promouen-

2210 5313 2304 5367 dos
2335 5310 2544 5368 ordines
2564 5313 2833 5383 judicarit.
2860 5313 3052 5379 Aptior
3071 5315 3181 5367 visa
3213 5319 3300 5383 est
3326 5311 3515 5383 lectior
3531 5310 3652 5365 cod.
3673 5310 3837 5383 Δνήη-

2212 5384 2411 5511 (gemiti.
2442 5380 2660 5441 collect.
2703 5384 2765 5450 5,
2810 5399 2932 5454 qua:
2974 5384 3136 5439 aliam
3163 5398 3195 5440 ιι
3244 5381 3502 5453 Dionysio
3546 5380 3841 5451 originem

2255 5472 2280 5508 2
2384 5496 2398 5510 .

2255 5472 2398 5510 δῦθι.

2214 5535 2310 5651 (1.0
2348 5527 2487 5581 liditi
2513 5527 2806 5593 Quesnello
2833 5527 3137 5583 anteriores
3165 5540 3288 5581 cum
3314 5540 3448 5581 mss.
3474 5522 3695 5581 collect.
3725 5524 3807 5579 2|
3827 5564 3845 5587 .

2252 5610 2410 5651 iaesla
2437 5608 2578 5651 sunt.

2252 5610 2410 5667 igesta
2437 5608 2578 5651 sunt.

2288 5681 2312 5718 ι)
2344 5670 2475 5723 Dist.
2506 5669 2597 5737 86,
2635 5667 2950 5739 lnferiorum
2978 5671 3175 5740 culpat,
3206 5684 3255 5724 c.
3290 5670 3340 5723 1.

2286 5750 2310 5790 ει
2345 5741 2470 5793 Dum
2503 5751 2627 5794 sunt
2663 5742 2899 5810 antiqua:
2948 5738 3175 5797 diversae
3204 5741 3431 5809 originis
3461 5738 3851 5797 etilleetiones

2216 5826 2285 5871 ex
2314 5812 2509 5886 quibus
2538 5814 2655 5870 haec
2680 5814 2907 5889 epistola
2935 5814 2992 5873 in
3030 5814 3167 5871 alias
3188 5815 3523 5888 posteriores
3569 5812 3856 5869 derivata
