4020 6352
194 249 300 311 700

1571 246 1908 307 EPISTGLA
1946 247 2086 305 XIX.

3379 253 3481 312 7N

193 369 411 428 kalend.
443 367 706 438 Januarii,
753 366 975 440 Calepio
995 373 1051 423 et
1077 365 1356 422 Ardabure
1376 357 1507 422 viris
1531 365 1771 422 clarissi-
1805 367 1865 429 Α
1889 382 2047 437 quem
2083 363 2101 402 τ
2133 372 2515 422 auctoritatum
2558 365 2870 437 apostolicae
2917 365 3064 422 sedis
3111 365 3477 424 observantis-

195 464 296 521 mis
315 461 655 521 consulibus.

741 530 1074 588 EPISTOLA
1103 538 1132 570 ι
1157 528 1304 586 XIX.

400 645 430 687 δ
461 663 534 704 Α»
557 661 738 704 manu
775 659 1202 703 BENEVBN‘I‘ANUI
1239 659 1560 703 EPISCOPUI.

194 774 215 801 ε
240 760 656 819 Summe—1.
689 758 890 815 Dorum
915 758 980 814 de
1024 759 1317 829 perturbato
1350 759 1651 831 presbyterii
1683 776 1785 831 ror-

261 837 402 896 dine,
434 835 726 905 primosque
746 834 1065 902 presbyteros
1087 834 1196 905 juri
1223 849 1319 887 suo
1341 830 1576 885 cedentes
1600 830 1785 905 redar-

259 902 478 978 guit?—
507 907 570 959 ll.
608 904 772 960 Suum
804 905 984 978 cuique
999 904 1232 978 ordinem
1250 902 1785 978 vindicatpro‘ordl-

259 974 485 1031 nationis
507 986 767 1048 tenipore;
795 977 994 1048 primis,
1019 976 1107 1047 qui
1131 985 1408 1044 cesserant,
1432 974 1501 1029 ad
1547 974 1787 1045 inﬁmum

260 1049 524 1122 relegatis.

263 1162 426 1234 733
457 1161 820 1220 Dilectissimo
849 1161 999 1217 fratri
1035 1161 1215 1228 Dono,
1245 1159 1358 1217 Leo
1403 1160 1712 1230 episcopus.

260 1294 559 1362 Iudicium,
591 1291 618 1332 τι
647 1295 791 1367 quod
814 1294 881 1352 de
911 1303 965 1352 te
991 1296 1366 1366 sperabamus,
1398 1294 1644 1350 dolemus
1667 1309 1790 1350 esse

191 1389 508 1444 frustratum
533 1432 549 1456 ,
582 1391 798 1459 quando
844 1405 905 1446 ea
957 1399 1010 1446 te
1049 1389 1390 1445 commisisse
1429 1390 1789 1460 perspicimus

188 1496 319 1551 quae
345 1495 561 1538 omnem
591 1483 976 1539 ecclesiaSticae
1007 1481 1305 1539 satictionis
1338 1483 1574 1552 regulam
1605 1483 1792 1553 culpa-

190 1577 290 1632 bili
325 1576 564 1632 novitate
594 1586 618 1614 ο
665 1574 968 1632 laederent:
999 1589 1123 1632 cum
1175 1575 1496 1644 plenissime
1552 1575 1785 1643 noveris,

186 1678 396 1740 quanta
418 1667 781 1725 sollicitudine
810 1684 907 1740 per
936 1683 1126 1725 omnes
1153 1667 1368 1724 Domini
1399 1667 1668 1725 Ecclesias
1696 1682 1792 1738 pa-

1891 460 2086 516 simum
2118 474 2239 516 esse
2268 468 2628 525 convenerat,
2657 467 2763 514 tam
2796 457 3158 532 negligenter,
3189 471 3252 516 ac
3295 459 3479 531 potius

1889 551 2211 617 insolenter,
2235 553 2430 623 egisse,
2460 561 2520 608 ut
2546 550 2863 609 traditarum
2891 553 2988 608 tibi
3014 553 3190 624 legum
3231 569 3338 608 non
3390 571 3480 611 cu.

1890 652 2026 706 stos.
2051 644 2144 699 sed
2167 653 2540 714 transgressor
2560 643 2725 716 734
2743 645 3022 701 existeres.
3050 643 3252 701 Libello
3280 649 3480 704 etenim

1889 735 2041 791 Pauli
2072 735 2368 808 presbyteri
2400 737 2497 804 tui,
2533 738 2623 807 qui
2656 738 2710 792 in
2741 736 2968 792 subditis
2996 735 3241 806 habetur,
3276 753 3481 808 cogno-

1889 829 2086 895 vimus,
2143 829 2284 899 apud
2335 839 2387 885 te
2434 845 2578 885 novo
2621 830 2825 886 ambitu
2878 831 3128 902 foedoque
3169 837 3201 881 ε
3249 832 3482 888 colludio

1890 922 2214 994 presbyterii
2245 922 2488 978 ordinem
2534 921 2703 980 fuisse
2754 924 3065 991 turbatum;
3105 925 3176 981 ita
3222 933 3281 981 ut
3326 927 3482 981 unius

1891 1016 2084 1073 festina
2113 1028 2166 1072 et
2193 1018 2478 1072 immatura
2510 1017 2812 1086 provectio,
2864 1017 3109 1088 quaedam
3157 1033 3344 1075 eorum
3396 1018 3483 1073 de-

1889 1111 2054 1183 jectio
2086 1111 2219 1166 facta
2252 1111 2342 1177 sit,
2375 1106 2406 1149 ιι
2432 1126 2661 1181 quorutn
2695 1109 2954 1166 honorem
2979 1122 3110 1166 mtas
3138 1110 3482 1168 commenda-

1892 1204 1983 1260 bat
2018 1213 2072 1259 et
2098 1203 2242 1258 nulla
2275 1203 2431 1274 culpa
2472 1202 2767 1260 minuebat.
2801 1203 2956 1271 Quod
2995 1205 3039 1258 si
3070 1203 3357 1260 ambientis
3399 1203 3482 1260 in-

1893 1297 2083 1364 tentio,
2113 1306 2205 1350 aut
2226 1295 2474 1366 imperita
2504 1295 2799 1351 faventium
2832 1297 3011 1351 studia
3052 1295 3103 1352 id
3132 1295 3275 1368 quod
3321 1309 3482 1353 num--

1894 1404 2052 1459 quam
2093 1388 2277 1444 habuit
2325 1389 2666 1445 consuetudo
2713 1389 3050 1458 poscebant,
3100 1395 3159 1444 ut
3217 1389 3483 1460 incipiens

1893 1480 2136 1537 emeritis
2166 1490 2221 1536 et
2242 1481 2488 1536 novellus
2514 1481 2861 1552 praeferretur
2900 1482 3151 1553 antiquis,
3184 1489 3289 1539 tute
3310 1482 3485 1540 fuerat

1893 1572 2173 1629 industriae
2197 1581 2356 1643 atque
2385 1572 2644 1628 doctrina:
2672 1581 2732 1628 ut
2768 1573 2962 1644 iniusta
2996 1575 3293 1646 petentium
3341 1575 3485 1632 desi-

1895 1666 2044 1722 deria
2097 1666 2403 1723 rationabili
2458 1667 2780 1722 auctoritate
2839 1668 3152 1735 coliiberes;
3195 1684 3264 1726 ne
3320 1671 3482 1744 quem

187 1775 475 1821 ternorum
526 1765 756 1820 velimus
809 1779 1079 1820 canonum
1136 1771 1407 1833 praecepta
1450 1763 1682 1829 servari,
1735 1770 1791 1817 et
1821 1771 1870 1834 Β
1904 1756 1923 1798 ί
1955 1759 2276 1814 sacerdotali
2312 1773 2542 1828 propere
2571 1759 2908 1829 provehebas
2946 1761 3174 1830 honore,
3225 1761 3293 1817 ad
3345 1761 3487 1834 inju-

185 1857 348 1914 hanc
371 1857 602 1913 maxime
619 1872 806 1914 curam
835 1857 900 1912 ad
928 1856 1242 1913 sacerdotes
1268 1857 1639 1912 universarum
1673 1855 1790 1925 ple-

184 1950 352 2006 bium
380 1950 674 2022 pertinere,
699 1957 1080 2004 utsanctarum
1109 1948 1560 2006 constitutionum
1591 1947 1792 2020 regulas

182 2045 364 2100 nullis
380 2053 793 2115 corrumpantur
817 2043 1154 2100 excessibus.
1203 2042 1358 2100 Unde
1408 2044 1670 2099 miramur
1716 2056 1790 2112 te,

183 2225 447 2299 videtur,
475 2227 726 2281 nimirum
757 2225 1005 2299 collectio
1035 2225 1363 2299 Dionysiana
1400 2236 1456 2283 et
1487 2229 1694 2298 quinta.
1726 2227 1785 2284 In

181 2297 522 2368 Dionysiana
567 2305 622 2352 ct
649 2298 792 2366 apud
833 2295 1192 2353 Cresconiuni
1229 2299 1345 2368 ejus
1393 2295 1782 2369 exscriptorem

177 2371 366 2426 etiam
401 2372 453 2439 in
491 2370 864 2439 antiquissimo
908 2385 1011 2424 ms.
1056 2369 1360 2427 Veronensi
1407 2381 1623 2425 notatur
1667 2371 1784 2427 dies

179 2457 236 2498 ιιι
258 2440 387 2495 και.
416 2435 637 2495 Ianuar:
674 2441 727 2494 lti
759 2455 889 2495 rnSs.
918 2456 1048 2497 vero
1073 2442 1410 2497 collectionis
1435 2442 1470 2496 5
1497 2445 1602 2497 duo
1621 2443 1780 2497 codd.

177 2511 412 2568 Tliuan.
453 2517 507 2567 et
540 2511 975 2580 Trecoiiithman.
1002 2555 1016 2577 ,
1065 2514 1356 2580 Quesnello
1401 2522 1536 2570 teSIe
1581 2521 1690 2568 not.
1721 2511 1782 2580 4,

179 2583 403 2638 habent
423 2581 549 2649 ιαμ,
573 2584 658 2638 vel
689 2599 744 2639 ιιι
766 2583 872 2638 Ital.
897 2583 1091 2640 Julius.
1127 2587 1240 2640 Duo
1266 2595 1444 2640 autem
1466 2587 1632 2642 nostri
1656 2585 1785 2640 Vin-

179 2655 314 2711 deb.
332 2655 574 2723 ejusdem
600 2656 862 2710 collect.5
892 2655 1201 2722 discrepant
1226 2673 1240 2722 ;
1270 2657 1409 2712 alter
1423 2658 1568 2712 enim
1598 2659 1781 2723 signa-

182 2733 270 2782 tus
309 2721 471 2781 num.
501 2721 588 2792 59,
618 2742 777 2796 quem
807 2725 883 2781 uti
911 2721 1338 2795 praestantiorem
1372 2729 1426 2783 in
1453 2721 1782 2782 variantibus

179 2798 585 2860 adhibuimus,
639 2797 953 2866 pracfertrtv
1003 2815 1128 2852 non.
1181 2797 1438 2860 Januar..
1472 2802 1608 2855 alter
1647 2813 1780 2854 vero

179 2873 446 2941 signatus
475 2885 616 2922 num.
639 2865 741 2933 12,
786 2885 846 2941 tv;
868 2865 1114 2924 kalendas
1140 2867 1334 2925 Julius.
1367 2869 1590 2927 Codices
1619 2883 1785 2926 cante-

179 2939 393 2997 ra'rum
419 2941 792 2996 collectionum
832 2939 979 3008 Vat.,
1013 2941 1188 3008 llisp.,
1233 2941 1387 3004 lsid.,
1423 2942 1703 3006 Hadriam,
1730 2952 1786 2996 et

177 3015 432 3068 aliarum
484 3016 862 3086 posteriorum,
917 3028 1054 3086 cum~
1092 3011 1348 3086 Dionysio
1373 3015 1700 3069 conveniunt
1729 3013 1784 3067 in

180 3101 418 3150 mense,
445 3097 499 3138 et
523 3083 832 3152 plerumque
859 3084 1094 3139 etiamin
1140 3083 1272 3140 die':
1301 3096 1410 3141 tres
1457 3090 1600 3141 enim
1652 3101 1781 3140 mss.

180 3156 315 3212 libri
361 3165 565 3209 tantum
593 3166 911 3220 notantem
937 3152 1039 3210 kal.
1067 3152 1368 3222 Ianuarias,
1400 3174 1534 3212 unus
1567 3157 1783 3211 Vercel-

181 3231 452 3323 κρέξ-ιν
479 3226 580 3309 και.
631 3226 830 3323 Codch
840 3237 1019 3309 autem
1055 3226 1482 3323 Vli‘ndebonensis
1509 3229 1783 3323 collectio-
1811 3259 1858 3323 Ο

187 3302 280 3357 nis
314 3299 652 3365 Hispanicre,
684 3309 737 3353 et
767 3299 895 3352 editi
931 3306 1054 3354 ante
1081 3301 1280 3366 Quesn.
1314 3316 1378 3354 ex
1404 3317 1534 3354 mss.
1570 3301 1780 3354 collect.

178 3372 255 3427 21
289 3380 359 3427 et.
394 3370 616 3426 Merlino
643 3381 753 3424 tum
783 3371 834 3424 in
866 3385 1052 3425 mense
1081 3379 1190 3424 tmn
1231 3372 1282 3424 in
1315 3373 1402 3426 die
1431 3370 1741 3426 discordant
1768 3388 1781 3424 :

181 3445 418 3514 primus
445 3441 589 3496 enim
619 3444 795 3514 signat
819 3443 959 3514 diem
992 3456 1048 3496 ιιι
1079 3439 1182 3495 καί.
1217 3439 1370 3508 Julii,
1421 3443 1643 3497 secundi
1692 3459 1787 3495 au-

184 3510 298 3572 lein
327 3513 532 3577 pridie,
564 3514 644 3567 vel
675 3510 723 3568 ἰι
752 3511 858 3566 kal.
890 3510 1085 3567 Julius.
1135 3514 1192 3568 in
1226 3516 1323 3568 hac
1364 3515 1623 3568 varietate
1662 3514 1784 3567 Dio-

182 3584 340 3657 nysii
401 3584 773 3639 auctoritatem
830 3585 971 3654 (cum
1014 3601 1144 3657 __qua
1192 3586 1245 3639 in
1299 3600 1483 3640 mense
1536 3585 1789 3657 Convenit

181 3654 368 3714 eiiam
400 3673 535 3710 unus
566 3657 731 3711 codex
764 3658 981 3710 collect.
1010 3654 1044 3710 5
1068 3660 1118 3710 in
1145 3658 1232 3711 die
1254 3668 1430 3710 autem
1461 3656 1790 3712 eonVeniunt

183 3730 339 3798 inter
371 3738 572 3782 caetera
595 3743 757 3782 unum
782 3729 970 3782 saltem
1000 3728 1277 3797 exemplar
1302 3727 1541 3798 ejusdem
1571 3729 1786 3782 collect.

183 3791 219 3856 5
250 3817 280 3854 a
308 3799 614 3869 Quesnello
645 3798 938 3862 laudatum,
966 3807 1019 3853 et
1049 3791 1360 3853 duo'nostr'a
1383 3795 1608 3852 Vindeb.
1637 3800 1784 3868 llisp.

185 3875 241 3927 et
260 3873 404 3927 Vat.
433 3870 758 3938 collectﬂi)
785 3869 1172 3940 prcherendam
1200 3869 1450 3925 duximus
1476 3886 1491 3936 ;
1519 3881 1571 3924 et
1601 3874 1698 3925 hac
1723 3873 1790 3926 de

183 3959 366 3998 causa
405 3942 562 3996 istam
589 3943 869 4006 epistolam
916 3950 1036 4010 post
1067 3943 1277 3997 litteras
1305 3942 1370 3996 ad
1409 3942 1716 3996 Turrihium
1739 3954 1793 3997 et

151 4022 154 4023 ⁷
182 4015 255 4070 ad
287 4015 522 4070 biculos
543 4012 946 4078 Collocavimus,
982 4013 1174 4082 quibus
1198 4015 1559 4082 praeponenda
1594 4014 1790 4080 fuerat,

181 4087 230 4141 si
265 4103 341 4141 ex
376 4085 504 4139 aliis
530 4084 848 4138 lectionibus
868 4083 1550 4140 mensiJunioascribeoda
1585 4087 1789 4139 luisset.

182 4157 401 4227 Quoad
441 4157 780 4210 consularem
824 4170 954 4210 Vero
981 4168 1161 4227 notam
1197 4156 1326 4210 editi
1368 4171 1486 4208 cum
1521 4157 1796 4227 plerisque

180 4225 331 4285 lisss.
363 4230 631 4284 exhibent
667 4227 842 4294 Alipio
875 4237 921 4279 et
969 4225 1233 4280 Ardaburc
1268 4245 1346 4281 vv.
1371 4242 1446 4280 cc.
1478 4226 1792 4281 consulibus.

184 4300 538 4370 Quesuellus
562 4300 614 4370 in
632 4299 923 4370 margine:
955 4299 1066 4364 AL,
1096 4295 1300 4365 Calipio
1327 4309 1416 4351 aut
1435 4297 1663 4366 Cutepio.
1691 4299 1796 4352 Nos

183 4366 522 4428 iiiveninms
547 4366 750 4435 Calipio
769 4366 841 4423 in
871 4369 1076 4424 duobus
1107 4385 1235 4424 mss.
1257 4370 1556 4424 Vindebon.
1584 4370 1794 4426 Collect.

181 4441 222 4498 5
254 4457 314 4499 et
346 4450 409 4497 in
433 4441 640 4497 Veneto
669 4440 882 4495 collect.
914 4438 1014 4505 12;
1045 4439 1254 4508 Calepio
1302 4442 1567 4495 edidimus
1617 4457 1681 4496 ex
1715 4457 1800 4496 ra-

183 4517 454 4573 tionibus
485 4514 660 4566 allatis
679 4522 866 4567 atmot.
897 4511 968 4567 85
995 4511 1190 4583 (692i)
1225 4515 1276 4566 in
1309 4517 1466 4581 epist.
1493 4512 1580 4568 l5.

268 4596 296 4625 ⁸
329 4588 435 4642 At.
469 4583 558 4639 l8.
605 4584 735 4652 Qua:
789 4597 970 4638 autem
1022 4593 1183 4640 antea
1235 4583 1301 4639 l9
1347 4594 1484 4652 erat,
1523 4599 1662 4640 nunc
1705 4585 1798 4640 20.

180 4659 429 4728 Scripta
462 4660 494 4711 8
527 4654 700 4710 Martii
725 4652 854 4708 448.

263 4730 296 4770 δ
321 4723 542 4785 Ἐιειειι
564 4731 612 4780 in
642 4742 773 4780 mss.
797 4725 1012 4780 collect.
1039 4724 1094 4792 5,
1123 4727 1212 4793 ll,
1240 4725 1327 4791 12,
1361 4723 1427 4780 15
1459 4736 1509 4781 et
1535 4725 1605 4779 20
1633 4742 1802 4796 usque

184 4802 260 4859 ad
295 4804 402 4857 25.
439 4798 667 4854 Codices
698 4797 756 4853 S.
787 4798 974 4852 Crucis
997 4799 1050 4850 in
1098 4798 1430 4852 Hierusalem
1470 4798 1677 4851 collect.
1732 4799 1803 4854 '20

180 4886 245 4930 et
274 4874 419 4928 Vat.
467 4871 723 4925 Ottobon.
757 4869 884 4932 532,
913 4869 978 4922 ad
1010 4867 1336 4924 Theodorum
1369 4870 1686 4922 inscribunt.
1743 4868 1800 4924 lu

181 4946 410 5001 tabulis
437 4957 568 4997 vero
588 4943 981 4996 Beneventano:
1009 4939 1262 4995 Ecclesia:
1286 4936 1457 4993 Dorus
1479 4942 1799 5010 appellatur,

181 5029 254 5072 ut
288 5020 346 5070 iu
379 5017 605 5069 ceteris
630 5027 760 5068 mss.
784 5019 1028 5066 vocatur.
1084 5011 1270 5067 Solum
1303 5013 1352 5064 in
1385 5011 1545 5065 codd.
1579 5013 1796 5067 collect.

181 5089 256 5144 2t
299 5087 578 5141 Doroleus
621 5099 717 5154 per
768 5099 1006 5137 errorem
1066 5082 1342 5154 scribitur,
1401 5083 1453 5136 in
1487 5099 1642 5136 unam
1673 5100 1804 5137 coii-

178 5162 414 5232 junctis
441 5152 648 5232 duabus
669 5155 892 5211 vocibus
917 5154 1056 5208 Doro
1085 5152 1210 5223 Leo,
1237 5169 1360 5224 quae
1382 5157 1432 5208 in
1457 5155 1805 5224 inscriptione

184 5229 478 5304 cpiswlze
494 5229 765 5304 leguntur.
840 5291 848 5304 ὲ

275 5315 302 5343 ε
319 5305 386 5358 ln
405 5295 591 5354 tabula
606 5300 820 5354 collect.
838 5299 870 5353 5
883 5299 1059 5365 capite
1076 5296 1264 5352 ultimo
1279 5295 1362 5350 hic
1380 5297 1564 5351 titulus
1579 5297 1800 5367 legitur:

177 5376 284 5432 Ad
351 5375 561 5428 Dorum
614 5367 1024 5425 Beneventanum
1049 5370 1379 5441 -episcOpum
1433 5369 1807 5441 objurgationis

177 5444 550 5521 episwla._lt_i
583 5458 712 5521 mss.
737 5452 915 5496 autem
947 5441 1006 5495 8.
1035 5437 1271 5521 Crit-cis;
1307 5439 1392 5521 De.
1407 5437 1702 5521 presbytero
1750 5443 1805 5495 in

174 5511 713 5578 ﬂiaruminiuriam
741 5521 996 5584 promoto,
1029 5521 1074 5566 et
1113 5511 1176 5566 de
1207 5512 1280 5566 eis
1306 5511 1531 5583 quicum
1555 5515 1653 5566 sibi
1673 5527 1809 5583 prte-

181 5594 340 5666 poni
374 5592 749 5661 paposcerunt.
1260 5655 1269 5664 .

267 5660 309 5701 ἀ
341 5664 470 5716 Duo
492 5658 654 5713 codd.
687 5657 886 5724 Quesn.
912 5665 966 5711 et
997 5665 1179 5711 noster
1213 5653 1741 5711 deebon.collect.
1777 5656 1812 5711 5

179 5735 432 5793 addunt
461 5742 712 5784 nostrum.
737 5727 858 5783 Mox
889 5743 988 5799 pro
1014 5729 1244 5783 dolemus
1295 5729 1348 5799 in
1391 5744 1491 5782 ms.
1541 5727 1596 5782 S.
1626 5727 1814 5782 Crucis

171 5809 502 5877 .oltcmus.
545 5801 659 5857 lloc
704 5798 898 5856 autem
931 5815 997 5858 ex
1049 5811 1198 5857 textu
1222 5798 1440 5871 quidam
1482 5814 1592 5856 non
1627 5801 1817 5857 leviter

1897 1854 2034 1908 riam
2065 1867 2252 1908 eorum
2281 1852 2476 1924 quibus
2505 1854 2810 1910 sociabatur
2837 1855 3119 1924 inciperet,
3149 1854 3165 1908 l
3206 1857 3488 1928 minorque

1901 1961 1961 2002 se
1989 1945 2163 2014 ﬁeret,
2199 1945 2327 2001 dum
2351 1947 2404 2001 in
2439 1946 2534 2001 illo
2559 1962 2663 2001 non
2696 1947 3012 2002 humilitatis
3044 1947 3239 2014 virtus,
3263 1949 3356 2005 sed
3379 1950 3490 2006 ela-

1894 2041 2059 2098 tionis
2089 2040 2278 2098 vitium
2327 2041 2702 2098 roboraretur.
2745 2039 2774 2079 ι
2819 2040 3002 2110 Neque
3029 2041 3173 2098 enim
3201 2041 3489 2114 ignorabas

1894 2228 2177 2297 colligunt.
2209 2229 2413 2284 Dorum
2446 2237 2821 2284 consecratum
2851 2226 3021 2282 videri
3057 2226 3350 2284 Beneventi
3377 2232 3488 2299 epi-

1891 2314 2114 2368 scopum
2147 2300 2216 2354 ab
2264 2302 2383 2367 ipso
2419 2300 2620 2364 Leone,
2667 2300 2761 2368 qui
2821 2299 3023 2353 ideirco
3063 2298 3307 2367 queritur
3348 2298 3490 2370 judi-

1891 2372 2056 2436 cium,
2082 2387 2176 2426 seu
2206 2387 2355 2441 spem
2384 2372 2451 2425 de
2477 2375 2590 2440 ipso
2617 2381 2953 2441 conceptam,
2983 2385 3105 2424 cum
3135 2370 3342 2428 scilicet
3368 2388 3490 2428 eum

1893 2440 2288 2514 Beneventanis
2314 2445 2628 2514 episcopum
2658 2443 2825 2514 dedit,
2856 2440 3176 2514 frustratami
3217 2445 3402 2498 luisse.
3447 2443 3489 2500 E

1889 2511 2135 2568 Romano
2166 2515 2327 2568 etiam
2349 2511 2506 2568 'clero
2529 2516 2782 2570 eductum
2811 2512 3055 2567 indicare
3092 2513 3345 2569 videntur
3375 2515 3489 2582 illa,

1889 2602 2005 2639 cum
2031 2587 2323 2658 plenissime
2349 2589 2567 2649 noveris,
2601 2597 2707 2642 etc.
2759 2594 2918 2654 atque
2960 2584 3077 2658 illa:
3113 2593 3182 2648 te,
3212 2601 3361 2649 quem
3399 2603 3491 2640 au-

1889 2655 2184 2711 ctoritatum
2215 2659 2512 2729 apostolica:
2536 2659 2672 2713 sedis
2700 2655 3204 2712 observantissimum
3233 2671 3339 2711 esse
3369 2673 3492 2713 con-

1887 2739 2113 2783 venerat.

1966 2808 1989 2869 εξ
2014 2799 2179 2854 Iidem
2209 2799 2316 2854 duo
2345 2799 2503 2855 codd.
2525 2801 2754 2869 Quesn.,
2779 2799 3054 2852 violarent.

1965 2868 1988 2908 ί
2022 2873 2365 2926 Auctoritates
2391 2868 2690 2940 apostblicw
2718 2871 2854 2940 sedis
2905 2879 3030 2922 sunt
3070 2871 3488 2940 constitutiones

1887 2940 2257 3069 Eonianiosrum
2301 2944 2637 3013 pontiﬁcum.
2690 2939 2828 2998 Vide
2866 2945 3054 2995 annot.
3102 2939 3166 2996 81
3199 2940 3324 3014 (691
3356 2940 3403 3014 τ)
3432 2941 3490 3000 in

1929 3030 2007 3069 ως
2046 3054 2058 3066 .
2167 3058 2179 3069 .

1889 3024 2058 3070 eDlSl.
2090 3024 2179 3070 15.

1925 3030 2337 3155 ρὲςὶίειιίίίηυοι
2364 3086 2557 3152 nostri,
2605 3094 2661 3142 et
2707 3082 2984 3154 Quesnelli
3027 3081 3186 3139 codd.
3241 3081 3485 3140 melioris

1889 3167 2053 3214 noue.
2082 3155 2170 3212 Al.
2202 3159 2441 3212 colluvie.

1963 3225 1989 3265 ¹³
2022 3227 2164 3283 Editi
2207 3241 2333 3284 ante
2365 3229 2572 3295 Quesn.
2625 3243 2746 3283 cum
2777 3243 2909 3284 mss.
2962 3228 3181 3284 collect.
3225 3227 3289 3282 21
3343 3226 3494 3283 etEt

1889 3316 2016 3370 quos
2036 3312 2160 3355 tetas
2189 3299 2600 3355 commendabat.
2623 3298 2760 3356 Cod.
2787 3299 2843 3354 S.
2885 3297 3075 3354 Cruci;
3125 3297 3342 3354 collect.
3393 3297 3487 3364 20,

1890 3388 2018 3440 quos
2071 3381 2118 3426 et
2161 3379 2291 3426 telas
2343 3370 2755 3426 commendabat.
2807 3370 2985 3426 Editio
3015 3373 3246 3438 Queso.,
3271 3387 3492 3438 quorum

1890 3454 2018 3498 tetas
2043 3443 2276 3497 ordinem
2297 3443 2711 3498 commendabat.
2744 3443 2800 3497 ln
2830 3457 2959 3496 mss.
2984 3443 3199 3498 collect.
3229 3440 3291 3497 11
3348 3441 3492 3495 idem

1892 3511 2111 3583 legitur,
2148 3517 2348 3569 omissa
2373 3530 2507 3569 voce
2553 3515 2806 3568 ordinem.
2844 3513 3160 3580 Equiorem
3205 3513 3494 3567 lectionem

1892 3587 2018 3640 Cod.
2043 3585 2274 3640 Vindeb.
2309 3587 2522 3641 col’cct.
2553 3584 2586 3639 5
2608 3587 2776 3640 secuti
2802 3601 3008 3640 sumus.
3030 3583 3212 3638 Honor
3239 3585 3494 3639 sacerdo-

1898 3657 1956 3711 tii
1988 3657 2324 3727 intelligitur,
2361 3659 2501 3712 unde
2523 3657 2685 3712 etiam
2719 3659 2880 3723 intra,
2906 3655 3218 3710 sacerdotali
3246 3654 3457 3710 honore.

1975 3728 1991 3764 ί
2026 3727 2102 3782 ita
2123 3728 2464 3795 Quesnellus.
2497 3729 2814 3782 Anteriores
2857 3728 3124 3782 editiones
3158 3727 3274 3780 voci
3324 3743 3495 3780 sacer-

1897 3800 2061 3853 dotali
2110 3808 2431 3870 prteponunt
2463 3801 2899 3866 praepositionem
2947 3800 3019 3852 in.
3059 3796 3494 3870 Ms._Vindebon.

1896 3868 2122 3925 collect.
2153 3874 2218 3941 5,
2267 3872 2322 3924 in
2362 3872 2647 3925 sacerdotio
2684 3887 2900 3941 propere
2945 3868 3253 3939 provehebas
3300 3870 3368 3923 atl
3417 3873 3497 3922 in-

1887 3942 2108 4014 juriam.
2134 3940 2265 3996 Cod.
2299 3942 2359 3998 S.
2383 3942 2590 4014 Crucis,
2731 3940 3099 3996 sacerdotalem
3131 3956 3344 4014 prapere
3370 3956 3496 4014 pro-

1897 4011 2112 4066 vehebas
2145 4015 2413 4067 honorem.
2435 4013 2635 4081 Quesn.
2669 4012 2722 4066 in
2757 4017 2998 4082 margine
3025 4027 3092 4067 ex
3118 4013 3299 4082 aliquo
3329 4012 3497 4082 ipsius

1899 4085 2106 4150 codice,
2137 4101 2197 4136 ne
2227 4101 2374 4147 quem
2402 4083 2690 4138 sacerdotio
2721 4084 3048 4151 provehebas.

1977 4153 1991 4204 i
2035 4155 2175 4208 Editi
2209 4155 2431 4219 Leonis,
2460 4157 2740 4224 prmmisso
2763 4153 3217 4224 puni-toahabent
3246 4161 3498 4224 corrupte

1901 4241 2026 4280 cum
2058 4242 2189 4281 mss.
2218 4225 2339 4281 Vat.
2398 4228 2611 4282 collect.
2645 4222 2707 4279 21
2755 4222 2807 4280 et
2844 4223 2940 4290 24,
2975 4222 3162 4292 Miror,
3193 4226 3306 4295 quis
3334 4223 3498 4293 ﬁeret.

1903 4297 2038 4352 Dein
2068 4297 2228 4352 codd.
2272 4298 2488 4352 collect.
2535 4295 2602 4350 21
2644 4311 2739 4363 pro
2778 4297 3012 4349 elationis
3047 4295 3245 4349 habent
3284 4295 3498 4364 furoris.

1904 4368 2036 4424 Mss.
2072 4379 2247 4423 autem
2277 4368 2584 4424 Vindehoti.
2631 4368 2846 4421 collect.
2899 4367 2953 4429 5,
2986 4365 3106 4423 Vat.
3140 4365 3356 4421 Collect.
3402 4366 3494 4432 11,

1903 4438 2098 4498 Venet.
2123 4441 2180 4495 S.
2215 4439 2377 4495 Marci
2404 4440 2618 4494 collect.
2653 4438 2745 4504 12,
2773 4449 2824 4492 et
2855 4438 2975 4492 Vat.
3009 4437 3348 4509 collect.24.
3393 4437 3504 4509 for-

1904 4511 2056 4565 tioris
2079 4511 2392 4580 pra-lerunt.
2419 4510 2474 4565 ln
2503 4526 2605 4566 ms.
2637 4509 2693 4564 S.
2718 4509 2907 4564 Crucis
2938 4509 3148 4564 collect.
3178 4508 3250 4564 20
3278 4508 3505 4578 aliisque

1908 4579 2117 4636 duobus
2145 4581 2456 4648 Cantabrig.
2500 4591 2554 4636 et
2596 4581 2806 4636 Thuan.
2845 4598 2872 4634 a
2927 4581 3218 4647 Quesnello
3246 4579 3501 4644 laudatis,

1830 4661 1886 4722 D
1910 4656 2103 4722 furoris
2132 4655 2313 4708 vitium
2336 4665 2636 4720 superaret;
2670 4665 2721 4706 et
2756 4654 2807 4707 in
2833 4650 2956 4707 Vat.
2987 4653 3202 4706 collect.
3242 4651 3328 4718 11,
3357 4651 3507 4719 furo—

1908 4727 1982 4780 ris
2007 4728 2186 4796 vitium
2217 4725 2597 4796 reprobaretur.
2639 4723 2890 4779 Labbeus
2923 4725 3243 4796 inqtiiargine
3273 4734 3508 4796 annota-

1908 4799 2016 4851 vit:
2049 4795 2222 4869 Alitis,
2255 4792 2504 4868 inciperet
2545 4796 2907 4869 major_quasi
2957 4794 3093 4869 ﬁeri,
3127 4792 3266 4869 idum
3307 4792 3362 4847 in
3416 4793 3511 4849 illo

1907 4885 2011 4923 non
2037 4867 2344 4922 humilitatis
2365 4865 2551 4932 virtus,
2583 4865 2673 4922 sed
2717 4867 2910 4935 furoris
2939 4867 3117 4920 vitium
3158 4865 3508 4920 roboraretur.

1906 4939 1966 4995 Iti
2000 4949 2151 4994 textu
2184 4940 2503 4994 retinuimtts
2531 4939 2818 4993 lectionem
2851 4937 3122 5004 Quesnelli
3167 4953 3230 4991 ex
3257 4937 3504 5004 Merlino,

1907 5021 1964 5066 et
1989 5010 2317 5065 editionibus
2338 5011 2717 5074 eoneiliorum,
2759 5025 2825 5064 eo
2853 5009 2994 5079 quod
3040 5008 3283 5064 elationis
3307 5022 3510 5079 nomen

1910 5082 2170 5137 Leouinis
2200 5098 2415 5152 quoque
2450 5081 2780 5136 editionibus
2830 5077 3263 5152 comprobatum,
3295 5077 3512 5133 humili-

1910 5154 2003 5209 tati
2030 5151 2338 5224 opnonatur
2362 5199 2376 5222 ,
2423 5156 2624 5224 totique
2673 5153 2952 5207 contextui
2995 5151 3167 5222 magis
3209 5158 3510 5219 congruat,

1909 5240 2068 5296 quam
2098 5225 2312 5296 furoris,
2344 5226 2426 5280 vel
2441 5225 2703 5296 fortioris.

1983 5294 2010 5332 ιι
2038 5294 2175 5350 Editi
2197 5295 2492 5363 Quesnello
2509 5297 2809 5351 anteriores
2837 5311 2961 5351 cum
2986 5295 3148 5352 unico
3177 5295 3364 5347 nostro
3384 5294 3508 5348 cod.

1910 5365 2036 5423 Vat.
2070 5367 2167 5422 511
2204 5369 2421 5423 collect.
2448 5366 2538 5434 21,
2593 5366 2776 5436 Neque
2824 5369 2960 5421 enim
3007 5365 3287 5436 ignorabas
3317 5364 3514 5418 dixisse

1911 5437 2215 5502 Dominum,
2248 5440 2386 5508 quod
2415 5440 2503 5508 qui
2544 5456 2597 5494 se
2622 5437 2864 5494 humiliut
2896 5439 3228 5500 exaltabitur,
3267 5441 3351 5508 qui
3398 5451 3514 5489 vero

1911 5526 1967 5566 se
1993 5511 2185 5564 exultat
2213 5507 2608 5577 humilia’bitur;
2658 5511 2988 5579 eumdemqne
3015 5509 3236 5579 dixisse;
3268 5507 3515 5572 Quicum-

1913 5598 2013 5653 que
2041 5583 2149 5636 vult
2193 5583 2326 5637 inter
2357 5600 2442 5636 vos
2473 5585 2642 5654 major
2685 5583 2819 5652 ﬁeri,
2848 5576 2916 5654 sit
2957 5590 3119 5634 vester
3148 5576 3417 5654 minister;
3467 5582 3516 5628 et

1914 5651 2226 5726 quicumque
2274 5655 2487 5710 voluerit
2525 5651 2657 5708 inter
2687 5651 2783 5726 eos
2822 5653 3019 5726 primus
3055 5665 3183 5715 esse,
3215 5651 3309 5703 erit
3357 5661 3517 5726 vester

1917 5718 2110 5782 servus.
2141 5718 2258 5781 ’νος
2285 5738 2457 5782 autem
2478 5727 2704 5798 qutetitis
2749 5718 2830 5798 de
2861 5723 3051 5798 pusillo
3081 5737 3324 5798 crescere,
3354 5733 3415 5798 _e_t_
3450 5718 3518 5798 de

1918 5800 2115 5858 honore
2133 5801 2352 5871 majores
2371 5791 2499 5856 esse:
2520 5797 2599 5854 Ita
2621 5797 2781 5853 etiam
2795 5791 2992 5852 Leonis
3016 5793 3208 5866 codex,
3225 5808 3331 5868 quo
3352 5791 3516 5852 Hinc-
