4020 6352
597 308 696 372 711

1750 306 1805 362 S.
1851 302 2096 362 LEONIS
2132 303 2350 364 MAGNI
2406 304 2774 365 EPISTOLIE.

3772 308 3861 374 ’112

599 429 762 503 ⁷35
781 423 978 485 drxrsse
1008 424 1314 488 Dominum,
1345 422 1485 493 quod
1516 422 1601 495 qui
1644 426 1709 477 ‘se
1747 424 2007 491 humiliat,
2042 422 2184 477 exal-
2210 428 2265 486 Α
2289 438 2349 480 se
2382 424 2605 480 honoris
2650 426 2733 479 sui
2778 423 2969 480 ordine
3022 432 3148 480 sunt
3204 424 3463 495 professi,
3517 424 3644 482 licet
3684 426 3859 497 privari

599 526 821 590 talium;
850 523 939 594 qui
967 536 1084 575 vero
1131 536 1183 573 se
1225 512 1450 583 exultat,
1484 516 1837 572 Itumiliabitur
1870 517 2024 589 (Luc.
2072 532 2183 586 xw,

597 616 698 683 il;
728 625 777 669 et
820 628 971 679 xvnr,
1005 610 1093 684 14)
1124 629 1135 665 :
1188 610 1547 682 eamdemque
1573 611 1813 667 dixisse:
1868 610 1971 666 Vos
2017 620 2189 666 autem

594 709 821 780 queritis
840 708 903 762 de
922 704 1114 777 pusillo
1135 722 1380 773 crescere,
1414 715 1462 761 et
1491 706 1555 761 de
1580 709 1778 779 majore
1804 708 2026 763 minores
2054 720 2182 761 esse.

592 800 893 871 Utrumque
936 800 1081 856 enim
1134 798 1521 867 inordinatum,
1570 809 1856 872 utrumque
1885 807 2188 871 praeposte-

590 908 711 950 rum
735 903 857 961 est;
890 902 946 950 et
970 893 1147 950 omnis
1173 894 1419 950 laborum
1452 893 1663 951 fructus
1691 896 1955 961 aufertur,
2009 896 2187 956 omnis

590 988 906 1045 meritorum
955 1004 1208 1045 mensura
1239 998 1517 1055 vacuatur,
1574 989 1621 1045 si
1652 999 1857 1045 tantum
1888 989 2011 1061 quis
2038 1004 2187 1047 asse-

590 1083 771 1153 quitur
811 1083 1110 1154 dignitatis,
1140 1092 1403 1155 quantum
1451 1084 1779 1140 adulationis
1826 1085 2097 1151 obtinuit;
2130 1091 2188 1140 ut

591 1176 856 1247 cupiditas
885 1176 1157 1232 eminendi
1188 1192 1296 1232 non
1329 1177 1504 1231 solum
1528 1177 1929 1246 superbientem
1954 1177 2182 1242 minuat,

590 1268 687 1326 sed
718 1270 880 1325 etiam
910 1269 1310 1325 conniventem.
1348 1268 1406 1324 Si
1435 1283 1589 1335 vero,
1616 1277 1673 1322 ut
1699 1269 1993 1333 asseritur,
2026 1266 2186 1337 primi

589 1362 919 1433 secundique
969 1361 1294 1432 presbyteri,
1349 1361 1491 1416 circa
1526 1370 1550 1397 α
1580 1360 1927 1431 Epicarpium
1972 1360 2188 1416 sibimet

590 1453 1036 1526 praeponendum,
1088 1460 1236 1508 tanta
1278 1452 1405 1509 huic
1444 1453 1741 1508 assentatio
1771 1452 1894 1520 fuit,
1944 1460 2005 1507 ut
2036 1452 2186 1508 illum

593 1561 717 1603 cum
746 1546 830 1601 sui
855 1545 1126 1601 dedecore
1152 1554 1465 1616 poscerent,
1500 1545 1778 1612 honorari,
1808 1559 1909 1599 nec
1935 1543 2041 1601 hoc
2063 1544 2185 1615 qui-

592 1638 714 1693 dem
746 1636 855 1692 illis
887 1635 1104 1707 proprio
1128 1650 1188 1692 se
1212 1635 1416 1707 judicio
1447 1632 1821 1705 dejicienttbus
1867 1636 2030 1691 tribui
2077 1634 2187 1691 de-

593 1731 732 1799 buit,
756 1729 899 1800 quod
944 1730 1233 1786 volebant:
1280 1729 1309 1769 ιι
1349 1731 1472 1800 quia
1503 1740 1611 1785 tam
1661 1731 1875 1786 miserae
1926 1732 2188 1787 voluntati

594 1823 806 1893 dignius
857 1830 909 1877 te
938 1821 1115 1877 fuerat
1152 1822 1375 1878 obviare
1422 1837 1581 1893 quam
1638 1822 1856 1878 cedere.
1914 1822 2185 1879 Deformis
2216 1835 2265 1897 Β

593 1924 771 1971 autem
801 1924 854 1971 et
885 1916 1073 1986 ignava
1094 1914 1359 1985 subjectio
1397 1914 1535 1971 bene
1557 1914 1660 1971 sibi
1691 1915 1943 1983 consciis,
1992 1926 2046 1971 et
2074 1931 2183 1972 non

596 2012 803 2068 irritam
834 2006 1151 2063 facientibus
1176 2008 1404 2078 gratiam
1455 2007 1572 2073 Dei,
1616 2007 1974 2078 praejudicare
2019 2018 2043 2047 α
2074 2022 2184 2064 non

598 2100 792 2173 potuit,
819 2110 878 2155 ut
922 2100 1182 2171 primatus
1223 2114 1351 2154 suos
1380 2114 1722 2170 quocumque
1763 2098 2088 2156 commercio
2131 2100 2186 2155 in

596 2197 912 2256 alterutrum
983 2175 1409 2261 transferentes,
1467 2194 1913 2263 subsequentium
1962 2208 2186 2251 suorum

596 2291 901 2346 minuerent
939 2287 1255 2359 dignitatem
1283 2284 1311 2324 ἀ
1337 2296 1390 2342 et
1417 2286 1541 2357 quia
1586 2288 1835 2343 ultimum
1880 2286 1986 2344 sibi
2033 2300 2187 2345 ante-

596 2391 907 2455 posuerant,
937 2381 1148 2438 caeteris
1180 2380 1576 2452 prteemineret.

590 2517 601 2528 .
666 2479 791 2533 Car.
822 2476 886 2532 ll.
918 2505 989 2516 --
1016 2473 1263 2529 Praedicti
1286 2471 1448 2545 igitur
1467 2471 1791 2543 presbyteri,
1822 2473 1915 2543 qui
1934 2470 2188 2544 indignos

597 2627 776 2669 marus
803 2626 931 2666 usus
959 2610 1056 2665 fuit
1083 2624 1270 2681 Opusc.
1302 2609 1373 2664 44
1398 2607 1466 2665 de
1495 2608 1635 2681 iure
1667 2610 1957 2681 metropol.
2000 2625 2051 2665 c.
2092 2611 2181 2667 17.

594 2685 792 2741 Omnes
810 2698 939 2737 vero
967 2682 1057 2735 alii
1088 2680 1303 2737 Codices
1325 2696 1353 2735 a
1379 2682 1532 2734 nobis
1554 2680 1801 2749 adhibiti,
1830 2682 1881 2736 id
1910 2689 1995 2736 est
2022 2681 2180 2736 codd.

595 2754 1020 2826 quatuordecim,
1052 2761 1107 2808 et
1132 2754 1366 2822 quinque
1392 2767 1421 2826 a
1453 2752 1743 2818 Quesnello
1771 2751 1997 2826 inspecti
2028 2754 2187 2826 omit-

596 2823 714 2883 t’unt
740 2836 943 2881 textum
979 2825 1295 2895 Quicumque
1324 2824 1453 2890 vult,
1477 2836 1607 2890 etc.,
1641 2837 1809 2894 usque
1837 2825 1902 2877 ad
1936 2824 2048 2889 illa,
2085 2823 2183 2878 erit

596 2910 755 2953 vester
782 2913 974 2951 servus.
1014 2896 1179 2951 [idem
1214 2897 1413 2962 pariter
1443 2897 1612 2949 nostri
1664 2896 1914 2964 codices,
1954 2906 2183 2965 excepto

597 2973 756 3024 unico
801 2967 1198 3022 Vindeboaensi
1224 2966 1436 3021 collect.
1474 2967 1526 3029 5,
1560 2975 1681 3034 post
1718 2981 1879 3020 voces
1916 2966 2184 3019 eumdem-

597 3059 693 3110 que
724 3040 915 3094 dixisse
942 3038 1235 3110 subjiciunt
1270 3038 1472 3104 statim,
1515 3036 1617 3092 Vos
1660 3038 2087 3110 autemAqueeritis
2118 3038 2185 3091 de

637 3112 791 3165 usillo
825 3126 1068 3164 crescere.
1128 3108 1448 3175 Quesnellus
1503 3124 1632 3163 vero
1674 3124 1795 3163 cum
1836 3108 2052 3163 laudato
2079 3124 2182 3164 ms.

648 3183 997 3237 indebonensi
1050 3194 1210 3235 voces
1279 3179 1613 3250 eamdemque
1661 3179 1854 3234 dixisse
1911 3180 2189 3250 transtulit

597 3264 723 3308 ante
754 3253 917 3308 verba
953 3253 1041 3322 qui
1068 3268 1184 3305 vero
1212 3268 1265 3305 se
1289 3251 1502 3304 exultat.
1530 3249 1634 3304 'llla
1667 3266 1831 3320 porro
1882 3249 1983 3304 Vos
2014 3261 2189 3304 autem

596 3326 848 3394 qrtwritis,
897 3334 1028 3389 etc.,
1079 3330 1146 3394 ut
1189 3322 1242 3377 in
1282 3332 1466 3376 nostro
1510 3333 1657 3376 textu
1686 3323 1864 3387 allata,
1897 3337 2005 3376 non
2029 3322 2188 3377 sicuti

596 3392 797 3451 Christi
845 3395 1007 3449 verba
1045 3392 1377 3460 charactere,
1427 3394 1501 3447 uti
1542 3402 1757 3461 vocant,
1808 3395 2046 3460 cursivo,
2090 3394 2188 3449 sed

640 3468 749 3521 uasi
792 3466 987 3521 Leonis
1042 3474 1241 3520 textum
1264 3465 1574 3520 charactere
1619 3463 1853 3519 rotundo
1894 3468 2183 3534 expressit.

644 3541 728 3594 ein
758 3549 806 3593 et
835 3539 896 3592 de
925 3540 1120 3608 majore
1150 3538 1373 3589 minores
1400 3553 1506 3591 esse
1536 3536 1730 3605 legitur
1757 3552 1862 3590 non
1895 3538 2183 3608 taiituntin

635 3610 831 3678 uinque
861 3605 1313 3676 msszuesnelli,
1350 3622 1535 3661 verum
1564 3610 1724 3661 etiam
1753 3608 1807 3678 in
1834 3609 2034 3661 nostris
2056 3605 2188 3662 Vin-

635 3626 831 3678 umque
861 3626 988 3663 mss.
1017 3626 1313 3676 uuesnettt,
1350 3626 1535 3661 verum
1564 3626 1724 3661 Cllalll
1754 3626 1807 3661 Ill
1834 3626 2034 3661 ﬂOSll‘IS
2064 3626 2183 3662 νιιι-

594 3626 791 3735 ﬂebon.
822 3680 1031 3734 collect.
1068 3680 1123 3745 5,
1171 3679 1291 3733 Vat.
1326 3678 1541 3733 collect.
1582 3680 1673 3745 11,
1725 3677 1842 3732 Vat.
1893 3689 1947 3732 et
1981 3678 2183 3733 Veneto

595 3752 807 3807 collect.
841 3751 927 3815 12,
956 3752 1015 3807 S.
1045 3751 1229 3805 Crucis
1250 3750 1458 3804 collect.
1490 3749 1583 3815 20,
1612 3750 1820 3805 Veneto
1845 3750 2059 3805 collect.
2085 3749 2179 3818 22,

596 3824 715 3879 Vat.
742 3825 959 3893 Regina:
990 3821 1089 3876 159
1120 3820 1447 3893 collect.f24,
1482 3834 1535 3875 et
1573 3825 1623 3877 in
1654 3836 1759 3874 uno
1782 3822 2092 3893 fesulano.
2126 3823 2181 3893 lin

594 3890 868 3950 codicibus
892 3906 1068 3948 autem
1092 3893 1303 3948 cnllect.
1338 3890 1431 3958 21,
1454 3894 1547 3962 25,
1575 3902 1631 3948 et
1658 3908 1763 3946 uno
1781 3891 1900 3945 Vat.
1933 3891 2037 3945 5M
2066 3892 2181 3946 col-

593 3966 723 4021 lect.
768 3966 859 4031 24,
891 3976 936 4019 et
992 3965 1054 4017 de
1099 3964 1292 4017 honore
1340 3966 1561 4034 majores
1602 3980 1730 4018 esse.
1780 3963 1909 4018 Post
1955 3964 2179 4031 primam

592 4037 866 4103 Quesnelli
893 4036 1184 4090 editionem
1211 4034 1513 4090 Ricliardus
1541 4036 1725 4091 Simon
1744 4034 1794 4087 in
1822 4036 1974 4088 novis
1996 4036 2182 4088 obser-

594 4109 901 4162 vationibus
932 4108 997 4160 ad
1032 4118 1255 4167 textum,
1292 4115 1345 4160 et
1376 4110 1654 4160 versiones
1685 4106 1807 4159 novi
1850 4106 2178 4160 Testamenti

592 4194 640 4232 c.
673 4183 736 4234 2t
767 4194 884 4249 pag.
915 4178 1044 4243 458,
1073 4180 1281 4231 monuit
1323 4177 1439 4249 haec
1469 4178 1629 4233 verba
1667 4176 1770 4230 Vos
1810 4186 2179 4249 autem,qu-

592 4252 728 4317 ritis,
772 4259 901 4316 etc.,
936 4250 1171 4303 Leonem
1212 4248 1507 4317 sumpsisse
1551 4265 1615 4303 ex
1661 4248 1955 4315 exemplari
2000 4248 2180 4301 Evan—

592 4322 715 4391 gelii
745 4322 1037 4375 secundum
1088 4321 1397 4373 Maltliieuni
1441 4334 1490 4373 c.
1544 4336 1635 4386 xx,
1662 4320 1777 4391 Aubi
1824 4318 1913 4391 illa
1969 4318 2179 4391 iniejus

595 4387 779 4450 codice
807 4393 1025 4461 perinde
1049 4403 1203 4445 erant
1233 4393 1450 4461 inserta,
1481 4406 1542 4445 ac
1568 4392 1622 4444 in
1648 4387 2078 4459 Cantabrigensi,
2115 4405 2178 4444 ac

593 4460 821 4534 quatuor
852 4464 969 4534 aliis
998 4478 1131 4517 mss.
1178 4460 1605 4534 exemplaribus
1632 4462 1996 4534 inveniuntur.
2045 4461 2176 4534 Dein

590 4531 719 4592 vero
748 4550 851 4589 non
900 4533 964 4588 de
995 4535 1189 4603 majore
1227 4535 1446 4587 minores
1470 4573 1485 4598 ,
1516 4532 1608 4587 sed
1640 4531 1704 4585 de
1732 4533 1927 4585 minore
1956 4533 2177 4603 majores

594 4626 701 4662 esse
732 4607 1012 4675 legendum
1035 4602 1333 4675 contendit.
1365 4604 1688 4675 Quesnellus
1716 4604 1767 4656 in
1800 4604 2031 4658 secunda
2063 4602 2177 4656 edi-

544 4680 547 4683 ’
591 4682 757 4745 tione,
785 4674 971 4740 not.5,
1004 4675 1251 4729 Richardi
1299 4674 1585 4729 lectionem
1616 4675 1678 4727 de
1721 4676 1915 4727 minore
1954 4676 2176 4744 majores

589 4768 692 4804 esse
719 4749 918 4815 Optime
941 4747 1167 4802 refellit.
1198 4746 1327 4814 Quae
1356 4746 1499 4800 enim
1522 4763 1551 4800 a
1585 4746 1766 4800 Leone
1796 4746 2172 4813 subjiciuntur,

592 4820 871 4885 Utrumque
900 4820 1033 4872 enim
1063 4820 1439 4882 inordinatum,
1480 4829 1749 4885 utrumque
1781 4826 2166 4886 praeposterum,

586 4894 695 4946 duo
724 4892 822 4945 sibi
868 4890 1093 4944 invicem
1134 4890 1376 4957 opposita
1410 4890 1647 4944 indicant
1676 4889 1840 4943 fuisse
1865 4890 2161 4957 praemissa.

585 4964 699 5018 Non
731 4971 1073 5029 opponuntur
1102 4970 1279 5014 autem
1311 4964 1372 5013 de
1400 4961 1590 5032 pusillo
1613 4976 1855 5026 crescere,
1892 4969 1947 5014 et
1977 4960 2039 5032 de
2068 4963 2165 5014 mi-

585 5051 708 5089 nore
730 5034 949 5100 majores
972 5047 1113 5096 esse;
1143 5032 1237 5087 sed
1267 5034 1330 5085 de
1366 5031 1559 5103 pusillo
1584 5047 1825 5098 crescere,
1842 5040 1909 5103 get
1953 5031 2016 5085 de
2056 5049 2167 5086 ma-

584 5111 697 5185 jore
721 5107 938 5185 minores
967 5101 1674 5185 esse.Opponinnianilestum
1707 5111 1807 5185 est.
1841 5101 2165 5185 Leonautern

583 5174 945 5248 perstringere
969 5174 1133 5229 voluit
1162 5190 1267 5248 tum
1295 5175 1660 5248 Epicarpiuin,
1684 5176 1771 5242 qui
1794 5189 1859 5228 ex
1884 5175 2067 5248 infimo
2098 5175 2165 5230 ad

583 5247 815 5320 primum
848 5248 1022 5320 locum
1047 5247 1308 5320 ascendit,
1344 5256 1456 5320 tum
1486 5250 1605 5320 illos
1635 5247 2160 5320 duuspresbyteros,

583 5317 675 5390 qui
701 5335 732 5375 (ε
764 5319 949 5387 primis
984 5319 1239 5386 gradibus
1270 5320 1322 5371 in
1356 5317 1624 5390 Epicai‘pii
1647 5318 1872 5385 gratiam
1905 5319 2162 5372 receden-

584 5389 689 5457 tes,
718 5392 957 5445 minores
984 5390 1098 5442 lieri
1127 5400 1537 5443 consenserant.
1572 5389 1821 5457 Plerique
1844 5398 1897 5443 et
1927 5391 2161 5458 potiores

582 5465 741 5518 etiam
768 5462 982 5516 codices
1009 5460 1201 5514 Leonis
1226 5459 1439 5512 lectioni
1466 5460 1528 5513 de
1566 5462 1753 5526 majori
1798 5462 2017 5515 minores
2054 5477 2165 5515 esse

580 5551 609 5588 a
664 5534 957 5600 Quesnello
999 5542 1053 5584 et
1094 5547 1123 5584 a
1184 5531 1337 5586 nobis
1369 5534 1854 5599 receptzelavenl;
1900 5534 2062 5586 immo
2084 5531 2161 5586 fa-

582 5617 709 5658 vent
756 5605 915 5658 etiam
966 5602 1296 5671 exemplaria
1347 5601 1533 5656 Latina
1565 5601 1975 5671 Evangeliorutn
2007 5619 2033 5654 a
2071 5602 2160 5657 lli-

581 5676 783 5731 chardo
804 5685 1119 5739 memorata,
1153 5689 1271 5743 quae
1309 5674 1552 5728 eamdem
1585 5673 1869 5728 lectionem
1907 5674 2158 5742 prmferre

583 5746 794 5817 fatetur.
828 5746 1107 5817 iCongruit
1151 5759 1364 5814 quoque
1415 5745 1850 5817 antiquissimum
1917 5746 2158 5817 Evange-

582 5813 793 5877 liarium
826 5813 1180 5875 Vercellense
1218 5831 1248 5874 ι
1293 5817 1354 5873 Ρ.
1404 5813 1641 5888 Josepho
1695 5815 2012 5876 Blanchinio
2061 5813 2149 5875 no-

2292 521 2459 578 etiam
2484 521 2790 577 sacerdotio
2816 530 3192 586 mererentur;
3227 531 3427 586 tamen,
3448 530 3506 577 ut
3529 522 3610 577 eis
3643 538 3734 593 pro
3757 539 3859 597 apo.

2288 614 2501 673 stolica:
2550 614 2695 671 sedis
2741 615 2944 686 pietate
2992 624 3267 684 parcatur,
3312 615 3484 671 ultimi
3524 617 3664 673 inter
3693 633 3862 681 omnes

2289 708 2551 764 Ecclesia:
2582 708 2931 780 presbyteros
2970 709 3303 774 habeantur;
3334 718 3423 776 et,
3475 721 3533 765 ut
3577 710 3756 773 iudicii
3801 722 3867 774 sui

2289 801 2613 857 sententiam
2643 800 2839 869 ferant,
2872 800 3157 856 inferiores
3197 801 3359 855 etiam
3401 802 3492 856 illo
3520 810 3681 861 erunt
3721 820 3868 872 quem

2290 894 2508 964 pr0pria
2543 894 2807 950 sententia
2838 893 3055 949 sibimet
3088 894 3407 964 praetulere:
3454 906 3688 949 ρωιενιθ·
3710 902 3871 953 omni-

2291 984 2392 1042 bus
2420 986 2750 1058 presbyteris
2783 987 2837 1041 in
2886 1001 2952 1041 eo
2985 986 3173 1041 ordine
3203 984 3666 1057 permanentibus,
3722 1002 3868 1056 quem

2290 1079 2578 1149 unicuique
2607 1077 2958 1135 ordinatimiis
2982 1094 3094 1135 sua:
3139 1089 3352 1147 tempus
3386 1086 3408 1114 ο
3445 1078 3716 1148 ascripsit.
3774 1077 3866 1131 Nec

2290 1172 2571 1243 quisquam
2608 1181 2804 1241 printer
2850 1172 3139 1241 praedictos
3182 1171 3319 1227 duos
3370 1168 3671 1225 imminuta:
3709 1169 3861 1239 digni-

2292 1265 2417 1321 tatis
2444 1265 2611 1337 736
2641 1265 2873 1333 patiatur
2900 1263 3174 1333 injuriam,
3206 1262 3303 1318 sed
3335 1262 3387 1317 in
3418 1276 3606 1317 eorum
3648 1270 3869 1315 tantum-

2290 1358 2455 1415 modo
2484 1370 2685 1414 statum
2711 1359 2815 1417 hoc
2834 1367 3078 1415 recurrat
3117 1357 3491 1429 opprobrium,
3539 1356 3630 1426 qui
3668 1355 3866 1410 novello

2291 1469 2347 1517 et
2376 1461 2661 1517 immature
2685 1461 2933 1516 ordinato
2965 1459 3255 1516 inferiores
3283 1460 3399 1516 fieri
3438 1458 3786 1529 delegerunt;
3817 1467 3870 1514 ut

2289 1562 2437 1618 illam
2466 1564 2827 1632 evangelicam
2859 1563 3183 1618 sententiam
3218 1560 3286 1616 ad
3335 1574 3396 1616 se
3439 1561 3680 1615 sentiant
3712 1561 3866 1628 perti-

2289 1676 2441 1727 nere,
2477 1677 2581 1733 qua
2608 1661 2805 1718 dicitur
2834 1676 2849 1715 :
2897 1661 3011 1730 Quo
3039 1661 3234 1734 judicio
3267 1660 3649 1725 iudicaveritis,
3673 1660 3874 1733 judica-

2291 1761 2427 1820 bitur
2456 1763 2518 1816 de
2540 1761 2717 1817 vobis:
2743 1771 2793 1816 et
2819 1778 2919 1832 qua
2938 1777 3182 1816 mensura
3209 1760 3374 1815 mensi
3404 1760 3627 1831 fueritis,
3661 1758 3682 1797 ί
3711 1760 3875 1815 eadem

2289 1866 2578 1920 remetietur
2594 1862 2969 1943 vobislMatth.
2994 1879 3126 1931 xvn,
3144 1863 3212 1931 2;
3242 1861 3408 1917 Marc.
3441 1877 3515 1929 tv,
3534 1861 3785 1928 24;Luc.
3811 1879 3878 1930 vr,

2292 1965 2405 2035 '58).
2440 1964 2637 2019 Paulus
2664 1978 2797 2019 vero
2827 1963 3113 2035 presbyter
3161 1962 3412 2017 ordinem
3446 1976 3622 2027 suum,
3671 1960 3744 2017 de
3780 1976 3879 2031 quo

2293 2066 2549 2122 laudabili
2578 2065 2833 2121 firmitate
2862 2079 2970 2121 non
3000 2064 3185 2128 cessit,
3214 2064 3492 2119 obtineat:
3523 2078 3624 2119 nec
3665 2063 3883 2118 ulterius

2293 2168 2495 2240 aliquid
2533 2170 2587 2224 in
2618 2168 2931 2239 cujusquam
2972 2176 3330 2238 praesumatur
3363 2165 3654 2237 injuriam;
3714 2166 3787 2219 ita
3830 2175 3889 2220 ut

2296 2271 2515 2327 dilectio
2545 2280 2658 2337 tua,
2684 2285 2843 2341 quam
2866 2285 2971 2325 non
3004 2269 3275 2325 immerito
3298 2278 3405 2324 tota
3431 2267 3555 2324 facti
3582 2267 3746 2337 hujus
3777 2267 3890 2338 pul-

2295 2381 2379 2428 sat
2408 2370 2627 2438 invidia,
2662 2370 2765 2425 hoc
2784 2370 2977 2426 saltem
3005 2369 3247 2426 remedio
3292 2384 3486 2424 curare
3509 2385 3569 2425 se
3607 2376 3892 2439 properet,

2294 2480 2402 2527 uta
2433 2470 2552 2527 sine
2587 2469 2847 2527 dilatione
2893 2471 3010 2527 haec
3047 2485 3170 2541 qua:
3216 2469 3561 2526 decernimus
3606 2468 3896 2525 tradantur

2297 2608 2524 2682 vissime
2544 2607 2746 2682 editum
2780 2610 2832 2667 in
2860 2623 3027 2680 opere
3054 2608 3143 2664 cui
3172 2608 3359 2682 titulus
3391 2608 3736 2682 Evangelium
3776 2626 3902 2682 qua-

2296 2680 2533 2748 druplex,
2569 2690 2629 2735 ut
2660 2680 2846 2736 videre
2879 2691 2961 2735 est
2990 2695 3112 2749 cap.
3154 2697 3223 2737 xx
3266 2680 3501 2735 Matthaai
3533 2692 3655 2749 post
3681 2680 3901 2737 versum

2293 2750 2396 2817 28;
2441 2762 2498 2807 et
2547 2752 2649 2805 alia
2692 2761 3011 2822 vetusta_ac
3063 2754 3269 2822 potiora
3300 2751 3547 2821 exempla
3571 2766 3677 2820 pro
3709 2751 3907 2808 eadem

2294 2821 2889 2894 lectioneilaudantura
2918 2820 2980 2879 P.
3014 2820 3173 2877 Petro
3200 2820 3526 2878 Sabatierin
3567 2823 3718 2877 idem
3744 2834 3908 2894 caput

2296 2908 2369 2948 xx
2397 2893 2582 2948 Matth.
2610 2909 2730 2964 pag.
2764 2893 2888 2963 120,
2913 2894 3004 2948 ubi
3033 2894 3102 2949 de
3129 2895 3229 2949 hoc
3262 2903 3577 2949 assumento
3600 2895 3769 2963 plura
3796 2893 3908 2949 dis-

2294 2968 2448 3036 serit.
2482 2964 2884 3036 Duostantum
2934 2964 3153 3021 codices
3194 2965 3605 3036 Evangeliorum
3664 2982 3773 3036 pro
3813 2966 3913 3021 Ri-

2292 3035 2478 3091 chardi
2536 3035 2771 3092 lectione
2825 3047 3113 3103 memorat,
3162 3038 3354 3108 quibus
3387 3035 3768 3105 adjiciendum
3825 3048 3911 3093 est

2290 3120 2535 3162 nostrum
2586 3117 2857 3163 vetustum
2901 3112 3179 3177 exemplar
3217 3108 3533 3163 Veronense
3582 3109 3658 3162 ab
3708 3109 3909 3166 eodem

2291 3177 2611 3234 Blanchinio
2636 3179 2858 3234 editum.
2902 3179 2983 3233 Ex
3030 3189 3110 3234 tot
3138 3194 3268 3234 vero
3296 3179 3404 3248 jain
3430 3179 3673 3249 vulgatis
3721 3180 3914 3236 Evan-

2290 3251 2557 3322 geliorum
2600 3251 2986 3320 antiquissimis
3016 3251 3439 3317 exemplaribus,
3488 3267 3737 3321 quorum
3762 3268 3917 3322 quae-

2293 3323 2417 3374 dam
2443 3321 2613 3390 ipsius
2635 3322 2831 3376 Leonis
2855 3331 3067 3376 aetatem
3101 3323 3398 3376 creduntur
3420 3321 3726 3387 excedere,
3760 3321 3919 3379 Clare

2295 3391 2464 3461 liquet
2490 3392 2606 3449 hmc
2635 3395 2824 3457 verba,
2859 3392 2965 3447 Vos
2991 3403 3163 3447 autem
3182 3394 3429 3462 quaeritis,
3465 3402 3595 3461 etc.,
3633 3396 3696 3449 in
3746 3410 3923 3450 evan-

2293 3464 2469 3533 gelico
2488 3464 2719 3518 Mattliaii
2743 3473 2891 3518 textu
2917 3465 3047 3518 olim
3075 3465 3301 3529 inserta,
3328 3476 3382 3520 et
3412 3467 3549 3520 lecta
3585 3464 3801 3525 fuisse.
3840 3468 3920 3521 uti

2288 3535 2455 3589 verba
2487 3536 2685 3590 Christi
2719 3536 2857 3589 inter
2876 3551 3064 3591 versus
3089 3535 3330 3605 Vulgata:
3352 3535 3604 3590 editionis
3626 3536 3716 3592 28
3741 3546 3805 3591 et
3822 3538 3925 3604 9.9,

2288 3604 2413 3660 licet
2434 3607 2672 3661 lectione
2694 3608 2745 3659 in
2775 3608 2946 3661 altero
2976 3604 3242 3662 commate
3292 3608 3696 3663 aliquantulum
3729 3609 3926 3663 diver-

2288 3623 2413 3660 ucet
2434 3623 2672 3661 tectiotie
2694 3623 2745 3659 in
2775 3623 2946 3661 altero
2976 3623 3242 3662 commate
3292 3623 3357 3661 an
3403 3623 3696 3661 uantumm
3729 3623 3926 3663 diver-

2285 3692 2366 3731 sa.
2388 3676 2653 3748 Quidquid
2692 3688 2873 3732 autem
2917 3679 3188 3740 credatur.
3224 3687 3340 3731 utra
3363 3623 3543 3733 (lectio
3571 3681 3927 3749 evangelica

2285 3754 2557 3803 contextni
2588 3751 2756 3818 magis
2785 3761 3068 3817 congruat,
3100 3765 3223 3803 cum
3269 3759 3476 3804 certum
3506 3766 3572 3804 ex
3634 3751 3825 3806 dictis
3858 3754 3934 3806 sit

2285 3818 2481 3874 Leonis
2509 3822 2672 3875 menti
2700 3831 2861 3890 atque
2887 3821 3161 3875 contextui
3208 3820 3356 3875 illam
3403 3822 3722 3877 convenire
3754 3839 3929 3892 quam

2286 3892 2610 3960 recepimus,
2656 3907 2774 3960 quae
2816 3906 2924 3945 non
2958 3902 3063 3945 tam
3098 3892 3149 3945 in
3196 3893 3436 3959 pluribus
3473 3907 3538 3947 ac
3577 3895 3925 3961 potioribus

2284 3977 2415 4015 mss.
2451 3962 2646 4017 Leonis
2674 3977 2833 4032 quam
2865 3962 2918 4016 in
2958 3964 3232 4031 plerisque
3269 3964 3679 4033 antiquissimis
3731 3966 3935 4020 Evan-

2282 4034 2521 4102 geliariis
2566 4036 2868 4097 invenitur;
2927 4034 3055 4089 nihil
3103 4034 3344 4103 profecto
3392 4035 3795 4091 dubitandum
3847 4048 3936 4092 est

2283 4108 2412 4173 quin
2441 4122 2507 4159 ex
2527 4106 2706 4176 aliquo
2744 4104 2905 4160 simili
2948 4106 3183 4160 Mattlimi
3206 4107 3455 4172 exemplo
3497 4106 3662 4162 hunc
3698 4118 3939 4164 textum

2284 4177 2341 4230 S.
2390 4180 2628 4245 pontifex
2682 4178 2993 4243 sumpserit.
3034 4178 3166 4231 Cum
3222 4192 3382 4245 porro
3424 4193 3490 4231 ex
3536 4177 3637 4233 bis
3697 4191 3945 4235 constet

2286 4256 2486 4301 textum
2528 4247 2626 4301 Vos
2653 4258 2822 4301 autem
2853 4250 3099 4318 quaeritis,
3130 4257 3259 4313 etc.,
3291 4264 3321 4301 a
3355 4249 3533 4303 Leone
3560 4252 3827 4306 recitari
3857 4255 3941 4306 uti

2282 4320 2445 4373 verba
2474 4318 2677 4375 Christi
2701 4320 2839 4388 apud
2872 4320 3179 4373 Matthaeum
3207 4334 3222 4385 ;
3248 4320 3637 4375 antecedentia
3673 4338 3843 4378 vero
3870 4340 3945 4379 ex

2283 4388 2426 4463 Luca
2468 4392 2823 4463 decerpserit,
2866 4406 3204 4463 consequens
3237 4392 3315 4458 fit,
3345 4406 3505 4446 voces
3540 4396 3951 4463 eamdemque

2283 4462 2474 4515 dixisse
2495 4463 2546 4516 in
2578 4461 2691 4517 fere
2718 4462 2973 4516 omnibus
3014 4463 3448 4525 collectionibus,
3490 4471 3547 4517 et
3575 4480 3749 4520 mss.
3790 4461 3949 4522 Leo-

2282 4532 2423 4585 ninis
2454 4543 2600 4587 recte
2622 4544 2676 4587 et
2698 4533 2822 4602 jure
2850 4535 3102 4601 prtemitti
3127 4534 3314 4587 iisdem
3344 4534 3524 4589 verbis
3564 4534 3707 4591 Vos
3754 4551 3957 4593 autem

2280 4605 2533 4673 queeritis,
2569 4614 2625 4658 ut
2650 4605 2793 4658 aliud
2819 4602 3019 4659 Christi
3047 4607 3415 4660 testimonium
3445 4622 3513 4659 ex
3551 4608 3690 4660 alio
3745 4611 3957 4663 Evan-

2282 4677 2469 4743 gelista
2500 4686 2771 4743 sumptum
2800 4675 3084 4736 indicetur,
3118 4692 3219 4731 nec
3246 4680 3345 4730 nisi
3371 4692 3687 4745 perperam
3725 4682 3797 4735 in
3822 4682 3959 4735 aliis

2282 4746 2441 4800 codd.
2476 4757 2529 4801 et
2557 4748 2696 4816 apud
2728 4748 3075 4813 Quesnellum
3101 4748 3225 4801 hinc
3258 4749 3419 4803 fuisse
3455 4748 3849 4817 abstractas,
3901 4764 3964 4807 et

2199 4836 2249 4897 υ
2282 4819 2523 4897 anterius
2562 4820 2631 4872 ita
2676 4820 2983 4897 traductas,
3023 4828 3090 4897 ut_
3133 4820 3743 4897 unu_i_n_eumdemque
3769 4824 3962 4878 Luca:

2278 4898 2479 4942 textum
2507 4891 2851 4954 intersecent,
2884 4905 2948 4944 ac
2972 4891 3023 4943 in
3061 4890 3197 4943 duos
3218 4890 3476 4945 dividant.

2345 4969 2372 5034 β
2426 4961 2551 5034 Tria
2591 4977 2723 5017 mss.
2782 4962 3011 5029 Quesn.,
3036 4960 3451 5034 _Epieandium;
3492 4963 3620 5018 duo
3690 4979 3925 5022 nostra
3953 5012 3969 5034 ,

2273 5028 2615 5104 Epicuridium
2639 5028 3009 5104 presbyterum.
3034 5028 3163 5087 Post
3193 5048 3361 5103 pauca
3405 5034 3530 5089 cod.
3582 5036 3668 5090 S.
3735 5028 3969 5094 Crucis

2271 5103 2415 5157 delet
2442 5103 2585 5169 huic,
2618 5103 2756 5158 forte
2785 5105 2998 5169 melius,
3021 5104 3235 5158 videtur
3266 5105 3411 5159 enim
3442 5107 3886 5174 superﬂuum.

2340 5174 2368 5211 ι)
2400 5175 2563 5241 Editi,
2588 5176 2671 5229 eui
2700 5187 2803 5229 tam
2830 5178 3046 5230 miserae.
3074 5174 3242 5244 Magis
3265 5178 3462 5245 placuit
3481 5177 3684 5233 lectio
3714 5184 3981 5239 codicis

2268 5246 2328 5302 S.
2358 5246 2566 5314 Crucis,
2600 5249 2686 5301 cui
2713 5247 2891 5302 favent
2920 5247 2993 5301 illi
3020 5250 3109 5315 qui
3134 5247 3427 5317 praeferunt
3450 5250 3565 5317 qui.

2346 5328 2367 5356 ο
2401 5320 2515 5372 Duo
2538 5334 2693 5396 m_ss.,
2715 5334 2817 5373 non
2838 5319 3057 5391 poterit;
3078 5327 3132 5373 et
3154 5319 3313 5389 paulo
3344 5330 3464 5388 post
3486 5320 3880 5396 minuet-int,
3926 5340 3986 5385 el

2270 5392 2676 5459 anteposuerint.

2339 5460 2365 5497 ά
2399 5462 2532 5535 Cod.
2558 5461 2616 5516 S.
2644 5460 2853 5535 Crucis,
2894 5462 3017 5535 quia
3039 5461 3301 5535 ultimum,
3324 5462 3421 5514 sibi
3445 5470 3949 5535 αηιεροδιιετίηι
3972 5517 3986 5535 1

2264 5542 2321 5586 ut
2351 5532 2546 5615 etet-eris
2569 5534 2935 5615 praemineret.
2973 5532 3116 5615 Editi
3137 5545 3260 5588 ante
3273 5532 3479 5600 Quesn.
3507 5532 3676 5593 cum
3722 5532 3986 5615 aliquoi

2263 5618 2395 5659 mss.
2432 5602 2499 5656 Et
2522 5619 2673 5673 quem
2705 5606 2961 5658 ultimum.
2991 5614 3098 5660 etc.

2338 5685 2363 5713 ε
2394 5674 2528 5729 Tres
2556 5677 2741 5742 codd.,
2770 5677 2997 5729 ascribit.

2339 5745 2360 5785 τ
2386 5746 2641 5813 Quaedam
2672 5764 2801 5803 mss.
2834 5746 3019 5802 delent
3057 5745 3258 5801 eadem.

2343 5828 2369 5868 ι
2411 5818 2536 5877 Haec
2556 5818 2719 5879 lectio
2750 5832 2853 5879 tus.
2889 5818 2947 5878 S.
2974 5818 3164 5879 Crucis
3201 5818 3476 5877 contextui
3516 5826 3781 5898 magis
3834 5844 3986 5899 oon;
