  <div class='ocr_page' id='page_1' title='image "/cluster/home/n/w/nwhite01/storage/ocr_20150623/54/hvd.32044015471584/360.png"; bbox 0 0 4020 6352; ppageno 0'>
   <div class='ocr_carea' id='block_1_1' title="bbox 277 360 373 417">
    <p class='ocr_par' dir='ltr' id='par_1_1' title="bbox 277 360 373 417">
     <span class='ocr_line' id='line_1_1' title="bbox 277 360 373 417; baseline -0.021 0"><span class='ocrx_word' id='word_1_1' title='bbox 277 360 373 417; x_wconf 76' lang='grc'><strong>715</strong></span> 
     </span>
    </p>
   </div>
   <div class='ocr_carea' id='block_1_2' title="bbox 1643 370 2154 430">
    <p class='ocr_par' dir='ltr' id='par_1_2' title="bbox 1643 370 2154 430">
     <span class='ocr_line' id='line_1_2' title="bbox 1643 370 2154 430; baseline 0.004 -3"><span class='ocrx_word' id='word_1_2' title='bbox 1643 370 1971 429; x_wconf 78' lang='lat' dir='ltr'><strong>EPISTULA</strong></span> <span class='ocrx_word' id='word_1_3' title='bbox 2015 373 2154 430; x_wconf 70' lang='lat' dir='ltr'><strong>XXI.</strong></span> 
     </span>
    </p>
   </div>
   <div class='ocr_carea' id='block_1_3' title="bbox 3428 384 3533 438">
    <p class='ocr_par' dir='ltr' id='par_1_3' title="bbox 3428 384 3533 438">
     <span class='ocr_line' id='line_1_3' title="bbox 3428 384 3533 438; baseline 0.019 -2"><span class='ocrx_word' id='word_1_4' title='bbox 3428 384 3533 438; x_wconf 65' lang='lat'><strong>714</strong></span> 
     </span>
    </p>
   </div>
   <div class='ocr_carea' id='block_1_4' title="bbox 272 478 3537 574">
    <p class='ocr_par' dir='ltr' id='par_1_4' title="bbox 272 478 3537 574">
     <span class='ocr_line' id='line_1_4' title="bbox 272 478 3537 574; baseline 0.008 -41"><span class='ocrx_word' id='word_1_5' title='bbox 272 478 477 574; x_wconf 78' lang='lat' dir='ltr'><strong>eﬂ’ectut</strong></span> <span class='ocrx_word' id='word_1_6' title='bbox 508 491 621 543; x_wconf 88' lang='lat' dir='ltr'><strong>;ne</strong></span> <span class='ocrx_word' id='word_1_7' title='bbox 649 478 694 533; x_wconf 92' lang='lat' dir='ltr'><strong>si</strong></span> <span class='ocrx_word' id='word_1_8' title='bbox 730 478 925 535; x_wconf 86' lang='lat' dir='ltr'><strong>iterato</strong></span> <span class='ocrx_word' id='word_1_9' title='bbox 952 479 1020 574; x_wconf 87' lang='lat' dir='ltr'><strong>ad</strong></span> <span class='ocrx_word' id='word_1_10' title='bbox 1042 493 1141 537; x_wconf 88' lang='lat' dir='ltr'><strong>nos</strong></span> <span class='ocrx_word' id='word_1_11' title='bbox 1170 480 1477 555; x_wconf 74' lang='lat' dir='ltr'><strong>imploratio</strong></span> <span class='ocrx_word' id='word_1_12' title='bbox 1499 487 1641 556; x_wconf 75' lang='lat' dir='ltr'><strong>justa</strong></span> <span class='ocrx_word' id='word_1_13' title='bbox 1666 493 1855 546; x_wconf 80' lang='lat' dir='ltr'><strong>confu-</strong></span> <span class='ocrx_word' id='word_1_14' title='bbox 1884 493 1941 554; x_wconf 78' lang='grc' dir='ltr'><strong>Α</strong></span> <span class='ocrx_word' id='word_1_15' title='bbox 1964 508 2093 550; x_wconf 92' lang='lat' dir='ltr'><strong>vero</strong></span> <span class='ocrx_word' id='word_1_16' title='bbox 2119 494 2543 566; x_wconf 72' lang='lat' dir='ltr'><strong>praeceptionum</strong></span> <span class='ocrx_word' id='word_1_17' title='bbox 2579 503 2885 552; x_wconf 85' lang='lat' dir='ltr'><strong>nostrarum</strong></span> <span class='ocrx_word' id='word_1_18' title='bbox 2927 496 3081 553; x_wconf 90' lang='lat' dir='ltr'><strong>fratri</strong></span> <span class='ocrx_word' id='word_1_19' title='bbox 3121 506 3178 555; x_wconf 92' lang='lat' dir='ltr'><strong>et</strong></span> <span class='ocrx_word' id='word_1_20' title='bbox 3214 514 3537 574; x_wconf 73' lang='lat' dir='ltr'><strong>coepiscopo</strong></span> 
     </span>
    </p>
   </div>
   <div class='ocr_carea' id='block_1_5' title="bbox 271 571 1851 652">
    <p class='ocr_par' dir='ltr' id='par_1_5' title="bbox 271 571 1851 652">
     <span class='ocr_line' id='line_1_5' title="bbox 271 571 1851 652; baseline 0.007 -25"><span class='ocrx_word' id='word_1_21' title='bbox 271 571 423 642; x_wconf 89' lang='lat' dir='ltr'><strong>gerit,</strong></span> <span class='ocrx_word' id='word_1_22' title='bbox 446 585 674 627; x_wconf 88' lang='lat' dir='ltr'><strong>necesse</strong></span> <span class='ocrx_word' id='word_1_23' title='bbox 701 573 771 626; x_wconf 91' lang='lat' dir='ltr'><strong>sit</strong></span> <span class='ocrx_word' id='word_1_24' title='bbox 790 573 1032 629; x_wconf 81' lang='lat' dir='ltr'><strong>severius</strong></span> <span class='ocrx_word' id='word_1_25' title='bbox 1059 576 1418 643; x_wconf 82' lang='lat' dir='ltr'><strong>commoveri,</strong></span> <span class='ocrx_word' id='word_1_26' title='bbox 1446 593 1591 649; x_wconf 91' lang='lat' dir='ltr'><strong>cum,</strong></span> <span class='ocrx_word' id='word_1_27' title='bbox 1622 580 1704 637; x_wconf 90' lang='lat' dir='ltr'><strong>his</strong></span> <span class='ocrx_word' id='word_1_28' title='bbox 1733 597 1851 652; x_wconf 62' lang='lat' dir='ltr'><strong>quae</strong></span> 
     </span>
    </p>
   </div>
   <div class='ocr_carea' id='block_1_6' title="bbox 271 664 1847 743">
    <p class='ocr_par' dir='ltr' id='par_1_6' title="bbox 271 664 1847 743">
     <span class='ocr_line' id='line_1_6' title="bbox 271 664 1847 743; baseline 0.008 -26"><span class='ocrx_word' id='word_1_29' title='bbox 271 664 409 717; x_wconf 91' lang='lat' dir='ltr'><strong>male</strong></span> <span class='ocrx_word' id='word_1_30' title='bbox 457 673 585 718; x_wconf 89' lang='lat' dir='ltr'><strong>sunt</strong></span> <span class='ocrx_word' id='word_1_31' title='bbox 643 664 778 720; x_wconf 81' lang='lat' dir='ltr'><strong>facta</strong></span> <span class='ocrx_word' id='word_1_32' title='bbox 838 667 1094 722; x_wconf 74' lang='lat' dir='ltr'><strong>correctis</strong></span> <span class='ocrx_word' id='word_1_33' title='bbox 1121 708 1138 733; x_wconf 93' lang='lat'><strong>,</strong></span> <span class='ocrx_word' id='word_1_34' title='bbox 1184 669 1432 726; x_wconf 87' lang='lat' dir='ltr'><strong>malimus</strong></span> <span class='ocrx_word' id='word_1_35' title='bbox 1481 671 1847 743; x_wconf 75' lang='lat' dir='ltr'><strong>redintegrare</strong></span> 
     </span>
    </p>
   </div>
   <div class='ocr_carea' id='block_1_7' title="bbox 272 756 1847 830">
    <p class='ocr_par' dir='ltr' id='par_1_7' title="bbox 272 756 1847 830">
     <span class='ocr_line' id='line_1_7' title="bbox 272 756 1847 830; baseline 0.006 -19"><span class='ocrx_word' id='word_1_36' title='bbox 272 756 607 826; x_wconf 86' lang='lat' dir='ltr'><strong>disciplinam</strong></span> <span class='ocrx_word' id='word_1_37' title='bbox 663 773 822 828; x_wconf 89' lang='lat' dir='ltr'><strong>quam</strong></span> <span class='ocrx_word' id='word_1_38' title='bbox 865 773 1062 830; x_wconf 87' lang='lat' dir='ltr'><strong>augere</strong></span> <span class='ocrx_word' id='word_1_39' title='bbox 1092 760 1404 817; x_wconf 75' lang='lat' dir='ltr'><strong>vindictam.</strong></span> <span class='ocrx_word' id='word_1_40' title='bbox 1432 762 1847 821; x_wconf 85' lang='lat' dir='ltr'><strong>Exsecutionem</strong></span> 
     </span>
    </p>
   </div>
   <div class='ocr_carea' id='block_1_8' title="bbox 1958 585 3538 659">
    <p class='ocr_par' dir='ltr' id='par_1_8' title="bbox 1958 585 3538 659">
     <span class='ocr_line' id='line_1_8' title="bbox 1958 585 3538 659; baseline 0.008 -19"><span class='ocrx_word' id='word_1_41' title='bbox 1958 595 2146 642; x_wconf 88' lang='lat' dir='ltr'><strong>nostro</strong></span> <span class='ocrx_word' id='word_1_42' title='bbox 2164 595 2191 624; x_wconf 75' lang='grc' dir='ltr'>ι</span> <span class='ocrx_word' id='word_1_43' title='bbox 2207 585 2350 643; x_wconf 89' lang='lat' dir='ltr'><strong>Julio</strong></span> <span class='ocrx_word' id='word_1_44' title='bbox 2368 588 2706 645; x_wconf 87' lang='lat' dir='ltr'><strong>commisisse</strong></span> <span class='ocrx_word' id='word_1_45' title='bbox 2722 604 2824 647; x_wconf 91' lang='lat' dir='ltr'><strong>nos</strong></span> <span class='ocrx_word' id='word_1_46' title='bbox 2843 590 3079 659; x_wconf 85' lang='lat' dir='ltr'><strong>noveris,</strong></span> <span class='ocrx_word' id='word_1_47' title='bbox 3105 598 3165 647; x_wconf 93' lang='lat' dir='ltr'><strong>ut</strong></span> <span class='ocrx_word' id='word_1_48' title='bbox 3184 594 3363 649; x_wconf 84' lang='lat' dir='ltr'><strong>omnia</strong></span> <span class='ocrx_word' id='word_1_49' title='bbox 3384 593 3413 634; x_wconf 71' lang='grc' dir='ltr'>δ</span> <span class='ocrx_word' id='word_1_50' title='bbox 3432 596 3538 653; x_wconf 93' lang='lat' dir='ltr'><strong>illi-</strong></span> 
     </span>
    </p>
   </div>
   <div class='ocr_carea' id='block_1_9' title="bbox 1952 678 3538 751">
    <p class='ocr_par' dir='ltr' id='par_1_9' title="bbox 1952 678 3538 751">
     <span class='ocr_line' id='line_1_9' title="bbox 1952 678 3538 751; baseline 0.006 -18"><span class='ocrx_word' id='word_1_51' title='bbox 1952 692 2049 741; x_wconf 91' lang='lat' dir='ltr'><strong>co,</strong></span> <span class='ocrx_word' id='word_1_52' title='bbox 2085 678 2534 747; x_wconf 86' lang='lat' dir='ltr'><strong>quemadmodum</strong></span> <span class='ocrx_word' id='word_1_53' title='bbox 2575 679 2984 751; x_wconf 82' lang='lat' dir='ltr'><strong>constituimus,</strong></span> <span class='ocrx_word' id='word_1_54' title='bbox 3022 682 3362 740; x_wconf 87' lang='lat' dir='ltr'><strong>roborentur.</strong></span> <span class='ocrx_word' id='word_1_55' title='bbox 3403 685 3538 742; x_wconf 86' lang='lat' dir='ltr'><strong>Data</strong></span> 
     </span>
    </p>
   </div>
   <div class='ocr_carea' id='block_1_10' title="bbox 1958 767 3535 840">
    <p class='ocr_par' dir='ltr' id='par_1_10' title="bbox 1958 767 3535 840">
     <span class='ocr_line' id='line_1_10' title="bbox 1958 767 3535 840; baseline 0.009 -19"><span class='ocrx_word' id='word_1_56' title='bbox 1958 777 1981 805; x_wconf 76' lang='grc' dir='ltr'>ε</span> <span class='ocrx_word' id='word_1_57' title='bbox 1996 782 2089 823; x_wconf 83' lang='lat' dir='ltr'><strong>vnt</strong></span> <span class='ocrx_word' id='word_1_58' title='bbox 2106 767 2225 825; x_wconf 88' lang='lat' dir='ltr'><strong>idus</strong></span> <span class='ocrx_word' id='word_1_59' title='bbox 2238 768 2432 840; x_wconf 83' lang='lat' dir='ltr'><strong>Martii,</strong></span> <span class='ocrx_word' id='word_1_60' title='bbox 2446 769 2833 830; x_wconf 88' lang='lat' dir='ltr'><strong>Posthumiano</strong></span> <span class='ocrx_word' id='word_1_61' title='bbox 2849 774 2965 832; x_wconf 88' lang='lat' dir='ltr'><strong>viro</strong></span> <span class='ocrx_word' id='word_1_62' title='bbox 2980 773 3280 834; x_wconf 87' lang='lat' dir='ltr'><strong>clarissimo</strong></span> <span class='ocrx_word' id='word_1_63' title='bbox 3293 778 3535 835; x_wconf 90' lang='lat' dir='ltr'><strong>consule.</strong></span> 
     </span>
    </p>
   </div>
   <div class='ocr_carea' id='block_1_11' title="bbox 1619 875 2262 952">
    <p class='ocr_par' dir='ltr' id='par_1_11' title="bbox 1619 875 2262 952">
     <span class='ocr_line' id='line_1_11' title="bbox 1619 875 2262 952; baseline 0.014 -22"><span class='ocrx_word' id='word_1_64' title='bbox 1619 875 1954 935; x_wconf 78' lang='lat' dir='ltr'><strong>EPISTOLA</strong></span> <span class='ocrx_word' id='word_1_65' title='bbox 1984 879 2011 917; x_wconf 74' lang='grc' dir='ltr'>ἀ</span> <span class='ocrx_word' id='word_1_66' title='bbox 2041 880 2163 952; x_wconf 82' lang='lat' dir='ltr'><strong>XX,</strong></span> <span class='ocrx_word' id='word_1_67' title='bbox 2256 910 2262 916; x_wconf 86' lang='lat'><strong><em>-</em></strong></span> 
     </span>
    </p>
   </div>
   <div class='ocr_carea' id='block_1_12' title="bbox 1189 976 2627 1032">
    <p class='ocr_par' dir='ltr' id='par_1_12' title="bbox 1189 976 2627 1032">
     <span class='ocr_line' id='line_1_12' title="bbox 1189 976 2627 1032; baseline 0.007 -12"><span class='ocrx_word' id='word_1_68' title='bbox 1189 976 1212 1003; x_wconf 76' lang='grc' dir='ltr'>θ</span> <span class='ocrx_word' id='word_1_69' title='bbox 1242 982 1311 1021; x_wconf 79' lang='lat' dir='ltr'><strong>AD</strong></span> <span class='ocrx_word' id='word_1_70' title='bbox 1354 982 1638 1022; x_wconf 68' lang='grc' dir='ltr'>ευτιειιεη</span> <span class='ocrx_word' id='word_1_71' title='bbox 1670 982 2337 1030; x_wconf 61' lang='grc' dir='ltr'>(ποιιετιιητιισοροωτηωί</span> <span class='ocrx_word' id='word_1_72' title='bbox 2364 991 2627 1032; x_wconf 73' lang='grc' dir='ltr'><strong>ΔΒΒΔΤΕΙ.</strong></span> 
     </span>
    </p>
   </div>
   <div class='ocr_carea' id='block_1_13' title="bbox 273 1055 3529 1142">
    <p class='ocr_par' dir='ltr' id='par_1_13' title="bbox 273 1055 3529 1142">
     <span class='ocr_line' id='line_1_13' title="bbox 273 1055 3529 1142; baseline 0.005 -30"><span class='ocrx_word' id='word_1_73' title='bbox 273 1057 291 1095; x_wconf 76' lang='grc' dir='ltr'>ί</span> <span class='ocrx_word' id='word_1_74' title='bbox 318 1056 591 1112; x_wconf 69' lang='lat' dir='ltr'><strong>Svuorsrs.</strong></span> <span class='ocrx_word' id='word_1_75' title='bbox 612 1084 683 1095; x_wconf 93' lang='lat'>—</span> <span class='ocrx_word' id='word_1_76' title='bbox 704 1055 974 1121; x_wconf 84' lang='lat' dir='ltr'><strong>Rescribit,</strong></span> <span class='ocrx_word' id='word_1_77' title='bbox 1003 1055 1098 1110; x_wconf 83' lang='lat' dir='ltr'><strong>sibi</strong></span> <span class='ocrx_word' id='word_1_78' title='bbox 1123 1057 1188 1111; x_wconf 85' lang='lat' dir='ltr'><strong>de</strong></span> <span class='ocrx_word' id='word_1_79' title='bbox 1217 1056 1528 1112; x_wconf 84' lang='lat' dir='ltr'><strong>Nestoriana</strong></span> <span class='ocrx_word' id='word_1_80' title='bbox 1555 1057 1734 1113; x_wconf 75' lang='lat' dir='ltr'><strong>hwresi</strong></span> <span class='ocrx_word' id='word_1_81' title='bbox 1760 1060 2085 1117; x_wconf 82' lang='lat' dir='ltr'><strong>reviviscente</strong></span> <span class='ocrx_word' id='word_1_82' title='bbox 2108 1062 2358 1134; x_wconf 85' lang='lat' dir='ltr'><strong>Eutychis</strong></span> <span class='ocrx_word' id='word_1_83' title='bbox 2380 1066 2561 1120; x_wconf 80' lang='lat' dir='ltr'><strong>litteris</strong></span> <span class='ocrx_word' id='word_1_84' title='bbox 2586 1066 2872 1133; x_wconf 75' lang='lat' dir='ltr'><strong>admonito,</strong></span> <span class='ocrx_word' id='word_1_85' title='bbox 2902 1068 3068 1123; x_wconf 74' lang='lat' dir='ltr'><strong>zelum</strong></span> <span class='ocrx_word' id='word_1_86' title='bbox 3095 1067 3239 1124; x_wconf 87' lang='lat' dir='ltr'><strong>illius</strong></span> <span class='ocrx_word' id='word_1_87' title='bbox 3254 1071 3529 1142; x_wconf 73' lang='lat' dir='ltr'><strong>placuisse.</strong></span> 
     </span>
    </p>
   </div>
   <div class='ocr_carea' id='block_1_14' title="bbox 315 1146 1846 1228">
    <p class='ocr_par' dir='ltr' id='par_1_14' title="bbox 315 1146 1846 1228">
     <span class='ocr_line' id='line_1_14' title="bbox 315 1146 1846 1228; baseline 0.008 -33"><span class='ocrx_word' id='word_1_88' title='bbox 315 1149 471 1219; x_wconf 77' lang='lat'><strong>737</strong></span> <span class='ocrx_word' id='word_1_89' title='bbox 505 1157 533 1197; x_wconf 76' lang='grc' dir='ltr'><em>ε</em></span> <span class='ocrx_word' id='word_1_90' title='bbox 560 1147 920 1205; x_wconf 88' lang='lat' dir='ltr'><strong>Dilectissimo</strong></span> <span class='ocrx_word' id='word_1_91' title='bbox 952 1146 1062 1228; x_wconf 78' lang='lat' dir='ltr'><strong>lilio</strong></span> <span class='ocrx_word' id='word_1_92' title='bbox 1092 1148 1330 1204; x_wconf 80' lang='lat' dir='ltr'><strong>Etrrvcm</strong></span> <span class='ocrx_word' id='word_1_93' title='bbox 1360 1149 1703 1221; x_wconf 82' lang='lat' dir='ltr'><strong>presbytero,</strong></span> <span class='ocrx_word' id='word_1_94' title='bbox 1734 1151 1846 1207; x_wconf 76' lang='lat' dir='ltr'><strong>Lso</strong></span> 
     </span>
    </p>
   </div>
   <div class='ocr_carea' id='block_1_15' title="bbox 892 1231 1198 1289">
    <p class='ocr_par' dir='ltr' id='par_1_15' title="bbox 892 1231 1198 1289">
     <span class='ocr_line' id='line_1_15' title="bbox 892 1231 1198 1289; baseline 0.003 -17"><span class='ocrx_word' id='word_1_95' title='bbox 892 1231 1198 1289; x_wconf 72' lang='lat' dir='ltr'><strong>episcopus.</strong></span> 
     </span>
    </p>
   </div>
   <div class='ocr_carea' id='block_1_16' title="bbox 334 1334 1846 1408">
    <p class='ocr_par' dir='ltr' id='par_1_16' title="bbox 334 1334 1846 1408">
     <span class='ocr_line' id='line_1_16' title="bbox 334 1334 1846 1408; baseline 0.005 -20"><span class='ocrx_word' id='word_1_96' title='bbox 334 1334 416 1389; x_wconf 83' lang='lat' dir='ltr'><strong>Ad</strong></span> <span class='ocrx_word' id='word_1_97' title='bbox 444 1334 694 1389; x_wconf 90' lang='lat' dir='ltr'><strong>notitiam</strong></span> <span class='ocrx_word' id='word_1_98' title='bbox 720 1342 961 1391; x_wconf 86' lang='lat' dir='ltr'><strong>nostram</strong></span> <span class='ocrx_word' id='word_1_99' title='bbox 988 1344 1093 1391; x_wconf 76' lang='lat' dir='ltr'><strong>tuae</strong></span> <span class='ocrx_word' id='word_1_100' title='bbox 1119 1336 1425 1393; x_wconf 90' lang='lat' dir='ltr'><strong>dilectionis</strong></span> <span class='ocrx_word' id='word_1_101' title='bbox 1452 1337 1483 1375; x_wconf 74' lang='grc' dir='ltr'><strong>ιι</strong></span> <span class='ocrx_word' id='word_1_102' title='bbox 1508 1341 1735 1408; x_wconf 85' lang='lat' dir='ltr'><strong>epistota</strong></span> <span class='ocrx_word' id='word_1_103' title='bbox 1760 1354 1846 1395; x_wconf 81' lang='lat' dir='ltr'><strong>re-</strong></span> 
     </span>
    </p>
   </div>
   <div class='ocr_carea' id='block_1_17' title="bbox 265 1426 1847 1499">
    <p class='ocr_par' dir='ltr' id='par_1_17' title="bbox 265 1426 1847 1499">
     <span class='ocr_line' id='line_1_17' title="bbox 265 1426 1847 1499; baseline 0.003 -18"><span class='ocrx_word' id='word_1_104' title='bbox 265 1426 465 1494; x_wconf 89' lang='lat' dir='ltr'><strong>tulisti,</strong></span> <span class='ocrx_word' id='word_1_105' title='bbox 499 1426 646 1497; x_wconf 90' lang='lat' dir='ltr'><strong>quod</strong></span> <span class='ocrx_word' id='word_1_106' title='bbox 681 1427 998 1483; x_wconf 84' lang='lat' dir='ltr'><strong>Nestoriana</strong></span> <span class='ocrx_word' id='word_1_107' title='bbox 1029 1426 1251 1485; x_wconf 74' lang='lat' dir='ltr'><strong>haeresis</strong></span> <span class='ocrx_word' id='word_1_108' title='bbox 1279 1430 1631 1499; x_wconf 89' lang='lat' dir='ltr'><strong>quorumdam</strong></span> <span class='ocrx_word' id='word_1_109' title='bbox 1662 1445 1847 1487; x_wconf 88' lang='lat' dir='ltr'><strong>rursus</strong></span> 
     </span>
    </p>
   </div>
   <div class='ocr_carea' id='block_1_18' title="bbox 263 1518 1847 1593">
    <p class='ocr_par' dir='ltr' id='par_1_18' title="bbox 263 1518 1847 1593">
     <span class='ocr_line' id='line_1_18' title="bbox 263 1518 1847 1593; baseline 0.004 -20"><span class='ocrx_word' id='word_1_110' title='bbox 263 1518 454 1574; x_wconf 88' lang='lat' dir='ltr'><strong>studiis</strong></span> <span class='ocrx_word' id='word_1_111' title='bbox 482 1518 775 1590; x_wconf 87' lang='lat' dir='ltr'><strong>pullularet</strong></span> <span class='ocrx_word' id='word_1_112' title='bbox 803 1538 816 1573; x_wconf 89' lang='lat'><strong>:</strong></span> <span class='ocrx_word' id='word_1_113' title='bbox 847 1519 1275 1576; x_wconf 87' lang='lat' dir='ltr'><strong>Sollicitudinem</strong></span> <span class='ocrx_word' id='word_1_114' title='bbox 1306 1530 1449 1577; x_wconf 90' lang='lat' dir='ltr'><strong>tuam</strong></span> <span class='ocrx_word' id='word_1_115' title='bbox 1476 1537 1545 1578; x_wconf 88' lang='lat' dir='ltr'><strong>ex</strong></span> <span class='ocrx_word' id='word_1_116' title='bbox 1572 1522 1671 1579; x_wconf 90' lang='lat' dir='ltr'><strong>hac</strong></span> <span class='ocrx_word' id='word_1_117' title='bbox 1696 1532 1847 1593; x_wconf 90' lang='lat' dir='ltr'><strong>parte</strong></span> 
     </span>
    </p>
   </div>
   <div class='ocr_carea' id='block_1_19' title="bbox 1953 1155 3539 1248">
    <p class='ocr_par' dir='ltr' id='par_1_19' title="bbox 1953 1155 3539 1248">
     <span class='ocr_line' id='line_1_19' title="bbox 1953 1155 3539 1248; baseline 0.008 -38"><span class='ocrx_word' id='word_1_118' title='bbox 1953 1155 2117 1226; x_wconf 75' lang='lat'><strong>738</strong></span> <span class='ocrx_word' id='word_1_119' title='bbox 2152 1163 2233 1226; x_wconf 84' lang='grc' dir='ltr'><strong>Τῷ</strong></span> <span class='ocrx_word' id='word_1_120' title='bbox 2261 1160 2714 1248; x_wconf 73' lang='grc' dir='ltr'>ποθιινοτάτῳ</span> <span class='ocrx_word' id='word_1_121' title='bbox 2745 1161 2989 1231; x_wconf 69' lang='grc' dir='ltr'><strong>Εὐτυχεῖ⁴</strong></span> <span class='ocrx_word' id='word_1_122' title='bbox 3011 1162 3361 1243; x_wconf 72' lang='grc' dir='ltr'>πρεσϐυτέρῳ,</span> <span class='ocrx_word' id='word_1_123' title='bbox 3402 1167 3539 1221; x_wconf 71' lang='grc' dir='ltr'><strong>Λέων</strong></span> 
     </span>
    </p>
   </div>
   <div class='ocr_carea' id='block_1_20' title="bbox 2596 1251 2895 1291">
    <p class='ocr_par' dir='ltr' id='par_1_20' title="bbox 2596 1251 2895 1291">
     <span class='ocr_line' id='line_1_20' title="bbox 2596 1251 2895 1291; baseline 0 -7"><span class='ocrx_word' id='word_1_124' title='bbox 2596 1251 2895 1291; x_wconf 83' lang='grc' dir='ltr'>επισκοπος.</span> 
     </span>
    </p>
   </div>
   <div class='ocr_carea' id='block_1_21' title="bbox 2025 1341 3537 1421">
    <p class='ocr_par' dir='ltr' id='par_1_21' title="bbox 2025 1341 3537 1421">
     <span class='ocr_line' id='line_1_21' title="bbox 2025 1341 3537 1421; baseline 0.003 -20"><span class='ocrx_word' id='word_1_125' title='bbox 2025 1342 2109 1401; x_wconf 80' lang='grc' dir='ltr'><strong>Εἰς</strong></span> <span class='ocrx_word' id='word_1_126' title='bbox 2134 1347 2319 1421; x_wconf 67' lang='grc' dir='ltr'>γνῶσιν</span> <span class='ocrx_word' id='word_1_127' title='bbox 2346 1343 2594 1419; x_wconf 64' lang='grc' dir='ltr'><strong>ἡμτὲραν</strong></span> <span class='ocrx_word' id='word_1_128' title='bbox 2623 1341 2706 1398; x_wconf 79' lang='grc' dir='ltr'>διὰ</span> <span class='ocrx_word' id='word_1_129' title='bbox 2733 1350 2833 1398; x_wconf 80' lang='grc' dir='ltr'>τῶν</span> <span class='ocrx_word' id='word_1_130' title='bbox 2858 1352 2951 1406; x_wconf 79' lang='grc' dir='ltr'><strong>τῆς</strong></span> <span class='ocrx_word' id='word_1_131' title='bbox 2979 1353 3076 1406; x_wconf 81' lang='grc' dir='ltr'>σῆς</span> <span class='ocrx_word' id='word_1_132' title='bbox 3102 1346 3306 1418; x_wconf 72' lang='grc' dir='ltr'><strong>ἀγάπης</strong></span> <span class='ocrx_word' id='word_1_133' title='bbox 3328 1348 3537 1405; x_wconf 67' lang='grc' dir='ltr'>ἐπιστο-</span> 
     </span>
    </p>
   </div>
   <div class='ocr_carea' id='block_1_22' title="bbox 1953 1433 3539 1511">
    <p class='ocr_par' dir='ltr' id='par_1_22' title="bbox 1953 1433 3539 1511">
     <span class='ocr_line' id='line_1_22' title="bbox 1953 1433 3539 1511; baseline 0.005 -24"><span class='ocrx_word' id='word_1_134' title='bbox 1953 1433 2049 1488; x_wconf 80' lang='grc' dir='ltr'>λῶν</span> <span class='ocrx_word' id='word_1_135' title='bbox 2093 1436 2396 1507; x_wconf 68' lang='grc' dir='ltr'>ἀνήνεγκας,</span> <span class='ocrx_word' id='word_1_136' title='bbox 2429 1433 2509 1491; x_wconf 83' lang='grc' dir='ltr'>ὅτι</span> <span class='ocrx_word' id='word_1_137' title='bbox 2542 1438 2573 1495; x_wconf 78' lang='grc' dir='ltr'>ἡ</span> <span class='ocrx_word' id='word_1_138' title='bbox 2607 1442 2919 1511; x_wconf 76' lang='grc' dir='ltr'>Νεστοριανή</span> <span class='ocrx_word' id='word_1_139' title='bbox 2963 1438 3166 1511; x_wconf 76' lang='grc' dir='ltr'>αἵρεσις</span> <span class='ocrx_word' id='word_1_140' title='bbox 3204 1452 3346 1495; x_wconf 82' lang='grc' dir='ltr'>τινῶν</span> <span class='ocrx_word' id='word_1_141' title='bbox 3388 1441 3539 1497; x_wconf 77' lang='grc' dir='ltr'>πάλιν</span> 
     </span>
    </p>
   </div>
   <div class='ocr_carea' id='block_1_23' title="bbox 1953 1528 3536 1593">
    <p class='ocr_par' dir='ltr' id='par_1_23' title="bbox 1953 1528 3536 1593">
     <span class='ocr_line' id='line_1_23' title="bbox 1953 1528 3536 1593; baseline 0.001 -8"><span class='ocrx_word' id='word_1_142' title='bbox 1953 1532 2073 1589; x_wconf 84' lang='grc' dir='ltr'>ταῖς</span> <span class='ocrx_word' id='word_1_143' title='bbox 2105 1528 2351 1591; x_wconf 81' lang='grc' dir='ltr'><strong>σπουδαῖς</strong></span> <span class='ocrx_word' id='word_1_144' title='bbox 2387 1530 2549 1585; x_wconf 84' lang='grc' dir='ltr'>ἀνθεῖ.</span> <span class='ocrx_word' id='word_1_145' title='bbox 2589 1529 2682 1584; x_wconf 85' lang='grc' dir='ltr'><strong>Τὸν</strong></span> <span class='ocrx_word' id='word_1_146' title='bbox 2724 1529 2870 1593; x_wconf 78' lang='grc' dir='ltr'>ζῆλον</span> <span class='ocrx_word' id='word_1_147' title='bbox 2896 1530 2982 1585; x_wconf 88' lang='grc' dir='ltr'>τὸν</span> <span class='ocrx_word' id='word_1_148' title='bbox 3018 1531 3108 1585; x_wconf 85' lang='grc' dir='ltr'>σὸν</span> <span class='ocrx_word' id='word_1_149' title='bbox 3136 1532 3190 1586; x_wconf 70' lang='grc' dir='ltr'><strong>ἐκ</strong></span> <span class='ocrx_word' id='word_1_150' title='bbox 3225 1534 3410 1587; x_wconf 82' lang='grc' dir='ltr'>τούτου</span> <span class='ocrx_word' id='word_1_151' title='bbox 3446 1538 3536 1587; x_wconf 81' lang='grc' dir='ltr'><strong>τοῦ</strong></span> 
     </span>
    </p>
   </div>
   <div class='ocr_carea' id='block_1_24' title="bbox 261 1609 1842 1696">
    <p class='ocr_par' dir='ltr' id='par_1_24' title="bbox 261 1609 1842 1683">
     <span class='ocr_line' id='line_1_24' title="bbox 261 1609 1842 1683; baseline 0.001 -16"><span class='ocrx_word' id='word_1_152' title='bbox 261 1610 419 1667; x_wconf 77' lang='lat' dir='ltr'><strong>nobis</strong></span> <span class='ocrx_word' id='word_1_153' title='bbox 459 1609 732 1680; x_wconf 80' lang='lat' dir='ltr'><strong>placuisse</strong></span> <span class='ocrx_word' id='word_1_154' title='bbox 770 1612 1140 1681; x_wconf 87' lang='lat' dir='ltr'><strong>rescribimus,</strong></span> <span class='ocrx_word' id='word_1_155' title='bbox 1181 1615 1432 1683; x_wconf 90' lang='lat' dir='ltr'><strong>quoniam</strong></span> <span class='ocrx_word' id='word_1_156' title='bbox 1479 1614 1640 1671; x_wconf 82' lang='lat' dir='ltr'><strong>index</strong></span> <span class='ocrx_word' id='word_1_157' title='bbox 1684 1615 1842 1670; x_wconf 89' lang='lat' dir='ltr'><strong>animi</strong></span> 
     </span>
    </p>
   </div>
   <div class='ocr_carea' id='block_1_25' title="bbox 1956 1609 3537 1696">
    <p class='ocr_par' dir='ltr' id='par_1_25' title="bbox 1956 1620 3537 1696">
     <span class='ocr_line' id='line_1_25' title="bbox 1956 1620 3537 1696; baseline 0.006 -23"><span class='ocrx_word' id='word_1_158' title='bbox 1956 1622 2139 1695; x_wconf 77' lang='grc' dir='ltr'>μέρους</span> <span class='ocrx_word' id='word_1_159' title='bbox 2183 1622 2302 1692; x_wconf 80' lang='grc' dir='ltr'><strong>ἡμῖν</strong></span> <span class='ocrx_word' id='word_1_160' title='bbox 2347 1622 2607 1696; x_wconf 76' lang='grc' dir='ltr'><strong>ἀρέσαντα</strong></span> <span class='ocrx_word' id='word_1_161' title='bbox 2648 1620 3046 1695; x_wconf 69' lang='grc' dir='ltr'>ἀντιγράφομεν,</span> <span class='ocrx_word' id='word_1_162' title='bbox 3096 1620 3270 1681; x_wconf 75' lang='grc' dir='ltr'><strong>ἐπειδὴ</strong></span> <span class='ocrx_word' id='word_1_163' title='bbox 3313 1627 3537 1693; x_wconf 71' lang='grc' dir='ltr'>μηνυτής</span> 
     </span>
    </p>
   </div>
   <div class='ocr_carea' id='block_1_26' title="bbox 263 1703 1842 1787">
    <p class='ocr_par' dir='ltr' id='par_1_26' title="bbox 263 1703 1842 1776">
     <span class='ocr_line' id='line_1_26' title="bbox 263 1703 1842 1776; baseline 0.003 -15"><span class='ocrx_word' id='word_1_164' title='bbox 263 1703 336 1761; x_wconf 83' lang='lat' dir='ltr'><strong>tui</strong></span> <span class='ocrx_word' id='word_1_165' title='bbox 366 1711 455 1761; x_wconf 83' lang='lat' dir='ltr'><strong>est</strong></span> <span class='ocrx_word' id='word_1_166' title='bbox 493 1719 696 1773; x_wconf 89' lang='lat' dir='ltr'><strong>sermo,</strong></span> <span class='ocrx_word' id='word_1_167' title='bbox 727 1720 885 1775; x_wconf 91' lang='lat' dir='ltr'><strong>quem</strong></span> <span class='ocrx_word' id='word_1_168' title='bbox 918 1708 1247 1776; x_wconf 89' lang='lat' dir='ltr'><strong>sumpsimus</strong></span> <span class='ocrx_word' id='word_1_169' title='bbox 1280 1726 1293 1763; x_wconf 90' lang='lat'>:</span> <span class='ocrx_word' id='word_1_170' title='bbox 1323 1710 1463 1765; x_wconf 91' lang='lat' dir='ltr'><strong>unde</strong></span> <span class='ocrx_word' id='word_1_171' title='bbox 1495 1707 1512 1746; x_wconf 75' lang='grc' dir='ltr'><strong>ί</strong></span> <span class='ocrx_word' id='word_1_172' title='bbox 1545 1725 1652 1767; x_wconf 91' lang='lat' dir='ltr'><strong>non</strong></span> <span class='ocrx_word' id='word_1_173' title='bbox 1677 1709 1842 1765; x_wconf 86' lang='lat' dir='ltr'><strong>ambi-</strong></span> 
     </span>
    </p>
   </div>
   <div class='ocr_carea' id='block_1_27' title="bbox 1956 1703 3536 1787">
    <p class='ocr_par' dir='ltr' id='par_1_27' title="bbox 1956 1708 3536 1787">
     <span class='ocr_line' id='line_1_27' title="bbox 1956 1708 3536 1787; baseline 0.001 -20"><span class='ocrx_word' id='word_1_174' title='bbox 1956 1716 2041 1767; x_wconf 79' lang='grc' dir='ltr'>τοῦ</span> <span class='ocrx_word' id='word_1_175' title='bbox 2079 1717 2173 1766; x_wconf 80' lang='grc' dir='ltr'><strong>σοῦ</strong></span> <span class='ocrx_word' id='word_1_176' title='bbox 2210 1711 2459 1785; x_wconf 75' lang='grc' dir='ltr'><strong>λογισμοῦ</strong></span> <span class='ocrx_word' id='word_1_177' title='bbox 2504 1713 2645 1767; x_wconf 69' lang='grc' dir='ltr'>ἐστιν</span> <span class='ocrx_word' id='word_1_178' title='bbox 2673 1709 2699 1765; x_wconf 88' lang='grc' dir='ltr'>ὁ</span> <span class='ocrx_word' id='word_1_179' title='bbox 2727 1710 2870 1784; x_wconf 70' lang='grc' dir='ltr'>λόγος</span> <span class='ocrx_word' id='word_1_180' title='bbox 2914 1708 2966 1766; x_wconf 83' lang='grc' dir='ltr'>ὃν</span> <span class='ocrx_word' id='word_1_181' title='bbox 3002 1709 3288 1787; x_wconf 70' lang='grc' dir='ltr'><strong>ἐδεξάμεθα.</strong></span> <span class='ocrx_word' id='word_1_182' title='bbox 3341 1716 3423 1769; x_wconf 76' lang='grc' dir='ltr'>Διὸ</span> <span class='ocrx_word' id='word_1_183' title='bbox 3465 1720 3536 1785; x_wconf 81' lang='grc' dir='ltr'><strong>μή</strong></span> 
     </span>
    </p>
   </div>
   <div class='ocr_carea' id='block_1_28' title="bbox 258 1796 1842 1878">
    <p class='ocr_par' dir='ltr' id='par_1_28' title="bbox 258 1796 1842 1867">
     <span class='ocr_line' id='line_1_28' title="bbox 258 1796 1842 1867; baseline 0.003 -15"><span class='ocrx_word' id='word_1_184' title='bbox 258 1811 356 1867; x_wconf 79' lang='lat' dir='ltr'><strong>gas</strong></span> <span class='ocrx_word' id='word_1_185' title='bbox 385 1805 664 1853; x_wconf 87' lang='lat' dir='ltr'><strong>auctorem</strong></span> <span class='ocrx_word' id='word_1_186' title='bbox 695 1796 976 1853; x_wconf 64' lang='lat' dir='ltr'><strong>catholica:</strong></span> <span class='ocrx_word' id='word_1_187' title='bbox 1004 1797 1127 1853; x_wconf 82' lang='lat' dir='ltr'><strong>fidei</strong></span> <span class='ocrx_word' id='word_1_188' title='bbox 1158 1798 1444 1855; x_wconf 90' lang='lat' dir='ltr'><strong>Dominum</strong></span> <span class='ocrx_word' id='word_1_189' title='bbox 1477 1800 1571 1856; x_wconf 91' lang='lat' dir='ltr'><strong>tibi</strong></span> <span class='ocrx_word' id='word_1_190' title='bbox 1602 1801 1654 1856; x_wconf 94' lang='lat' dir='ltr'><strong>in</strong></span> <span class='ocrx_word' id='word_1_191' title='bbox 1680 1801 1842 1856; x_wconf 92' lang='lat' dir='ltr'><strong>omni-</strong></span> 
     </span>
    </p>
   </div>
   <div class='ocr_carea' id='block_1_29' title="bbox 1956 1796 3537 1878">
    <p class='ocr_par' dir='ltr' id='par_1_29' title="bbox 1956 1802 3537 1878">
     <span class='ocr_line' id='line_1_29' title="bbox 1956 1802 3537 1878; baseline 0.002 -22"><span class='ocrx_word' id='word_1_192' title='bbox 1956 1802 2237 1876; x_wconf 71' lang='grc' dir='ltr'>ἀμφιϐάλῃς</span> <span class='ocrx_word' id='word_1_193' title='bbox 2252 1803 2339 1857; x_wconf 84' lang='grc' dir='ltr'>τὸν</span> <span class='ocrx_word' id='word_1_194' title='bbox 2358 1803 2593 1878; x_wconf 70' lang='grc' dir='ltr'><strong>ἀρχηγὸν</strong></span> <span class='ocrx_word' id='word_1_195' title='bbox 2612 1809 2704 1863; x_wconf 81' lang='grc' dir='ltr'><strong>τῆς</strong></span> <span class='ocrx_word' id='word_1_196' title='bbox 2725 1802 2985 1861; x_wconf 80' lang='grc' dir='ltr'>καθολικῆς</span> <span class='ocrx_word' id='word_1_197' title='bbox 3001 1806 3228 1864; x_wconf 80' lang='grc' dir='ltr'>πίστεως</span> <span class='ocrx_word' id='word_1_198' title='bbox 3247 1804 3331 1859; x_wconf 85' lang='grc' dir='ltr'>τὸν</span> <span class='ocrx_word' id='word_1_199' title='bbox 3352 1806 3537 1859; x_wconf 84' lang='grc' dir='ltr'><strong>Δεσπό-</strong></span> 
     </span>
    </p>
   </div>
   <div class='ocr_carea' id='block_1_30' title="bbox 269 1890 1842 1974">
    <p class='ocr_par' dir='ltr' id='par_1_30' title="bbox 269 1890 1842 1965">
     <span class='ocr_line' id='line_1_30' title="bbox 269 1890 1842 1965; baseline 0.005 -21"><span class='ocrx_word' id='word_1_200' title='bbox 269 1891 371 1944; x_wconf 89' lang='lat' dir='ltr'><strong>bus</strong></span> <span class='ocrx_word' id='word_1_201' title='bbox 400 1890 855 1947; x_wconf 83' lang='lat' dir='ltr'><strong>adiuturum.Nos</strong></span> <span class='ocrx_word' id='word_1_202' title='bbox 881 1898 1060 1946; x_wconf 89' lang='lat' dir='ltr'><strong>autem</strong></span> <span class='ocrx_word' id='word_1_203' title='bbox 1088 1907 1210 1947; x_wconf 93' lang='lat' dir='ltr'><strong>cum</strong></span> <span class='ocrx_word' id='word_1_204' title='bbox 1239 1893 1466 1963; x_wconf 89' lang='lat' dir='ltr'><strong>plenius,</strong></span> <span class='ocrx_word' id='word_1_205' title='bbox 1498 1910 1724 1965; x_wconf 91' lang='lat' dir='ltr'><strong>quorum</strong></span> <span class='ocrx_word' id='word_1_206' title='bbox 1749 1895 1842 1952; x_wconf 76' lang='lat' dir='ltr'><strong>hoc</strong></span> 
     </span>
    </p>
   </div>
   <div class='ocr_carea' id='block_1_31' title="bbox 1956 1890 3537 1974">
    <p class='ocr_par' dir='ltr' id='par_1_31' title="bbox 1956 1892 3537 1974">
     <span class='ocr_line' id='line_1_31' title="bbox 1956 1892 3537 1974; baseline 0 -23"><span class='ocrx_word' id='word_1_207' title='bbox 1956 1915 2043 1951; x_wconf 81' lang='grc' dir='ltr'><strong>την</strong></span> <span class='ocrx_word' id='word_1_208' title='bbox 2070 1895 2121 1948; x_wconf 71' lang='grc' dir='ltr'>ἐν</span> <span class='ocrx_word' id='word_1_209' title='bbox 2143 1895 2278 1949; x_wconf 79' lang='grc' dir='ltr'><strong>πᾶσί</strong></span> <span class='ocrx_word' id='word_1_210' title='bbox 2304 1915 2389 1949; x_wconf 90' lang='grc' dir='ltr'><strong>σοι</strong></span> <span class='ocrx_word' id='word_1_211' title='bbox 2416 1892 2783 1968; x_wconf 75' lang='grc' dir='ltr'><strong>παρεσόμενον.</strong></span> <span class='ocrx_word' id='word_1_212' title='bbox 2808 1901 2977 1967; x_wconf 73' lang='grc' dir='ltr'>Ἡμεῖς</span> <span class='ocrx_word' id='word_1_213' title='bbox 3006 1893 3061 1949; x_wconf 68' lang='grc' dir='ltr'><strong>δέ</strong></span> <span class='ocrx_word' id='word_1_214' title='bbox 3091 1892 3172 1949; x_wconf 81' lang='grc' dir='ltr'><strong>ὅτε</strong></span> <span class='ocrx_word' id='word_1_215' title='bbox 3197 1897 3537 1974; x_wconf 76' lang='grc' dir='ltr'>πληρέστερον</span> 
     </span>
    </p>
   </div>
   <div class='ocr_carea' id='block_1_32' title="bbox 266 1982 1842 2061">
    <p class='ocr_par' dir='ltr' id='par_1_32' title="bbox 266 1982 1842 2057">
     <span class='ocr_line' id='line_1_32' title="bbox 266 1982 1842 2057; baseline 0.008 -24"><span class='ocrx_word' id='word_1_216' title='bbox 266 1985 280 2033; x_wconf 80' lang='lat' dir='ltr'><strong>t</strong></span> <span class='ocrx_word' id='word_1_217' title='bbox 332 1984 679 2054; x_wconf 89' lang='lat' dir='ltr'><strong>improbitate</strong></span> <span class='ocrx_word' id='word_1_218' title='bbox 722 1982 847 2051; x_wconf 80' lang='lat' dir='ltr'><strong>fiat,</strong></span> <span class='ocrx_word' id='word_1_219' title='bbox 893 1983 1228 2052; x_wconf 90' lang='lat' dir='ltr'><strong>potuerimus</strong></span> <span class='ocrx_word' id='word_1_220' title='bbox 1273 2000 1584 2057; x_wconf 80' lang='lat' dir='ltr'><strong>agnoscere,</strong></span> <span class='ocrx_word' id='word_1_221' title='bbox 1628 2003 1842 2045; x_wconf 87' lang='lat' dir='ltr'><strong>necesse</strong></span> 
     </span>
    </p>
   </div>
   <div class='ocr_carea' id='block_1_33' title="bbox 1956 1982 3539 2061">
    <p class='ocr_par' dir='ltr' id='par_1_33' title="bbox 1956 1982 3539 2061">
     <span class='ocr_line' id='line_1_33' title="bbox 1956 1982 3539 2061; baseline 0.002 -22"><span class='ocrx_word' id='word_1_222' title='bbox 1956 1982 2022 2041; x_wconf 79' lang='grc' dir='ltr'>ὧν</span> <span class='ocrx_word' id='word_1_223' title='bbox 2060 1994 2123 2061; x_wconf 77' lang='grc' dir='ltr'>τῇ</span> <span class='ocrx_word' id='word_1_224' title='bbox 2161 1984 2392 2059; x_wconf 77' lang='grc' dir='ltr'><strong>ἀναιδείᾳ</strong></span> <span class='ocrx_word' id='word_1_225' title='bbox 2436 1992 2588 2041; x_wconf 83' lang='grc' dir='ltr'>τοῦτο</span> <span class='ocrx_word' id='word_1_226' title='bbox 2633 1990 2825 2057; x_wconf 75' lang='grc' dir='ltr'>γίνεται</span> <span class='ocrx_word' id='word_1_227' title='bbox 2867 1984 3153 2057; x_wconf 75' lang='grc' dir='ltr'><strong>δυνηθῶμεν</strong></span> <span class='ocrx_word' id='word_1_228' title='bbox 3189 1994 3406 2056; x_wconf 66' lang='grc' dir='ltr'>γνῶναι,</span> <span class='ocrx_word' id='word_1_229' title='bbox 3448 1990 3539 2042; x_wconf 78' lang='grc' dir='ltr'><strong>ἐπ-</strong></span> 
     </span>
    </p>
   </div>
   <div class='ocr_carea' id='block_1_34' title="bbox 262 2075 1842 2155">
    <p class='ocr_par' dir='ltr' id='par_1_34' title="bbox 262 2075 1842 2150">
     <span class='ocr_line' id='line_1_34' title="bbox 262 2075 1842 2150; baseline 0.004 -20"><span class='ocrx_word' id='word_1_230' title='bbox 262 2084 360 2142; x_wconf 88' lang='lat' dir='ltr'><strong>est,</strong></span> <span class='ocrx_word' id='word_1_231' title='bbox 395 2076 694 2131; x_wconf 80' lang='lat' dir='ltr'><strong>auxiliante</strong></span> <span class='ocrx_word' id='word_1_232' title='bbox 724 2075 971 2145; x_wconf 91' lang='lat' dir='ltr'><strong>Domino,</strong></span> <span class='ocrx_word' id='word_1_233' title='bbox 1005 2077 1289 2147; x_wconf 89' lang='lat' dir='ltr'><strong>providere</strong></span> <span class='ocrx_word' id='word_1_234' title='bbox 1321 2097 1336 2133; x_wconf 87' lang='lat'><strong>:</strong></span> <span class='ocrx_word' id='word_1_235' title='bbox 1365 2090 1631 2150; x_wconf 82' lang='lat' dir='ltr'><strong>quatenus</strong></span> <span class='ocrx_word' id='word_1_236' title='bbox 1660 2082 1842 2138; x_wconf 84' lang='lat' dir='ltr'><strong>nefan-</strong></span> 
     </span>
    </p>
   </div>
   <div class='ocr_carea' id='block_1_35' title="bbox 1956 2075 3536 2155">
    <p class='ocr_par' dir='ltr' id='par_1_35' title="bbox 1956 2077 3536 2155">
     <span class='ocr_line' id='line_1_35' title="bbox 1956 2077 3536 2155; baseline 0.001 -22"><span class='ocrx_word' id='word_1_237' title='bbox 1956 2079 2163 2152; x_wconf 73' lang='grc' dir='ltr'>ἁναγκές</span> <span class='ocrx_word' id='word_1_238' title='bbox 2186 2079 2319 2143; x_wconf 78' lang='grc' dir='ltr'>ἐστι,</span> <span class='ocrx_word' id='word_1_239' title='bbox 2337 2085 2427 2135; x_wconf 79' lang='grc' dir='ltr'>τοῦ</span> <span class='ocrx_word' id='word_1_240' title='bbox 2444 2078 2703 2134; x_wconf 72' lang='grc' dir='ltr'>Δια-πότου</span> <span class='ocrx_word' id='word_1_241' title='bbox 2720 2079 3041 2148; x_wconf 81' lang='grc' dir='ltr'>βοηθοῦντος,</span> <span class='ocrx_word' id='word_1_242' title='bbox 3054 2087 3355 2155; x_wconf 78' lang='grc' dir='ltr'>προνοῆσαι.</span> <span class='ocrx_word' id='word_1_243' title='bbox 3376 2077 3536 2155; x_wconf 77' lang='grc' dir='ltr'>ἄχρις</span> 
     </span>
    </p>
   </div>
   <div class='ocr_carea' id='block_1_36' title="bbox 260 2167 1842 2249">
    <p class='ocr_par' dir='ltr' id='par_1_36' title="bbox 260 2170 1842 2246">
     <span class='ocr_line' id='line_1_36' title="bbox 260 2170 1842 2246; baseline 0.004 -21"><span class='ocrx_word' id='word_1_244' title='bbox 260 2170 383 2225; x_wconf 88' lang='lat' dir='ltr'><strong>dum</strong></span> <span class='ocrx_word' id='word_1_245' title='bbox 425 2170 598 2237; x_wconf 83' lang='lat' dir='ltr'><strong>virus,</strong></span> <span class='ocrx_word' id='word_1_246' title='bbox 641 2170 951 2240; x_wconf 91' lang='lat' dir='ltr'><strong>dudumque</strong></span> <span class='ocrx_word' id='word_1_247' title='bbox 996 2170 1329 2242; x_wconf 91' lang='lat' dir='ltr'><strong>damnatum,</strong></span> <span class='ocrx_word' id='word_1_248' title='bbox 1378 2174 1635 2231; x_wconf 86' lang='lat' dir='ltr'><strong>radicitus</strong></span> <span class='ocrx_word' id='word_1_249' title='bbox 1681 2177 1842 2246; x_wconf 90' lang='lat' dir='ltr'><strong>possit</strong></span> 
     </span>
    </p>
   </div>
   <div class='ocr_carea' id='block_1_37' title="bbox 1956 2167 3535 2249">
    <p class='ocr_par' dir='ltr' id='par_1_37' title="bbox 1956 2167 3535 2249">
     <span class='ocr_line' id='line_1_37' title="bbox 1956 2167 3535 2249; baseline 0.001 -24"><span class='ocrx_word' id='word_1_250' title='bbox 1956 2167 2010 2225; x_wconf 80' lang='grc' dir='ltr'>οὗ</span> <span class='ocrx_word' id='word_1_251' title='bbox 2040 2170 2066 2224; x_wconf 85' lang='grc' dir='ltr'>ὁ</span> <span class='ocrx_word' id='word_1_252' title='bbox 2095 2171 2329 2243; x_wconf 77' lang='grc' dir='ltr'>ἁθέμιτος</span> <span class='ocrx_word' id='word_1_253' title='bbox 2368 2172 2443 2232; x_wconf 75' lang='grc' dir='ltr'><strong>ἰὸς</strong></span> <span class='ocrx_word' id='word_1_254' title='bbox 2471 2170 2497 2226; x_wconf 84' lang='grc' dir='ltr'>ὁ</span> <span class='ocrx_word' id='word_1_255' title='bbox 2531 2169 2693 2227; x_wconf 75' lang='grc' dir='ltr'>πάλαι</span> <span class='ocrx_word' id='word_1_256' title='bbox 2741 2172 3085 2246; x_wconf 76' lang='grc' dir='ltr'>κατακριθσὶς,</span> <span class='ocrx_word' id='word_1_257' title='bbox 3120 2172 3310 2249; x_wconf 72' lang='grc' dir='ltr'>ῥιζόθεν</span> <span class='ocrx_word' id='word_1_258' title='bbox 3350 2170 3535 2247; x_wconf 79' lang='grc' dir='ltr'>δυνηθῇ</span> 
     </span>
    </p>
   </div>
   <div class='ocr_carea' id='block_1_38' title="bbox 260 2258 1850 2333">
    <p class='ocr_par' dir='ltr' id='par_1_38' title="bbox 260 2258 1850 2333">
     <span class='ocr_line' id='line_1_38' title="bbox 260 2258 1850 2333; baseline 0.004 -19"><span class='ocrx_word' id='word_1_259' title='bbox 260 2260 550 2330; x_wconf 76' lang='lat' dir='ltr'><strong>exstingui.</strong></span> <span class='ocrx_word' id='word_1_260' title='bbox 582 2258 612 2297; x_wconf 68' lang='grc' dir='ltr'><strong>ιι</strong></span> <span class='ocrx_word' id='word_1_261' title='bbox 645 2260 787 2315; x_wconf 90' lang='lat' dir='ltr'><strong>Deus</strong></span> <span class='ocrx_word' id='word_1_262' title='bbox 815 2270 865 2316; x_wconf 93' lang='lat' dir='ltr'><strong>te</strong></span> <span class='ocrx_word' id='word_1_263' title='bbox 892 2262 1162 2318; x_wconf 89' lang='lat' dir='ltr'><strong>custodiat</strong></span> <span class='ocrx_word' id='word_1_264' title='bbox 1190 2264 1536 2333; x_wconf 89' lang='lat' dir='ltr'><strong>incolumem,</strong></span> <span class='ocrx_word' id='word_1_265' title='bbox 1564 2266 1850 2323; x_wconf 89' lang='lat' dir='ltr'><strong>dilectissi-</strong></span> 
     </span>
    </p>
   </div>
   <div class='ocr_carea' id='block_1_39' title="bbox 260 2348 1852 2422">
    <p class='ocr_par' dir='ltr' id='par_1_39' title="bbox 260 2348 1852 2422">
     <span class='ocr_line' id='line_1_39' title="bbox 260 2348 1852 2422; baseline 0.006 -16"><span class='ocrx_word' id='word_1_266' title='bbox 260 2366 344 2406; x_wconf 88' lang='lat' dir='ltr'><strong>me</strong></span> <span class='ocrx_word' id='word_1_267' title='bbox 376 2350 471 2405; x_wconf 81' lang='lat' dir='ltr'><strong>lili.</strong></span> <span class='ocrx_word' id='word_1_268' title='bbox 511 2348 532 2389; x_wconf 74' lang='grc' dir='ltr'>ι</span> <span class='ocrx_word' id='word_1_269' title='bbox 573 2351 764 2406; x_wconf 90' lang='lat' dir='ltr'><strong>Datum</strong></span> <span class='ocrx_word' id='word_1_270' title='bbox 792 2350 1035 2407; x_wconf 86' lang='lat' dir='ltr'><strong>kalendis</strong></span> <span class='ocrx_word' id='word_1_271' title='bbox 1064 2352 1233 2422; x_wconf 81' lang='lat' dir='ltr'><strong>Junii,</strong></span> <span class='ocrx_word' id='word_1_272' title='bbox 1262 2355 1647 2415; x_wconf 87' lang='lat' dir='ltr'><strong>Posthumiano</strong></span> <span class='ocrx_word' id='word_1_273' title='bbox 1671 2368 1725 2415; x_wconf 88' lang='lat' dir='ltr'><strong>et</strong></span> <span class='ocrx_word' id='word_1_274' title='bbox 1750 2358 1852 2416; x_wconf 86' lang='lat' dir='ltr'><strong>Ze-</strong></span> 
     </span>
    </p>
   </div>
   <div class='ocr_carea' id='block_1_40' title="bbox 261 2445 1257 2502">
    <p class='ocr_par' dir='ltr' id='par_1_40' title="bbox 261 2445 1257 2502">
     <span class='ocr_line' id='line_1_40' title="bbox 261 2445 1257 2502; baseline 0.003 -3"><span class='ocrx_word' id='word_1_275' title='bbox 261 2459 401 2500; x_wconf 91' lang='lat' dir='ltr'><strong>none</strong></span> <span class='ocrx_word' id='word_1_276' title='bbox 428 2445 562 2501; x_wconf 90' lang='lat' dir='ltr'><strong>viris</strong></span> <span class='ocrx_word' id='word_1_277' title='bbox 590 2445 904 2500; x_wconf 87' lang='lat' dir='ltr'><strong>clarissimis</strong></span> <span class='ocrx_word' id='word_1_278' title='bbox 929 2445 1257 2502; x_wconf 89' lang='lat' dir='ltr'><strong>consulibus.</strong></span> 
     </span>
    </p>
   </div>
   <div class='ocr_carea' id='block_1_41' title="bbox 673 2535 1439 2608">
    <p class='ocr_par' dir='ltr' id='par_1_41' title="bbox 673 2535 1439 2608">
     <span class='ocr_line' id='line_1_41' title="bbox 673 2535 1439 2608; baseline 0.007 -18"><span class='ocrx_word' id='word_1_279' title='bbox 673 2535 836 2607; x_wconf 79' lang='lat'><strong>739</strong></span> <span class='ocrx_word' id='word_1_280' title='bbox 864 2536 1195 2593; x_wconf 80' lang='lat' dir='ltr'><strong>EPISTOLA</strong></span> <span class='ocrx_word' id='word_1_281' title='bbox 1225 2548 1264 2575; x_wconf 71' lang='grc' dir='ltr'>ω</span> <span class='ocrx_word' id='word_1_282' title='bbox 1296 2538 1439 2608; x_wconf 78' lang='lat' dir='ltr'><strong>XXI,</strong></span> 
     </span>
    </p>
   </div>
   <div class='ocr_carea' id='block_1_42' title="bbox 714 2641 1389 2685">
    <p class='ocr_par' dir='ltr' id='par_1_42' title="bbox 714 2641 1389 2685">
     <span class='ocr_line' id='line_1_42' title="bbox 714 2641 1389 2685; baseline 0.009 -6"><span class='ocrx_word' id='word_1_283' title='bbox 714 2641 974 2681; x_wconf 71' lang='lat' dir='ltr'><strong>EUTYCHIS</strong></span> <span class='ocrx_word' id='word_1_284' title='bbox 1003 2644 1071 2682; x_wconf 77' lang='lat' dir='ltr'><strong>AD</strong></span> <span class='ocrx_word' id='word_1_285' title='bbox 1100 2642 1147 2683; x_wconf 82' lang='lat' dir='ltr'><strong>S.</strong></span> <span class='ocrx_word' id='word_1_286' title='bbox 1182 2645 1389 2685; x_wconf 69' lang='lat' dir='ltr'><strong>LEONEM</strong></span> 
     </span>
    </p>
   </div>
   <div class='ocr_carea' id='block_1_43' title="bbox 423 2718 1684 2793">
    <p class='ocr_par' dir='ltr' id='par_1_43' title="bbox 423 2718 1684 2793">
     <span class='ocr_line' id='line_1_43' title="bbox 423 2718 1684 2793; baseline 0.008 -21"><span class='ocrx_word' id='word_1_287' title='bbox 423 2718 583 2772; x_wconf 79' lang='lat' dir='ltr'><strong>Nunc</strong></span> <span class='ocrx_word' id='word_1_288' title='bbox 609 2719 831 2790; x_wconf 83' lang='lat' dir='ltr'><strong>primum</strong></span> <span class='ocrx_word' id='word_1_289' title='bbox 849 2720 982 2773; x_wconf 85' lang='lat' dir='ltr'><strong>inter</strong></span> <span class='ocrx_word' id='word_1_290' title='bbox 1003 2718 1189 2776; x_wconf 87' lang='lat' dir='ltr'><strong>Leonis</strong></span> <span class='ocrx_word' id='word_1_291' title='bbox 1208 2724 1449 2793; x_wconf 77' lang='lat' dir='ltr'><strong>epistolas</strong></span> <span class='ocrx_word' id='word_1_292' title='bbox 1473 2725 1684 2785; x_wconf 83' lang='lat' dir='ltr'><strong>inserta.</strong></span> 
     </span>
    </p>
   </div>
   <div class='ocr_carea' id='block_1_44' title="bbox 262 2809 1844 2884">
    <p class='ocr_par' dir='ltr' id='par_1_44' title="bbox 262 2809 1844 2884">
     <span class='ocr_line' id='line_1_44' title="bbox 262 2809 1844 2884; baseline 0.004 -17"><span class='ocrx_word' id='word_1_293' title='bbox 262 2812 534 2867; x_wconf 73' lang='lat' dir='ltr'><strong>Smorsts.</strong></span> <span class='ocrx_word' id='word_1_294' title='bbox 557 2840 629 2852; x_wconf 92' lang='lat'><strong>——</strong></span> <span class='ocrx_word' id='word_1_295' title='bbox 652 2819 681 2847; x_wconf 79' lang='grc' dir='ltr'><strong>ιι</strong></span> <span class='ocrx_word' id='word_1_296' title='bbox 705 2809 941 2881; x_wconf 80' lang='lat' dir='ltr'><strong>Epistola</strong></span> <span class='ocrx_word' id='word_1_297' title='bbox 972 2812 1275 2884; x_wconf 82' lang='lat' dir='ltr'><strong>Eutychetis</strong></span> <span class='ocrx_word' id='word_1_298' title='bbox 1300 2814 1529 2871; x_wconf 72' lang='lat' dir='ltr'><strong>Itwretici</strong></span> <span class='ocrx_word' id='word_1_299' title='bbox 1561 2834 1580 2873; x_wconf 92' lang='lat'><strong><em>:</em></strong></span> <span class='ocrx_word' id='word_1_300' title='bbox 1602 2819 1687 2874; x_wconf 85' lang='lat' dir='ltr'><strong>ubi</strong></span> <span class='ocrx_word' id='word_1_301' title='bbox 1715 2821 1844 2875; x_wconf 82' lang='lat' dir='ltr'><strong>seri-</strong></span> 
     </span>
    </p>
   </div>
   <div class='ocr_carea' id='block_1_45' title="bbox 261 2953 1846 3025">
    <p class='ocr_par' dir='ltr' id='par_1_45' title="bbox 261 2953 1846 3025">
     <span class='ocr_line' id='line_1_45' title="bbox 261 2953 1846 3025; baseline 0.003 -17"><span class='ocrx_word' id='word_1_302' title='bbox 261 2970 385 3025; x_wconf 87' lang='lat' dir='ltr'><strong>grua</strong></span> <span class='ocrx_word' id='word_1_303' title='bbox 415 2955 534 3009; x_wconf 89' lang='lat' dir='ltr'><strong>visa</strong></span> <span class='ocrx_word' id='word_1_304' title='bbox 574 2963 677 3018; x_wconf 92' lang='lat' dir='ltr'><strong>est,</strong></span> <span class='ocrx_word' id='word_1_305' title='bbox 706 2968 866 3025; x_wconf 90' lang='lat' dir='ltr'><strong>quam</strong></span> <span class='ocrx_word' id='word_1_306' title='bbox 903 2953 1119 3025; x_wconf 88' lang='lat' dir='ltr'><strong>vulgata</strong></span> <span class='ocrx_word' id='word_1_307' title='bbox 1150 2963 1205 3011; x_wconf 92' lang='lat' dir='ltr'><strong>et</strong></span> <span class='ocrx_word' id='word_1_308' title='bbox 1235 2955 1461 3011; x_wconf 87' lang='lat' dir='ltr'><strong>aliorum</strong></span> <span class='ocrx_word' id='word_1_309' title='bbox 1508 2956 1692 3023; x_wconf 91' lang='lat' dir='ltr'><strong>codd.,</strong></span> <span class='ocrx_word' id='word_1_310' title='bbox 1734 2957 1846 3012; x_wconf 89' lang='lat' dir='ltr'><strong>sine</strong></span> 
     </span>
    </p>
   </div>
   <div class='ocr_carea' id='block_1_46' title="bbox 261 3026 692 3081">
    <p class='ocr_par' dir='ltr' id='par_1_46' title="bbox 261 3026 692 3081">
     <span class='ocr_line' id='line_1_46' title="bbox 261 3026 692 3081; baseline 0.005 -4"><span class='ocrx_word' id='word_1_311' title='bbox 261 3026 692 3081; x_wconf 71' lang='lat' dir='ltr'><strong>dissimulatione.</strong></span> 
     </span>
    </p>
   </div>
   <div class='ocr_carea' id='block_1_47' title="bbox 328 3095 1843 3167">
    <p class='ocr_par' dir='ltr' id='par_1_47' title="bbox 328 3095 1843 3167">
     <span class='ocr_line' id='line_1_47' title="bbox 328 3095 1843 3167; baseline 0 -16"><span class='ocrx_word' id='word_1_312' title='bbox 328 3106 353 3134; x_wconf 74' lang='grc' dir='ltr'>ι</span> <span class='ocrx_word' id='word_1_313' title='bbox 382 3097 514 3151; x_wconf 79' lang='lat' dir='ltr'><strong>Mss.</strong></span> <span class='ocrx_word' id='word_1_314' title='bbox 556 3097 614 3150; x_wconf 89' lang='lat' dir='ltr'><strong>S.</strong></span> <span class='ocrx_word' id='word_1_315' title='bbox 647 3096 836 3167; x_wconf 81' lang='lat' dir='ltr'><strong>Crucis</strong></span> <span class='ocrx_word' id='word_1_316' title='bbox 879 3095 1095 3151; x_wconf 89' lang='lat' dir='ltr'><strong>collect.</strong></span> <span class='ocrx_word' id='word_1_317' title='bbox 1136 3096 1209 3167; x_wconf 88' lang='grc'>20</span> <span class='ocrx_word' id='word_1_318' title='bbox 1254 3107 1306 3151; x_wconf 93' lang='lat' dir='ltr'><strong>et</strong></span> <span class='ocrx_word' id='word_1_319' title='bbox 1350 3096 1471 3152; x_wconf 80' lang='lat' dir='ltr'><strong>Vat.</strong></span> <span class='ocrx_word' id='word_1_320' title='bbox 1502 3099 1719 3154; x_wconf 88' lang='lat' dir='ltr'><strong>collect.</strong></span> <span class='ocrx_word' id='word_1_321' title='bbox 1755 3099 1843 3167; x_wconf 89' lang='grc'><strong>11,</strong></span> 
     </span>
    </p>
   </div>
   <div class='ocr_carea' id='block_1_48' title="bbox 258 3165 1844 3236">
    <p class='ocr_par' dir='ltr' id='par_1_48' title="bbox 258 3165 1844 3236">
     <span class='ocr_line' id='line_1_48' title="bbox 258 3165 1844 3236; baseline 0.002 -16"><span class='ocrx_word' id='word_1_322' title='bbox 258 3166 491 3221; x_wconf 75' lang='lat' dir='ltr'><strong>Iuliano.</strong></span> <span class='ocrx_word' id='word_1_323' title='bbox 525 3165 750 3233; x_wconf 86' lang='lat' dir='ltr'><strong>Quidam</strong></span> <span class='ocrx_word' id='word_1_324' title='bbox 788 3167 1076 3236; x_wconf 81' lang='lat' dir='ltr'><strong>Opinantur</strong></span> <span class='ocrx_word' id='word_1_325' title='bbox 1122 3166 1320 3222; x_wconf 82' lang='lat' dir='ltr'><strong>Julium</strong></span> <span class='ocrx_word' id='word_1_326' title='bbox 1370 3168 1721 3225; x_wconf 87' lang='lat' dir='ltr'><strong>Puteolanum</strong></span> <span class='ocrx_word' id='word_1_327' title='bbox 1758 3165 1844 3225; x_wconf 84' lang='lat' dir='ltr'><strong>in-</strong></span> 
     </span>
    </p>
   </div>
   <div class='ocr_carea' id='block_1_49' title="bbox 260 3238 1845 3313">
    <p class='ocr_par' dir='ltr' id='par_1_49' title="bbox 260 3238 1845 3313">
     <span class='ocr_line' id='line_1_49' title="bbox 260 3238 1845 3313; baseline 0.002 -21"><span class='ocrx_word' id='word_1_328' title='bbox 260 3238 447 3313; x_wconf 78' lang='lat' dir='ltr'><strong>telligi,</strong></span> <span class='ocrx_word' id='word_1_329' title='bbox 465 3253 626 3305; x_wconf 86' lang='lat' dir='ltr'><strong>quem</strong></span> <span class='ocrx_word' id='word_1_330' title='bbox 658 3252 800 3313; x_wconf 81' lang='lat' dir='ltr'><strong>anno</strong></span> <span class='ocrx_word' id='word_1_331' title='bbox 826 3240 1069 3307; x_wconf 87' lang='lat' dir='ltr'><strong>sequenti</strong></span> <span class='ocrx_word' id='word_1_332' title='bbox 1098 3238 1206 3293; x_wconf 89' lang='lat' dir='ltr'><strong>Leo</strong></span> <span class='ocrx_word' id='word_1_333' title='bbox 1232 3240 1298 3292; x_wconf 90' lang='lat' dir='ltr'><strong>ad</strong></span> <span class='ocrx_word' id='word_1_334' title='bbox 1327 3239 1665 3308; x_wconf 89' lang='lat' dir='ltr'><strong>Ephesinam-</strong></span> <span class='ocrx_word' id='word_1_335' title='bbox 1685 3255 1845 3313; x_wconf 89' lang='lat' dir='ltr'><strong>syno-</strong></span> 
     </span>
    </p>
   </div>
   <div class='ocr_carea' id='block_1_50' title="bbox 182 3308 845 3379">
    <p class='ocr_par' dir='ltr' id='par_1_50' title="bbox 182 3308 845 3379">
     <span class='ocr_line' id='line_1_50' title="bbox 182 3308 845 3379; baseline 0 -17"><span class='ocrx_word' id='word_1_336' title='bbox 182 3328 192 3336; x_wconf 90' lang='grc'><strong>·</strong></span> <span class='ocrx_word' id='word_1_337' title='bbox 244 3308 381 3364; x_wconf 79' lang='lat' dir='ltr'><strong>dum</strong></span> <span class='ocrx_word' id='word_1_338' title='bbox 416 3310 651 3379; x_wconf 87' lang='lat' dir='ltr'><strong>legatum</strong></span> <span class='ocrx_word' id='word_1_339' title='bbox 680 3309 845 3362; x_wconf 90' lang='lat' dir='ltr'><strong>misit.</strong></span> 
     </span>
    </p>
   </div>
   <div class='ocr_carea' id='block_1_51' title="bbox 1952 2260 3536 2337">
    <p class='ocr_par' dir='ltr' id='par_1_51' title="bbox 1952 2260 3536 2337">
     <span class='ocr_line' id='line_1_51' title="bbox 1952 2260 3536 2337; baseline 0.001 -19"><span class='ocrx_word' id='word_1_340' title='bbox 1952 2264 2269 2321; x_wconf 77' lang='grc' dir='ltr'>σεϐεσθῆναι.</span> <span class='ocrx_word' id='word_1_341' title='bbox 2318 2274 2374 2318; x_wconf 88' lang='grc' dir='ltr'>Ὁ</span> <span class='ocrx_word' id='word_1_342' title='bbox 2413 2265 2538 2323; x_wconf 83' lang='grc' dir='ltr'>Θεὸς</span> <span class='ocrx_word' id='word_1_343' title='bbox 2584 2263 2702 2337; x_wconf 75' lang='grc' dir='ltr'><strong>ὑγιῆ</strong></span> <span class='ocrx_word' id='word_1_344' title='bbox 2745 2283 2804 2318; x_wconf 83' lang='grc' dir='ltr'><strong>σε</strong></span> <span class='ocrx_word' id='word_1_345' title='bbox 2845 2260 3161 2334; x_wconf 79' lang='grc' dir='ltr'>διαφυλάξαι,</span> <span class='ocrx_word' id='word_1_346' title='bbox 3193 2263 3270 2317; x_wconf 67' lang='grc' dir='ltr'><strong>υἱὲ</strong></span> <span class='ocrx_word' id='word_1_347' title='bbox 3305 2262 3536 2321; x_wconf 72' lang='grc' dir='ltr'>ποθεινό-</span> 
     </span>
    </p>
   </div>
   <div class='ocr_carea' id='block_1_52' title="bbox 1952 2377 2093 2413">
    <p class='ocr_par' dir='ltr' id='par_1_52' title="bbox 1952 2377 2093 2413">
     <span class='ocr_line' id='line_1_52' title="bbox 1952 2377 2093 2413; baseline -0.028 0"><span class='ocrx_word' id='word_1_348' title='bbox 1952 2377 2093 2413; x_wconf 83' lang='grc' dir='ltr'>τατε.</span> 
     </span>
    </p>
   </div>
   <div class='ocr_carea' id='block_1_53' title="bbox 2023 2537 3537 2609">
    <p class='ocr_par' dir='ltr' id='par_1_53' title="bbox 2023 2537 3537 2609">
     <span class='ocr_line' id='line_1_53' title="bbox 2023 2537 3537 2609; baseline 0.002 -14"><span class='ocrx_word' id='word_1_349' title='bbox 2023 2542 2141 2595; x_wconf 86' lang='lat' dir='ltr'><strong>bens</strong></span> <span class='ocrx_word' id='word_1_350' title='bbox 2162 2540 2229 2594; x_wconf 89' lang='lat' dir='ltr'><strong>ad</strong></span> <span class='ocrx_word' id='word_1_351' title='bbox 2254 2555 2443 2609; x_wconf 86' lang='lat' dir='ltr'><strong>papam</strong></span> <span class='ocrx_word' id='word_1_352' title='bbox 2466 2540 2604 2593; x_wconf 83' lang='lat' dir='ltr'><strong>urbis</strong></span> <span class='ocrx_word' id='word_1_353' title='bbox 2626 2537 2806 2592; x_wconf 74' lang='lat' dir='ltr'><strong>Romae</strong></span> <span class='ocrx_word' id='word_1_354' title='bbox 2825 2537 3071 2609; x_wconf 83' lang='lat' dir='ltr'><strong>Leonem,</strong></span> <span class='ocrx_word' id='word_1_355' title='bbox 3092 2549 3240 2608; x_wconf 83' lang='lat' dir='ltr'><strong>negat</strong></span> <span class='ocrx_word' id='word_1_356' title='bbox 3261 2542 3313 2595; x_wconf 85' lang='lat' dir='ltr'><strong>in</strong></span> <span class='ocrx_word' id='word_1_357' title='bbox 3336 2540 3537 2598; x_wconf 78' lang='lat' dir='ltr'><strong>Christo</strong></span> 
     </span>
    </p>
   </div>
   <div class='ocr_carea' id='block_1_54' title="bbox 2023 2608 3395 2675">
    <p class='ocr_par' dir='ltr' id='par_1_54' title="bbox 2023 2608 3395 2675">
     <span class='ocr_line' id='line_1_54' title="bbox 2023 2608 3395 2675; baseline 0.001 -11"><span class='ocrx_word' id='word_1_358' title='bbox 2023 2611 2154 2666; x_wconf 89' lang='lat' dir='ltr'><strong>duas</strong></span> <span class='ocrx_word' id='word_1_359' title='bbox 2178 2608 2422 2675; x_wconf 86' lang='lat' dir='ltr'><strong>naturas,</strong></span> <span class='ocrx_word' id='word_1_360' title='bbox 2463 2609 2517 2663; x_wconf 88' lang='lat' dir='ltr'><strong>id</strong></span> <span class='ocrx_word' id='word_1_361' title='bbox 2542 2618 2615 2663; x_wconf 87' lang='lat' dir='ltr'><strong>est</strong></span> <span class='ocrx_word' id='word_1_362' title='bbox 2642 2608 2937 2663; x_wconf 81' lang='lat' dir='ltr'><strong>Divinitatis</strong></span> <span class='ocrx_word' id='word_1_363' title='bbox 2974 2620 3021 2664; x_wconf 87' lang='lat' dir='ltr'><strong>et</strong></span> <span class='ocrx_word' id='word_1_364' title='bbox 3041 2608 3395 2666; x_wconf 83' lang='lat' dir='ltr'><strong>humanitatis.</strong></span> 
     </span>
    </p>
   </div>
   <div class='ocr_carea' id='block_1_55' title="bbox 2023 2723 3535 2782">
    <p class='ocr_par' dir='ltr' id='par_1_55' title="bbox 2023 2723 3535 2782">
     <span class='ocr_line' id='line_1_55' title="bbox 2023 2723 3535 2782; baseline 0 0"><span class='ocrx_word' id='word_1_365' title='bbox 2023 2728 2150 2782; x_wconf 74' lang='lat' dir='ltr'><strong>CAP.</strong></span> <span class='ocrx_word' id='word_1_366' title='bbox 2180 2727 2315 2781; x_wconf 84' lang='grc'>1.-</span> <span class='ocrx_word' id='word_1_367' title='bbox 2338 2725 2416 2780; x_wconf 91' lang='lat' dir='ltr'><strong>De</strong></span> <span class='ocrx_word' id='word_1_368' title='bbox 2446 2739 2565 2779; x_wconf 89' lang='lat' dir='ltr'><strong>mea</strong></span> <span class='ocrx_word' id='word_1_369' title='bbox 2600 2723 2656 2778; x_wconf 92' lang='lat' dir='ltr'><strong>in</strong></span> <span class='ocrx_word' id='word_1_370' title='bbox 2703 2723 2983 2778; x_wconf 91' lang='lat' dir='ltr'><strong>Dominum</strong></span> <span class='ocrx_word' id='word_1_371' title='bbox 3010 2733 3064 2779; x_wconf 89' lang='lat' dir='ltr'><strong>et</strong></span> <span class='ocrx_word' id='word_1_372' title='bbox 3098 2724 3273 2781; x_wconf 88' lang='lat' dir='ltr'><strong>Deum</strong></span> <span class='ocrx_word' id='word_1_373' title='bbox 3296 2726 3535 2782; x_wconf 92' lang='lat' dir='ltr'><strong>omnium</strong></span> 
     </span>
    </p>
   </div>
   <div class='ocr_carea' id='block_1_56' title="bbox 1951 2814 3535 2887">
    <p class='ocr_par' dir='ltr' id='par_1_56' title="bbox 1951 2814 3535 2887">
     <span class='ocr_line' id='line_1_56' title="bbox 1951 2814 3535 2887; baseline 0.001 -13"><span class='ocrx_word' id='word_1_374' title='bbox 1951 2818 2223 2875; x_wconf 91' lang='lat' dir='ltr'><strong>Christum</strong></span> <span class='ocrx_word' id='word_1_375' title='bbox 2254 2831 2351 2886; x_wconf 90' lang='lat' dir='ltr'><strong>spe</strong></span> <span class='ocrx_word' id='word_1_376' title='bbox 2385 2824 2441 2871; x_wconf 91' lang='lat' dir='ltr'><strong>et</strong></span> <span class='ocrx_word' id='word_1_377' title='bbox 2478 2814 2582 2871; x_wconf 85' lang='lat' dir='ltr'><strong>fide</strong></span> <span class='ocrx_word' id='word_1_378' title='bbox 2610 2814 2888 2870; x_wconf 86' lang='lat' dir='ltr'><strong>conlidens</strong></span> <span class='ocrx_word' id='word_1_379' title='bbox 2910 2856 2926 2883; x_wconf 92' lang='lat'><strong>,</strong></span> <span class='ocrx_word' id='word_1_380' title='bbox 2954 2824 3080 2871; x_wconf 91' lang='lat' dir='ltr'><strong>ante</strong></span> <span class='ocrx_word' id='word_1_381' title='bbox 3114 2816 3291 2871; x_wconf 90' lang='lat' dir='ltr'><strong>omnia</strong></span> <span class='ocrx_word' id='word_1_382' title='bbox 3321 2817 3535 2887; x_wconf 90' lang='lat' dir='ltr'><strong>quidem</strong></span> 
     </span>
    </p>
   </div>
   <div class='ocr_carea' id='block_1_57' title="bbox 1951 2949 3533 3021">
    <p class='ocr_par' dir='ltr' id='par_1_57' title="bbox 1951 2949 3533 3021">
     <span class='ocr_line' id='line_1_57' title="bbox 1951 2949 3533 3021; baseline -0.002 -9"><span class='ocrx_word' id='word_1_383' title='bbox 1951 2957 2093 3012; x_wconf 90' lang='lat' dir='ltr'><strong>cium</strong></span> <span class='ocrx_word' id='word_1_384' title='bbox 2123 2954 2425 3010; x_wconf 88' lang='lat' dir='ltr'><strong>deferretur</strong></span> <span class='ocrx_word' id='word_1_385' title='bbox 2464 2951 2533 3007; x_wconf 86' lang='lat' dir='ltr'><strong>ab</strong></span> <span class='ocrx_word' id='word_1_386' title='bbox 2569 2949 2802 3005; x_wconf 86' lang='lat' dir='ltr'><strong>Eusebio</strong></span> <span class='ocrx_word' id='word_1_387' title='bbox 2844 2949 3057 3021; x_wconf 73' lang='lat' dir='ltr'><strong>Dorilaei</strong></span> <span class='ocrx_word' id='word_1_388' title='bbox 3099 2951 3382 3021; x_wconf 90' lang='lat' dir='ltr'><strong>episcopo,</strong></span> <span class='ocrx_word' id='word_1_389' title='bbox 3423 2954 3533 3021; x_wconf 89' lang='lat' dir='ltr'><strong>jam</strong></span> 
     </span>
    </p>
   </div>
   <div class='ocr_carea' id='block_1_58' title="bbox 1950 2970 3533 3097">
    <p class='ocr_par' dir='ltr' id='par_1_58' title="bbox 1950 2970 3533 3097">
     <span class='ocr_line' id='line_1_58' title="bbox 1951 2970 3533 3021; baseline -0.003 -9"><span class='ocrx_word' id='word_1_390' title='bbox 1951 2972 2093 3012; x_wconf 84' lang='lat' dir='ltr'><strong>Clum</strong></span> <span class='ocrx_word' id='word_1_391' title='bbox 2123 2970 2425 3010; x_wconf 81' lang='lat' dir='ltr'><strong>deterretur</strong></span> <span class='ocrx_word' id='word_1_392' title='bbox 2464 2970 2533 3007; x_wconf 79' lang='lat' dir='ltr'><strong>an</strong></span> <span class='ocrx_word' id='word_1_393' title='bbox 2570 2970 2802 3005; x_wconf 70' lang='lat' dir='ltr'><strong>buseuto</strong></span> <span class='ocrx_word' id='word_1_394' title='bbox 2844 2970 3057 3004; x_wconf 77' lang='lat' dir='ltr'><strong>uoruaet</strong></span> <span class='ocrx_word' id='word_1_395' title='bbox 3099 2970 3382 3021; x_wconf 87' lang='lat' dir='ltr'><strong>eplscopo,</strong></span> <span class='ocrx_word' id='word_1_396' title='bbox 3448 2970 3533 3009; x_wconf 86' lang='lat' dir='ltr'><strong>am</strong></span> 
     </span>
     <span class='ocr_line' id='line_1_59' title="bbox 1950 2970 3533 3097; baseline -0.002 -15"><span class='ocrx_word' id='word_1_397' title='bbox 1950 3028 2089 3097; x_wconf 89' lang='lat' dir='ltr'><strong>apud</strong></span> <span class='ocrx_word' id='word_1_398' title='bbox 2123 3026 2503 3097; x_wconf 80' lang='lat' dir='ltr'><strong>imperatorem</strong></span> <span class='ocrx_word' id='word_1_399' title='bbox 2534 3020 2895 3097; x_wconf 83' lang='lat' dir='ltr'><strong>Theodosium</strong></span> <span class='ocrx_word' id='word_1_400' title='bbox 2909 3020 3319 3097; x_wconf 72' lang='lat' dir='ltr'><strong>_delata_fu_er_at</strong></span> <span class='ocrx_word' id='word_1_401' title='bbox 3358 2970 3533 3097; x_wconf 59' lang='lat' dir='ltr'><strong>allo-</strong></span> 
     </span>
    </p>
   </div>
   <div class='ocr_carea' id='block_1_59' title="bbox 1951 3091 3533 3162">
    <p class='ocr_par' dir='ltr' id='par_1_59' title="bbox 1951 3091 3533 3162">
     <span class='ocr_line' id='line_1_60' title="bbox 1951 3091 3533 3162; baseline -0.001 -10"><span class='ocrx_word' id='word_1_402' title='bbox 1951 3091 2078 3153; x_wconf 82' lang='lat' dir='ltr'><strong>tnno</strong></span> <span class='ocrx_word' id='word_1_403' title='bbox 2108 3091 2376 3152; x_wconf 84' lang='lat' dir='ltr'><strong>accusatio</strong></span> <span class='ocrx_word' id='word_1_404' title='bbox 2402 3094 2471 3150; x_wconf 88' lang='lat' dir='ltr'><strong>de</strong></span> <span class='ocrx_word' id='word_1_405' title='bbox 2500 3093 2876 3157; x_wconf 89' lang='lat' dir='ltr'><strong>reviviscente,</strong></span> <span class='ocrx_word' id='word_1_406' title='bbox 2909 3091 3160 3162; x_wconf 86' lang='lat' dir='ltr'><strong>Eutychis</strong></span> <span class='ocrx_word' id='word_1_407' title='bbox 3188 3092 3447 3148; x_wconf 88' lang='lat' dir='ltr'><strong>industria</strong></span> <span class='ocrx_word' id='word_1_408' title='bbox 3478 3104 3533 3151; x_wconf 93' lang='lat' dir='ltr'><strong>et</strong></span> 
     </span>
    </p>
   </div>
   <div class='ocr_carea' id='block_1_60' title="bbox 1953 3162 3534 3235">
    <p class='ocr_par' dir='ltr' id='par_1_60' title="bbox 1953 3162 3534 3235">
     <span class='ocr_line' id='line_1_61' title="bbox 1953 3162 3534 3235; baseline -0.003 -12"><span class='ocrx_word' id='word_1_409' title='bbox 1953 3170 2191 3235; x_wconf 85' lang='lat' dir='ltr'><strong>artibus,</strong></span> <span class='ocrx_word' id='word_1_410' title='bbox 2235 3165 2564 3234; x_wconf 83' lang='lat' dir='ltr'><strong>Apollinaris</strong></span> <span class='ocrx_word' id='word_1_411' title='bbox 2602 3162 2815 3235; x_wconf 75' lang='lat' dir='ltr'><strong>hmresi.</strong></span> <span class='ocrx_word' id='word_1_412' title='bbox 2848 3162 3015 3232; x_wconf 89' lang='lat' dir='ltr'><strong>Hujus</strong></span> <span class='ocrx_word' id='word_1_413' title='bbox 3051 3164 3128 3217; x_wconf 90' lang='lat' dir='ltr'><strong>rei</strong></span> <span class='ocrx_word' id='word_1_414' title='bbox 3160 3171 3349 3218; x_wconf 81' lang='lat' dir='ltr'><strong>te5tem</strong></span> <span class='ocrx_word' id='word_1_415' title='bbox 3384 3166 3534 3220; x_wconf 88' lang='lat' dir='ltr'><strong>locu-</strong></span> 
     </span>
    </p>
   </div>
   <div class='ocr_carea' id='block_1_61' title="bbox 1952 3233 3533 3308">
    <p class='ocr_par' dir='ltr' id='par_1_61' title="bbox 1952 3233 3533 3308">
     <span class='ocr_line' id='line_1_62' title="bbox 1952 3233 3533 3308; baseline -0.002 -13"><span class='ocrx_word' id='word_1_416' title='bbox 1952 3242 2149 3308; x_wconf 88' lang='lat' dir='ltr'><strong>pletem</strong></span> <span class='ocrx_word' id='word_1_417' title='bbox 2179 3233 2453 3293; x_wconf 83' lang='lat' dir='ltr'><strong>habemus</strong></span> <span class='ocrx_word' id='word_1_418' title='bbox 2494 3233 2803 3308; x_wconf 75' lang='lat' dir='ltr'><strong>Facundum</strong></span> <span class='ocrx_word' id='word_1_419' title='bbox 2841 3235 2933 3287; x_wconf 87' lang='lat' dir='ltr'><strong>lib.</strong></span> <span class='ocrx_word' id='word_1_420' title='bbox 2954 3247 3097 3308; x_wconf 84' lang='lat' dir='ltr'><strong>_vttt,</strong></span> <span class='ocrx_word' id='word_1_421' title='bbox 3126 3249 3251 3308; x_wconf 82' lang='lat' dir='ltr'><strong>cap.</strong></span> <span class='ocrx_word' id='word_1_422' title='bbox 3284 3235 3350 3308; x_wconf 9' lang='lat'><strong>5‘,</strong></span> <span class='ocrx_word' id='word_1_423' title='bbox 3384 3238 3533 3305; x_wconf 84' lang='lat' dir='ltr'><strong>cujus</strong></span> 
     </span>
    </p>
   </div>
   <div class='ocr_carea' id='block_1_62' title="bbox 1950 3304 3533 3374">
    <p class='ocr_par' dir='ltr' id='par_1_62' title="bbox 1950 3304 3533 3374">
     <span class='ocr_line' id='line_1_63' title="bbox 1950 3304 3533 3374; baseline -0.001 -10"><span class='ocrx_word' id='word_1_424' title='bbox 1950 3304 2115 3366; x_wconf 70' lang='lat' dir='ltr'><strong>verba</strong></span> <span class='ocrx_word' id='word_1_425' title='bbox 2145 3311 2195 3363; x_wconf 92' lang='lat' dir='ltr'><strong>in</strong></span> <span class='ocrx_word' id='word_1_426' title='bbox 2236 3308 2617 3363; x_wconf 85' lang='lat' dir='ltr'><strong>dissertatione</strong></span> <span class='ocrx_word' id='word_1_427' title='bbox 2651 3304 2721 3358; x_wconf 93' lang='lat' dir='ltr'><strong>de</strong></span> <span class='ocrx_word' id='word_1_428' title='bbox 2752 3318 2912 3357; x_wconf 91' lang='lat' dir='ltr'><strong>causa</strong></span> <span class='ocrx_word' id='word_1_429' title='bbox 2954 3304 3208 3374; x_wconf 82' lang='lat' dir='ltr'><strong>Eutychis</strong></span> <span class='ocrx_word' id='word_1_430' title='bbox 3237 3306 3533 3363; x_wconf 77' lang='lat' dir='ltr'><strong>referemus</strong></span> 
     </span>
    </p>
   </div>
   <div class='ocr_carea' id='block_1_63' title="bbox 324 3366 3532 3453">
    <p class='ocr_par' dir='ltr' id='par_1_63' title="bbox 324 3366 3532 3453">
     <span class='ocr_line' id='line_1_64' title="bbox 324 3366 3532 3453; baseline -0.001 -19"><span class='ocrx_word' id='word_1_431' title='bbox 324 3379 353 3418; x_wconf 72' lang='grc' dir='ltr'>δ</span> <span class='ocrx_word' id='word_1_432' title='bbox 382 3366 688 3453; x_wconf 60' lang='grc' dir='ltr'><strong>ιεξθδοιυζ</strong></span> <span class='ocrx_word' id='word_1_433' title='bbox 714 3380 814 3432; x_wconf 89' lang='lat' dir='ltr'><strong>illi.</strong></span> <span class='ocrx_word' id='word_1_434' title='bbox 862 3379 1183 3453; x_wconf 72' lang='lat' dir='ltr'><strong>Quesnellns</strong></span> <span class='ocrx_word' id='word_1_435' title='bbox 1219 3381 1327 3434; x_wconf 80' lang='lat' dir='ltr'><strong>illic</strong></span> <span class='ocrx_word' id='word_1_436' title='bbox 1368 3382 1748 3453; x_wconf 81' lang='lat' dir='ltr'><strong>corrigendum</strong></span> <span class='ocrx_word' id='word_1_437' title='bbox 1792 3386 1842 3440; x_wconf 91' lang='lat' dir='ltr'><strong>in</strong></span> <span class='ocrx_word' id='word_1_438' title='bbox 1873 3366 1919 3430; x_wconf 70' lang='grc' dir='ltr'>ε</span> <span class='ocrx_word' id='word_1_439' title='bbox 1950 3397 2069 3453; x_wconf 88' lang='lat' dir='ltr'><strong>cum</strong></span> <span class='ocrx_word' id='word_1_440' title='bbox 2110 3380 2301 3453; x_wconf 90' lang='lat' dir='ltr'><strong>Domni</strong></span> <span class='ocrx_word' id='word_1_441' title='bbox 2333 3376 2610 3453; x_wconf 71' lang='lat' dir='ltr'><strong>synodica.</strong></span> <span class='ocrx_word' id='word_1_442' title='bbox 2642 3375 2719 3429; x_wconf 84' lang='lat' dir='ltr'><strong>Ex</strong></span> <span class='ocrx_word' id='word_1_443' title='bbox 2751 3375 2945 3453; x_wconf 78' lang='lat' dir='ltr'><strong>quibus</strong></span> <span class='ocrx_word' id='word_1_444' title='bbox 2986 3366 3419 3453; x_wconf 65' lang='lat' dir='ltr'><strong>et_&#39;contpertt_tm_</strong></span> <span class='ocrx_word' id='word_1_445' title='bbox 3440 3379 3532 3433; x_wconf 87' lang='lat' dir='ltr'><strong>ha-</strong></span> 
     </span>
    </p>
   </div>
   <div class='ocr_carea' id='block_1_64' title="bbox 260 3449 1845 3524">
    <p class='ocr_par' dir='ltr' id='par_1_64' title="bbox 260 3449 1845 3524">
     <span class='ocr_line' id='line_1_65' title="bbox 260 3449 1845 3524; baseline 0.004 -20"><span class='ocrx_word' id='word_1_446' title='bbox 260 3449 976 3524; x_wconf 27' lang='lat' dir='ltr'><strong>ma_rgin_esuspicatushest‘.</strong></span> <span class='ocrx_word' id='word_1_447' title='bbox 1022 3449 1214 3524; x_wconf 74' lang='lat' dir='ltr'><strong>Veram</strong></span> <span class='ocrx_word' id='word_1_448' title='bbox 1258 3449 1541 3507; x_wconf 75' lang='lat' dir='ltr'><strong>lectionem</strong></span> <span class='ocrx_word' id='word_1_449' title='bbox 1580 3457 1845 3524; x_wconf 85' lang='lat' dir='ltr'><strong>suggessit</strong></span> 
     </span>
    </p>
   </div>
   <div class='ocr_carea' id='block_1_65' title="bbox 260 3520 1451 3577">
    <p class='ocr_par' dir='ltr' id='par_1_65' title="bbox 260 3520 1451 3577">
     <span class='ocr_line' id='line_1_66' title="bbox 260 3520 1451 3577; baseline 0 -2"><span class='ocrx_word' id='word_1_450' title='bbox 260 3522 427 3577; x_wconf 83' lang='lat' dir='ltr'><strong>codex</strong></span> <span class='ocrx_word' id='word_1_451' title='bbox 450 3520 800 3575; x_wconf 85' lang='lat' dir='ltr'><strong>Florentinns</strong></span> <span class='ocrx_word' id='word_1_452' title='bbox 830 3522 888 3577; x_wconf 93' lang='lat' dir='ltr'><strong>S.</strong></span> <span class='ocrx_word' id='word_1_453' title='bbox 924 3520 1089 3574; x_wconf 79' lang='lat' dir='ltr'><strong>Marci</strong></span> <span class='ocrx_word' id='word_1_454' title='bbox 1116 3522 1329 3576; x_wconf 90' lang='lat' dir='ltr'><strong>collect.</strong></span> <span class='ocrx_word' id='word_1_455' title='bbox 1366 3524 1451 3577; x_wconf 83' lang='grc'><strong>15.</strong></span> 
     </span>
    </p>
   </div>
   <div class='ocr_carea' id='block_1_66' title="bbox 327 3592 1842 3659">
    <p class='ocr_par' dir='ltr' id='par_1_66' title="bbox 327 3592 1842 3659">
     <span class='ocr_line' id='line_1_67' title="bbox 327 3592 1842 3659; baseline 0.003 -13"><span class='ocrx_word' id='word_1_456' title='bbox 327 3604 351 3631; x_wconf 69' lang='grc' dir='ltr'>ε</span> <span class='ocrx_word' id='word_1_457' title='bbox 376 3592 610 3659; x_wconf 82' lang='lat' dir='ltr'><strong>Quidam</strong></span> <span class='ocrx_word' id='word_1_458' title='bbox 637 3592 853 3646; x_wconf 90' lang='lat' dir='ltr'><strong>codices</strong></span> <span class='ocrx_word' id='word_1_459' title='bbox 882 3600 937 3645; x_wconf 91' lang='lat' dir='ltr'><strong>et</strong></span> <span class='ocrx_word' id='word_1_460' title='bbox 965 3592 1093 3645; x_wconf 87' lang='lat' dir='ltr'><strong>editi</strong></span> <span class='ocrx_word' id='word_1_461' title='bbox 1126 3600 1249 3646; x_wconf 80' lang='lat' dir='ltr'><strong>ante</strong></span> <span class='ocrx_word' id='word_1_462' title='bbox 1274 3593 1501 3659; x_wconf 87' lang='lat' dir='ltr'><strong>Quesn.,</strong></span> <span class='ocrx_word' id='word_1_463' title='bbox 1527 3595 1602 3647; x_wconf 91' lang='lat' dir='ltr'><strong>id.</strong></span> <span class='ocrx_word' id='word_1_464' title='bbox 1646 3594 1842 3651; x_wconf 77' lang='lat' dir='ltr'><strong>Martii.</strong></span> 
     </span>
    </p>
   </div>
   <div class='ocr_carea' id='block_1_67' title="bbox 261 3662 1845 3733">
    <p class='ocr_par' dir='ltr' id='par_1_67' title="bbox 261 3662 1845 3733">
     <span class='ocr_line' id='line_1_68' title="bbox 261 3662 1845 3733; baseline 0.003 -15"><span class='ocrx_word' id='word_1_465' title='bbox 261 3666 324 3718; x_wconf 79' lang='lat' dir='ltr'><strong>At</strong></span> <span class='ocrx_word' id='word_1_466' title='bbox 345 3662 679 3719; x_wconf 82' lang='lat' dir='ltr'><strong>vetustiores</strong></span> <span class='ocrx_word' id='word_1_467' title='bbox 708 3673 762 3717; x_wconf 90' lang='lat' dir='ltr'><strong>et</strong></span> <span class='ocrx_word' id='word_1_468' title='bbox 782 3663 1022 3733; x_wconf 89' lang='lat' dir='ltr'><strong>potiores</strong></span> <span class='ocrx_word' id='word_1_469' title='bbox 1044 3678 1134 3717; x_wconf 86' lang='lat' dir='ltr'><strong>vnt</strong></span> <span class='ocrx_word' id='word_1_470' title='bbox 1154 3663 1293 3729; x_wconf 82' lang='lat' dir='ltr'><strong>idus,</strong></span> <span class='ocrx_word' id='word_1_471' title='bbox 1321 3664 1403 3718; x_wconf 90' lang='lat' dir='ltr'><strong>vel</strong></span> <span class='ocrx_word' id='word_1_472' title='bbox 1435 3665 1689 3720; x_wconf 91' lang='lat' dir='ltr'><strong>chronica</strong></span> <span class='ocrx_word' id='word_1_473' title='bbox 1719 3679 1845 3723; x_wconf 91' lang='lat' dir='ltr'><strong>nota</strong></span> 
     </span>
    </p>
   </div>
   <div class='ocr_carea' id='block_1_68' title="bbox 261 3744 461 3790">
    <p class='ocr_par' dir='ltr' id='par_1_68' title="bbox 261 3744 461 3790">
     <span class='ocr_line' id='line_1_69' title="bbox 261 3744 461 3790; baseline -0.01 -1"><span class='ocrx_word' id='word_1_474' title='bbox 261 3750 413 3790; x_wconf 85' lang='lat' dir='ltr'><strong>caren</strong></span> <span class='ocrx_word' id='word_1_475' title='bbox 420 3744 461 3788; x_wconf 78' lang='grc' dir='ltr'><strong>ι.</strong></span> 
     </span>
    </p>
   </div>
   <div class='ocr_carea' id='block_1_69' title="bbox 326 3803 1847 3888">
    <p class='ocr_par' dir='ltr' id='par_1_69' title="bbox 326 3803 1847 3888">
     <span class='ocr_line' id='line_1_70' title="bbox 326 3803 1847 3888; baseline 0.003 -30"><span class='ocrx_word' id='word_1_476' title='bbox 326 3826 354 3866; x_wconf 68' lang='grc' dir='ltr'><em>α</em></span> <span class='ocrx_word' id='word_1_477' title='bbox 383 3806 473 3888; x_wconf 37' lang='lat' dir='ltr'><strong>illi:</strong></span> <span class='ocrx_word' id='word_1_478' title='bbox 620 3804 947 3888; x_wconf 61' lang='lat' dir='ltr'><strong>Quaeautem</strong></span> <span class='ocrx_word' id='word_1_479' title='bbox 976 3812 1131 3860; x_wconf 90' lang='lat' dir='ltr'><strong>antea</strong></span> <span class='ocrx_word' id='word_1_480' title='bbox 1154 3803 1225 3859; x_wconf 89' lang='grc'>20</span> <span class='ocrx_word' id='word_1_481' title='bbox 1248 3813 1388 3873; x_wconf 89' lang='lat' dir='ltr'><strong>erat,</strong></span> <span class='ocrx_word' id='word_1_482' title='bbox 1413 3821 1554 3862; x_wconf 91' lang='lat' dir='ltr'><strong>nunc</strong></span> <span class='ocrx_word' id='word_1_483' title='bbox 1577 3806 1668 3863; x_wconf 97' lang='grc'><strong>25.</strong></span> <span class='ocrx_word' id='word_1_484' title='bbox 1701 3807 1847 3862; x_wconf 86' lang='lat' dir='ltr'><strong>Scri-</strong></span> 
     </span>
    </p>
   </div>
   <div class='ocr_carea' id='block_1_70' title="bbox 260 3874 1840 4015">
    <p class='ocr_par' dir='ltr' id='par_1_70' title="bbox 260 3874 1840 4015">
     <span class='ocr_line' id='line_1_71' title="bbox 260 3874 860 3946; baseline -0.005 -15"><span class='ocrx_word' id='word_1_485' title='bbox 260 3887 349 3946; x_wconf 85' lang='lat' dir='ltr'><strong>pta</strong></span> <span class='ocrx_word' id='word_1_486' title='bbox 380 3876 405 3928; x_wconf 89' lang='grc'><strong>1</strong></span> <span class='ocrx_word' id='word_1_487' title='bbox 441 3876 588 3930; x_wconf 83' lang='lat' dir='ltr'><strong>Junii</strong></span> <span class='ocrx_word' id='word_1_488' title='bbox 618 3890 705 3929; x_wconf 89' lang='lat' dir='ltr'><strong>an.</strong></span> <span class='ocrx_word' id='word_1_489' title='bbox 735 3874 860 3929; x_wconf 87' lang='lat'><strong>448.</strong></span> 
     </span>
     <span class='ocr_line' id='line_1_72' title="bbox 330 3946 1840 4015; baseline 0.001 -13"><span class='ocrx_word' id='word_1_490' title='bbox 330 3956 352 3985; x_wconf 77' lang='grc' dir='ltr'>ε</span> <span class='ocrx_word' id='word_1_491' title='bbox 379 3947 536 4003; x_wconf 89' lang='lat' dir='ltr'><strong>Sicut</strong></span> <span class='ocrx_word' id='word_1_492' title='bbox 565 3947 679 4001; x_wconf 77' lang='lat' dir='ltr'><strong>haec</strong></span> <span class='ocrx_word' id='word_1_493' title='bbox 705 3946 927 4013; x_wconf 86' lang='lat' dir='ltr'><strong>epistola</strong></span> <span class='ocrx_word' id='word_1_494' title='bbox 960 3948 1266 4002; x_wconf 87' lang='lat' dir='ltr'><strong>continetur</strong></span> <span class='ocrx_word' id='word_1_495' title='bbox 1296 3947 1347 4000; x_wconf 94' lang='lat' dir='ltr'><strong>in</strong></span> <span class='ocrx_word' id='word_1_496' title='bbox 1382 3962 1511 4002; x_wconf 90' lang='lat' dir='ltr'><strong>mss.</strong></span> <span class='ocrx_word' id='word_1_497' title='bbox 1542 3949 1752 4005; x_wconf 88' lang='lat' dir='ltr'><strong>collect.</strong></span> <span class='ocrx_word' id='word_1_498' title='bbox 1787 3950 1840 4015; x_wconf 84' lang='grc'><strong>5,</strong></span> 
     </span>
    </p>
   </div>
   <div class='ocr_carea' id='block_1_71' title="bbox 264 4016 1844 4086">
    <p class='ocr_par' dir='ltr' id='par_1_71' title="bbox 264 4016 1844 4086">
     <span class='ocr_line' id='line_1_73' title="bbox 264 4016 1844 4086; baseline 0.001 -14"><span class='ocrx_word' id='word_1_499' title='bbox 264 4018 294 4072; x_wconf 89' lang='grc'>8</span> <span class='ocrx_word' id='word_1_500' title='bbox 339 4018 491 4086; x_wconf 80' lang='lat' dir='ltr'><strong>Hisp.</strong></span> <span class='ocrx_word' id='word_1_501' title='bbox 518 4016 680 4085; x_wconf 85' lang='lat' dir='ltr'><strong>,lsid.</strong></span> <span class='ocrx_word' id='word_1_502' title='bbox 706 4017 803 4082; x_wconf 89' lang='grc'><strong>11,</strong></span> <span class='ocrx_word' id='word_1_503' title='bbox 837 4016 938 4083; x_wconf 90' lang='grc'><strong>12,</strong></span> <span class='ocrx_word' id='word_1_504' title='bbox 973 4018 1068 4082; x_wconf 89' lang='grc'><strong>17,</strong></span> <span class='ocrx_word' id='word_1_505' title='bbox 1100 4017 1200 4082; x_wconf 88' lang='grc'><strong>21,</strong></span> <span class='ocrx_word' id='word_1_506' title='bbox 1243 4018 1314 4073; x_wconf 87' lang='grc'><strong>25</strong></span> <span class='ocrx_word' id='word_1_507' title='bbox 1357 4028 1409 4072; x_wconf 90' lang='lat' dir='ltr'><strong>et</strong></span> <span class='ocrx_word' id='word_1_508' title='bbox 1449 4018 1547 4078; x_wconf 74' lang='lat'><strong>24.</strong></span> <span class='ocrx_word' id='word_1_509' title='bbox 1582 4035 1678 4074; x_wconf 90' lang='lat' dir='ltr'><strong>nec</strong></span> <span class='ocrx_word' id='word_1_510' title='bbox 1739 4034 1844 4074; x_wconf 92' lang='lat' dir='ltr'><strong>non</strong></span> 
     </span>
    </p>
   </div>
   <div class='ocr_carea' id='block_1_72' title="bbox 262 4088 1843 4159">
    <p class='ocr_par' dir='ltr' id='par_1_72' title="bbox 262 4088 1843 4159">
     <span class='ocr_line' id='line_1_74' title="bbox 262 4088 1843 4159; baseline 0.001 -18"><span class='ocrx_word' id='word_1_511' title='bbox 262 4089 395 4159; x_wconf 89' lang='lat' dir='ltr'><strong>apud</strong></span> <span class='ocrx_word' id='word_1_512' title='bbox 426 4088 746 4144; x_wconf 84' lang='lat' dir='ltr'><strong>Sichardum</strong></span> <span class='ocrx_word' id='word_1_513' title='bbox 766 4128 779 4159; x_wconf 81' lang='lat'><strong>,</strong></span> <span class='ocrx_word' id='word_1_514' title='bbox 800 4088 872 4141; x_wconf 91' lang='lat' dir='ltr'><strong>ita</strong></span> <span class='ocrx_word' id='word_1_515' title='bbox 891 4088 955 4142; x_wconf 87' lang='lat' dir='ltr'><strong>ad</strong></span> <span class='ocrx_word' id='word_1_516' title='bbox 978 4090 1377 4156; x_wconf 71' lang='lat' dir='ltr'><strong>praestantiores</strong></span> <span class='ocrx_word' id='word_1_517' title='bbox 1394 4090 1629 4143; x_wconf 89' lang='lat' dir='ltr'><strong>omnium</strong></span> <span class='ocrx_word' id='word_1_518' title='bbox 1654 4090 1843 4144; x_wconf 88' lang='lat' dir='ltr'><strong>harum</strong></span> 
     </span>
    </p>
   </div>
   <div class='ocr_carea' id='block_1_73' title="bbox 261 4157 1844 4228">
    <p class='ocr_par' dir='ltr' id='par_1_73' title="bbox 261 4157 1844 4228">
     <span class='ocr_line' id='line_1_75' title="bbox 261 4157 1844 4228; baseline 0.001 -15"><span class='ocrx_word' id='word_1_519' title='bbox 261 4157 637 4213; x_wconf 76' lang='lat' dir='ltr'><strong>colleCtionum</strong></span> <span class='ocrx_word' id='word_1_520' title='bbox 682 4157 896 4212; x_wconf 90' lang='lat' dir='ltr'><strong>codices</strong></span> <span class='ocrx_word' id='word_1_521' title='bbox 936 4159 1179 4214; x_wconf 90' lang='lat' dir='ltr'><strong>eamdem</strong></span> <span class='ocrx_word' id='word_1_522' title='bbox 1242 4161 1546 4228; x_wconf 78' lang='lat' dir='ltr'><strong>relegimus.</strong></span> <span class='ocrx_word' id='word_1_523' title='bbox 1604 4160 1844 4216; x_wconf 79' lang='lat' dir='ltr'><strong>Graecam</strong></span> 
     </span>
    </p>
   </div>
   <div class='ocr_carea' id='block_1_74' title="bbox 262 4227 1845 4287">
    <p class='ocr_par' dir='ltr' id='par_1_74' title="bbox 262 4227 1845 4287">
     <span class='ocr_line' id='line_1_76' title="bbox 262 4227 1845 4287; baseline 0.002 -4"><span class='ocrx_word' id='word_1_524' title='bbox 262 4232 565 4285; x_wconf 88' lang='lat' dir='ltr'><strong>versionem</strong></span> <span class='ocrx_word' id='word_1_525' title='bbox 591 4244 658 4283; x_wconf 88' lang='lat' dir='ltr'><strong>ex</strong></span> <span class='ocrx_word' id='word_1_526' title='bbox 679 4227 880 4284; x_wconf 85' lang='lat' dir='ltr'><strong>Graecis</strong></span> <span class='ocrx_word' id='word_1_527' title='bbox 908 4244 1037 4284; x_wconf 87' lang='lat' dir='ltr'><strong>mss.</strong></span> <span class='ocrx_word' id='word_1_528' title='bbox 1069 4229 1281 4285; x_wconf 89' lang='lat' dir='ltr'><strong>collect.</strong></span> <span class='ocrx_word' id='word_1_529' title='bbox 1306 4227 1373 4284; x_wconf 93' lang='grc'><strong>17</strong></span> <span class='ocrx_word' id='word_1_530' title='bbox 1391 4229 1845 4287; x_wconf 89' lang='lat' dir='ltr'><strong>Chalcedonensis</strong></span> 
     </span>
    </p>
   </div>
   <div class='ocr_carea' id='block_1_75' title="bbox 262 4302 577 4368">
    <p class='ocr_par' dir='ltr' id='par_1_75' title="bbox 262 4302 577 4368">
     <span class='ocr_line' id='line_1_77' title="bbox 262 4302 577 4368; baseline 0 -15"><span class='ocrx_word' id='word_1_531' title='bbox 262 4302 577 4368; x_wconf 88' lang='lat' dir='ltr'><strong>adjecimns.</strong></span> 
     </span>
    </p>
   </div>
   <div class='ocr_carea' id='block_1_76' title="bbox 331 4370 1840 4437">
    <p class='ocr_par' dir='ltr' id='par_1_76' title="bbox 331 4370 1840 4437">
     <span class='ocr_line' id='line_1_78' title="bbox 331 4370 1840 4437; baseline 0.001 -11"><span class='ocrx_word' id='word_1_532' title='bbox 331 4372 349 4410; x_wconf 76' lang='grc' dir='ltr'>ί</span> <span class='ocrx_word' id='word_1_533' title='bbox 379 4372 614 4426; x_wconf 88' lang='lat' dir='ltr'><strong>Codices</strong></span> <span class='ocrx_word' id='word_1_534' title='bbox 644 4370 855 4424; x_wconf 90' lang='lat' dir='ltr'><strong>collect.</strong></span> <span class='ocrx_word' id='word_1_535' title='bbox 893 4370 1194 4437; x_wconf 78' lang='lat' dir='ltr'><strong>Hispanicae</strong></span> <span class='ocrx_word' id='word_1_536' title='bbox 1219 4370 1361 4425; x_wconf 89' lang='lat' dir='ltr'><strong>hunc</strong></span> <span class='ocrx_word' id='word_1_537' title='bbox 1388 4371 1602 4427; x_wconf 91' lang='lat' dir='ltr'><strong>brevem</strong></span> <span class='ocrx_word' id='word_1_538' title='bbox 1633 4372 1840 4427; x_wconf 88' lang='lat' dir='ltr'><strong>titulum</strong></span> 
     </span>
    </p>
   </div>
   <div class='ocr_carea' id='block_1_77' title="bbox 262 4439 1844 4511">
    <p class='ocr_par' dir='ltr' id='par_1_77' title="bbox 262 4439 1844 4511">
     <span class='ocr_line' id='line_1_79' title="bbox 262 4439 1844 4511; baseline -0.001 -14"><span class='ocrx_word' id='word_1_539' title='bbox 262 4442 549 4509; x_wconf 70' lang='lat' dir='ltr'><strong>praeferunt</strong></span> <span class='ocrx_word' id='word_1_540' title='bbox 581 4458 595 4494; x_wconf 87' lang='lat'><strong>:</strong></span> <span class='ocrx_word' id='word_1_541' title='bbox 627 4440 715 4511; x_wconf 80' lang='lat' dir='ltr'><strong>Ad</strong></span> <span class='ocrx_word' id='word_1_542' title='bbox 742 4439 1007 4510; x_wconf 82' lang='lat' dir='ltr'><strong>Eutychen</strong></span> <span class='ocrx_word' id='word_1_543' title='bbox 1036 4441 1659 4511; x_wconf 87' lang='lat' dir='ltr'><strong>Constantinopolitanum</strong></span> <span class='ocrx_word' id='word_1_544' title='bbox 1687 4443 1844 4497; x_wconf 84' lang='lat' dir='ltr'><strong>abba-</strong></span> 
     </span>
    </p>
   </div>
   <div class='ocr_carea' id='block_1_78' title="bbox 261 4509 1310 4566">
    <p class='ocr_par' dir='ltr' id='par_1_78' title="bbox 261 4509 1310 4566">
     <span class='ocr_line' id='line_1_80' title="bbox 261 4509 1310 4566; baseline 0 -1"><span class='ocrx_word' id='word_1_545' title='bbox 261 4521 352 4565; x_wconf 80' lang='lat' dir='ltr'><strong>tem</strong></span> <span class='ocrx_word' id='word_1_546' title='bbox 380 4514 632 4566; x_wconf 81' lang='lat' dir='ltr'><strong>adversus</strong></span> <span class='ocrx_word' id='word_1_547' title='bbox 664 4509 1028 4564; x_wconf 84' lang='lat' dir='ltr'><strong>Nestorianam</strong></span> <span class='ocrx_word' id='word_1_548' title='bbox 1056 4512 1310 4566; x_wconf 71' lang='lat' dir='ltr'><strong>Iusresim.</strong></span> 
     </span>
    </p>
   </div>
   <div class='ocr_carea' id='block_1_79' title="bbox 326 4580 1843 4650">
    <p class='ocr_par' dir='ltr' id='par_1_79' title="bbox 326 4580 1843 4650">
     <span class='ocr_line' id='line_1_81' title="bbox 326 4580 1843 4650; baseline 0.006 -18"><span class='ocrx_word' id='word_1_549' title='bbox 326 4594 352 4632; x_wconf 73' lang='grc' dir='ltr'><em>ε</em></span> <span class='ocrx_word' id='word_1_550' title='bbox 379 4583 612 4639; x_wconf 77' lang='lat' dir='ltr'><strong>Codices</strong></span> <span class='ocrx_word' id='word_1_551' title='bbox 633 4580 809 4636; x_wconf 88' lang='lat' dir='ltr'><strong>Latini</strong></span> <span class='ocrx_word' id='word_1_552' title='bbox 840 4581 1173 4636; x_wconf 89' lang='lat' dir='ltr'><strong>collectionis</strong></span> <span class='ocrx_word' id='word_1_553' title='bbox 1199 4582 1679 4650; x_wconf 91' lang='lat' dir='ltr'><strong>Chalcedonensis,</strong></span> <span class='ocrx_word' id='word_1_554' title='bbox 1703 4586 1843 4641; x_wconf 90' lang='lat' dir='ltr'><strong>inter</strong></span> 
     </span>
    </p>
   </div>
   <div class='ocr_carea' id='block_1_80' title="bbox 259 4652 1842 4723">
    <p class='ocr_par' dir='ltr' id='par_1_80' title="bbox 259 4652 1842 4723">
     <span class='ocr_line' id='line_1_82' title="bbox 259 4652 1842 4723; baseline 0.001 -14"><span class='ocrx_word' id='word_1_555' title='bbox 259 4670 387 4723; x_wconf 89' lang='lat' dir='ltr'><strong>quos</strong></span> <span class='ocrx_word' id='word_1_556' title='bbox 418 4653 749 4708; x_wconf 78' lang='lat' dir='ltr'><strong>Veronensis</strong></span> <span class='ocrx_word' id='word_1_557' title='bbox 777 4652 956 4706; x_wconf 62' lang='lat' dir='ltr'><strong>saeculi</strong></span> <span class='ocrx_word' id='word_1_558' title='bbox 985 4667 1078 4707; x_wconf 87' lang='lat' dir='ltr'><strong>vnt</strong></span> <span class='ocrx_word' id='word_1_559' title='bbox 1098 4694 1113 4717; x_wconf 91' lang='lat'><strong>,</strong></span> <span class='ocrx_word' id='word_1_560' title='bbox 1143 4652 1333 4708; x_wconf 56' lang='lat' dir='ltr'><strong>Graeco</strong></span> <span class='ocrx_word' id='word_1_561' title='bbox 1367 4655 1533 4709; x_wconf 89' lang='lat' dir='ltr'><strong>textui</strong></span> <span class='ocrx_word' id='word_1_562' title='bbox 1564 4656 1842 4711; x_wconf 70' lang='lat' dir='ltr'><strong>cohaeren-</strong></span> 
     </span>
    </p>
   </div>
   <div class='ocr_carea' id='block_1_81' title="bbox 1951 3443 3532 3521">
    <p class='ocr_par' dir='ltr' id='par_1_81' title="bbox 1951 3443 3532 3521">
     <span class='ocr_line' id='line_1_83' title="bbox 1951 3443 3532 3521; baseline -0.004 -14"><span class='ocrx_word' id='word_1_563' title='bbox 1951 3452 2139 3507; x_wconf 88' lang='lat' dir='ltr'><strong>bemus</strong></span> <span class='ocrx_word' id='word_1_564' title='bbox 2162 3443 2378 3521; x_wconf 78' lang='lat' dir='ltr'><strong>quinam</strong></span> <span class='ocrx_word' id='word_1_565' title='bbox 2401 3449 2478 3503; x_wconf 91' lang='lat' dir='ltr'><strong>illi</strong></span> <span class='ocrx_word' id='word_1_566' title='bbox 2497 3456 2678 3502; x_wconf 91' lang='lat' dir='ltr'><strong>essent</strong></span> <span class='ocrx_word' id='word_1_567' title='bbox 2700 3460 2834 3521; x_wconf 79' lang='lat' dir='ltr'><strong>quos</strong></span> <span class='ocrx_word' id='word_1_568' title='bbox 2860 3443 3129 3521; x_wconf 76' lang='lat' dir='ltr'><strong>Eutyches</strong></span> <span class='ocrx_word' id='word_1_569' title='bbox 3152 3443 3291 3514; x_wconf 87' lang='lat' dir='ltr'><strong>apud</strong></span> <span class='ocrx_word' id='word_1_570' title='bbox 3313 3446 3370 3502; x_wconf 92' lang='lat' dir='ltr'><strong>S.</strong></span> <span class='ocrx_word' id='word_1_571' title='bbox 3397 3448 3532 3503; x_wconf 88' lang='lat' dir='ltr'><strong>Leo-</strong></span> 
     </span>
    </p>
   </div>
   <div class='ocr_carea' id='block_1_82' title="bbox 1949 3515 3529 3587">
    <p class='ocr_par' dir='ltr' id='par_1_82' title="bbox 1949 3515 3529 3587">
     <span class='ocr_line' id='line_1_84' title="bbox 1949 3515 3529 3587; baseline -0.003 -10"><span class='ocrx_word' id='word_1_572' title='bbox 1949 3539 2071 3577; x_wconf 90' lang='lat' dir='ltr'><strong>nem</strong></span> <span class='ocrx_word' id='word_1_573' title='bbox 2101 3515 2389 3576; x_wconf 75' lang='lat' dir='ltr'><strong>infamabat</strong></span> <span class='ocrx_word' id='word_1_574' title='bbox 2421 3528 2690 3587; x_wconf 87' lang='lat' dir='ltr'><strong>tamquam</strong></span> <span class='ocrx_word' id='word_1_575' title='bbox 2720 3515 2951 3569; x_wconf 88' lang='lat' dir='ltr'><strong>Nestorii</strong></span> <span class='ocrx_word' id='word_1_576' title='bbox 2972 3529 3239 3587; x_wconf 74' lang='lat' dir='ltr'><strong>sequaces</strong></span> <span class='ocrx_word' id='word_1_577' title='bbox 3270 3526 3323 3571; x_wconf 89' lang='lat' dir='ltr'><strong>et</strong></span> <span class='ocrx_word' id='word_1_578' title='bbox 3350 3532 3529 3585; x_wconf 88' lang='lat' dir='ltr'><strong>patro-</strong></span> 
     </span>
    </p>
   </div>
   <div class='ocr_carea' id='block_1_83' title="bbox 1950 3586 3531 3653">
    <p class='ocr_par' dir='ltr' id='par_1_83' title="bbox 1950 3586 3531 3653">
     <span class='ocr_line' id='line_1_85' title="bbox 1950 3586 3531 3653; baseline -0.001 -6"><span class='ocrx_word' id='word_1_579' title='bbox 1950 3609 2048 3647; x_wconf 92' lang='lat' dir='ltr'><strong>nos</strong></span> <span class='ocrx_word' id='word_1_580' title='bbox 2072 3612 2086 3649; x_wconf 84' lang='lat'><strong><em>:</em></strong></span> <span class='ocrx_word' id='word_1_581' title='bbox 2111 3593 2313 3647; x_wconf 89' lang='lat' dir='ltr'><strong>clarum</strong></span> <span class='ocrx_word' id='word_1_582' title='bbox 2337 3598 2419 3646; x_wconf 91' lang='lat' dir='ltr'><strong>est</strong></span> <span class='ocrx_word' id='word_1_583' title='bbox 2439 3586 2579 3645; x_wconf 88' lang='lat' dir='ltr'><strong>enim</strong></span> <span class='ocrx_word' id='word_1_584' title='bbox 2605 3587 2672 3641; x_wconf 91' lang='lat' dir='ltr'><strong>de</strong></span> <span class='ocrx_word' id='word_1_585' title='bbox 2704 3588 2934 3653; x_wconf 86' lang='lat' dir='ltr'><strong>Domuo,</strong></span> <span class='ocrx_word' id='word_1_586' title='bbox 2967 3586 3304 3641; x_wconf 87' lang='lat' dir='ltr'><strong>Theodoreto</strong></span> <span class='ocrx_word' id='word_1_587' title='bbox 3334 3599 3383 3641; x_wconf 87' lang='lat' dir='ltr'><strong>et</strong></span> <span class='ocrx_word' id='word_1_588' title='bbox 3412 3591 3531 3645; x_wconf 89' lang='lat' dir='ltr'><strong>aliis</strong></span> 
     </span>
    </p>
   </div>
   <div class='ocr_carea' id='block_1_84' title="bbox 1950 3656 3529 3733">
    <p class='ocr_par' dir='ltr' id='par_1_84' title="bbox 1950 3656 3529 3733">
     <span class='ocr_line' id='line_1_86' title="bbox 1950 3656 3529 3733; baseline -0.003 -14"><span class='ocrx_word' id='word_1_589' title='bbox 1950 3662 2258 3733; x_wconf 91' lang='lat' dir='ltr'><strong>hujusmodi</strong></span> <span class='ocrx_word' id='word_1_590' title='bbox 2292 3664 2406 3715; x_wconf 75' lang='lat' dir='ltr'><strong>haec</strong></span> <span class='ocrx_word' id='word_1_591' title='bbox 2435 3674 2555 3733; x_wconf 85' lang='lat' dir='ltr'><strong>esse</strong></span> <span class='ocrx_word' id='word_1_592' title='bbox 2596 3656 2960 3733; x_wconf 79' lang='lat' dir='ltr'><strong>int_elligenda,</strong></span> <span class='ocrx_word' id='word_1_593' title='bbox 2996 3657 3181 3733; x_wconf 84' lang='lat' dir='ltr'><strong>qu_i_de</strong></span> <span class='ocrx_word' id='word_1_594' title='bbox 3216 3658 3529 3733; x_wconf 23' lang='lat' dir='ltr'><strong>anathema.</strong></span> 
     </span>
    </p>
   </div>
   <div class='ocr_carea' id='block_1_85' title="bbox 1952 3726 3528 3801">
    <p class='ocr_par' dir='ltr' id='par_1_85' title="bbox 1952 3726 3528 3801">
     <span class='ocr_line' id='line_1_87' title="bbox 1952 3726 3528 3801; baseline 0 -13"><span class='ocrx_word' id='word_1_595' title='bbox 1952 3726 2125 3789; x_wconf 67' lang='lat' dir='ltr'><strong>tizatis</strong></span> <span class='ocrx_word' id='word_1_596' title='bbox 2179 3749 2276 3801; x_wconf 91' lang='lat' dir='ltr'><strong>per</strong></span> <span class='ocrx_word' id='word_1_597' title='bbox 2327 3732 2605 3801; x_wconf 84' lang='lat' dir='ltr'><strong>Eutychen</strong></span> <span class='ocrx_word' id='word_1_598' title='bbox 2658 3728 2897 3801; x_wconf 81' lang='lat' dir='ltr'><strong>Diodoro</strong></span> <span class='ocrx_word' id='word_1_599' title='bbox 2956 3737 3007 3801; x_wconf 78' lang='lat' dir='ltr'><strong>et</strong></span> <span class='ocrx_word' id='word_1_600' title='bbox 3052 3726 3334 3801; x_wconf 73' lang='lat' dir='ltr'><strong>Theodoro</strong></span> <span class='ocrx_word' id='word_1_601' title='bbox 3390 3733 3528 3801; x_wconf 89' lang='lat' dir='ltr'><strong>apud</strong></span> 
     </span>
    </p>
   </div>
   <div class='ocr_carea' id='block_1_86' title="bbox 1949 3798 3364 3870">
    <p class='ocr_par' dir='ltr' id='par_1_86' title="bbox 1949 3798 3364 3870">
     <span class='ocr_line' id='line_1_88' title="bbox 1949 3798 3364 3870; baseline -0.004 -11"><span class='ocrx_word' id='word_1_602' title='bbox 1949 3798 2311 3860; x_wconf 87' lang='lat' dir='ltr'><strong>Theodosium</strong></span> <span class='ocrx_word' id='word_1_603' title='bbox 2343 3798 2620 3870; x_wconf 79' lang='lat' dir='ltr'><strong>conquesti</strong></span> <span class='ocrx_word' id='word_1_604' title='bbox 2648 3798 2875 3870; x_wconf 81' lang='lat' dir='ltr'><strong>fuerant.</strong></span> <span class='ocrx_word' id='word_1_605' title='bbox 2909 3817 2928 3850; x_wconf 83' lang='grc'><strong>›</strong></span> <span class='ocrx_word' id='word_1_606' title='bbox 2965 3798 3228 3852; x_wconf 84' lang='lat' dir='ltr'><strong>llactenus</strong></span> <span class='ocrx_word' id='word_1_607' title='bbox 3256 3800 3364 3854; x_wconf 89' lang='lat' dir='ltr'><strong>ille.</strong></span> 
     </span>
    </p>
   </div>
   <div class='ocr_carea' id='block_1_87' title="bbox 2026 3869 3527 3943">
    <p class='ocr_par' dir='ltr' id='par_1_87' title="bbox 2026 3869 3527 3943">
     <span class='ocr_line' id='line_1_89' title="bbox 2026 3869 3527 3943; baseline -0.005 -12"><span class='ocrx_word' id='word_1_608' title='bbox 2026 3876 2204 3930; x_wconf 79' lang='lat' dir='ltr'><strong>iEditi</strong></span> <span class='ocrx_word' id='word_1_609' title='bbox 2237 3884 2359 3929; x_wconf 88' lang='lat' dir='ltr'><strong>ante</strong></span> <span class='ocrx_word' id='word_1_610' title='bbox 2389 3869 2589 3939; x_wconf 86' lang='lat' dir='ltr'><strong>Quesn.</strong></span> <span class='ocrx_word' id='word_1_611' title='bbox 2611 3885 2731 3943; x_wconf 84' lang='lat' dir='ltr'><strong>cum</strong></span> <span class='ocrx_word' id='word_1_612' title='bbox 2763 3869 2969 3943; x_wconf 76' lang='lat' dir='ltr'><strong>aliquot</strong></span> <span class='ocrx_word' id='word_1_613' title='bbox 2998 3883 3151 3931; x_wconf 89' lang='lat' dir='ltr'><strong>mss.,</strong></span> <span class='ocrx_word' id='word_1_614' title='bbox 3184 3887 3284 3943; x_wconf 85' lang='lat' dir='ltr'><strong>non</strong></span> <span class='ocrx_word' id='word_1_615' title='bbox 3314 3872 3527 3943; x_wconf 86' lang='lat' dir='ltr'><strong>ambigi-</strong></span> 
     </span>
    </p>
   </div>
   <div class='ocr_carea' id='block_1_88' title="bbox 1948 3940 3524 4015">
    <p class='ocr_par' dir='ltr' id='par_1_88' title="bbox 1948 3940 3524 4015">
     <span class='ocr_line' id='line_1_90' title="bbox 1948 3940 3524 4015; baseline -0.003 -15"><span class='ocrx_word' id='word_1_616' title='bbox 1948 3964 2078 4000; x_wconf 87' lang='lat' dir='ltr'><strong>mus.</strong></span> <span class='ocrx_word' id='word_1_617' title='bbox 2112 3947 2428 4015; x_wconf 85' lang='lat' dir='ltr'><strong>Quesnellus</strong></span> <span class='ocrx_word' id='word_1_618' title='bbox 2458 3958 2579 3998; x_wconf 89' lang='lat' dir='ltr'><strong>cum</strong></span> <span class='ocrx_word' id='word_1_619' title='bbox 2607 3941 2724 4015; x_wconf 79' lang='lat' dir='ltr'><strong>aliis</strong></span> <span class='ocrx_word' id='word_1_620' title='bbox 2752 3940 2909 4015; x_wconf 67' lang='lat' dir='ltr'><strong>codd.</strong></span> <span class='ocrx_word' id='word_1_621' title='bbox 2929 3982 2944 4005; x_wconf 94' lang='lat'><strong>,</strong></span> <span class='ocrx_word' id='word_1_622' title='bbox 2986 3942 3278 4015; x_wconf 76' lang='lat' dir='ltr'><strong>praesertim</strong></span> <span class='ocrx_word' id='word_1_623' title='bbox 3311 3940 3524 4015; x_wconf 79' lang='lat' dir='ltr'><strong>collect.</strong></span> 
     </span>
    </p>
   </div>
   <div class='ocr_carea' id='block_1_89' title="bbox 1951 4008 3524 4082">
    <p class='ocr_par' dir='ltr' id='par_1_89' title="bbox 1951 4008 3524 4082">
     <span class='ocr_line' id='line_1_91' title="bbox 1951 4008 3524 4082; baseline -0.001 -12"><span class='ocrx_word' id='word_1_624' title='bbox 1951 4018 2015 4071; x_wconf 88' lang='grc'>17</span> <span class='ocrx_word' id='word_1_625' title='bbox 2047 4008 2406 4082; x_wconf 70' lang='grc' dir='ltr'><strong>ΟΙιΞιοθόοη.,</strong></span> <span class='ocrx_word' id='word_1_626' title='bbox 2439 4030 2539 4067; x_wconf 84' lang='grc' dir='ltr'><strong>ηοη</strong></span> <span class='ocrx_word' id='word_1_627' title='bbox 2578 4012 2811 4082; x_wconf 73' lang='lat' dir='ltr'><strong>ambigis.</strong></span> <span class='ocrx_word' id='word_1_628' title='bbox 2858 4008 3198 4082; x_wconf 61' lang='lat' dir='ltr'><strong>Praetulimus</strong></span> <span class='ocrx_word' id='word_1_629' title='bbox 3243 4011 3524 4069; x_wconf 89' lang='lat' dir='ltr'><strong>lectionem</strong></span> 
     </span>
    </p>
   </div>
   <div class='ocr_carea' id='block_1_90' title="bbox 1947 4080 3522 4155">
    <p class='ocr_par' dir='ltr' id='par_1_90' title="bbox 1947 4080 3522 4155">
     <span class='ocr_line' id='line_1_92' title="bbox 1947 4080 3522 4155; baseline -0.002 -13"><span class='ocrx_word' id='word_1_630' title='bbox 1947 4089 2302 4155; x_wconf 88' lang='lat' dir='ltr'><strong>antiquissimi</strong></span> <span class='ocrx_word' id='word_1_631' title='bbox 2338 4080 2454 4141; x_wconf 67' lang='lat' dir='ltr'><strong>vat.</strong></span> <span class='ocrx_word' id='word_1_632' title='bbox 2497 4082 2637 4138; x_wconf 80' lang='lat'><strong>5845</strong></span> <span class='ocrx_word' id='word_1_633' title='bbox 2666 4080 2725 4137; x_wconf 86' lang='lat' dir='ltr'><strong>et</strong></span> <span class='ocrx_word' id='word_1_634' title='bbox 2746 4080 3007 4155; x_wconf 28' lang='lat' dir='ltr'><strong>V‘allicell.</strong></span> <span class='ocrx_word' id='word_1_635' title='bbox 3040 4080 3103 4155; x_wconf 78' lang='grc' dir='ltr'>ᾼ.</span> <span class='ocrx_word' id='word_1_636' title='bbox 3137 4084 3193 4136; x_wconf 89' lang='lat' dir='ltr'><strong>S.</strong></span> <span class='ocrx_word' id='word_1_637' title='bbox 3223 4084 3435 4138; x_wconf 81' lang='lat' dir='ltr'><strong>collect.</strong></span> <span class='ocrx_word' id='word_1_638' title='bbox 3469 4086 3522 4151; x_wconf 83' lang='lat'><strong>8,</strong></span> 
     </span>
    </p>
   </div>
   <div class='ocr_carea' id='block_1_91' title="bbox 1947 4151 3111 4222">
    <p class='ocr_par' dir='ltr' id='par_1_91' title="bbox 1947 4151 3111 4222">
     <span class='ocr_line' id='line_1_93' title="bbox 1947 4151 3111 4222; baseline -0.009 -9"><span class='ocrx_word' id='word_1_639' title='bbox 1947 4159 2033 4213; x_wconf 92' lang='lat' dir='ltr'><strong>cui</strong></span> <span class='ocrx_word' id='word_1_640' title='bbox 2060 4151 2218 4213; x_wconf 80' lang='lat' dir='ltr'><strong>etiam</strong></span> <span class='ocrx_word' id='word_1_641' title='bbox 2247 4157 2434 4213; x_wconf 56' lang='lat' dir='ltr'><strong>Grasca</strong></span> <span class='ocrx_word' id='word_1_642' title='bbox 2464 4151 2837 4222; x_wconf 87' lang='lat' dir='ltr'><strong>interpretatio</strong></span> <span class='ocrx_word' id='word_1_643' title='bbox 2859 4152 3111 4207; x_wconf 88' lang='lat' dir='ltr'><strong>concinit.</strong></span> 
     </span>
    </p>
   </div>
   <div class='ocr_carea' id='block_1_92' title="bbox 2021 4221 3520 4293">
    <p class='ocr_par' dir='ltr' id='par_1_92' title="bbox 2021 4221 3520 4293">
     <span class='ocr_line' id='line_1_94' title="bbox 2021 4221 3520 4293; baseline 0.001 -14"><span class='ocrx_word' id='word_1_644' title='bbox 2021 4228 2035 4279; x_wconf 86' lang='lat' dir='ltr'><strong>i</strong></span> <span class='ocrx_word' id='word_1_645' title='bbox 2076 4230 2203 4284; x_wconf 87' lang='lat' dir='ltr'><strong>Mss.</strong></span> <span class='ocrx_word' id='word_1_646' title='bbox 2232 4228 2442 4283; x_wconf 90' lang='lat' dir='ltr'><strong>collect.</strong></span> <span class='ocrx_word' id='word_1_647' title='bbox 2479 4225 2584 4293; x_wconf 87' lang='grc'><strong>21,</strong></span> <span class='ocrx_word' id='word_1_648' title='bbox 2617 4223 3032 4292; x_wconf 85' lang='lat' dir='ltr'><strong>importunitate;</strong></span> <span class='ocrx_word' id='word_1_649' title='bbox 3064 4221 3254 4277; x_wconf 91' lang='lat' dir='ltr'><strong>melius</strong></span> <span class='ocrx_word' id='word_1_650' title='bbox 3289 4222 3343 4277; x_wconf 90' lang='lat' dir='ltr'><strong>in</strong></span> <span class='ocrx_word' id='word_1_651' title='bbox 3389 4240 3520 4282; x_wconf 86' lang='lat' dir='ltr'><strong>mss.</strong></span> 
     </span>
    </p>
   </div>
   <div class='ocr_carea' id='block_1_93' title="bbox 1945 4300 2536 4368">
    <p class='ocr_par' dir='ltr' id='par_1_93' title="bbox 1945 4300 2536 4368">
     <span class='ocr_line' id='line_1_95' title="bbox 1945 4300 2536 4368; baseline -0.008 -14"><span class='ocrx_word' id='word_1_652' title='bbox 1945 4300 2155 4354; x_wconf 87' lang='lat' dir='ltr'><strong>collect.</strong></span> <span class='ocrx_word' id='word_1_653' title='bbox 2187 4302 2240 4367; x_wconf 89' lang='lat'><strong>8,</strong></span> <span class='ocrx_word' id='word_1_654' title='bbox 2272 4300 2536 4368; x_wconf 83' lang='lat' dir='ltr'><strong>pravitate.</strong></span> 
     </span>
    </p>
   </div>
   <div class='ocr_carea' id='block_1_94' title="bbox 2017 4362 3523 4437">
    <p class='ocr_par' dir='ltr' id='par_1_94' title="bbox 2017 4362 3523 4437">
     <span class='ocr_line' id='line_1_96' title="bbox 2017 4362 3523 4437; baseline -0.003 -12"><span class='ocrx_word' id='word_1_655' title='bbox 2017 4369 2044 4407; x_wconf 77' lang='grc' dir='ltr'><strong>¹ι</strong></span> <span class='ocrx_word' id='word_1_656' title='bbox 2076 4362 2414 4437; x_wconf 79' lang='lat' dir='ltr'><strong>Exemplaria</strong></span> <span class='ocrx_word' id='word_1_657' title='bbox 2445 4367 2653 4421; x_wconf 90' lang='lat' dir='ltr'><strong>collect.</strong></span> <span class='ocrx_word' id='word_1_658' title='bbox 2688 4362 3018 4437; x_wconf 81' lang='lat' dir='ltr'><strong>Chalcedon.</strong></span> <span class='ocrx_word' id='word_1_659' title='bbox 3038 4403 3052 4428; x_wconf 91' lang='lat'><strong>,</strong></span> <span class='ocrx_word' id='word_1_660' title='bbox 3084 4362 3225 4417; x_wconf 87' lang='lat' dir='ltr'><strong>Deus</strong></span> <span class='ocrx_word' id='word_1_661' title='bbox 3255 4374 3302 4419; x_wconf 89' lang='lat' dir='ltr'><strong>te</strong></span> <span class='ocrx_word' id='word_1_662' title='bbox 3325 4365 3523 4421; x_wconf 78' lang='lat' dir='ltr'><strong>salvum</strong></span> 
     </span>
    </p>
   </div>
   <div class='ocr_carea' id='block_1_95' title="bbox 1944 4435 2809 4506">
    <p class='ocr_par' dir='ltr' id='par_1_95' title="bbox 1944 4435 2809 4506">
     <span class='ocr_line' id='line_1_97' title="bbox 1944 4435 2809 4506; baseline -0.012 -11"><span class='ocrx_word' id='word_1_663' title='bbox 1944 4442 2227 4505; x_wconf 82' lang='lat' dir='ltr'><strong>custodiat,</strong></span> <span class='ocrx_word' id='word_1_664' title='bbox 2252 4435 2336 4506; x_wconf 73' lang='lat' dir='ltr'><strong>ﬁli</strong></span> <span class='ocrx_word' id='word_1_665' title='bbox 2365 4435 2809 4493; x_wconf 86' lang='lat' dir='ltr'><strong>desideratissime.</strong></span> 
     </span>
    </p>
   </div>
   <div class='ocr_carea' id='block_1_96' title="bbox 2021 4506 3523 4565">
    <p class='ocr_par' dir='ltr' id='par_1_96' title="bbox 2021 4506 3523 4565">
     <span class='ocr_line' id='line_1_98' title="bbox 2021 4506 3523 4565; baseline -0.001 1"><span class='ocrx_word' id='word_1_666' title='bbox 2021 4509 2039 4549; x_wconf 78' lang='lat'>1</span> <span class='ocrx_word' id='word_1_667' title='bbox 2065 4513 2210 4565; x_wconf 88' lang='lat' dir='ltr'><strong>llanc</strong></span> <span class='ocrx_word' id='word_1_668' title='bbox 2232 4510 2538 4565; x_wconf 88' lang='lat' dir='ltr'><strong>chronicam</strong></span> <span class='ocrx_word' id='word_1_669' title='bbox 2569 4506 2895 4561; x_wconf 86' lang='lat' dir='ltr'><strong>notationem</strong></span> <span class='ocrx_word' id='word_1_670' title='bbox 2918 4514 3203 4560; x_wconf 91' lang='lat' dir='ltr'><strong>servarunt</strong></span> <span class='ocrx_word' id='word_1_671' title='bbox 3226 4506 3382 4563; x_wconf 92' lang='lat' dir='ltr'><strong>codd.</strong></span> <span class='ocrx_word' id='word_1_672' title='bbox 3413 4509 3523 4564; x_wconf 83' lang='lat' dir='ltr'><strong>col-</strong></span> 
     </span>
    </p>
   </div>
   <div class='ocr_carea' id='block_1_97' title="bbox 1944 4576 2727 4637">
    <p class='ocr_par' dir='ltr' id='par_1_97' title="bbox 1944 4576 2727 4637">
     <span class='ocr_line' id='line_1_99' title="bbox 1944 4576 2727 4637; baseline -0.01 -1"><span class='ocrx_word' id='word_1_673' title='bbox 1944 4583 2068 4637; x_wconf 90' lang='lat' dir='ltr'><strong>lect.</strong></span> <span class='ocrx_word' id='word_1_674' title='bbox 2104 4582 2168 4636; x_wconf 93' lang='grc'><strong>17</strong></span> <span class='ocrx_word' id='word_1_675' title='bbox 2197 4580 2524 4635; x_wconf 87' lang='lat' dir='ltr'><strong>Chalcedon.</strong></span> <span class='ocrx_word' id='word_1_676' title='bbox 2555 4588 2610 4633; x_wconf 91' lang='lat' dir='ltr'><strong>et</strong></span> <span class='ocrx_word' id='word_1_677' title='bbox 2636 4576 2727 4629; x_wconf 87' lang='grc'><strong>21.</strong></span> 
     </span>
    </p>
   </div>
   <div class='ocr_carea' id='block_1_98' title="bbox 2014 4645 3523 4721">
    <p class='ocr_par' dir='ltr' id='par_1_98' title="bbox 2014 4645 3523 4721">
     <span class='ocr_line' id='line_1_100' title="bbox 2014 4645 3523 4721; baseline 0.001 -16"><span class='ocrx_word' id='word_1_678' title='bbox 2014 4663 2054 4689; x_wconf 83' lang='grc' dir='ltr'>ω</span> <span class='ocrx_word' id='word_1_679' title='bbox 2080 4653 2212 4721; x_wconf 83' lang='lat' dir='ltr'><strong>Quae</strong></span> <span class='ocrx_word' id='word_1_680' title='bbox 2235 4660 2410 4706; x_wconf 87' lang='lat' dir='ltr'><strong>autem</strong></span> <span class='ocrx_word' id='word_1_681' title='bbox 2459 4657 2574 4704; x_wconf 90' lang='lat' dir='ltr'><strong>erat</strong></span> <span class='ocrx_word' id='word_1_682' title='bbox 2610 4647 2710 4714; x_wconf 93' lang='grc'><strong>21,</strong></span> <span class='ocrx_word' id='word_1_683' title='bbox 2752 4660 2896 4701; x_wconf 90' lang='lat' dir='ltr'><strong>nunc</strong></span> <span class='ocrx_word' id='word_1_684' title='bbox 2921 4645 3011 4701; x_wconf 71' lang='lat'><strong>24.</strong></span> <span class='ocrx_word' id='word_1_685' title='bbox 3042 4646 3249 4717; x_wconf 87' lang='lat' dir='ltr'><strong>Scripta</strong></span> <span class='ocrx_word' id='word_1_686' title='bbox 3291 4659 3411 4718; x_wconf 92' lang='lat' dir='ltr'><strong>post</strong></span> <span class='ocrx_word' id='word_1_687' title='bbox 3452 4652 3523 4706; x_wconf 76' lang='grc'><strong>22</strong></span> 
     </span>
    </p>
   </div>
   <div class='ocr_carea' id='block_1_99' title="bbox 260 4722 2355 4799">
    <p class='ocr_par' dir='ltr' id='par_1_99' title="bbox 260 4722 2355 4799">
     <span class='ocr_line' id='line_1_101' title="bbox 260 4722 2355 4799; baseline -0 -22"><span class='ocrx_word' id='word_1_688' title='bbox 260 4722 359 4780; x_wconf 83' lang='lat' dir='ltr'><strong>tius</strong></span> <span class='ocrx_word' id='word_1_689' title='bbox 380 4723 683 4799; x_wconf 75' lang='lat' dir='ltr'><strong>praeferunt</strong></span> <span class='ocrx_word' id='word_1_690' title='bbox 719 4722 1186 4799; x_wconf 73' lang='lat' dir='ltr'><strong>desiderantissime</strong></span> <span class='ocrx_word' id='word_1_691' title='bbox 1201 4724 1355 4799; x_wconf 61' lang='lat' dir='ltr'><strong>ﬁlio;</strong></span> <span class='ocrx_word' id='word_1_692' title='bbox 1384 4726 1645 4799; x_wconf 83' lang='lat' dir='ltr'><strong>omittunt</strong></span> <span class='ocrx_word' id='word_1_693' title='bbox 1662 4736 1839 4782; x_wconf 88' lang='lat' dir='ltr'><strong>autem</strong></span> <span class='ocrx_word' id='word_1_694' title='bbox 1866 4738 1918 4799; x_wconf 82' lang='grc' dir='ltr'><strong>ι)</strong></span> <span class='ocrx_word' id='word_1_695' title='bbox 1942 4723 2201 4799; x_wconf 75' lang='lat' dir='ltr'><strong>Novemb.</strong></span> <span class='ocrx_word' id='word_1_696' title='bbox 2229 4723 2355 4799; x_wconf 79' lang='lat'><strong>448.</strong></span> 
     </span>
    </p>
   </div>
   <div class='ocr_carea' id='block_1_100' title="bbox 260 4792 1843 4935">
    <p class='ocr_par' dir='ltr' id='par_1_100' title="bbox 260 4792 1843 4935">
     <span class='ocr_line' id='line_1_102' title="bbox 260 4792 1695 4866; baseline 0 -17"><span class='ocrx_word' id='word_1_697' title='bbox 260 4792 571 4866; x_wconf 62' lang='lat' dir='ltr'><strong>presbytero,</strong></span> <span class='ocrx_word' id='word_1_698' title='bbox 603 4796 728 4849; x_wconf 86' lang='lat' dir='ltr'><strong>licet</strong></span> <span class='ocrx_word' id='word_1_699' title='bbox 751 4792 865 4848; x_wconf 72' lang='lat' dir='ltr'><strong>hoc</strong></span> <span class='ocrx_word' id='word_1_700' title='bbox 884 4809 1076 4848; x_wconf 88' lang='lat' dir='ltr'><strong>nomen</strong></span> <span class='ocrx_word' id='word_1_701' title='bbox 1107 4796 1158 4848; x_wconf 91' lang='lat' dir='ltr'><strong>in</strong></span> <span class='ocrx_word' id='word_1_702' title='bbox 1191 4794 1379 4852; x_wconf 65' lang='lat' dir='ltr'><strong>Graeco</strong></span> <span class='ocrx_word' id='word_1_703' title='bbox 1405 4811 1509 4850; x_wconf 90' lang='lat' dir='ltr'><strong>non</strong></span> <span class='ocrx_word' id='word_1_704' title='bbox 1536 4796 1695 4851; x_wconf 87' lang='lat' dir='ltr'><strong>desit.</strong></span> 
     </span>
     <span class='ocr_line' id='line_1_103' title="bbox 326 4864 1843 4935; baseline 0.001 -13"><span class='ocrx_word' id='word_1_705' title='bbox 326 4864 354 4904; x_wconf 67' lang='grc' dir='ltr'>ιι</span> <span class='ocrx_word' id='word_1_706' title='bbox 382 4867 638 4935; x_wconf 87' lang='lat' dir='ltr'><strong>Plerique</strong></span> <span class='ocrx_word' id='word_1_707' title='bbox 676 4866 843 4935; x_wconf 87' lang='lat' dir='ltr'><strong>nostri</strong></span> <span class='ocrx_word' id='word_1_708' title='bbox 885 4865 1116 4930; x_wconf 90' lang='lat' dir='ltr'><strong>codices,</strong></span> <span class='ocrx_word' id='word_1_709' title='bbox 1140 4880 1203 4920; x_wconf 92' lang='lat' dir='ltr'><strong>ac</strong></span> <span class='ocrx_word' id='word_1_710' title='bbox 1242 4866 1541 4934; x_wconf 85' lang='lat' dir='ltr'><strong>praesertim</strong></span> <span class='ocrx_word' id='word_1_711' title='bbox 1572 4866 1649 4920; x_wconf 93' lang='lat' dir='ltr'><strong>illi</strong></span> <span class='ocrx_word' id='word_1_712' title='bbox 1679 4868 1843 4924; x_wconf 86' lang='lat' dir='ltr'><strong>colle-</strong></span> 
     </span>
    </p>
   </div>
   <div class='ocr_carea' id='block_1_101' title="bbox 258 4934 1843 4996">
    <p class='ocr_par' dir='ltr' id='par_1_101' title="bbox 258 4934 1843 4996">
     <span class='ocr_line' id='line_1_104' title="bbox 258 4934 1843 4996; baseline 0.001 -4"><span class='ocrx_word' id='word_1_713' title='bbox 258 4938 448 4992; x_wconf 88' lang='lat' dir='ltr'><strong>ctionis</strong></span> <span class='ocrx_word' id='word_1_714' title='bbox 505 4934 961 4990; x_wconf 86' lang='lat' dir='ltr'><strong>Chalcedonensis</strong></span> <span class='ocrx_word' id='word_1_715' title='bbox 1006 4935 1205 4991; x_wconf 90' lang='lat' dir='ltr'><strong>habent</strong></span> <span class='ocrx_word' id='word_1_716' title='bbox 1252 4937 1455 4991; x_wconf 86' lang='lat' dir='ltr'><strong>litteris.</strong></span> <span class='ocrx_word' id='word_1_717' title='bbox 1504 4936 1843 4996; x_wconf 84' lang='lat' dir='ltr'><strong>Retinuimus</strong></span> 
     </span>
    </p>
   </div>
   <div class='ocr_carea' id='block_1_102' title="bbox 260 5005 1840 5076">
    <p class='ocr_par' dir='ltr' id='par_1_102' title="bbox 260 5005 1840 5076">
     <span class='ocr_line' id='line_1_105' title="bbox 260 5005 1840 5076; baseline 0.003 -15"><span class='ocrx_word' id='word_1_718' title='bbox 260 5017 435 5063; x_wconf 86' lang='lat' dir='ltr'><strong>tamen</strong></span> <span class='ocrx_word' id='word_1_719' title='bbox 459 5007 678 5076; x_wconf 86' lang='lat' dir='ltr'><strong>epistola</strong></span> <span class='ocrx_word' id='word_1_720' title='bbox 692 5006 1010 5060; x_wconf 89' lang='lat' dir='ltr'><strong>auctoritate</strong></span> <span class='ocrx_word' id='word_1_721' title='bbox 1032 5005 1329 5074; x_wconf 85' lang='lat' dir='ltr'><strong>praesertim</strong></span> <span class='ocrx_word' id='word_1_722' title='bbox 1352 5008 1840 5065; x_wconf 85' lang='lat' dir='ltr'><strong>vetustissimorum</strong></span> 
     </span>
    </p>
   </div>
   <div class='ocr_carea' id='block_1_103' title="bbox 259 5076 1843 5147">
    <p class='ocr_par' dir='ltr' id='par_1_103' title="bbox 259 5076 1843 5147">
     <span class='ocr_line' id='line_1_106' title="bbox 259 5076 1843 5147; baseline 0 -13"><span class='ocrx_word' id='word_1_723' title='bbox 259 5079 414 5135; x_wconf 89' lang='lat' dir='ltr'><strong>codd.</strong></span> <span class='ocrx_word' id='word_1_724' title='bbox 443 5080 657 5133; x_wconf 70' lang='lat' dir='ltr'><strong>colica.</strong></span> <span class='ocrx_word' id='word_1_725' title='bbox 687 5077 722 5131; x_wconf 87' lang='grc'><strong>5</strong></span> <span class='ocrx_word' id='word_1_726' title='bbox 748 5087 802 5131; x_wconf 92' lang='lat' dir='ltr'><strong>et</strong></span> <span class='ocrx_word' id='word_1_727' title='bbox 828 5076 881 5131; x_wconf 92' lang='lat'><strong>8.</strong></span> <span class='ocrx_word' id='word_1_728' title='bbox 912 5076 1064 5132; x_wconf 87' lang='lat' dir='ltr'><strong>Nunc</strong></span> <span class='ocrx_word' id='word_1_729' title='bbox 1094 5078 1407 5146; x_wconf 91' lang='lat' dir='ltr'><strong>subjicimus</strong></span> <span class='ocrx_word' id='word_1_730' title='bbox 1435 5079 1565 5133; x_wconf 89' lang='lat' dir='ltr'><strong>satis</strong></span> <span class='ocrx_word' id='word_1_731' title='bbox 1594 5088 1843 5147; x_wconf 88' lang='lat' dir='ltr'><strong>opportu-</strong></span> 
     </span>
    </p>
   </div>
   <div class='ocr_carea' id='block_1_104' title="bbox 260 5147 1837 5220">
    <p class='ocr_par' dir='ltr' id='par_1_104' title="bbox 260 5147 1837 5220">
     <span class='ocr_line' id='line_1_107' title="bbox 260 5147 1837 5220; baseline 0 -17"><span class='ocrx_word' id='word_1_732' title='bbox 260 5165 379 5205; x_wconf 83' lang='lat' dir='ltr'><strong>nam</strong></span> <span class='ocrx_word' id='word_1_733' title='bbox 407 5147 1169 5220; x_wconf 26' lang='lat' dir='ltr'><strong>Quesnelli‘observationem.</strong></span> <span class='ocrx_word' id='word_1_734' title='bbox 1205 5166 1225 5199; x_wconf 83' lang='grc' dir='ltr'><strong>ι</strong></span> <span class='ocrx_word' id='word_1_735' title='bbox 1258 5148 1587 5220; x_wconf 76' lang='lat' dir='ltr'><strong>Epistulam,</strong></span> <span class='ocrx_word' id='word_1_736' title='bbox 1630 5149 1837 5220; x_wconf 87' lang='lat' dir='ltr'><strong>inquit,</strong></span> 
     </span>
    </p>
   </div>
   <div class='ocr_carea' id='block_1_105' title="bbox 262 5217 1839 5289">
    <p class='ocr_par' dir='ltr' id='par_1_105' title="bbox 262 5217 1839 5289">
     <span class='ocr_line' id='line_1_108' title="bbox 262 5217 1839 5289; baseline 0.002 -15"><span class='ocrx_word' id='word_1_737' title='bbox 262 5220 397 5276; x_wconf 89' lang='lat' dir='ltr'><strong>hanc</strong></span> <span class='ocrx_word' id='word_1_738' title='bbox 425 5221 496 5275; x_wconf 85' lang='lat' dir='ltr'><strong>ab</strong></span> <span class='ocrx_word' id='word_1_739' title='bbox 524 5217 766 5289; x_wconf 81' lang='lat' dir='ltr'><strong>Eutyche</strong></span> <span class='ocrx_word' id='word_1_740' title='bbox 791 5218 1043 5289; x_wconf 82' lang='lat' dir='ltr'><strong>scriptam</strong></span> <span class='ocrx_word' id='word_1_741' title='bbox 1073 5219 1233 5273; x_wconf 83' lang='lat' dir='ltr'><strong>fuisse</strong></span> <span class='ocrx_word' id='word_1_742' title='bbox 1267 5229 1391 5274; x_wconf 90' lang='lat' dir='ltr'><strong>ante</strong></span> <span class='ocrx_word' id='word_1_743' title='bbox 1422 5219 1613 5274; x_wconf 84' lang='lat' dir='ltr'><strong>factam</strong></span> <span class='ocrx_word' id='word_1_744' title='bbox 1640 5217 1839 5277; x_wconf 81' lang='lat' dir='ltr'><strong>erroris</strong></span> 
     </span>
    </p>
   </div>
   <div class='ocr_carea' id='block_1_106' title="bbox 259 5287 1838 5361">
    <p class='ocr_par' dir='ltr' id='par_1_106' title="bbox 259 5287 1838 5361">
     <span class='ocr_line' id='line_1_109' title="bbox 259 5287 1838 5361; baseline 0 -15"><span class='ocrx_word' id='word_1_745' title='bbox 259 5293 340 5346; x_wconf 86' lang='lat' dir='ltr'><strong>sui</strong></span> <span class='ocrx_word' id='word_1_746' title='bbox 364 5287 817 5361; x_wconf 83' lang='lat' dir='ltr'><strong>publicationem,</strong></span> <span class='ocrx_word' id='word_1_747' title='bbox 849 5287 971 5343; x_wconf 92' lang='lat' dir='ltr'><strong>ideo</strong></span> <span class='ocrx_word' id='word_1_748' title='bbox 999 5304 1310 5361; x_wconf 85' lang='lat' dir='ltr'><strong>monemus,</strong></span> <span class='ocrx_word' id='word_1_749' title='bbox 1345 5290 1468 5360; x_wconf 91' lang='lat' dir='ltr'><strong>quia</strong></span> <span class='ocrx_word' id='word_1_750' title='bbox 1503 5305 1531 5343; x_wconf 92' lang='lat' dir='ltr'><strong>a</strong></span> <span class='ocrx_word' id='word_1_751' title='bbox 1568 5292 1838 5347; x_wconf 90' lang='lat' dir='ltr'><strong>nonnullis</strong></span> 
     </span>
    </p>
   </div>
   <div class='ocr_carea' id='block_1_107' title="bbox 263 5360 1838 5432">
    <p class='ocr_par' dir='ltr' id='par_1_107' title="bbox 263 5360 1838 5432">
     <span class='ocr_line' id='line_1_110' title="bbox 263 5360 1838 5432; baseline 0.001 -17"><span class='ocrx_word' id='word_1_752' title='bbox 263 5361 360 5417; x_wconf 91' lang='lat' dir='ltr'><strong>hoc</strong></span> <span class='ocrx_word' id='word_1_753' title='bbox 386 5362 818 5417; x_wconf 84' lang='lat' dir='ltr'><strong>animadversum</strong></span> <span class='ocrx_word' id='word_1_754' title='bbox 864 5375 969 5432; x_wconf 83' lang='lat' dir='ltr'><strong>non</strong></span> <span class='ocrx_word' id='word_1_755' title='bbox 1002 5360 1180 5432; x_wconf 76' lang='lat' dir='ltr'><strong>fuisse</strong></span> <span class='ocrx_word' id='word_1_756' title='bbox 1220 5360 1569 5429; x_wconf 86' lang='lat' dir='ltr'><strong>intelligimus</strong></span> <span class='ocrx_word' id='word_1_757' title='bbox 1602 5378 1616 5415; x_wconf 89' lang='lat'><strong>:</strong></span> <span class='ocrx_word' id='word_1_758' title='bbox 1645 5362 1838 5432; x_wconf 92' lang='lat' dir='ltr'><strong>quibus</strong></span> 
     </span>
    </p>
   </div>
   <div class='ocr_carea' id='block_1_108' title="bbox 261 5430 1837 5502">
    <p class='ocr_par' dir='ltr' id='par_1_108' title="bbox 261 5430 1837 5502">
     <span class='ocr_line' id='line_1_111' title="bbox 261 5430 1837 5502; baseline 0.001 -15"><span class='ocrx_word' id='word_1_759' title='bbox 261 5434 468 5488; x_wconf 88' lang='lat' dir='ltr'><strong>errandi</strong></span> <span class='ocrx_word' id='word_1_760' title='bbox 500 5432 728 5486; x_wconf 79' lang='lat' dir='ltr'><strong>forsitan</strong></span> <span class='ocrx_word' id='word_1_761' title='bbox 757 5430 967 5491; x_wconf 89' lang='lat' dir='ltr'><strong>occasio</strong></span> <span class='ocrx_word' id='word_1_762' title='bbox 993 5430 1109 5495; x_wconf 85' lang='lat' dir='ltr'><strong>fuit,</strong></span> <span class='ocrx_word' id='word_1_763' title='bbox 1136 5432 1277 5502; x_wconf 92' lang='lat' dir='ltr'><strong>quod</strong></span> <span class='ocrx_word' id='word_1_764' title='bbox 1303 5432 1355 5486; x_wconf 93' lang='lat' dir='ltr'><strong>in</strong></span> <span class='ocrx_word' id='word_1_765' title='bbox 1382 5432 1559 5502; x_wconf 90' lang='lat' dir='ltr'><strong>capite</strong></span> <span class='ocrx_word' id='word_1_766' title='bbox 1581 5430 1837 5489; x_wconf 78' lang='lat' dir='ltr'><strong>Actorum</strong></span> 
     </span>
    </p>
   </div>
   <div class='ocr_carea' id='block_1_109' title="bbox 260 5502 1836 5573">
    <p class='ocr_par' dir='ltr' id='par_1_109' title="bbox 260 5502 1836 5573">
     <span class='ocr_line' id='line_1_112' title="bbox 260 5502 1836 5573; baseline 0.001 -16"><span class='ocrx_word' id='word_1_767' title='bbox 260 5502 777 5560; x_wconf 87' lang='lat' dir='ltr'><strong>Chalcedonensium</strong></span> <span class='ocrx_word' id='word_1_768' title='bbox 819 5502 989 5573; x_wconf 83' lang='lat' dir='ltr'><strong>posita</strong></span> <span class='ocrx_word' id='word_1_769' title='bbox 1034 5510 1137 5568; x_wconf 91' lang='lat' dir='ltr'><strong>est,</strong></span> <span class='ocrx_word' id='word_1_770' title='bbox 1174 5512 1441 5573; x_wconf 88' lang='lat' dir='ltr'><strong>tamquam</strong></span> <span class='ocrx_word' id='word_1_771' title='bbox 1481 5503 1549 5557; x_wconf 92' lang='lat' dir='ltr'><strong>ad</strong></span> <span class='ocrx_word' id='word_1_772' title='bbox 1590 5503 1836 5561; x_wconf 90' lang='lat' dir='ltr'><strong>eamdem</strong></span> 
     </span>
    </p>
   </div>
   <div class='ocr_carea' id='block_1_110' title="bbox 260 5572 1837 5644">
    <p class='ocr_par' dir='ltr' id='par_1_110' title="bbox 260 5572 1837 5644">
     <span class='ocr_line' id='line_1_113' title="bbox 260 5572 1837 5644; baseline 0.001 -17"><span class='ocrx_word' id='word_1_773' title='bbox 260 5576 523 5644; x_wconf 85' lang='lat' dir='ltr'><strong>synodum</strong></span> <span class='ocrx_word' id='word_1_774' title='bbox 556 5574 867 5644; x_wconf 74' lang='lat' dir='ltr'><strong>pertineret.</strong></span> <span class='ocrx_word' id='word_1_775' title='bbox 898 5572 1037 5628; x_wconf 81' lang='lat' dir='ltr'><strong>Ante</strong></span> <span class='ocrx_word' id='word_1_776' title='bbox 1065 5588 1204 5640; x_wconf 90' lang='lat' dir='ltr'><strong>eam,</strong></span> <span class='ocrx_word' id='word_1_777' title='bbox 1236 5572 1472 5644; x_wconf 85' lang='lat' dir='ltr'><strong>inquam,</strong></span> <span class='ocrx_word' id='word_1_778' title='bbox 1503 5575 1706 5629; x_wconf 91' lang='lat' dir='ltr'><strong>erroris</strong></span> <span class='ocrx_word' id='word_1_779' title='bbox 1737 5590 1837 5644; x_wconf 88' lang='lat' dir='ltr'><strong>pu-</strong></span> 
     </span>
    </p>
   </div>
   <div class='ocr_carea' id='block_1_111' title="bbox 262 5641 1839 5714">
    <p class='ocr_par' dir='ltr' id='par_1_111' title="bbox 262 5641 1839 5714">
     <span class='ocr_line' id='line_1_114' title="bbox 262 5641 1839 5714; baseline 0 -14"><span class='ocrx_word' id='word_1_780' title='bbox 262 5641 623 5710; x_wconf 85' lang='lat' dir='ltr'><strong>blicationem,</strong></span> <span class='ocrx_word' id='word_1_781' title='bbox 649 5660 765 5714; x_wconf 74' lang='lat' dir='ltr'><strong>qua:</strong></span> <span class='ocrx_word' id='word_1_782' title='bbox 787 5641 1245 5714; x_wconf 88' lang='lat' dir='ltr'><strong>Constantinopoli</strong></span> <span class='ocrx_word' id='word_1_783' title='bbox 1278 5641 1331 5698; x_wconf 84' lang='lat' dir='ltr'><strong>in</strong></span> <span class='ocrx_word' id='word_1_784' title='bbox 1362 5643 1602 5699; x_wconf 86' lang='lat' dir='ltr'><strong>Flaviani</strong></span> <span class='ocrx_word' id='word_1_785' title='bbox 1633 5641 1839 5713; x_wconf 80' lang='lat' dir='ltr'><strong>synodo</strong></span> 
     </span>
    </p>
   </div>
   <div class='ocr_carea' id='block_1_112' title="bbox 262 5714 1838 5786">
    <p class='ocr_par' dir='ltr' id='par_1_112' title="bbox 262 5714 1838 5786">
     <span class='ocr_line' id='line_1_115' title="bbox 262 5714 1838 5786; baseline 0.002 -18"><span class='ocrx_word' id='word_1_786' title='bbox 262 5714 395 5771; x_wconf 85' lang='lat' dir='ltr'><strong>facta</strong></span> <span class='ocrx_word' id='word_1_787' title='bbox 416 5726 520 5781; x_wconf 90' lang='lat' dir='ltr'><strong>est,</strong></span> <span class='ocrx_word' id='word_1_788' title='bbox 552 5731 657 5769; x_wconf 92' lang='lat' dir='ltr'><strong>non</strong></span> <span class='ocrx_word' id='word_1_789' title='bbox 683 5730 828 5779; x_wconf 92' lang='lat' dir='ltr'><strong>vero,</strong></span> <span class='ocrx_word' id='word_1_790' title='bbox 857 5724 1111 5786; x_wconf 90' lang='lat' dir='ltr'><strong>quantum</strong></span> <span class='ocrx_word' id='word_1_791' title='bbox 1142 5714 1331 5786; x_wconf 89' lang='lat' dir='ltr'><strong>conjici</strong></span> <span class='ocrx_word' id='word_1_792' title='bbox 1365 5724 1562 5783; x_wconf 90' lang='lat' dir='ltr'><strong>potest,</strong></span> <span class='ocrx_word' id='word_1_793' title='bbox 1581 5726 1717 5786; x_wconf 83' lang='lat' dir='ltr'><strong>ante</strong></span> <span class='ocrx_word' id='word_1_794' title='bbox 1744 5716 1838 5771; x_wconf 87' lang='lat' dir='ltr'><strong>de-</strong></span> 
     </span>
    </p>
   </div>
   <div class='ocr_carea' id='block_1_113' title="bbox 265 5785 1838 5857">
    <p class='ocr_par' dir='ltr' id='par_1_113' title="bbox 265 5785 1838 5857">
     <span class='ocr_line' id='line_1_116' title="bbox 265 5785 1838 5857; baseline 0.001 -18"><span class='ocrx_word' id='word_1_795' title='bbox 265 5796 399 5843; x_wconf 84' lang='lat' dir='ltr'><strong>tecta</strong></span> <span class='ocrx_word' id='word_1_796' title='bbox 443 5787 636 5842; x_wconf 90' lang='lat' dir='ltr'><strong>Domni</strong></span> <span class='ocrx_word' id='word_1_797' title='bbox 667 5785 987 5857; x_wconf 86' lang='lat' dir='ltr'><strong>Antiocheni</strong></span> <span class='ocrx_word' id='word_1_798' title='bbox 1026 5785 1261 5857; x_wconf 88' lang='lat' dir='ltr'><strong>episcopi</strong></span> <span class='ocrx_word' id='word_1_799' title='bbox 1300 5787 1479 5842; x_wconf 90' lang='lat' dir='ltr'><strong>studio</strong></span> <span class='ocrx_word' id='word_1_800' title='bbox 1511 5785 1710 5841; x_wconf 88' lang='lat' dir='ltr'><strong>infandi</strong></span> <span class='ocrx_word' id='word_1_801' title='bbox 1741 5787 1838 5841; x_wconf 87' lang='lat' dir='ltr'><strong>do-</strong></span> 
     </span>
    </p>
   </div>
   <div class='ocr_carea' id='block_1_114' title="bbox 266 5856 1838 5928">
    <p class='ocr_par' dir='ltr' id='par_1_114' title="bbox 266 5856 1838 5928">
     <span class='ocr_line' id='line_1_117' title="bbox 266 5856 1838 5928; baseline 0 -15"><span class='ocrx_word' id='word_1_802' title='bbox 266 5861 453 5926; x_wconf 80' lang='lat' dir='ltr'><strong>gmatis</strong></span> <span class='ocrx_word' id='word_1_803' title='bbox 484 5857 713 5914; x_wconf 88' lang='lat' dir='ltr'><strong>semina.</strong></span> <span class='ocrx_word' id='word_1_804' title='bbox 747 5856 1065 5927; x_wconf 88' lang='lat' dir='ltr'><strong>Priusquam</strong></span> <span class='ocrx_word' id='word_1_805' title='bbox 1092 5856 1234 5915; x_wconf 90' lang='lat' dir='ltr'><strong>enim</strong></span> <span class='ocrx_word' id='word_1_806' title='bbox 1264 5857 1331 5913; x_wconf 88' lang='lat' dir='ltr'><strong>ad</strong></span> <span class='ocrx_word' id='word_1_807' title='bbox 1365 5857 1671 5928; x_wconf 84' lang='lat' dir='ltr'><strong>episcopale</strong></span> <span class='ocrx_word' id='word_1_808' title='bbox 1690 5857 1838 5928; x_wconf 90' lang='lat' dir='ltr'><strong>judi-</strong></span> 
     </span>
    </p>
   </div>
   <div class='ocr_carea' id='block_1_115' title="bbox 590 5952 1063 6013">
    <p class='ocr_par' dir='ltr' id='par_1_115' title="bbox 590 5952 1063 6013">
     <span class='ocr_line' id='line_1_118' title="bbox 590 5952 1063 6013; baseline 0.002 -1"><span class='ocrx_word' id='word_1_809' title='bbox 590 5955 860 6012; x_wconf 76' lang='grc' dir='ltr'>ΡΑτιιοι..</span> <span class='ocrx_word' id='word_1_810' title='bbox 908 5952 1063 6013; x_wconf 79' lang='lat' dir='ltr'><strong>LIV.</strong></span> 
     </span>
    </p>
   </div>
   <div class='ocr_carea' id='block_1_116' title="bbox 2016 4788 3519 4862">
    <p class='ocr_par' dir='ltr' id='par_1_116' title="bbox 2016 4788 3519 4862">
     <span class='ocr_line' id='line_1_119' title="bbox 2016 4788 3519 4862; baseline -0.003 -13"><span class='ocrx_word' id='word_1_811' title='bbox 2016 4803 2045 4831; x_wconf 78' lang='grc' dir='ltr'><strong>ιι</strong></span> <span class='ocrx_word' id='word_1_812' title='bbox 2072 4794 2198 4849; x_wconf 83' lang='lat' dir='ltr'><strong>Haec</strong></span> <span class='ocrx_word' id='word_1_813' title='bbox 2226 4792 2447 4860; x_wconf 88' lang='lat' dir='ltr'><strong>epistola</strong></span> <span class='ocrx_word' id='word_1_814' title='bbox 2476 4800 2557 4847; x_wconf 91' lang='lat' dir='ltr'><strong>est</strong></span> <span class='ocrx_word' id='word_1_815' title='bbox 2584 4792 2796 4862; x_wconf 88' lang='lat' dir='ltr'><strong>antiqua</strong></span> <span class='ocrx_word' id='word_1_816' title='bbox 2826 4791 3011 4862; x_wconf 9' lang='lat' dir='ltr'><strong>rversio</strong></span> <span class='ocrx_word' id='word_1_817' title='bbox 3039 4804 3101 4843; x_wconf 80' lang='lat' dir='ltr'><strong>ex</strong></span> <span class='ocrx_word' id='word_1_818' title='bbox 3131 4788 3319 4845; x_wconf 65' lang='lat' dir='ltr'><strong>Graeco</strong></span> <span class='ocrx_word' id='word_1_819' title='bbox 3348 4800 3519 4854; x_wconf 87' lang='lat' dir='ltr'><strong>textu,</strong></span> 
     </span>
    </p>
   </div>
   <div class='ocr_carea' id='block_1_117' title="bbox 1985 4861 3519 4940">
    <p class='ocr_par' dir='ltr' id='par_1_117' title="bbox 1985 4861 3519 4940">
     <span class='ocr_line' id='line_1_120' title="bbox 1985 4861 3519 4940; baseline -0.001 -21"><span class='ocrx_word' id='word_1_820' title='bbox 1985 4866 2035 4919; x_wconf 92' lang='lat' dir='ltr'><strong>ui</strong></span> <span class='ocrx_word' id='word_1_821' title='bbox 2063 4865 2421 4940; x_wconf 48' lang='lat' dir='ltr'><strong>desideratur.</strong></span> <span class='ocrx_word' id='word_1_822' title='bbox 2452 4861 2925 4940; x_wconf 34' lang='lat' dir='ltr'><strong>Sttbjecta’legitur</strong></span> <span class='ocrx_word' id='word_1_823' title='bbox 2950 4862 3251 4940; x_wconf 77' lang='lat' dir='ltr'><strong>collectioni</strong></span> <span class='ocrx_word' id='word_1_824' title='bbox 3283 4872 3519 4940; x_wconf 80' lang='lat' dir='ltr'><strong>veterum</strong></span> 
     </span>
    </p>
   </div>
   <div class='ocr_carea' id='block_1_118' title="bbox 1944 4882 3517 4999">
    <p class='ocr_par' dir='ltr' id='par_1_118' title="bbox 1944 4882 3517 4999">
     <span class='ocr_line' id='line_1_121' title="bbox 1985 4882 3517 4940; baseline -0.001 -21"><span class='ocrx_word' id='word_1_825' title='bbox 1985 4882 2035 4919; x_wconf 88' lang='lat' dir='ltr'><strong>ut</strong></span> <span class='ocrx_word' id='word_1_826' title='bbox 2063 4882 2421 4940; x_wconf 47' lang='lat' dir='ltr'><strong>aesmeratur.</strong></span> <span class='ocrx_word' id='word_1_827' title='bbox 2453 4882 2703 4929; x_wconf 69' lang='lat' dir='ltr'><strong>DlleeCla</strong></span> <span class='ocrx_word' id='word_1_828' title='bbox 2735 4882 2925 4931; x_wconf 75' lang='lat' dir='ltr'><strong>tegitur</strong></span> <span class='ocrx_word' id='word_1_829' title='bbox 2950 4882 3251 4916; x_wconf 86' lang='lat' dir='ltr'><strong>couecuom</strong></span> <span class='ocrx_word' id='word_1_830' title='bbox 3283 4882 3517 4918; x_wconf 85' lang='lat' dir='ltr'><strong>veterum</strong></span> 
     </span>
     <span class='ocr_line' id='line_1_122' title="bbox 1944 4882 3517 4999; baseline -0.003 -8"><span class='ocrx_word' id='word_1_831' title='bbox 1944 4882 2385 4991; x_wconf 51' lang='lat' dir='ltr'><strong>documentorum</strong></span> <span class='ocrx_word' id='word_1_832' title='bbox 2442 4933 3038 4988; x_wconf 57' lang='lat' dir='ltr'><strong>avaestorianismum</strong></span> <span class='ocrx_word' id='word_1_833' title='bbox 3093 4931 3474 4997; x_wconf 79' lang='lat' dir='ltr'><strong>pertinentium</strong></span> <span class='ocrx_word' id='word_1_834' title='bbox 3505 4975 3517 4999; x_wconf 95' lang='lat'><strong>,</strong></span> 
     </span>
    </p>
   </div>
   <div class='ocr_carea' id='block_1_119' title="bbox 1943 5001 3521 5074">
    <p class='ocr_par' dir='ltr' id='par_1_119' title="bbox 1943 5001 3521 5074">
     <span class='ocr_line' id='line_1_123' title="bbox 1943 5001 3521 5074; baseline -0.002 -13"><span class='ocrx_word' id='word_1_835' title='bbox 1943 5022 2103 5074; x_wconf 90' lang='lat' dir='ltr'><strong>quam</strong></span> <span class='ocrx_word' id='word_1_836' title='bbox 2146 5022 2212 5061; x_wconf 88' lang='lat' dir='ltr'><strong>ex</strong></span> <span class='ocrx_word' id='word_1_837' title='bbox 2265 5020 2368 5059; x_wconf 91' lang='lat' dir='ltr'><strong>ms.</strong></span> <span class='ocrx_word' id='word_1_838' title='bbox 2400 5005 2675 5059; x_wconf 87' lang='lat' dir='ltr'><strong>Casinensi</strong></span> <span class='ocrx_word' id='word_1_839' title='bbox 2708 5003 3040 5058; x_wconf 87' lang='lat' dir='ltr'><strong>Christianus</strong></span> <span class='ocrx_word' id='word_1_840' title='bbox 3070 5001 3273 5070; x_wconf 89' lang='lat' dir='ltr'><strong>Lupus,</strong></span> <span class='ocrx_word' id='word_1_841' title='bbox 3306 5019 3369 5057; x_wconf 92' lang='lat' dir='ltr'><strong>ac</strong></span> <span class='ocrx_word' id='word_1_842' title='bbox 3397 5004 3521 5059; x_wconf 88' lang='lat' dir='ltr'><strong>dein</strong></span> 
     </span>
    </p>
   </div>
   <div class='ocr_carea' id='block_1_120' title="bbox 1944 5074 3519 5146">
    <p class='ocr_par' dir='ltr' id='par_1_120' title="bbox 1944 5074 3519 5146">
     <span class='ocr_line' id='line_1_124' title="bbox 1944 5074 3519 5146; baseline -0.003 -14"><span class='ocrx_word' id='word_1_843' title='bbox 1944 5077 2247 5146; x_wconf 91' lang='lat' dir='ltr'><strong>Stephanus</strong></span> <span class='ocrx_word' id='word_1_844' title='bbox 2286 5075 2536 5130; x_wconf 85' lang='lat' dir='ltr'><strong>Baluzins</strong></span> <span class='ocrx_word' id='word_1_845' title='bbox 2576 5075 2880 5146; x_wconf 75' lang='lat' dir='ltr'><strong>ediderunt.</strong></span> <span class='ocrx_word' id='word_1_846' title='bbox 2913 5074 3211 5128; x_wconf 81' lang='lat' dir='ltr'><strong>Exhibetur</strong></span> <span class='ocrx_word' id='word_1_847' title='bbox 3248 5081 3423 5146; x_wconf 80' lang='lat' dir='ltr'><strong>autem</strong></span> <span class='ocrx_word' id='word_1_848' title='bbox 3467 5076 3519 5129; x_wconf 91' lang='lat' dir='ltr'><strong>in</strong></span> 
     </span>
    </p>
   </div>
   <div class='ocr_carea' id='block_1_121' title="bbox 1944 5143 3522 5215">
    <p class='ocr_par' dir='ltr' id='par_1_121' title="bbox 1944 5143 3522 5215">
     <span class='ocr_line' id='line_1_125' title="bbox 1944 5143 3522 5215; baseline -0.002 -13"><span class='ocrx_word' id='word_1_849' title='bbox 1944 5143 2055 5203; x_wconf 49' lang='lat' dir='ltr'><strong>hac&#39;</strong></span> <span class='ocrx_word' id='word_1_850' title='bbox 2086 5148 2403 5203; x_wconf 89' lang='lat' dir='ltr'><strong>collectione</strong></span> <span class='ocrx_word' id='word_1_851' title='bbox 2425 5188 2443 5212; x_wconf 87' lang='lat'><strong>,</strong></span> <span class='ocrx_word' id='word_1_852' title='bbox 2489 5146 2663 5215; x_wconf 92' lang='lat' dir='ltr'><strong>capite</strong></span> <span class='ocrx_word' id='word_1_853' title='bbox 2700 5144 2806 5197; x_wconf 84' lang='grc'><strong>222</strong></span> <span class='ocrx_word' id='word_1_854' title='bbox 2828 5185 2842 5208; x_wconf 84' lang='lat'><strong>,</strong></span> <span class='ocrx_word' id='word_1_855' title='bbox 2881 5143 3522 5215; x_wconf 12' lang='lat' dir='ltr'><strong>eidemqueiadijciuntur</strong></span> 
     </span>
    </p>
   </div>
   <div class='ocr_carea' id='block_1_122' title="bbox 1943 5214 3516 5287">
    <p class='ocr_par' dir='ltr' id='par_1_122' title="bbox 1943 5214 3516 5287">
     <span class='ocr_line' id='line_1_126' title="bbox 1943 5214 3516 5287; baseline -0.003 -14"><span class='ocrx_word' id='word_1_856' title='bbox 1943 5219 2044 5273; x_wconf 88' lang='lat' dir='ltr'><strong>tria</strong></span> <span class='ocrx_word' id='word_1_857' title='bbox 2090 5218 2193 5273; x_wconf 91' lang='lat' dir='ltr'><strong>alia</strong></span> <span class='ocrx_word' id='word_1_858' title='bbox 2240 5218 2501 5287; x_wconf 90' lang='lat' dir='ltr'><strong>capitula,</strong></span> <span class='ocrx_word' id='word_1_859' title='bbox 2532 5214 2812 5277; x_wconf 83' lang='lat' dir='ltr'><strong>nimirum,</strong></span> <span class='ocrx_word' id='word_1_860' title='bbox 2841 5230 2959 5287; x_wconf 86' lang='lat' dir='ltr'><strong>cap.</strong></span> <span class='ocrx_word' id='word_1_861' title='bbox 2990 5215 3125 5277; x_wconf 86' lang='grc'>225,</span> <span class='ocrx_word' id='word_1_862' title='bbox 3159 5214 3516 5287; x_wconf 73' lang='lat' dir='ltr'><strong>fragmentum</strong></span> 
     </span>
    </p>
   </div>
   <div class='ocr_carea' id='block_1_123' title="bbox 1945 5284 3515 5359">
    <p class='ocr_par' dir='ltr' id='par_1_123' title="bbox 1945 5284 3515 5359">
     <span class='ocr_line' id='line_1_127' title="bbox 1945 5284 3515 5359; baseline -0.004 -15"><span class='ocrx_word' id='word_1_863' title='bbox 1945 5284 2461 5359; x_wconf 54' lang='lat' dir='ltr'><strong>professionis&#39;fidei</strong></span> <span class='ocrx_word' id='word_1_864' title='bbox 2505 5287 2572 5341; x_wconf 92' lang='lat' dir='ltr'><strong>ab</strong></span> <span class='ocrx_word' id='word_1_865' title='bbox 2621 5288 2808 5359; x_wconf 89' lang='lat' dir='ltr'><strong>eodem</strong></span> <span class='ocrx_word' id='word_1_866' title='bbox 2857 5286 3111 5359; x_wconf 69' lang='lat' dir='ltr'><strong>haeretico</strong></span> <span class='ocrx_word' id='word_1_867' title='bbox 3160 5284 3347 5359; x_wconf 52' lang='lat' dir='ltr'><strong>edita};</strong></span> <span class='ocrx_word' id='word_1_868' title='bbox 3397 5300 3515 5354; x_wconf 91' lang='lat' dir='ltr'><strong>cap.</strong></span> 
     </span>
    </p>
   </div>
   <div class='ocr_carea' id='block_1_124' title="bbox 1942 5354 3520 5427">
    <p class='ocr_par' dir='ltr' id='par_1_124' title="bbox 1942 5354 3520 5427">
     <span class='ocr_line' id='line_1_128' title="bbox 1942 5354 3520 5427; baseline -0.002 -14"><span class='ocrx_word' id='word_1_869' title='bbox 1942 5354 2081 5426; x_wconf 74' lang='grc'>224,</span> <span class='ocrx_word' id='word_1_870' title='bbox 2113 5359 2475 5414; x_wconf 89' lang='lat' dir='ltr'><strong>testimonium</strong></span> <span class='ocrx_word' id='word_1_871' title='bbox 2506 5373 2574 5412; x_wconf 89' lang='lat' dir='ltr'><strong>ex</strong></span> <span class='ocrx_word' id='word_1_872' title='bbox 2614 5358 2841 5427; x_wconf 83' lang='lat' dir='ltr'><strong>epistola</strong></span> <span class='ocrx_word' id='word_1_873' title='bbox 2869 5357 3009 5427; x_wconf 84' lang='lat' dir='ltr'><strong>Julio</strong></span> <span class='ocrx_word' id='word_1_874' title='bbox 3046 5369 3195 5427; x_wconf 56' lang='lat' dir='ltr'><strong>papae</strong></span> <span class='ocrx_word' id='word_1_875' title='bbox 3223 5354 3433 5427; x_wconf 75' lang='lat' dir='ltr'><strong>afficta;</strong></span> <span class='ocrx_word' id='word_1_876' title='bbox 3466 5366 3520 5410; x_wconf 86' lang='lat' dir='ltr'><strong>et</strong></span> 
     </span>
    </p>
   </div>
   <div class='ocr_carea' id='block_1_125' title="bbox 1945 5423 3521 5500">
    <p class='ocr_par' dir='ltr' id='par_1_125' title="bbox 1945 5423 3521 5500">
     <span class='ocr_line' id='line_1_129' title="bbox 1945 5423 3521 5500; baseline -0.004 -14"><span class='ocrx_word' id='word_1_877' title='bbox 1945 5423 2217 5500; x_wconf 60' lang='grc' dir='ltr'>(ξορζ225,</span> <span class='ocrx_word' id='word_1_878' title='bbox 2246 5429 2497 5498; x_wconf 86' lang='lat' dir='ltr'><strong>anonymi</strong></span> <span class='ocrx_word' id='word_1_879' title='bbox 2527 5423 2737 5500; x_wconf 65' lang='lat' dir='ltr'><strong>litterae,</strong></span> <span class='ocrx_word' id='word_1_880' title='bbox 2768 5428 2958 5498; x_wconf 88' lang='lat' dir='ltr'><strong>quibus</strong></span> <span class='ocrx_word' id='word_1_881' title='bbox 2987 5423 3102 5500; x_wconf 77' lang='lat' dir='ltr'><strong>ipsa</strong></span> <span class='ocrx_word' id='word_1_882' title='bbox 3126 5423 3381 5500; x_wconf 83' lang='lat' dir='ltr'><strong>Eutychis</strong></span> <span class='ocrx_word' id='word_1_883' title='bbox 3409 5429 3521 5500; x_wconf 73' lang='lat' dir='ltr'><strong>epi-</strong></span> 
     </span>
    </p>
   </div>
   <div class='ocr_carea' id='block_1_126' title="bbox 1945 5496 3518 5565">
    <p class='ocr_par' dir='ltr' id='par_1_126' title="bbox 1945 5496 3518 5565">
     <span class='ocr_line' id='line_1_130' title="bbox 1945 5496 3518 5565; baseline -0.003 -9"><span class='ocrx_word' id='word_1_884' title='bbox 1945 5496 2084 5556; x_wconf 74' lang='lat' dir='ltr'><strong>stola</strong></span> <span class='ocrx_word' id='word_1_885' title='bbox 2115 5501 2181 5555; x_wconf 92' lang='lat' dir='ltr'><strong>ad</strong></span> <span class='ocrx_word' id='word_1_886' title='bbox 2207 5496 2444 5556; x_wconf 80' lang='lat' dir='ltr'><strong>Leonem</strong></span> <span class='ocrx_word' id='word_1_887' title='bbox 2472 5496 2796 5554; x_wconf 72' lang='lat' dir='ltr'><strong>confutatur.</strong></span> <span class='ocrx_word' id='word_1_888' title='bbox 2836 5497 3156 5565; x_wconf 86' lang='lat' dir='ltr'><strong>Quesnellus</strong></span> <span class='ocrx_word' id='word_1_889' title='bbox 3194 5496 3245 5548; x_wconf 93' lang='lat' dir='ltr'><strong>in</strong></span> <span class='ocrx_word' id='word_1_890' title='bbox 3286 5496 3518 5551; x_wconf 89' lang='lat' dir='ltr'><strong>secunda</strong></span> 
     </span>
    </p>
   </div>
   <div class='ocr_carea' id='block_1_127' title="bbox 1943 5565 3517 5642">
    <p class='ocr_par' dir='ltr' id='par_1_127' title="bbox 1943 5565 3517 5642">
     <span class='ocr_line' id='line_1_131' title="bbox 1943 5565 3517 5642; baseline -0.004 -15"><span class='ocrx_word' id='word_1_891' title='bbox 1943 5572 2179 5627; x_wconf 86' lang='lat' dir='ltr'><strong>editione</strong></span> <span class='ocrx_word' id='word_1_892' title='bbox 2210 5586 2429 5642; x_wconf 90' lang='lat' dir='ltr'><strong>operum</strong></span> <span class='ocrx_word' id='word_1_893' title='bbox 2454 5570 2732 5642; x_wconf 16' lang='lat' dir='ltr'><strong>S.,Leonis</strong></span> <span class='ocrx_word' id='word_1_894' title='bbox 2756 5569 2922 5642; x_wconf 88' lang='lat' dir='ltr'><strong>solam</strong></span> <span class='ocrx_word' id='word_1_895' title='bbox 2956 5565 3212 5642; x_wconf 86' lang='lat' dir='ltr'><strong>E_ut_ychis</strong></span> <span class='ocrx_word' id='word_1_896' title='bbox 3236 5566 3517 5642; x_wconf 70' lang='lat' dir='ltr'><strong>epistolam</strong></span> 
     </span>
    </p>
   </div>
   <div class='ocr_carea' id='block_1_128' title="bbox 1945 5636 3518 5711">
    <p class='ocr_par' dir='ltr' id='par_1_128' title="bbox 1945 5636 3518 5711">
     <span class='ocr_line' id='line_1_132' title="bbox 1945 5636 3518 5711; baseline -0.005 -14"><span class='ocrx_word' id='word_1_897' title='bbox 1945 5643 2229 5711; x_wconf 73' lang='lat' dir='ltr'><strong>descripsit</strong></span> <span class='ocrx_word' id='word_1_898' title='bbox 2245 5636 2302 5696; x_wconf 82' lang='lat' dir='ltr'><strong>in</strong></span> <span class='ocrx_word' id='word_1_899' title='bbox 2325 5641 2616 5711; x_wconf 89' lang='lat' dir='ltr'><strong>appendice</strong></span> <span class='ocrx_word' id='word_1_900' title='bbox 2636 5638 3026 5711; x_wconf 83' lang='lat' dir='ltr'><strong>dissertatioan</strong></span> <span class='ocrx_word' id='word_1_901' title='bbox 3052 5637 3107 5702; x_wconf 88' lang='lat'><strong>7,</strong></span> <span class='ocrx_word' id='word_1_902' title='bbox 3131 5651 3253 5711; x_wconf 57' lang='lat' dir='ltr'><strong>qua;</strong></span> <span class='ocrx_word' id='word_1_903' title='bbox 3272 5636 3518 5711; x_wconf 83' lang='lat' dir='ltr'><strong>De_causa</strong></span> 
     </span>
    </p>
   </div>
   <div class='ocr_carea' id='block_1_129' title="bbox 1943 5706 3518 5784">
    <p class='ocr_par' dir='ltr' id='par_1_129' title="bbox 1943 5706 3518 5784">
     <span class='ocr_line' id='line_1_133' title="bbox 1943 5706 3518 5784; baseline -0.004 -17"><span class='ocrx_word' id='word_1_904' title='bbox 1943 5706 2194 5784; x_wconf 69' lang='lat' dir='ltr'><strong>Eutycius</strong></span> <span class='ocrx_word' id='word_1_905' title='bbox 2220 5706 2551 5768; x_wconf 74' lang='lat' dir='ltr'><strong>inscribitur.</strong></span> <span class='ocrx_word' id='word_1_906' title='bbox 2578 5712 2707 5784; x_wconf 80' lang='lat' dir='ltr'><strong>cum</strong></span> <span class='ocrx_word' id='word_1_907' title='bbox 2731 5724 2858 5784; x_wconf 78' lang='lat' dir='ltr'><strong>vero</strong></span> <span class='ocrx_word' id='word_1_908' title='bbox 2882 5708 2947 5784; x_wconf 82' lang='lat' dir='ltr'><strong>ad</strong></span> <span class='ocrx_word' id='word_1_909' title='bbox 2970 5708 3204 5784; x_wconf 78' lang='lat' dir='ltr'><strong>Leonem</strong></span> <span class='ocrx_word' id='word_1_910' title='bbox 3233 5706 3390 5784; x_wconf 81' lang='lat' dir='ltr'><strong>fuerit</strong></span> <span class='ocrx_word' id='word_1_911' title='bbox 3410 5716 3518 5784; x_wconf 78' lang='lat' dir='ltr'><strong>tra-</strong></span> 
     </span>
    </p>
   </div>
   <div class='ocr_carea' id='block_1_130' title="bbox 1944 5777 3518 5850">
    <p class='ocr_par' dir='ltr' id='par_1_130' title="bbox 1944 5777 3518 5850">
     <span class='ocr_line' id='line_1_134' title="bbox 1944 5777 3518 5850; baseline -0.005 -11"><span class='ocrx_word' id='word_1_912' title='bbox 1944 5777 2083 5850; x_wconf 58' lang='lat' dir='ltr'><strong>dita&#39;,</strong></span> <span class='ocrx_word' id='word_1_913' title='bbox 2113 5798 2177 5839; x_wconf 84' lang='lat' dir='ltr'><strong>ex</strong></span> <span class='ocrx_word' id='word_1_914' title='bbox 2222 5784 2448 5839; x_wconf 91' lang='lat' dir='ltr'><strong>instituti</strong></span> <span class='ocrx_word' id='word_1_915' title='bbox 2479 5782 2650 5838; x_wconf 92' lang='lat' dir='ltr'><strong>nostri</strong></span> <span class='ocrx_word' id='word_1_916' title='bbox 2687 5780 2896 5835; x_wconf 91' lang='lat' dir='ltr'><strong>ratione</strong></span> <span class='ocrx_word' id='word_1_917' title='bbox 2936 5780 3073 5833; x_wconf 90' lang='lat' dir='ltr'><strong>inter</strong></span> <span class='ocrx_word' id='word_1_918' title='bbox 3111 5777 3227 5847; x_wconf 91' lang='lat' dir='ltr'><strong>ejus</strong></span> <span class='ocrx_word' id='word_1_919' title='bbox 3267 5779 3518 5850; x_wconf 77' lang='lat' dir='ltr'><strong>epistolas</strong></span> 
     </span>
    </p>
   </div>
   <div class='ocr_carea' id='block_1_131' title="bbox 1946 5849 3517 5923">
    <p class='ocr_par' dir='ltr' id='par_1_131' title="bbox 1946 5849 3517 5923">
     <span class='ocr_line' id='line_1_135' title="bbox 1946 5849 3517 5923; baseline -0.004 -13"><span class='ocrx_word' id='word_1_920' title='bbox 1946 5854 2228 5912; x_wconf 90' lang='lat' dir='ltr'><strong>inserenda</strong></span> <span class='ocrx_word' id='word_1_921' title='bbox 2266 5854 2398 5921; x_wconf 76' lang='lat' dir='ltr'><strong>fuit;</strong></span> <span class='ocrx_word' id='word_1_922' title='bbox 2439 5870 2561 5910; x_wconf 91' lang='lat' dir='ltr'><strong>cum</strong></span> <span class='ocrx_word' id='word_1_923' title='bbox 2602 5851 2899 5923; x_wconf 70' lang='lat' dir='ltr'><strong>prmsertim</strong></span> <span class='ocrx_word' id='word_1_924' title='bbox 2929 5849 3136 5906; x_wconf 92' lang='lat' dir='ltr'><strong>duabus</strong></span> <span class='ocrx_word' id='word_1_925' title='bbox 3164 5849 3403 5919; x_wconf 87' lang='lat' dir='ltr'><strong>epistolis</strong></span> <span class='ocrx_word' id='word_1_926' title='bbox 3446 5849 3517 5904; x_wconf 70' lang='lat'><strong>23</strong></span> 
     </span>
    </p>
   </div>
   <div class='ocr_carea' id='block_1_132' title="bbox 2958 5942 3037 6004">
    <p class='ocr_par' dir='ltr' id='par_1_132' title="bbox 2958 5942 3037 6004">
     <span class='ocr_line' id='line_1_136' title="bbox 2958 5942 3037 6004; baseline 0 0"><span class='ocrx_word' id='word_1_927' title='bbox 2958 5942 3037 6004; x_wconf 77' lang='grc'>23</span> 
     </span>
    </p>
   </div>
  </div>
