4020 6352
497 391 596 452 719

1600 378 1660 435 S.
1700 376 1944 435 LEONIS
1980 371 2193 432 MAGNI
2231 369 2608 430 EPISTOLE.

3649 368 3755 425 720

494 506 779 566 Dominum
807 501 1422 564 nostrum,lncurrentes
1439 502 1570 547 vero
1590 490 1904 547 divisionem
1928 489 2071 545 male
2095 492 2148 551 Α
2173 488 2315 541 enim
2346 492 2555 555 poterat
2584 488 2754 539 totum
2777 479 2946 537 Filius
2992 481 3226 538 hominis
3250 482 3515 553 appellari
3543 484 3635 554 qui
3662 485 3754 544 de-

492 616 521 655 a
539 595 874 655 Paulianistis
895 589 1276 647 introductam.
1309 586 1389 642 illi
1406 585 1551 641 enim
1572 584 1795 640 Paulum
1820 584 2072 642 Samosa-

492 703 675 747 tenum
711 693 1017 757 sequentes,
1050 682 1213 737 alium
1241 679 1457 751 quidem
1499 678 1804 749 intelligunt
1822 693 1952 736 eum
1978 678 2071 749 qui

491 799 557 838 ex
578 782 715 837 coelo
730 774 1028 842 descendit,
1046 773 1216 829 Deum
1236 771 1582 837 conﬁtentes;
1617 770 1782 826 alium
1810 784 1941 826 vero
1964 778 2071 825 ter-

491 886 679 927 renum
726 867 996 923 hominem
1022 879 1142 921 esse
1167 864 1370 927 dicunt,
1418 870 1474 918 et
1513 862 1662 918 illum
1690 862 1905 932 quidem
1937 861 2072 916 inta-

490 963 824 1028 bricabilem,
840 960 986 1015 hunc
1004 958 1303 1025 dominum,
1320 956 1482 1012 alium
1504 969 1724 1012 servum
1743 971 1759 1022 ;
1775 963 1801 992 α
1824 954 2070 1023 impium,

490 1072 587 1112 seu
614 1061 940 1112 venerentur
958 1067 1083 1108 eum
1104 1066 1259 1121 quem
1290 1063 1505 1106 servum
1533 1048 1807 1120 appellant
1827 1055 1882 1101 et
1910 1045 2071 1100 labri-

489 1158 688 1215 catum,
717 1163 815 1204 seu
841 1160 949 1202 non
979 1145 1159 1201 colant
1177 1158 1301 1199 eum
1332 1142 1421 1211 qui
1453 1155 1551 1196 nos
1578 1140 1836 1210 sanguine
1863 1152 1963 1193 suo
1984 1151 2070 1194 re-

488 1242 673 1298 demit.
708 1240 773 1296 Hi
797 1254 927 1295 vero
952 1239 1042 1308 qui
1070 1238 1237 1291 Deum
1282 1233 1628 1289 descendisse
1656 1232 1726 1287 de
1767 1229 1905 1285 caelo
1934 1244 2067 1285 con-

489 1334 725 1399 ﬁtentur,
767 1339 821 1387 et
864 1343 1082 1385 carnem
1108 1326 1138 1365 b
1181 1325 1378 1381 factam
1425 1339 1493 1379 ex
1517 1321 1758 1393 Virgine,
1811 1330 1866 1378 et
1902 1337 2070 1377 unum

487 1441 608 1483 esse
637 1440 757 1480 cum
786 1437 966 1487 carne,
1017 1420 1213 1474 frustra
1238 1428 1260 1457 ο
1290 1415 1704 1481 conturbantur,
1745 1413 2070 1469 excedentes

486 1519 541 1573 in
562 1516 724 1572 verba
751 1512 1038 1583 impietatis
1060 1509 1298 1565 illorum.
1330 1507 1522 1563 Dicunt
1541 1506 1684 1561 enim
1708 1514 1762 1561 et
1783 1506 1908 1575 ipsi,
1932 1505 2072 1559 sicut

485 1610 666 1675 audio,
714 1608 847 1662 duas
878 1612 1115 1660 naturas.
1147 1602 1228 1657 Ad
1265 1600 1409 1671 quod
1446 1608 1503 1655 et
1530 1598 1766 1655 Joannes
1793 1598 2071 1655 evidenter

486 1703 677 1773 probat
708 1698 919 1773 (unum)
950 1698 1232 1752 Dominum
1257 1703 1524 1759 nostrum,
1567 1708 1689 1748 cum
1719 1692 1863 1747 dicat
1895 1708 1908 1744 :
1940 1690 2070 1745 Ver-

482 1797 604 1850 bum
627 1808 746 1847 caro
771 1793 962 1863 factum
982 1800 1086 1852 est;
1118 1798 1171 1842 et
1192 1786 1391 1842 Paulus
1417 1785 1718 1855 apostolus,
1750 1798 1871 1838 cum
1892 1782 2065 1837 dicat:

2173 579 2476 635 scendisset
2505 593 2537 634 e
2565 575 2739 643 cmlis,
2770 584 2825 631 et
2853 589 3047 632 rursus
3072 575 3241 632 Filius
3268 576 3366 633 Dei
3392 577 3483 649 qui
3509 585 3668 636 natus
3689 594 3756 637 ex

2173 671 2374 727 femina
2395 681 2496 737 est,
2516 669 2563 725 si
2582 670 2807 725 duarum
2829 676 3141 725 naturarum
3164 678 3383 740 caperet
3402 670 3753 741 divisionem;

2173 765 2268 821 sed
2300 764 2352 820 id
2375 765 2595 835 quidem
2622 764 2766 834 quod
2811 763 3184 821 descendisset
3210 780 3242 820 e
3269 764 3447 831 caelis,
3473 778 3756 824 vocaretur

2174 857 2343 913 Filius
2372 855 2631 924 hominis,
2662 870 2769 911 non
2785 854 2953 911 Filius
2969 855 3089 911 Dei.
3105 855 3175 911 Et
3198 856 3303 911 hoc
3323 856 3597 914 Pauliame
3623 859 3760 915 divi-

2171 951 2340 1007 sionis
2370 959 2474 1008 est.
2500 950 2607 1008 Nos
2641 958 2820 1007 autem
2846 950 3044 1007 divinae
3073 950 3362 1024 Scripturas
3399 952 3596 1009 docent
3616 964 3756 1010 tam-

2172 1060 2335 1114 quam
2364 1045 2433 1101 de
2460 1059 2569 1100 uno
2595 1044 2827 1101 Domino
2856 1054 3046 1102 nostro
3070 1046 3291 1111 sentire,
3315 1053 3373 1102 et
3388 1061 3510 1103 cum
3535 1047 3760 1105 descen-

2172 1135 2341 1193 disset
2366 1152 2397 1192 e
2426 1136 2603 1203 ctelis,
2643 1145 2699 1193 et
2724 1151 2847 1193 cum
2872 1136 2927 1191 in
2957 1145 3102 1193 terra
3140 1147 3297 1193 natus
3329 1146 3434 1194 est.
3462 1138 3565 1207 Qui
3598 1139 3761 1211 igitur

2173 1228 2252 1284 sic
2279 1229 2538 1295 sentiunt,
2584 1242 2691 1284 non
2720 1227 2987 1284 excedunt
3012 1226 3125 1300 (ab)
3168 1228 3463 1285 inconsona
3491 1232 3761 1288 contraria

2171 1322 2548 1391 sentientibus,
2578 1330 2637 1377 ut
2654 1336 2777 1378 cum
2803 1330 2985 1378 mente
3009 1321 3207 1377 divinis
3233 1322 3513 1393 praeceptis
3534 1337 3761 1381 consen-

2172 1414 2329 1483 tiant,
2359 1414 2699 1471 sermonibus
2721 1413 3052 1484 discrepent.
3103 1414 3337 1471 Necesse
3361 1424 3447 1473 est
3469 1416 3613 1472 enim
3641 1431 3760 1485 eos,

2173 1522 2298 1563 cum
2328 1507 2461 1563 duas
2487 1516 2712 1563 naturas
2742 1516 2769 1555 ε
2800 1507 3119 1578 intelligant,
3150 1507 3374 1564 alteram
3402 1508 3602 1576 colere,
3631 1509 3763 1565 alte-

2171 1616 2288 1656 ram
2312 1616 2421 1657 non
2443 1600 2693 1669 adorare,
2722 1609 2781 1655 et
2808 1600 2862 1655 in
2888 1599 3124 1655 divinam
3150 1600 3367 1671 quidem
3393 1600 3673 1671 baptizari,
3706 1602 3766 1658 in

2177 1693 2467 1748 humanam
2500 1708 2629 1749 vero
2658 1707 2767 1747 non
2795 1691 3081 1763 baptizari.
3123 1691 3184 1749 Si
3226 1701 3408 1749 autem
3436 1695 3491 1749 in
3531 1701 3777 1755 mortem.

2176 1784 2513 1855 baptizamur
2556 1785 2790 1852 Domini,
2843 1800 3005 1840 unam
3054 1785 3372 1855 proﬁtemur
3415 1793 3660 1842 naturam
3709 1794 3768 1842 et

487 1886 632 1941 Unus
674 1884 923 1938 Dominus
951 1883 1102 1936 Jesus
1132 1879 1386 1944 Christus,
1441 1895 1531 1947 per
1579 1893 1731 1946 quem
1778 1880 1969 1931 omnia.
2015 1876 2073 1931 Si
2099 1888 2149 1948 Β
2176 1876 2631 1947 impassionabilis
2670 1876 2916 1945 Deitatis,
2964 1884 3019 1932 et
3069 1877 3443 1947 passionabilis
3475 1879 3675 1947 carnis,
3708 1888 3768 1933 ut

483 1980 626 2033 enim
656 1985 807 2031 natus
838 1991 903 2030 ex
930 1974 1151 2043 Virgine
1182 1972 1339 2027 Jesus
1370 1972 1695 2038 nominatur,
1752 1980 1807 2024 et
1843 1971 1959 2039 ipse
1987 1978 2071 2025 est

484 2085 579 2138 per
622 2082 778 2138 quem
818 2066 1064 2121 universa
1103 2064 1240 2119 facta
1288 2072 1441 2130 sunt,
1492 2078 1596 2117 una
1636 2062 1842 2118 scilicet
1878 2072 2069 2116 natura

480 2158 509 2197 ἀ
532 2160 668 2213 facta
689 2159 1059 2227 est,quoniam
1078 2164 1131 2210 et
1153 2170 1257 2209 una
1281 2170 1533 2224 persona,
1551 2169 1655 2209 non
1672 2155 1726 2208 in
1751 2153 1857 2208 duo
1874 2153 2067 2218 divisa,

482 2266 605 2306 cum
632 2266 735 2305 nec
764 2250 979 2321 propria
1011 2256 1203 2302 natura
1230 2247 1473 2316 corporis
1502 2255 1607 2312 est,
1647 2254 1701 2301 et
1729 2245 1943 2314 propria
1973 2260 2066 2299 na-

483 2354 602 2400 tura
626 2344 808 2398 Deitas
835 2342 904 2397 sit
931 2340 1225 2397 secundum
1268 2354 1507 2393 carnem.
1562 2336 1671 2393 Sed
1717 2336 1858 2392 sicut
1901 2336 2065 2391 homo

482 2453 587 2495 una
613 2445 799 2491 natura
820 2444 923 2504 est,
948 2434 1023 2488 ita
1044 2444 1101 2489 et
1126 2434 1171 2487 is
1195 2434 1284 2503 qui
1306 2433 1373 2487 ad
1400 2432 1804 2487 similitudinem
1832 2432 2063 2487 hominis

480 2539 564 2587 est
589 2529 760 2584 factus
786 2525 1048 2581 Christus.
1081 2524 1237 2592 Quod
1276 2525 1323 2578 si
1355 2538 1465 2578 non
1493 2532 1792 2593 agnoscunt
1822 2523 1987 2596 7M
2011 2524 2063 2578 id

480 2620 621 2692 quod
651 2634 745 2690 per
764 2618 1144 2673 adunationem
1173 2631 1337 2670 unum
1358 2622 1462 2680 est,
1482 2625 1708 2685 possunt
1734 2623 1790 2669 et
1814 2631 1977 2670 unum
2008 2616 2061 2669 in

478 2715 635 2784 plura
665 2711 851 2782 partiri
890 2720 945 2766 et
987 2709 1248 2780 plurimas
1285 2707 1467 2763 dicere
1503 2718 1721 2764 naturas
1756 2724 1771 2760 :
1808 2708 2061 2778 quoniam

478 2805 757 2874 multiplex
784 2817 1002 2873 corpus,
1051 2802 1194 2872 quod
1223 2816 1291 2857 ex
1318 2801 1553 2868 ossibus,
1593 2801 1777 2856 nervis
1807 2810 1863 2856 et
1888 2800 2060 2869 venis,

479 2912 641 2952 carne
666 2905 721 2952 et
743 2905 888 2962 cute,
926 2894 1185 2965 sanguine
1215 2902 1273 2950 et
1302 2893 1494 2964 spiritu
1520 2902 1730 2949 constet
1759 2910 1774 2947 :
1803 2909 1923 2963 qua:
1948 2907 2065 2949 om-

479 2989 566 3043 nia
592 2989 805 3044 diversa
835 2986 1051 3057 quidem
1081 2986 1222 3043 inter
1265 3000 1327 3041 se
1372 2998 1519 3051 sunt,
1565 3001 1672 3040 una
1719 2995 1899 3041 tamen
1928 2994 1951 3022 ε
1982 2994 2065 3040 est

478 3097 665 3138 eorum
694 3090 901 3137 natura.
945 3079 1099 3137 Unde
1128 3089 1184 3137 et
1211 3079 1438 3135 Deitatis
1466 3087 1659 3135 natura
1688 3094 1809 3135 cum
1837 3093 2064 3149 corpore

482 3189 645 3229 unum
686 3181 790 3229 est.
833 3168 949 3228 Etf
983 3187 1082 3229 nec
1126 3172 1181 3227 in
1223 3172 1357 3228 duas
1397 3180 1617 3227 naturas
1644 3170 1919 3226 dividitur.
1954 3170 2063 3228 Nec

2174 1982 2271 2037 per
2295 1967 2399 2024 hoc
2426 1970 2498 2022 sit
2525 1967 2793 2038 baptisma
2820 1976 3067 2024 nostrum
3094 1976 3150 2024 et
3178 1968 3232 2023 in
3261 1968 3430 2024 Deum
3456 1976 3513 2026 et
3537 1968 3591 2025 in
3618 1986 3768 2025 mor-

2175 2073 2283 2141 tem
2312 2064 2527 2121 Domini
2574 2073 2909 2136 perceptum.
2958 2063 3069 2121 Nec
3097 2067 3243 2122 enim
3272 2080 3524 2121 veremur
3552 2067 3767 2122 calum-

2173 2158 2431 2225 niatores,
2473 2157 2564 2228 qui
2600 2156 2847 2212 dividunt
2877 2157 2934 2212 in
2979 2156 3112 2213 duas
3152 2172 3409 2227 personas
3453 2158 3763 2214 Dominum.

2173 2249 2282 2305 Nec
2309 2264 2434 2305 cum
2472 2263 2571 2305 nos
2601 2248 2861 2305 unitatem
2904 2248 3270 2320 evangelicam
3297 2258 3457 2321 atque
3498 2251 3768 2321 apostoli-

2172 2355 2289 2396 cam
2340 2340 2726 2411 praedicemus,
2774 2340 3011 2397 lacerent
3053 2356 3154 2398 nos
3203 2350 3475 2413 tamquam
3520 2342 3769 2399 dicentes

2171 2448 2387 2488 carnem
2434 2448 2555 2488 esse
2602 2433 2913 2500 caelestem,
2963 2448 3085 2489 cum
3130 2442 3230 2490 nos
3259 2449 3291 2490 e
3318 2442 3507 2489 contra
3549 2434 3769 2489 divinas

2170 2527 2475 2597 Scripturas
2500 2528 2739 2598 legamus
2765 2528 3006 2584 dicentes
3032 2528 3199 2584 ﬁlium
3225 2542 3347 2585 esse
3372 2543 3481 2584 non
3510 2544 3576 2584 ex
3597 2529 3766 2584 ctelo.

2170 2620 2282 2675 Nec
2308 2620 2451 2677 enim
2482 2635 2605 2675 cum
2643 2619 2873 2676 dicimus
2901 2619 3098 2676 Filium
3129 2621 3226 2678 Dei
3271 2630 3510 2678 creatum
3548 2638 3613 2678 ex
3644 2638 3771 2677 mu-

2174 2712 2328 2779 liere,
2348 2725 2631 2782 possumus
2651 2710 2976 2781 reprehendi
2996 2719 3266 2783 tamquam
3280 2712 3513 2768 Verbum
3528 2728 3592 2768 ex
3617 2722 3769 2769 terra

2169 2800 2436 2867 dicentes,
2462 2811 2517 2857 et
2545 2815 2655 2857 non
2685 2816 2754 2857 ex
2777 2802 2939 2858 cmlo.
2966 2801 3205 2859 Dicimus
3229 2803 3374 2859 enim
3398 2813 3685 2874 utrumque
3711 2812 3773 2859 et

2166 2908 2233 2948 ex
2257 2892 2396 2949 coelo
2422 2901 2595 2948 totum
2635 2903 2857 2963 propter
2888 2892 3174 2962 Deitatem,
3221 2903 3277 2950 et
3310 2908 3379 2950 ex
3417 2893 3641 2950 muliere
3680 2905 3773 2951 to-

2168 2996 2281 3043 tum
2327 2995 2549 3057 propter
2593 3000 2836 3057 carnem,
2888 2987 3198 3059 ignorantes
3235 2988 3552 3046 divisionem
3602 2989 3775 3045 unius

2166 3094 2437 3150 personae.

3055 3136 3141 3188 θ’

478 3290 674 3364 posito,
701 3288 1118 3364 luculentissime
1142 3288 1533 3364 demonstravit
1570 3286 1714 3364 _inter
1741 3294 1966 3364 caeteros
1993 3285 2054 3341 Ρ.
2085 3293 2131 3357 C
2182 3362 2192 3364 _
2232 3290 2257 3328 ἀ
2293 3292 2422 3348 Dele
2449 3294 2584 3363 facta
2610 3309 2674 3349 ex
2706 3295 2917 3359 Graeco,
2946 3301 2999 3347 et
3020 3292 3073 3346 in
3099 3291 3451 3362 sequentibus
3482 3292 3774 3364 corrigen-

477 3356 821 3444 Cpustantius
866 3360 921 3414 in
957 3360 1161 3415 monito
1190 3359 1367 3415 eidem
1396 3358 1637 3428 epistolae
1669 3356 1891 3427 praeﬁxo
1937 3356 2057 3412 loco

480 3443 904 3575 cnfaulgegendum
925 3517 995 3559 ex
1019 3502 1231 3567 Graeco,
1255 3501 1423 3571 impii,
1454 3515 1548 3556 seu
1573 3500 1730 3570 impie
1755 3508 1985 3570 agentes.

549 3573 577 3612 δ
608 3573 750 3645 Lege
776 3576 989 3645 factum.

553 3656 575 3683 ε
602 3643 819 3715 Corrige
849 3662 914 3700 ex
952 3644 1141 3701 Graeco
1179 3643 1505 3711 conturbant,
1545 3658 1641 3699 seu
1676 3645 1849 3698 turbas
1889 3645 2063 3698 conci-

480 3726 615 3773 tant.

2164 3362 2292 3446 dum
2324 3362 2455 3446 item
2479 3379 2549 3419 ex
2578 3364 3064 3446 Grze_eo_,.guoniam
3087 3372 3137 3418 et
3163 3380 3320 3419 unam
3357 3362 3774 3446 personam'ha-

2036 3468 2065 3481 ρ
2164 3434 2390 3506 ὁεηενὶη
2418 3434 2523 3506 duo
2549 3452 2651 3490 non
2672 3437 2943 3501 dividitur,
2974 3451 3090 3488 cum
3120 3450 3210 3488 nec
3230 3435 3460 3506 prapria,
3488 3444 3594 3490 etc.

2241 3516 2264 3542 ε
2299 3505 2378 3560 Ex
2407 3504 2619 3573 Graeco,
2649 3516 2726 3561 est
2751 3508 2971 3561 hominis
2999 3516 3208 3560 natura.

2242 3575 2261 3614 ί
2298 3576 2481 3646 Lupus
2501 3578 2788 3648 utrobique
2808 3577 2977 3633 edidit
2997 3577 3125 3631 hazc.
3140 3577 3540 3634 Correctionem
3552 3577 3779 3636 Baluzii

2170 3664 2263 3701 nec
2288 3657 2466 3703 textus
2495 3647 2717 3703 Graecus
2742 3648 3045 3705 conﬁrmat.

2244 3728 2268 3765 Β
2302 3718 2445 3788 Lege
2476 3720 2650 3772 dicant
2676 3736 2744 3775 ex
2766 3720 2954 3775 eodem
2983 3718 3193 3775 Graeco.

1314 3851 1767 3913 ADMONlTlO
1810 3854 1890 3914 ΙΝ
1934 3854 2387 3916 EPISTOLAM
2431 3855 2933 3930 SEQUENTEM.

550 3960 602 4014 Ι.
644 3957 1038 4030 Quesnelliex-
1063 3954 1174 4009 suis
1217 3949 2208 4030 praeiudiciis_maguopere_intererat
2250 3957 2508 4030 adversus
2557 3958 3073 4030 eminentissimum
3100 3958 3397 4030 Baronium
3438 3959 3781 4030 defendere,

476 4030 536 4086 S.
567 4023 883 4102 Flavianum
914 4029 981 4082 de
1010 4023 1352 4102 damnatione
1372 4023 1694 4102 _Eutychetis
1726 4027 1793 4102 ad
1825 4025 1883 4102 S.
1914 4026 2148 4102 Leonem
2177 4029 2486 4102 pontiﬁcem
2518 4028 2655 4084 nihil
2683 4030 2993 4102 scripsisse,
3023 4027 3129 4084 nisi
3152 4040 3433 4102 postquam
3464 4030 3628 4102 hujus
3670 4023 3785 4087 lit-'-

478 4103 610 4158 teris
636 4101 812 4156 fuerat
841 4102 1125 4172 excitatus:
1154 4095 1337 4172 Quare
1354 4094 1838 4172 du_a_rut_n‘h‘laviani
1864 4097 1931 4152 ad
1960 4094 2195 4153 Leonem
2223 4098 2577 4172 epistolarum
2609 4094 2855 4172 ordinem
2886 4094 3311 4171 pervertit'Diss'.
3344 4103 3397 4171 1,
3427 4101 3496 4156 ad
3516 4094 3782 4172 an.4«£9,

477 4189 631 4248 num:
659 4174 759 4248 lset
787 4187 938 4248 seqq.
959 4168 1323 4248 et_epismlam_
1346 4167 1503 4248 nobis
1532 4166 1806 4248 2ti,quam
1835 4178 1956 4237 post
1984 4179 2233 4239 acceptas
2257 4166 2292 4224 a
2322 4170 2501 4248 Leone
2536 4171 2749 4248 litteras
2774 4166 3065 4248 Flavianus
3098 4173 3317 4248 scripsit
3344 4166 3486 4229 circa
3512 4166 3791 4248 Aprileni

477 4259 569 4299 an.
600 4243 727 4308 M9,
760 4238 924 4298 veluti
955 4241 1182 4310 primam
1209 4238 1479 4312 traduxit;
1510 4239 1790 4312 epistolam
1817 4255 1946 4312 vero
1973 4238 2290 4312 sequentem
2316 4242 2484 4297 veluti
2515 4243 2808 4298 secundam
2849 4243 3120 4312 posterius
3149 4238 3399 4299 traditam
3438 4238 3627 4299 statuit
3649 4286 3671 4309 ,
3703 4260 3791 4302 ac

478 4316 534 4370 in
560 4314 805 4370 eamdem
833 4309 1156 4368 sententiam
1175 4310 1346 4384 traxit
1365 4309 1549 4384 ipsum
1568 4311 1858 4384 Antonium
1879 4309 2121 4384 Pasgiuin,
2143 4311 2455 4382 quiidcirco
2482 4313 2773 4369 Baronium
2797 4309 3178 4384 corrigendum
3199 4316 3405 4383 putavit
3426 4313 3493 4370 ad
3510 4329 3600 4370 an.
3620 4314 3793 4383 448,

475 4402 627 4441 num.
662 4387 714 4440 8.
745 4384 1101 4455 Praecipuum
1115 4397 1209 4455 seu
1238 4381 1417 4455 potius
1435 4379 1675 4455 _unicu_m
1710 4381 1987 4455 Quesnelli
2030 4379 2402 4455 argumentum
2444 4398 2475 4437 a
2512 4386 2673 4455 Pagio
2716 4386 2846 4441 item
2876 4379 3166 4455 repetitum
3196 4379 3281 4439 his
3308 4384 3546 4441 Flaviani
3575 4379 3797 4443 verbis

477 4456 750 4522 innititur,
784 4469 853 4509 ex
884 4449 1043 4524 epist.
1074 4451 1169 4516 26,
1210 4452 1403 4520 quibus
1435 4449 1730 4524 Eutychem
1766 4453 2079 4508 damnatum
2097 4449 2448 4522 'signiﬁcans,
2481 4449 2664 4511 addit:
2695 4455 2842 4512 Sicut
2874 4449 3126 4510 docebunt
3163 4464 3380 4511 vestram
3409 4456 3797 4512 Sanctitatem

476 4528 669 4593 omnia,
699 4540 814 4595 quae
835 4521 985 4595 sup—er
1010 4538 1066 4595 eo
1090 4530 1205 4575 sunt
1225 4532 1383 4595 gesta,
1412 4536 1625 4595 quicque
1651 4521 1929 4576 direximus
1958 4540 2076 4595 eum
2100 4521 2285 4595 nostris
2305 4524 2385 4579 his
2406 4527 2609 4581 litteris.
2636 4527 2694 4582 ln
2722 4542 2844 4595 quas
2877 4526 2968 4582 ille
2996 4544 3010 4581 :
3036 4526 3195 4581 Vides
3224 4536 3279 4580 ut
3307 4527 3439 4581 nihil
3464 4528 3800 4583 litterarum

478 4597 556 4670 uel
582 4591 839 4670 gestorum
862 4591 1047 4670 synodi
1074 4602 1187 4670 ante
1214 4591 1638 4670 hanc_epistolam
1656 4602 1925 4670 accepergt
1946 4593 2102 4670 Leon
2135 4594 2436 4670 Flavianoi
2455 4597 2699 4667 Cumque
2723 4591 3013 4670 Flavianus
3040 4598 3530 4670 deindeimetnoret
3548 4596 3795 4656 Leonis

480 4658 690 4741 litteras
707 4666 809 4720 Sibi
830 4658 1052 4741 traditas
1072 4678 1098 4714 τι
1128 4660 1434 4741 Pansophio
1462 4658 1810 4741 (estepistola
1831 4664 1934 4735 23)
1953 4667 2147 4741 quibus
2175 4668 2397 4722 edoctus
2415 4658 2625 4734 fuerat,
2632 4669 2891 4741 eumdem
2916 4668 3218 4741 Eutychem
3243 4668 3801 4741 libellosdirexisse

476 4740 543 4793 ad
572 4738 807 4791 Leonem
836 4736 1022 4809 plenos
1052 4734 1195 4787 omni
1215 4731 1436 4809 _fallacia
1456 4739 1521 4809 _et
1541 4732 1860 4809 calliditate;
1893 4731 2072 4792 ex'his
2107 4736 2266 4809 liquet
2304 4740 2532 4808 pariter,
2565 4731 2743 4794 subdit
2772 4731 3091 4807 Quesnell'ns
3113 4780 3129 4803 ,
3159 4754 3265 4792 non
3285 4748 3402 4793 ante
3437 4737 3806 4795 Flavianum

450 4802 541 4862 'de
567 4809 750 4861 litteris
776 4801 1087 4880 a_d_Leonem
1108 4803 1257 4880 ea_de
1281 4801 1647 4880 rescribendis
1673 4807 1940 4880 cogitasse,
1970 4824 2119 4878 quant
2148 4801 2262 4863 cum
2293 4801 2473 4863 didicit
2506 4801 2818 4880 pontificemw
2826 4810 3074 4880 improbis
3113 4801 3304 4864 artibus
3326 4809 3622 4880 deceptum,
3657 4813 3806 4880 fat-

477 4896 588 4958 sum
613 4880 676 4933 de
686 4873 1490 4958 judicio_Constentinopolitano
1516 4874 1704 4958 cepisse
1729 4873 2040 4958 opinionem.

547 4950 603 5003 2.
644 4944 711 5003 Si
728 4946 952 5017 epistola
981 4945 1052 4999 25
1080 4945 1517 5022 legatunattente
1537 4987 1552 5012 ,
1582 4944 1817 5002 Leonem
1845 4965 1948 5003 non
1981 4951 2298 5021 deceptum,
2330 4952 2427 5007 sed
2455 4961 2669 5007 cautum
2702 4962 2757 5009 et
2790 4953 3095 5009 necessaria
3123 4953 3445 5008 documenta
3477 4952 3811 5022 postulan-

478 5031 585 5076 tem
614 5034 677 5095 ae
697 5015 1097 5095 exspectantem
1126 5016 1384 5095 invenies.
1417 5015 1498 5071 Ad
1528 5029 1899 5095 argumentum
1928 5036 2057 5076 vero
2084 5015 2226 5095 quod
2252 5015 2506 5093 pertinet,
2524 5024 2692 5095 etiam
2723 5025 2778 5078 in
2807 5026 3037 5092 epistola
3066 5023 3158 5093 22,
3191 5024 3448 5095 Eutychis
3474 5015 3810 5082 erroribus

427 5154 437 5171 ρ
476 5090 762 5171 expositis,
788 5087 908 5171 qum
934 5087 1321 5171 πάλῃ-ἀπείθη
1361 5102 1456 5141 seu
1500 5088 1697 5171 pridem
1725 5091 1777 5145 in
1808 5106 1929 5171 eum
1962 5087 2115 5171 gesta
2144 5087 2420 5171 luserant,
2444 5087 2780 5171 a'Fllaviano
2817 5087 2885 5151 ad
2914 5087 3427 5171 _Leonem_di_re_cta
3463 5095 3808 5171 tradunsur

428 5158 438 5198 ς
475 5158 676 5235 sapt,
693 5170 748 5217 et
775 5158 1211 5235 eodemquidem
1234 5158 1620 5235 Greecoverbo
1633 5158 2024 5235 ἀπεστείλαμέν,
2045 5165 2093 5217 di

2169 5166 2346 5231 cimus,
2371 5158 2514 5219 idem
2538 5165 2826 5220 Flavianus
2852 5166 3041 5232 utitur,
3057 5166 3195 5233 quod
3214 5165 3455 5219 adhibuit
3475 5165 3635 5234 epist.
3666 5167 3811 5225 26.

474 5228 738 5309 Ωιὶθληῗτᾳ
749 5246 816 5287 ne
832 5246 941 5309 vox_
953 5229 1230 5309 direximus
1243 5228 1611 5309 difﬁcultatem
1628 5244 1860 5309 moveat,
1880 5228 2202 5309 videannot.
2222 5238 2288 5309 17
2310 5228 2565 5306 (έοιπξτ,
2582 5253 2638 5291 n.
2654 5235 2711 5306 ι³)
2731 5238 2782 5291 iu
2799 5228 3043 5309 eamdem
3060 5228 3338 5309 epistolam
3359 5236 3447 5291 22.
3470 5228 3818 5309 Camer-go

472 5304 562 5359 bis
592 5303 880 5377 Flavianus
911 5301 1196 5377 de_eadem
1225 5301 1570 5377 damnatione
1600 5303 1665 5377 ad
1685 5304 1931 5377 Leonem
1972 5308 2237 5375 scribens,
2270 5301 2354 5361 bis
2391 5301 2604 5377 quoque
2636 5301 2785 5376 gesta
2815 5308 2884 5363 ad
2906 5323 3029 5364 eum
3060 5301 3420 5377 transmiserit
3440 5348 3455 5371 ,
3489 5301 3824 5369 nimiru'rn

471 5391 583 5452 une
603 5390 724 5452 cem
752 5375 908 5442 epist.
940 5372 1032 5437 22,
1066 5379 1120 5426 et
1148 5371 1460 5452 cum-epiSt.
1491 5370 1717 5452 261nm!
1748 5389 1818 5452 ert
1850 5375 1959 5452 hoe
1979 5393 2086 5452 uno
2115 5370 2787 5452 p_ro'altertl't_ra'antériori
2814 5379 3102 5452 asserenda
3129 5376 3335 5452 deduci
3353 5370 3546 5452 potest.

544 5448 598 5502 5.
626 5444 730 5523 _Ex_
746 5454 998 5501 contextu
1027 5458 1155 5523 vero
1182 5443 1732 5523 utriusqueepistolm
1768 5449 1811 5523 si
1848 5443 2361 5523 judicium'feratur,
2387 5449 2797 5523 Tillemontius,
2837 5451 2969 5523 licet
2991 5448 3281 5516 Quesnello
3322 5450 3374 5523 in
3404 5450 3526 5503 aliis
3556 5451 3819 5523 niultis

471 5517 687 5583 faverit,
719 5516 1107 5590 hactamenjn
1140 5529 1198 5590 re
1228 5516 1480 5590 assentiri
1506 5528 1611 5568 non
1644 5518 1814 5584 potuit
1845 5535 1857 5571 :
1884 5518 2026 5573 unde
2054 5530 2156 5573 art.
2190 5519 2281 5586 16,
2310 5521 2362 5574 in
2395 5520 2652 5585 Leonem,
2683 5521 2924 5589 epistola:
2946 5522 3019 5574 23
3057 5523 3286 5590 primum
3325 5519 3503 5575 locum
3534 5520 3830 5589 adjudi-
3862 5544 3877 5579 <

472 5581 702 5663 candum
726 5589 854 5641 nihil
884 5585 1218 5663 addubitavit
1252 5602 1264 5635 :
1294 5581 1357 5663 JIe
1386 5598 1508 5663 οἷον
1537 5581 1803 5657 φιβ’ροιιν
1829 5605 1925 5663 peu
1952 5590 2014 5641 de
2041 5581 2319 5663 reﬂexion,
2355 5591 2561 5663 (μίση-ῃ
2600 5581 2759 5662 fusse,
2789 5608 2855 5647 on
2898 5581 3214 5647 reconoistra
3246 5591 3520 5659 aisemeut,
3560 5581 3832 5663 ᾳᾶζειιε
3846 5618 3873 5663 ί

471 5660 724 5736 (epistola
752 5672 896 5736 nunc
920 5655 1021 5736 ἓξ)
1052 5673 1086 5709 α
1114 5657 1216 5710 esté
1236 5656 1384 5707 ecritc
1407 5654 1510 5736 [ait
1546 5672 1641 5722 peu
1671 5654 1897 5736 ἀργίης-ιθ
1922 5654 2112 5736 concita
2132 5672 2249 5716 tenu
2278 5654 2459 5736 centre
2485 5654 2757 5736 Eutyche,
2772 5671 2822 5718 et
2848 5680 2947 5736 que
2972 5664 3090 5718 c‘est
3118 5665 3169 5717 la
3198 5664 3473 5731 premiere,
3500 5654 3793 5736 quarta

471 5724 586 5806 uién
610 5731 680 5782 ait
712 5730 841 5806 ecrit
864 5724 1198 5806 a.Rome_sur
1218 5736 1341 5806 cette
1364 5724 1567 5806 affairne,
1599 5746 1789 5806 comme
1816 5730 1884 5785 l’a
1910 5747 1999 5785 cru
2028 5731 2307 5806 Baronius.
2340 5733 2514 5806 Verba
2544 5724 2617 5789 ei
2640 5724 2829 5806 Graeco
2858 5724 2978 5789 ialis
2998 5736 3141 5789 nobis
3157 5724 3292 5806 nunc
3311 5724 3548 5806 apparuit
3579 5732 3736 5793 Eu:

472 5802 609 5863 ches,
643 5798 1328 5876 recentissimamhhmretici
1354 5795 1839 5876 manufestationem
1869 5814 1918 5856 ct
1942 5804 2448 5876 condemnationem
2482 5805 2784 5876 declarant.
2811 5805 2908 5862 Illa
2932 5822 3059 5861 vero
3084 5808 3183 5863 sub
3212 5795 3412 5871 ﬁnem',
3447 5805 3698 5874 quibus,
3738 5795 3844 5871 ἴη
3880 5842 3897 5863 «

480 5880 629 5939 gesta
650 5870 718 5924 de
746 5871 939 5926 eodem
972 5870 1024 5923 in
1060 5868 1482 5925 Occidentalium
1507 5872 1878 5939 CpiSCttpUl'ttttl
1908 5875 2239 5935 deducantur
2262 5878 2508 5939 notitiam
2527 5919 2544 5947 ,
2573 5875 2861 5937 Flavianus
2888 5887 3076 5950 rogat,
3103 5895 3167 5934 ne
3191 5868 3405 5933 scientes
3426 5868 3586 5945 aliqui
3632 5868 3843 5947 q'uid
3900 5900 3909 5945 ;

3746 5980 3911 6193 1
