4020 6352
230 376 329 435 729

1609 378 1937 437 EPISTOLA
1981 380 2019 433 Χ
2032 381 2134 438 XII.

3402 386 3510 445 730

234 505 257 533 ιι
276 507 409 565 quas
435 492 773 551 incessanter
790 492 1118 564 fundo,quia
1133 492 1233 551 sub
1248 508 1333 549 me
1362 495 1593 552 clericus
1610 496 1814 567 degens
1839 499 1887 556 A
1988 496 2119 551 Cu.
2154 496 2235 552 Ill.
2254 528 2324 538 —
2346 498 2492 554 Talis
2512 508 2551 535 ιη
2578 499 2738 555 nobis
2768 499 3045 573 Eutyches
3068 500 3310 569 emersit,
3337 516 3509 574 quon-

230 588 442 643 invasus
465 596 552 643 est
575 586 736 644 afero
762 588 1032 657 daemone,
1047 597 1101 645 et
1122 603 1229 644 non
1253 589 1399 659 potui
1417 603 1541 647 eum
1560 590 1814 657 liberare,

229 696 322 738 nec
346 683 566 740 auferre
603 698 635 739 a
676 683 767 739 tali
797 684 960 755 lupo,
988 685 1081 756 qui
1108 685 1343 742 animam
1387 700 1563 742 meam
1596 702 1694 756 pro
1722 687 1816 742 illo

230 784 441 846 paratus
466 789 617 831 eram
642 790 878 846 ponere;
905 777 1175 849 quomodo
1204 776 1233 815 ι’
1255 786 1443 848 raptus
1470 778 1560 845 sit,
1590 794 1816 850 quomo-

227 870 292 924 do
319 868 517 924 resiliit
540 883 573 924 a
602 870 878 939 proposito
920 868 1124 938 divino,
1158 878 1213 927 et
1240 870 1307 926 ad
1337 870 1488 926 illum
1530 872 1809 940 cucurrit,

229 964 312 1031 qui
342 961 577 1032 perdere
602 962 904 1034 consuevit,
932 974 1202 1034 praecepta
1222 962 1441 1018 Patrum
1462 975 1485 1003 ε
1505 963 1812 1032 declinans,

227 1064 276 1110 et
316 1056 614 1112 constituta
658 1071 848 1114 eorum
892 1057 1227 1128 despiciens,
1269 1057 1383 1129 jam
1425 1057 1629 1130 incipio
1657 1074 1816 1116 enar-

232 1162 368 1203 rare.

290 1239 422 1296 Cn.
455 1240 526 1298 Il.
553 1273 626 1285 —
649 1243 784 1301 Sunt
806 1241 834 1281 ά
863 1244 1080 1316 quidam
1128 1252 1281 1301 veste
1309 1259 1404 1301 sua
1451 1260 1582 1302 oves
1610 1246 1814 1318 signiﬁ-

226 1344 429 1402 cantes,
465 1334 696 1392 interius
721 1345 902 1392 autem
930 1336 1042 1408 lupi
1068 1352 1324 1407 rapaces:
1356 1353 1494 1409 quos
1524 1353 1591 1395 ex
1621 1338 1811 1395 fructi-

227 1426 319 1482 bus
364 1442 558 1484 eorum
608 1429 867 1486 debemus
904 1445 1218 1501 agnoscere.
1267 1430 1359 1487 Isti
1410 1433 1583 1504 prima
1632 1434 1812 1491 fronte

223 1522 473 1578 videntur
500 1538 622 1580 esse
649 1524 718 1579 de
746 1539 975 1579 numero
1017 1532 1237 1591 nostro;
1284 1524 1380 1581 sed
1426 1540 1531 1580 non
1574 1534 1700 1581 sunt
1744 1526 1810 1583 de

224 1631 449 1673 numero
471 1628 678 1672 nostro.
715 1618 770 1674 Si
792 1619 935 1673 enim
955 1618 1023 1673 de
1039 1633 1267 1674 numero
1293 1628 1479 1675 nostro
1503 1628 1526 1656 ο
1550 1618 1804 1689 fuissent,

223 1708 507 1764 nobiscum
548 1709 895 1766 mansissent.
924 1710 1150 1777 Quando
1188 1720 1369 1766 autem
1397 1721 1680 1782 coeperunt
1724 1727 1811 1767 as-

221 1814 435 1858 sumere
462 1802 817 1872 impietatem,
849 1801 979 1857 illud
1006 1802 1149 1873 quod
1177 1803 1326 1873 prius
1353 1802 1725 1859 occultabatur
1754 1804 1807 1859 in

1921 590 2043 645 dam
2075 592 2361 664 presbyter
2382 601 2437 648 et
2460 594 2935 662 archimandrites,
2960 596 3053 667 qui
3079 596 3233 668 quasi
3255 604 3284 633 ιι
3308 606 3508 653 nostrae

1920 685 2200 759 religionis
2238 696 2441 743 sectam
2467 689 2731 759 sapiebat,
2758 699 2814 746 et
2840 690 2981 748 hanc
3010 692 3371 763 praeferebat;
3402 692 3511 750 Ne-

1918 779 2074 835 storii
2102 789 2280 836 autem
2309 782 2637 851 impietatem
2670 783 3052 852 conﬁrmabat,
3080 793 3134 841 et
3161 785 3503 858 succingeba-

1920 880 2007 927 tur
2032 886 2130 942 pro
2151 871 2401 928 Nestorio
2431 873 2665 930 militare
2688 876 2739 930 in
2762 892 2935 947 pugna
2968 892 3086 948 quae
3103 886 3291 934 contra
3315 878 3510 936 Nesto-

1919 964 2058 1019 rium
2088 964 2379 1035 parabatur
2410 983 2421 1019 :
2469 972 2835 1021 trecentorum
2877 976 3057 1024 autem
3086 968 3274 1024 decem
3305 976 3361 1024 et
3384 977 3509 1027 octo

1918 1066 2224 1112 sanctorum
2258 1057 2475 1113 Patrum
2516 1058 2585 1113 de
2628 1058 2733 1114 (ide
2787 1060 3177 1129 expositionem
3218 1059 3413 1117 factam
3451 1070 3508 1119 et

1916 1163 2121 1209 sanctae
2164 1156 2439 1211 memoriae
2475 1154 2664 1227 Cyrilli
2695 1157 2978 1228 epistolam
3021 1159 3275 1230 scriptam
3300 1158 3368 1215 ad
3396 1158 3507 1215 Ne-

1918 1248 2147 1303 storium
2182 1258 2207 1285 ο
2240 1249 2326 1303 vel
2352 1249 2421 1304 ad
2475 1250 2682 1305 similes
2711 1250 2864 1321 ejus,
2915 1253 2999 1308 cui
3043 1267 3233 1309 omnes
3261 1266 3509 1309 assense-

1917 1352 2068 1409 rant,
2105 1344 2330 1398 tentavit
2351 1345 2620 1413 evellere,
2656 1346 2928 1416 antiquam
2973 1345 3121 1416 impii
3156 1345 3428 1403 Valentini
3453 1354 3509 1402 et

1918 1434 2248 1505 Apollinaris
2275 1451 2533 1507 reparans
2560 1447 2789 1505 sectam,
2815 1450 2844 1489 ι)
2872 1446 2927 1495 et
2957 1453 3064 1494 non
3101 1438 3275 1494 timuit
3304 1452 3508 1509 praece-

1918 1536 2066 1596 ptum
2088 1532 2198 1585 veri
2231 1530 2394 1601 Regis
2421 1530 2653 1587 dicentis
2678 1550 2690 1585 :
2739 1531 3057 1604 Quicumque
3080 1532 3507 1587 scandalizauerit

1916 1637 2076 1676 unum
2120 1622 2184 1676 de
2224 1624 2425 1694 pusillis
2468 1625 2580 1678 istis
2606 1628 2635 1668 ει
2661 1624 2917 1690 minimis,
2950 1624 3155 1695 expedit
3195 1626 3241 1678 ei
3280 1632 3334 1677 ut
3366 1623 3507 1678 mola

1916 1714 2142 1766 asinaria
2183 1713 2425 1786 alligetur
2448 1713 2582 1769 collo
2609 1717 2740 1788 ejus,
2774 1724 2819 1769 et
2851 1716 3177 1788 demergatur
3210 1718 3265 1769 in
3287 1716 3505 1785 profun-

1917 1805 2037 1859 dum
2064 1806 2241 1861 maris.
2280 1807 2670 1863 Verecundiam
2702 1818 2880 1863 autem
2925 1824 3140 1864 omnem
3180 1819 3203 1847 τ
3237 1807 3353 1878 ejus
3383 1823 3504 1878 per-

218 1895 319 1950 illis
342 1898 622 1966 aperitur,
659 1894 678 1933 ί
715 1905 771 1951 et
798 1895 953 1951 dolus
978 1896 1156 1951 omnis
1201 1895 1261 1950 ﬁt
1291 1896 1541 1952 omnibus
1583 1896 1808 1953 manife-
1838 1902 1887 1963 Β
1915 1896 2037 1952 ﬁdia
2063 1897 2278 1965 abjecit,
2305 1907 2359 1953 et
2388 1914 2546 1969 quam
2570 1899 2791 1969 gerebat
2827 1900 2987 1973 761
3014 1900 3344 1956 infidelitatis
3383 1901 3502 1969 pel-

219 1996 353 2043 stus.
383 1998 410 2036 ε
440 1988 796 2045 Inveniuntur
822 1998 999 2045 autem
1025 1989 1254 2045 inﬁrmae
1282 1990 1407 2045 ﬁdei
1438 1990 1724 2057 homines,
1755 2001 1809 2047 et

225 2080 313 2150 qui
339 2080 555 2137 divinas
588 2082 847 2138 lectiones
888 2084 1153 2151 nesciunt,
1186 2094 1242 2140 et
1277 2100 1459 2141 secum
1486 2100 1579 2141 eos
1602 2087 1654 2141 in
1682 2101 1807 2156 per-

214 2172 470 2229 ditionem
504 2176 841 2245 prazcipitant
863 2217 878 2242 ,
903 2173 931 2211 ιι
959 2176 1320 2247 dissipantes,
1351 2186 1406 2233 et
1436 2177 1808 2248 vituperantes

216 2265 432 2321 Patrum
461 2268 628 2339 760
666 2267 979 2338 disciplinas
1033 2266 1049 2305 ί
1088 2279 1141 2325 et
1181 2270 1553 2341 relinquentes
1591 2280 1808 2327 sanctas

211 2355 521 2428 Scripturas
551 2359 617 2413 ad
645 2374 797 2413 suam
822 2359 1058 2429 ipsorum
1089 2360 1465 2431 perditionem.
1495 2362 1508 2412 i
1538 2362 1686 2429 Quos
1712 2363 1807 2419 de-

211 2452 399 2507 bemus
430 2451 757 2523 pravidere,
789 2462 847 2507 et
884 2468 915 2508 a
943 2454 1136 2523 quibus
1166 2454 1394 2512 multum
1422 2470 1649 2523 vacare,
1678 2453 1703 2493 ιι
1735 2471 1805 2512 ne

210 2547 259 2602 in
302 2561 403 2601 sua
430 2546 641 2602 malitia
666 2546 832 2618 aliqui
864 2548 1136 2618 occupati,
1164 2548 1452 2603 concidant
1473 2549 1539 2604 de
1580 2565 1675 2606 sua
1706 2550 1804 2605 ﬂr-

211 2637 419 2693 mitate.
457 2637 477 2677 1
518 2638 853 2694 Exacuerunt
901 2642 1035 2693 enim
1066 2641 1295 2710 linguam
1326 2657 1475 2695 suam
1509 2644 1659 2712 quasi
1698 2660 1806 2697 ser-

210 2743 399 2802 pentes,
432 2742 482 2788 et
512 2748 755 2787 uenenum
784 2733 839 2787 in
868 2733 1019 2787 labiis
1058 2732 1245 2789 habent
1286 2735 1433 2803 quasi
1463 2735 1691 2804 aspides.
1726 2735 1804 2792 De

208 2824 289 2880 bis
318 2826 437 2880 haec
466 2823 733 2895 propheta
777 2822 1051 2879 clamavit.

207 3056 387 3109 cimus.
424 3053 686 3124 Depositis
724 3068 863 3122 ergo,
893 3059 999 3107 etc.
1033 3050 1196 3124 Editig
1218 3049 1418 3124 Leonis
1466 3050 1798 3121 antiquiores

207 3122 528 3193 Quesnello':
555 3123 735 3195 Neque
762 3130 1071 3195 commutare
1098 3122 1450 3195 deﬁnitionem
1480 3138 1656 3195 eorum
1686 3139 1799 3193 per-

208 3192 435 3267 petuam,
466 3192 701 3267 quorum
714 3194 949 3267 regulam
987 3194 1266 3267 secundum
1291 3210 1461 3248 sacras
1499 3192 1800 3267 Scripturas

210 3263 316 3321 esse
343 3263 641 3320 didicimus.
664 3263 833 3321 Codd.
864 3266 1013 3334 Hisp.
1036 3275 1092 3319 et
1117 3263 1245 3318 Isid.
1278 3279 1397 3319 cum
1421 3279 1551 3318 mss.
1582 3264 1794 3319 collect.

211 3336 273 3393 21
308 3350 358 3393 ei
388 3336 482 3403 ΞΛ,
546 3338 769 3391 Merlino
809 3345 970 3407 atque
1008 3335 1303 3391 Sicbardo:
1352 3335 1529 3405 Neque
1570 3350 1796 3407 commu-

213 3418 319 3462 tare
345 3410 699 3477 deﬁnitionem
718 3406 897 3461 eorum
922 3418 1241 3476 perpetuam,
1272 3423 1491 3476 quorum
1518 3406 1799 3461 secundum

215 3480 324 3545 (AI.
351 3474 513 3549 male,
530 3479 691 3549 sequi)
714 3491 914 3533 sanctas
925 3474 1229 3547 Scitipturas
1252 3474 1529 3532 didicimus
1553 3477 1803 3548 regulam.
1836 3474 1881 3539 C

214 3552 554 3605 Praetulimus
582 3552 868 3606 lectionem
899 3550 1257 3620 antiquissimi
1283 3549 1402 3603 Vat.
1447 3550 1661 3604 collect.
1690 3551 1725 3605 5
1747 3558 1803 3605 et

212 3621 475 3677 Vallicell.
506 3638 627 3677 cum
654 3620 867 3675 caneris
893 3618 1101 3675 collect.
1129 3618 1183 3675 8.

285 3702 311 3730 λ
343 3694 481 3748 Tres
509 3704 795 3763 sequentes
821 3706 982 3747 voces
1010 3691 1206 3746 desunt
1234 3690 1288 3746 in
1318 3690 1551 3763 Vercell.
1581 3691 1795 3746 collect.

214 3765 246 3818 8
269 3775 323 3820 et
347 3767 401 3819 in
430 3762 644 3819 collect.
678 3765 827 3833 Hisp.
851 3773 905 3818 et
933 3764 1144 3817 caeteris
1161 3777 1226 3817 ex
1254 3778 1317 3819 ea
1345 3762 1624 3818 derivatis.
1672 3762 1803 3817 Post

212 3850 379 3905 pauca
400 3877 416 3899 ,
440 3838 562 3903 quia
595 3851 793 3888 summo
836 3835 1049 3889 clericus
1086 3835 1279 3905 degens
1303 3833 1469 3904 gradu
1492 3835 1698 3888 inuasus
1729 3842 1801 3888 est

215 3904 268 3961 in
301 3922 434 3961 mss.
467 3908 678 3961 collect.
712 3905 785 3959 ‘24
811 3916 865 3959 et
893 3905 1033 3971 apud
1061 3904 1401 3961 Sicbardum.

286 3978 314 4016 δ
346 3978 462 4033 Duo
487 3978 636 4041 cod.,
668 3986 851 4047 raptus
880 3986 974 4030 est.

292 4060 315 4088 ε
347 4051 464 4110 AL,
500 4046 805 4119 dedignans.
836 4047 1001 4100 Paulo
1040 4056 1161 4117 post
1206 4047 1440 4117 quinque
1480 4046 1674 4111 codd.,
1711 4046 1801 4100 sed

208 4138 323 4191 1am
344 4137 533 4191 incipio
562 4136 824 4173 enarrare.

286 4190 316 4229 ἀ
346 4191 519 4245 Codd.
550 4192 699 4259 Hisp.
733 4199 787 4245 et
815 4188 938 4243 Isid.
966 4204 1088 4243 cum
1131 4204 1261 4243 mss.
1308 4189 1525 4243 collect.
1557 4188 1623 4241 2i
1651 4198 1705 4259 et
1732 4186 1803 4244 24

212 4264 483 4330 editisque
523 4258 719 4316 Leonis
756 4270 881 4315 ante
932 4260 1137 4326 Quesn.
1169 4269 1225 4314 et
1268 4259 1516 4315 Sichard.
1570 4258 1796 4328 addunt,

212 4336 370 4389 enim.
404 4334 531 4387 Post
553 4348 717 4403 pauca
742 4346 837 4401 pro
869 4331 979 4400 lupi
1008 4347 1220 4403 rapaces
1250 4331 1383 4403 alias
1410 4339 1645 4398 raptores
1669 4330 1796 4401 lupi.

288 4418 315 4443 ε
352 4405 469 4460 Non
500 4405 652 4470 pauci
698 4403 854 4457 codd.
898 4414 953 4457 et
1000 4402 1127 4457 editi
1168 4402 1364 4456 Leonis
1403 4410 1529 4456 ante
1572 4404 1799 4467 Quesn.,

213 4488 404 4532 essent.
439 4476 603 4530 Paulo
634 4485 753 4544 post
778 4475 982 4541 Quesn.
1016 4490 1081 4528 ex
1102 4472 1263 4527 editis
1288 4473 1652 4527 Conciliorum
1683 4489 1798 4526 evo-

212 4565 355 4603 mere
377 4563 476 4613 pro
505 4562 785 4613 assumere,
816 4544 959 4615 quod
990 4560 1056 4600 ex
1078 4545 1237 4599 editis
1267 4545 1462 4600 Leonis
1485 4555 1537 4598 et
1562 4559 1692 4599 mss.
1720 4560 1804 4598 re-

214 4633 548 4673 vocavsmus.

290 4690 312 4729 ί
341 4690 788 4756 Conjiinctionem
818 4698 862 4742 et
887 4689 939 4743 in
966 4687 1224 4743 Conciliis
1246 4697 1299 4741 et
1328 4704 1356 4739 a
1388 4686 1681 4753 Quesnello
1709 4686 1793 4740 de.

212 4762 398 4825 letam,
433 4778 498 4815 ex
524 4761 724 4815 nostris
749 4759 907 4816 codd.
939 4768 995 4815 et
1024 4760 1221 4814 Leonis
1250 4758 1410 4813 editis
1441 4760 1797 4812 restituimus.

288 4842 317 4879 ε
349 4834 425 4921 [ιε
464 4849 529 4888 ex
558 4831 919 4921 anterior-ibus
946 4832 1215 4921 Leoninis'
1243 4828 1567 4921 editignibus
1596 4843 1657 4883 ac
1688 4827 1801 4921 fere
1827 4861 1878 4921 υ

210 4907 467 4958 omnibus
497 4919 629 4958 mss.
662 4903 830 4958 libris.
863 4902 1090 4957 Codices
1117 4903 1329 4957 collect.
1377 4901 1467 4964 21,
1500 4902 1801 4953 invenerunt

210 4988 405 5029 autem.
450 4975 770 5043 Quesnellus
795 4988 915 5027 cum
946 4973 1102 5027 editis
1142 4971 1373 5039 Concil.,
1408 4971 1561 5025 Nacti
1608 4981 1796 5043 autem.

287 5045 317 5083 ιι
348 5042 670 5111 QuieSnellus
711 5052 765 5098 et
802 5044 930 5099 edit.
963 5044 1196 5110 Concil.,
1239 5052 1623 5114 contorquentes
1653 5052 1697 5093 et
1723 5042 1800 5114 rvi-

211 5129 527 5182 superantes.
561 5117 813 5171 Omnium
834 5114 1078 5170 codicum
1109 5125 1165 5170 et
1191 5114 1460 5170 editorum
1490 5113 1689 5168 Leonis
1718 5113 1796 5167 le-

210 5193 453 5245 ctionem
484 5189 872 5244 revocavimus.

292 5262 311 5298 ί
341 5262 433 5315 Sic
471 5276 600 5314 mss.
630 5259 1125 5328 antiquissimarum
1154 5256 1367 5311 collect.
1395 5257 1429 5309 5
1455 5266 1506 5309 et
1527 5254 1590 5328 78.
1621 5254 1794 5328 Ques-

176 5314 186 5351 ⁸
210 5314 391 5388 uellus
418 5347 538 5384 cum
577 5330 737 5384 codd.
761 5314 920 5396 IIisp.
945 5338 1001 5383 et
1027 5327 1153 5382 Isid.
1189 5341 1287 5382 nec
1316 5343 1421 5380 non
1458 5314 1670 5380 collect.
1703 5325 1791 5391 2i,

183 5415 254 5457 iet
284 5404 603 5473 relinquunt.
632 5402 824 5473 Cteteri
867 5400 1005 5473 editi,
1036 5414 1157 5453 cum
1210 5414 1338 5473 mss.
1378 5398 1592 5473 collect.
1738 5412 1799 5452 ac

208 5468 499 5538 Sicbardo,
530 5482 577 5526 et
626 5472 870 5542 reliquas.
915 5470 1047 5525 Dein
1090 5484 1191 5525 vox
1230 5470 1462 5539 ipsorum
1507 5469 1559 5521 in
1599 5468 1802 5538 aliquot

210 5560 347 5600 mss.
378 5554 436 5600 et
460 5545 621 5599 editis
647 5544 1005 5598 desideratur.

291 5617 309 5666 i
338 5618 432 5673 Sic
459 5631 527 5670 ex
552 5614 851 5684 potioribus
874 5626 1004 5668 mss.
1036 5611 1164 5667 editi
1192 5610 1408 5675 Leonis,
1447 5626 1573 5681 quos
1598 5609 1801 5676 quidem

209 5688 453 5743 debenms
477 5687 777 5755 previdere,
802 5695 849 5737 et
868 5701 900 5737 a
926 5684 1107 5753 quibus
1135 5684 1349 5736 multum
1376 5690 1572 5755 oportet
1605 5697 1799 5736 cavere.

210 5760 417 5830 Queen.
444 5754 567 5813 cum
590 5757 721 5812 edit.
746 5756 978 5821 Concil.,
1006 5770 1132 5826 quos
1163 5755 1363 5825 quidem
1394 5754 1631 5808 debemus
1670 5769 1803 5822 prm-

208 5832 386 5885 tn'dere
414 5841 461 5885 et
492 5830 556 5882 ab
574 5830 648 5882 eis
680 5830 901 5882 multum
920 5842 1116 5881 cavere.

292 5902 317 5941 ιι
346 5901 425 5958 Ita
445 5915 569 5958 cum
596 5900 991 5969 antiquioribus
1020 5898 1212 5955 Leonis
1236 5896 1582 5963 editionibus,
1613 5910 1802 5955 omnes

1916 1988 2022 2043 lem
2049 1990 2361 2055 excutiens,
2403 1990 2455 2044 in
2504 2000 2689 2046 sancta
2734 2000 2917 2046 nostra
2955 1992 3163 2064 synodo
3190 1993 3502 2060 asserebat,

1915 2084 2180 2137 inStanter
2199 2083 2407 2149 dicens,
2432 2084 2720 2139 Dominum
2752 2094 2996 2142 nostrum
3021 2088 3203 2143 Jesum
3232 2086 3503 2144 Christum

1914 2189 2020 2229 non
2048 2184 2303 2245 oportere
2330 2176 2576 2231 conﬁteri
2595 2176 2663 2231 de
2690 2176 2900 2233 duabus
2931 2179 3137 2233 naturis
3166 2187 3286 2249 post
3316 2179 3505 2233 huma-

1913 2282 2035 2322 nam
2069 2269 2501 2337 susceptionem,
2532 2283 2653 2324 cum
2688 2286 2717 2324 a
2751 2269 2909 2325 nobis
2941 2271 3102 2325 unius
3133 2278 3155 2307 ⁸
3192 2270 3505 2325 substantias

1912 2368 1967 2415 et
1999 2361 2151 2415 anius
2194 2374 2439 2429 personae
2478 2370 2867 2431 cognoscatur;
2916 2376 3092 2432 neque
3133 2376 3352 2417 carnem
3399 2361 3505 2417 Do-

1914 2455 2046 2510 mini
2102 2455 2513 2511 coessentialem
2560 2454 2715 2511 nobis
2764 2456 3062 2511 subsistere
3112 2466 3383 2526 tamquam
3435 2470 3502 2512 ex

1912 2548 2069 2603 nobis
2095 2558 2421 2617 susceptam,
2468 2558 2523 2603 et
2562 2548 2915 2604 coadunatam
2952 2548 3065 2605 Deo
3091 2549 3270 2605 Verbo
3308 2563 3504 2605 secun-

1912 2639 2039 2693 dum
2083 2639 2474 2703 substantiam;
2525 2639 2619 2694 sed
2660 2640 2906 2704 dicebat,
2937 2640 3211 2711 Virginem
3240 2640 3457 2711 quidem
3483 2682 3499 2708 ,

1912 2746 2032 2802 quae
2056 2747 2177 2787 eum
2204 2734 2390 2803 genuit
2410 2732 2705 2787 secundum
2737 2748 2979 2799 carnem,
3019 2734 3036 2769 ί
3071 2732 3504 2789 consubstantia-

1913 2826 2020 2880 lem
2050 2826 2206 2881 nobis
2232 2840 2355 2882 esse
2374 2868 2389 2893 ,
2425 2827 2601 2896 ipsum
2632 2834 2814 2882 autem
2862 2826 3147 2882 Dominum
3181 2842 3291 2883 non
3316 2840 3503 2883 susce-

1908 3050 2081 3105 nostri
2110 3049 2347 3121 codices,
2400 3048 2639 3121 exceptis
2667 3062 2796 3121 mss.
2824 3048 3037 3104 collect.
3071 3050 3168 3115 2i,
3193 3050 3247 3105 in
3286 3050 3502 3121 quibus,

1907 3122 1982 3203 uti
2016 3120 2154 3203 apud
2178 3120 2397 3203 Quesn._
2427 3128 2483 3175 et
2529 3119 2660 3174 edit.
2686 3120 2935 3203 Concil.,
2967 3136 3029 3174 ne
3073 3137 3247 3175 eorum
3299 3119 3505 3177 malitia

1908 3192 2069 3260 aliqui
2095 3192 2318 3257 inducti,
2350 3192 2448 3257 al.,
2482 3192 2738 3260 occupati.

1986 3263 2092 3317 1In
2142 3263 2261 3316 Vat.
2300 3263 2452 3330 IIiSp.
2493 3272 2553 3319 et
2596 3261 2725 3316 Isid.
2771 3277 2835 3317 ac
2879 3262 3085 3317 duobus
3129 3262 3249 3317 aliis
3290 3263 3478 3329 codd.,

1908 3334 2171 3388 Acuerunt
2203 3334 2336 3406 enim
2365 3334 2513 3403 quasi
2552 3332 2767 3406 aspides
2798 3334 3000 3406 linguas
3028 3350 3187 3399 suas;
3227 3333 3290 3389 de
3319 3335 3505 3404 quibus

1910 3408 2157 3476 propheta
2184 3405 2374 3458 clamat
2401 3420 2418 3458 :
2448 3405 2707 3476 Acuerunt
2733 3405 2958 3476 _l_inguas
2988 3421 3107 3458 suas
3132 3406 3261 3457 sicut
3297 3422 3504 3475 serpen-

1913 3474 2015 3542 tes,
2035 3487 2089 3531 et
2124 3477 2349 3545 reliqua.
2387 3474 2552 3541 Talis,
2578 3485 2687 3529 etc.
2732 3474 3033 3530 Vindebon.
3068 3476 3243 3544 Hisp.,
3274 3477 3505 3531 Acurunt

1910 3548 2198 3673 gstitlzgseréilt:
2241 3548 2387 3619 quasi
2430 3547 2655 3617 aspides.
2701 3546 2775 3600 De
2820 3546 2900 3601 his
2945 3548 3196 3618 propheta
3240 3550 3501 3602 clamavit.

1955 3621 2074 3685 alis,
2104 3629 2209 3674 etc.

1980 3701 2019 3727 ω
2053 3692 2142 3746 Sic
2172 3690 2415 3758 plerique
2440 3687 2677 3744 codices.
2706 3688 2877 3750 Alias.
2913 3689 3044 3742 inter
3065 3705 3180 3743 nos.

1978 3771 2005 3799 τι
2026 3763 2123 3818 Ms.
2157 3762 2417 3823 Vercell.,
2445 3761 2500 3813 in
2513 3768 2717 3832 nostra:
2744 3760 3011 3831 religionis
3039 3768 3222 3832 sectas
3251 3761 3499 3832 sapiebat,

1908 3835 2130 3888 omissis
2151 3843 2197 3886 et
2227 3833 2362 3885 hanc
2384 3830 2707 3903 praeferebat.
2744 3830 2923 3903 Aliqui
2953 3830 3135 3903 codd.,
3167 3830 3425 3901 capiebat.

1980 3913 2004 3939 ο
2032 3904 2386 3960 Restituimus
2418 3902 2702 3957 lectionem
2733 3902 2998 3956 editorum
3027 3902 3253 3967 Leonis,
3287 3905 3374 3957 cui
3407 3917 3502 3957 no-

1905 3978 2001 4028 stri
2061 3975 2221 4029 codd.
2278 3974 2655 4042 suffragantur.
2710 3973 3029 4038 Quesnellus
3079 3987 3144 4027 ex
3196 3973 3501 4029 editoribus

1906 4043 2291 4111 Conciliorum,
2320 4045 2649 4115 ejusdemque
2670 4046 2864 4114 pariter
2882 4044 2951 4096 ad
2985 4042 3292 4115 Orientales,
3318 4045 3501 4112 quibus

1906 4133 2077 4171 omnes
2102 4112 2444 4172 assenserant.
2489 4112 2804 4183 Paulo'post
2834 4115 2891 4169 in
2922 4115 3039 4170 Vat.
3070 4114 3220 4183 Hisp.
3248 4123 3303 4169 et
3344 4115 3497 4179 Isid.,

1907 4198 2120 4259 temptat
2154 4188 2259 4241 evel
2266 4190 2386 4240 lere.

1978 4256 2017 4307 P‘
2036 4260 2151 4314 Vat.
2194 4259 2344 4327 Hisp.
2376 4267 2430 4312 et
2463 4260 2591 4315 Isid.
2626 4274 2745 4313 cum
2779 4272 2923 4327 mss:
2955 4256 3169 4310 collect.
3217 4259 3275 4310 Il
3312 4267 3365 4311 et
3403 4256 3496 4324 2i,

1904 4332 1989 4398 qui
2018 4347 2117 4385 non
2150 4326 2390 4383 timebant
2420 4341 2727 4398 praeceptum
2755 4330 2857 4383 veri
2890 4326 2986 4380 Dei
3026 4327 3263 4383 dicentis.
3299 4328 3501 4382 Exem-

1908 4349 1989 4398 qui
2018 4349 2117 4385 non
2150 4349 2390 4383 ιιηιευαηι
2456 4349 2582 4386 rceee
2623 4349 2727 4383 tum
2755 4349 2857 4383 vers
2890 4349 2986 4380 υσι
3026 4349 3263 4383 arcentis.
3299 4349 3497 4382 DIC!“-

1908 4401 2026 4470 plar
2052 4401 2301 4457 Sicliardi
2327 4410 2380 4455 et
2403 4349 2704 4456 Vindebon.
2748 4400 2899 4470 Hisp.
2950 4398 3111 4453 habet
3140 4404 3364 4470 tantum,
3390 4400 3497 4453 ueri

1907 4467 2026 4526 Dei.
2051 4473 2193 4527 Editi
2222 4471 2419 4525 Leonis
2450 4472 2803 4540 antiquiores,
2836 4469 2989 4539 Regis
3016 4470 3122 4522 veri
3154 4467 3272 4525 Dei.

1979 4554 2006 4593 «ι
2039 4544 2157 4598 Vox
2186 4544 2410 4597 minimis
2434 4544 2485 4598 in
2512 4543 2750 4612 pluribus
2784 4544 2912 4608 (non
2958 4550 3134 4612 tamen
3168 4541 3368 4612 nostris
3398 4554 3495 4595 an-

1909 4614 2261 4685 tiquioribus)
2285 4630 2414 4669 mss.
2445 4610 2595 4670 etin
2628 4613 2787 4669 editis
2824 4623 2949 4667 ante
2970 4610 3172 4679 Quesn.
3209 4610 3489 4667 desidera-

1908 4695 2016 4739 ιυτ.

1980 4768 2001 4794 τ
2034 4757 2091 4811 In
2120 4756 2327 4810 duobus
2347 4754 2505 4811 codd.
2539 4755 2751 4810 collect.
2788 4755 2822 4811 8
2844 4755 2894 4809 in
2923 4753 3226 4808 Vindebon.
3260 4753 3410 4823 Hisp.
3445 4763 3499 4808 et

1905 4843 2036 4882 mss.
2088 4828 2299 4882 collect.
2342 4826 2413 4880 24
2453 4842 2574 4881 cum
2620 4826 2882 4882 Sicbardo
2923 4826 3117 4879 desunt
3158 4838 3344 4891 voces,
3387 4828 3499 4896 ejus

1904 4899 2143 4967 perﬁdia.
2172 4898 2229 4951 In
2263 4897 2381 4951 Vat.
2414 4898 2561 4967 Hisp.
2597 4913 2661 4953 ac
2705 4897 2830 4952 Isid.
2881 4897 3095 4964 legitur,
3126 4911 3309 4967 eorum
3346 4894 3500 4963 perﬁ-

1903 4964 2011 5023 dia.
2041 4970 2172 5024 Post
2193 4984 2359 5036 pauca
2391 4984 2487 5037 pro
2510 4964 2766 5023 excutiens
2793 4968 3009 5038 quidam
3040 4964 3285 5038 codices,
3315 4981 3496 5020 excus-

1902 5042 2001 5106 sit;
2046 5050 2100 5096 et
2141 5039 2305 5095 iidem
2345 5056 2490 5102 mox.
2536 5042 2588 5094 in
2609 5049 2789 5094 sancta
2815 5037 3067 5110 synodo,
3108 5037 3311 5092 omissa
3363 5050 3494 5090 voce

1902 5122 2097 5166 nostra.

1974 5191 1995 5218 ⁸
2040 5183 2114 5237 Ita
2166 5196 2355 5236 omnes
2399 5181 2568 5236 nostri
2616 5181 2777 5235 codd.
2826 5190 2879 5236 et
2926 5178 3056 5233 editi
3105 5176 3329 5231 Leonini
3373 5186 3500 5230 ante

1901 5253 2272 5319 Quesnellum,
2300 5257 2388 5320 qui
2415 5268 2535 5306 cum
2554 5253 2765 5307 excusis
2788 5250 3108 5313 Concilion,
3126 5247 3495 5320 subsistentiis.

1904 5318 2048 5398 Idem
2080 5325 2266 5398 etiam,
2291 5318 2460 5398 paulo
2484 5334 2625 5392 post,
2653 5324 2932 5377 secundum
2955 5318 3339 5398 subsistentiam
3364 5318 3470 5371 scri

1905 5397 2025 5463 psit.
2076 5387 2427 5450 Restititimus
2467 5387 2667 5459 autem,
2715 5409 2780 5449 ex
2824 5394 3073 5446 omnibus
3110 5387 3413 5463 _codicibus_
3443 5398 3499 5443 et

1904 5458 2093 5531 editis,
2123 5466 2402 5520 secundum
2424 5458 2785 5520 substantiam.
2812 5465 2950 5519 Olim
2983 5461 3121 5531 apud
3153 5471 3368 5514 veteres
3393 5458 3496 5513 La-

1905 5539 2046 5593 tinos
2066 5580 2080 5601 ,
2117 5536 2455 5591 substantiam
2497 5546 2551 5592 et
2576 5536 2960 5591 subsistentiam
2992 5542 3179 5587 mutuo
3212 5539 3499 5599 usurpatas

1906 5608 2128 5663 aliunde
2159 5609 2503 5677 exploratum
2536 5617 2643 5663 est.

1982 5682 1999 5716 ι
2052 5680 2169 5733 Vat.
2201 5672 2349 5748 iiisp.
2374 5688 2428 5734 et
2444 5679 2593 5745 Isid.,
2618 5693 2739 5733 cum
2755 5678 2861 5731 alio
2891 5676 3006 5730 Vat.
3032 5672 3248 5748 collect.
3275 5673 3366 5748 ii,
3385 5688 3499 5727 con-

1903 5743 2312 5806 substantiam}
2328 5752 2480 5806 Alius
2522 5743 2645 5806 Vat.
2693 5749 2910 5804 collect.
2939 5748 2996 5815 3,
3028 5752 3080 5799 et
3108 5743 3193 5799 hic
3216 5753 3271 5800 et
3296 5745 3499 5803 iterum

1907 5833 2117 5894 postea,
2148 5823 2550 5877 coessentialem.
