  <div class='ocr_page' id='page_1' title='image "/cluster/home/n/w/nwhite01/storage/ocr_20150623/54/hvd.32044015471584/371.png"; bbox 0 0 4020 6352; ppageno 0'>
   <div class='ocr_carea' id='block_1_1' title="bbox 538 372 643 435">
    <p class='ocr_par' dir='ltr' id='par_1_1' title="bbox 538 372 643 435">
     <span class='ocr_line' id='line_1_1' title="bbox 538 372 643 435; baseline 0 0"><span class='ocrx_word' id='word_1_1' title='bbox 538 372 643 435; x_wconf 78' lang='lat'><strong>755</strong></span> 
     </span>
    </p>
   </div>
   <div class='ocr_carea' id='block_1_2' title="bbox 1678 353 2689 423">
    <p class='ocr_par' dir='ltr' id='par_1_2' title="bbox 1678 353 2689 423">
     <span class='ocr_line' id='line_1_2' title="bbox 1678 353 2689 423; baseline -0.005 -1"><span class='ocrx_word' id='word_1_2' title='bbox 1678 365 1733 423; x_wconf 87' lang='lat' dir='ltr'><strong>S.</strong></span> <span class='ocrx_word' id='word_1_3' title='bbox 1768 363 2014 422; x_wconf 83' lang='lat' dir='ltr'><strong>LEONlS</strong></span> <span class='ocrx_word' id='word_1_4' title='bbox 2053 360 2269 419; x_wconf 75' lang='lat' dir='ltr'><strong>MAGNI</strong></span> <span class='ocrx_word' id='word_1_5' title='bbox 2308 353 2689 419; x_wconf 68' lang='lat' dir='ltr'><strong>EPISTOLJE.</strong></span> 
     </span>
    </p>
   </div>
   <div class='ocr_carea' id='block_1_3' title="bbox 3713 362 3816 420">
    <p class='ocr_par' dir='ltr' id='par_1_3' title="bbox 3713 362 3816 420">
     <span class='ocr_line' id='line_1_3' title="bbox 3713 362 3816 420; baseline 0 0"><span class='ocrx_word' id='word_1_6' title='bbox 3713 362 3816 420; x_wconf 73' lang='lat'><strong>736</strong></span> 
     </span>
    </p>
   </div>
   <div class='ocr_carea' id='block_1_4' title="bbox 536 472 2117 552">
    <p class='ocr_par' dir='ltr' id='par_1_4' title="bbox 536 474 2111 552">
     <span class='ocr_line' id='line_1_4' title="bbox 536 474 2111 552; baseline -0.009 -9"><span class='ocrx_word' id='word_1_7' title='bbox 536 487 798 544; x_wconf 80' lang='lat' dir='ltr'><strong>columem</strong></span> <span class='ocrx_word' id='word_1_8' title='bbox 825 483 1111 552; x_wconf 76' lang='lat' dir='ltr'><strong>custodiat,</strong></span> <span class='ocrx_word' id='word_1_9' title='bbox 1141 482 1308 540; x_wconf 76' lang='lat' dir='ltr'><strong>frater</strong></span> <span class='ocrx_word' id='word_1_10' title='bbox 1333 478 1676 537; x_wconf 76' lang='lat' dir='ltr'><strong>charissime,</strong></span> <span class='ocrx_word' id='word_1_11' title='bbox 1705 476 1896 532; x_wconf 97' lang='lat' dir='ltr'><strong>Datum</strong></span> <span class='ocrx_word' id='word_1_12' title='bbox 1929 483 1955 514; x_wconf 73' lang='grc' dir='ltr'>ι</span> <span class='ocrx_word' id='word_1_13' title='bbox 1977 474 2111 530; x_wconf 87' lang='lat' dir='ltr'><strong>duo-</strong></span> 
     </span>
    </p>
   </div>
   <div class='ocr_carea' id='block_1_5' title="bbox 2236 472 3815 552">
    <p class='ocr_par' dir='ltr' id='par_1_5' title="bbox 2236 472 3815 546">
     <span class='ocr_line' id='line_1_5' title="bbox 2236 472 3815 546; baseline 0.002 -18"><span class='ocrx_word' id='word_1_14' title='bbox 2236 478 2305 533; x_wconf 70' lang='lat' dir='ltr'><strong>rrlv</strong></span> <span class='ocrx_word' id='word_1_15' title='bbox 2331 476 2495 546; x_wconf 71' lang='grc' dir='ltr'><strong>ἰσχὺν</strong></span> <span class='ocrx_word' id='word_1_16' title='bbox 2523 472 2777 546; x_wconf 69' lang='grc' dir='ltr'><strong>ἔχουσαι,</strong></span> <span class='ocrx_word' id='word_1_17' title='bbox 2800 476 2885 531; x_wconf 77' lang='grc' dir='ltr'><strong><em>καὶ</em></strong></span> <span class='ocrx_word' id='word_1_18' title='bbox 2926 477 2998 536; x_wconf 75' lang='grc' dir='ltr'><strong>εἷς</strong></span> <span class='ocrx_word' id='word_1_19' title='bbox 3026 480 3115 535; x_wconf 72' lang='grc' dir='ltr'><strong>τὴν</strong></span> <span class='ocrx_word' id='word_1_20' title='bbox 3142 474 3433 535; x_wconf 73' lang='grc' dir='ltr'><strong>τελειότητα</strong></span> <span class='ocrx_word' id='word_1_21' title='bbox 3458 484 3551 539; x_wconf 75' lang='grc' dir='ltr'><strong>τῆς</strong></span> <span class='ocrx_word' id='word_1_22' title='bbox 3591 479 3815 538; x_wconf 72' lang='grc' dir='ltr'><strong>πίστεως</strong></span> 
     </span>
    </p>
   </div>
   <div class='ocr_carea' id='block_1_6' title="bbox 536 567 2112 643">
    <p class='ocr_par' dir='ltr' id='par_1_6' title="bbox 536 567 2112 643">
     <span class='ocr_line' id='line_1_6' title="bbox 536 567 2112 643; baseline -0.009 -6"><span class='ocrx_word' id='word_1_23' title='bbox 536 580 745 638; x_wconf 83' lang='lat' dir='ltr'><strong>decimo</strong></span> <span class='ocrx_word' id='word_1_24' title='bbox 774 578 1029 635; x_wconf 78' lang='lat' dir='ltr'><strong>kalendas</strong></span> <span class='ocrx_word' id='word_1_25' title='bbox 1066 576 1267 643; x_wconf 77' lang='lat' dir='ltr'><strong>Martii,</strong></span> <span class='ocrx_word' id='word_1_26' title='bbox 1298 573 1515 631; x_wconf 81' lang='lat' dir='ltr'><strong>Asturio</strong></span> <span class='ocrx_word' id='word_1_27' title='bbox 1556 578 1613 629; x_wconf 88' lang='lat' dir='ltr'><strong>et</strong></span> <span class='ocrx_word' id='word_1_28' title='bbox 1648 570 1951 641; x_wconf 77' lang='lat' dir='ltr'><strong>Protogene</strong></span> <span class='ocrx_word' id='word_1_29' title='bbox 1980 567 2112 625; x_wconf 89' lang='lat' dir='ltr'><strong>viris</strong></span> 
     </span>
    </p>
   </div>
   <div class='ocr_carea' id='block_1_7' title="bbox 538 668 1212 729">
    <p class='ocr_par' dir='ltr' id='par_1_7' title="bbox 538 668 1212 729">
     <span class='ocr_line' id='line_1_7' title="bbox 538 668 1212 729; baseline -0.009 0"><span class='ocrx_word' id='word_1_30' title='bbox 538 670 852 729; x_wconf 86' lang='lat' dir='ltr'><strong>clarissimis</strong></span> <span class='ocrx_word' id='word_1_31' title='bbox 881 668 1212 726; x_wconf 90' lang='lat' dir='ltr'><strong>consulibus.</strong></span> 
     </span>
    </p>
   </div>
   <div class='ocr_carea' id='block_1_8' title="bbox 889 829 1732 908">
    <p class='ocr_par' dir='ltr' id='par_1_8' title="bbox 889 829 1732 908">
     <span class='ocr_line' id='line_1_8' title="bbox 889 829 1732 908; baseline -0.002 -19"><span class='ocrx_word' id='word_1_32' title='bbox 889 836 1074 908; x_wconf 49' lang='lat'><strong>.737</strong></span> <span class='ocrx_word' id='word_1_33' title='bbox 1118 829 1451 889; x_wconf 85' lang='lat' dir='ltr'><strong>EPISTOLA</strong></span> <span class='ocrx_word' id='word_1_34' title='bbox 1488 829 1732 899; x_wconf 70' lang='lat' dir='ltr'><strong>bxxw,</strong></span> 
     </span>
    </p>
   </div>
   <div class='ocr_carea' id='block_1_9' title="bbox 929 958 1731 1006">
    <p class='ocr_par' dir='ltr' id='par_1_9' title="bbox 929 958 1731 1006">
     <span class='ocr_line' id='line_1_9' title="bbox 929 958 1731 1006; baseline -0.002 0"><span class='ocrx_word' id='word_1_35' title='bbox 929 958 950 981; x_wconf 60' lang='grc' dir='ltr'><strong>ε⁴</strong></span> <span class='ocrx_word' id='word_1_36' title='bbox 978 967 1047 1006; x_wconf 68' lang='lat' dir='ltr'><strong>an</strong></span> <span class='ocrx_word' id='word_1_37' title='bbox 1076 964 1410 1006; x_wconf 73' lang='lat' dir='ltr'><strong>meonosmu</strong></span> <span class='ocrx_word' id='word_1_38' title='bbox 1437 964 1731 1005; x_wconf 70' lang='lat' dir='ltr'><strong>aucusruu.</strong></span> 
     </span>
    </p>
   </div>
   <div class='ocr_carea' id='block_1_10' title="bbox 543 1068 1588 1141">
    <p class='ocr_par' dir='ltr' id='par_1_10' title="bbox 543 1068 1588 1141">
     <span class='ocr_line' id='line_1_10' title="bbox 543 1068 1588 1141; baseline -0.003 -18"><span class='ocrx_word' id='word_1_39' title='bbox 543 1068 812 1141; x_wconf 72' lang='lat' dir='ltr'><strong>Svu_opsns_.</strong></span> <span class='ocrx_word' id='word_1_40' title='bbox 828 1099 912 1141; x_wconf 10' lang='lat'><strong>7—-</strong></span> <span class='ocrx_word' id='word_1_41' title='bbox 933 1068 974 1124; x_wconf 88' lang='lat' dir='ltr'><strong>l.</strong></span> <span class='ocrx_word' id='word_1_42' title='bbox 1004 1068 1241 1123; x_wconf 85' lang='lat' dir='ltr'><strong>Lauaata</strong></span> <span class='ocrx_word' id='word_1_43' title='bbox 1268 1070 1588 1141; x_wconf 70' lang='lat' dir='ltr'><strong>imperatoris</strong></span> 
     </span>
    </p>
   </div>
   <div class='ocr_carea' id='block_1_11' title="bbox 608 1210 1129 1284">
    <p class='ocr_par' dir='ltr' id='par_1_11' title="bbox 608 1210 1129 1284">
     <span class='ocr_line' id='line_1_11' title="bbox 608 1210 1129 1284; baseline 0.012 -22"><span class='ocrx_word' id='word_1_44' title='bbox 608 1210 795 1265; x_wconf 82' lang='lat' dir='ltr'><strong>instrui</strong></span> <span class='ocrx_word' id='word_1_45' title='bbox 816 1227 868 1266; x_wconf 88' lang='lat' dir='ltr'><strong>se</strong></span> <span class='ocrx_word' id='word_1_46' title='bbox 884 1210 1129 1284; x_wconf 74' lang='lat' dir='ltr'><strong>postulat.</strong></span> 
     </span>
    </p>
   </div>
   <div class='ocr_carea' id='block_1_12' title="bbox 802 1334 1849 1407">
    <p class='ocr_par' dir='ltr' id='par_1_12' title="bbox 802 1334 1849 1407">
     <span class='ocr_line' id='line_1_12' title="bbox 802 1334 1849 1407; baseline 0 -17"><span class='ocrx_word' id='word_1_47' title='bbox 802 1334 915 1391; x_wconf 77' lang='lat' dir='ltr'><strong>Leo</strong></span> <span class='ocrx_word' id='word_1_48' title='bbox 946 1336 1233 1406; x_wconf 80' lang='lat' dir='ltr'><strong>episcopus</strong></span> <span class='ocrx_word' id='word_1_49' title='bbox 1260 1336 1564 1392; x_wconf 71' lang='lat' dir='ltr'><strong>Tneonosro</strong></span> <span class='ocrx_word' id='word_1_50' title='bbox 1591 1337 1849 1407; x_wconf 81' lang='lat' dir='ltr'><strong>Augusto.</strong></span> 
     </span>
    </p>
   </div>
   <div class='ocr_carea' id='block_1_13' title="bbox 615 1472 2120 1543">
    <p class='ocr_par' dir='ltr' id='par_1_13' title="bbox 615 1472 2120 1543">
     <span class='ocr_line' id='line_1_13' title="bbox 615 1472 2120 1543; baseline -0.001 -13"><span class='ocrx_word' id='word_1_51' title='bbox 615 1488 741 1530; x_wconf 73' lang='lat' dir='ltr'><strong>ur.</strong></span> <span class='ocrx_word' id='word_1_52' title='bbox 777 1475 818 1529; x_wconf 91' lang='grc' dir='ltr'><strong>Ι.</strong></span> <span class='ocrx_word' id='word_1_53' title='bbox 856 1504 927 1514; x_wconf 90' lang='lat'><strong>——</strong></span> <span class='ocrx_word' id='word_1_54' title='bbox 962 1475 1229 1542; x_wconf 90' lang='lat' dir='ltr'><strong>Quantum</strong></span> <span class='ocrx_word' id='word_1_55' title='bbox 1279 1474 1517 1543; x_wconf 62' lang='lat' dir='ltr'><strong>praesidii</strong></span> <span class='ocrx_word' id='word_1_56' title='bbox 1564 1474 1819 1528; x_wconf 88' lang='lat' dir='ltr'><strong>Dominus</strong></span> <span class='ocrx_word' id='word_1_57' title='bbox 1863 1472 2120 1529; x_wconf 80' lang='lat' dir='ltr'><strong>Ecclesiae</strong></span> 
     </span>
    </p>
   </div>
   <div class='ocr_carea' id='block_1_14' title="bbox 542 1566 2117 1637">
    <p class='ocr_par' dir='ltr' id='par_1_14' title="bbox 542 1566 2117 1637">
     <span class='ocr_line' id='line_1_14' title="bbox 542 1566 2117 1637; baseline -0.002 -14"><span class='ocrx_word' id='word_1_58' title='bbox 542 1580 651 1623; x_wconf 76' lang='lat' dir='ltr'><strong>sua:</strong></span> <span class='ocrx_word' id='word_1_59' title='bbox 678 1568 733 1622; x_wconf 91' lang='lat' dir='ltr'><strong>in</strong></span> <span class='ocrx_word' id='word_1_60' title='bbox 760 1568 863 1623; x_wconf 78' lang='lat' dir='ltr'><strong>(ide</strong></span> <span class='ocrx_word' id='word_1_61' title='bbox 891 1578 1084 1623; x_wconf 78' lang='lat' dir='ltr'><strong>vestrae</strong></span> <span class='ocrx_word' id='word_1_62' title='bbox 1109 1567 1412 1623; x_wconf 87' lang='lat' dir='ltr'><strong>clementiae</strong></span> <span class='ocrx_word' id='word_1_63' title='bbox 1443 1568 1785 1637; x_wconf 72' lang='lat' dir='ltr'><strong>praepararit.</strong></span> <span class='ocrx_word' id='word_1_64' title='bbox 1831 1566 1915 1622; x_wconf 91' lang='lat' dir='ltr'><strong>his</strong></span> <span class='ocrx_word' id='word_1_65' title='bbox 1955 1567 2117 1622; x_wconf 91' lang='lat' dir='ltr'><strong>etiam</strong></span> 
     </span>
    </p>
   </div>
   <div class='ocr_carea' id='block_1_15' title="bbox 536 1660 2124 1731">
    <p class='ocr_par' dir='ltr' id='par_1_15' title="bbox 536 1660 2124 1731">
     <span class='ocr_line' id='line_1_15' title="bbox 536 1660 2124 1731; baseline 0.001 -16"><span class='ocrx_word' id='word_1_66' title='bbox 536 1660 732 1716; x_wconf 76' lang='lat' dir='ltr'><strong>litteris</strong></span> <span class='ocrx_word' id='word_1_67' title='bbox 753 1676 885 1731; x_wconf 91' lang='lat' dir='ltr'><strong>quas</strong></span> <span class='ocrx_word' id='word_1_68' title='bbox 912 1662 978 1716; x_wconf 90' lang='lat' dir='ltr'><strong>ad</strong></span> <span class='ocrx_word' id='word_1_69' title='bbox 1009 1677 1094 1717; x_wconf 91' lang='lat' dir='ltr'><strong>me</strong></span> <span class='ocrx_word' id='word_1_70' title='bbox 1116 1662 1340 1717; x_wconf 81' lang='lat' dir='ltr'><strong>misistis</strong></span> <span class='ocrx_word' id='word_1_71' title='bbox 1365 1662 1705 1718; x_wconf 75' lang='lat' dir='ltr'><strong>ostenditur:</strong></span> <span class='ocrx_word' id='word_1_72' title='bbox 1740 1672 1797 1717; x_wconf 89' lang='lat' dir='ltr'><strong>ut</strong></span> <span class='ocrx_word' id='word_1_73' title='bbox 1824 1661 1976 1717; x_wconf 82' lang='lat' dir='ltr'><strong>vobis</strong></span> <span class='ocrx_word' id='word_1_74' title='bbox 2015 1677 2124 1717; x_wconf 92' lang='lat' dir='ltr'><strong>non</strong></span> 
     </span>
    </p>
   </div>
   <div class='ocr_carea' id='block_1_16' title="bbox 535 1754 2127 1825">
    <p class='ocr_par' dir='ltr' id='par_1_16' title="bbox 535 1754 2127 1825">
     <span class='ocr_line' id='line_1_16' title="bbox 535 1754 2127 1825; baseline 0.001 -17"><span class='ocrx_word' id='word_1_75' title='bbox 535 1754 711 1808; x_wconf 86' lang='lat' dir='ltr'><strong>solum</strong></span> <span class='ocrx_word' id='word_1_76' title='bbox 746 1754 972 1825; x_wconf 89' lang='lat' dir='ltr'><strong>regium,</strong></span> <span class='ocrx_word' id='word_1_77' title='bbox 1017 1755 1111 1810; x_wconf 93' lang='lat' dir='ltr'><strong>sed</strong></span> <span class='ocrx_word' id='word_1_78' title='bbox 1141 1756 1303 1810; x_wconf 88' lang='lat' dir='ltr'><strong>etiam</strong></span> <span class='ocrx_word' id='word_1_79' title='bbox 1344 1756 1734 1811; x_wconf 85' lang='lat' dir='ltr'><strong>sacerdotalem</strong></span> <span class='ocrx_word' id='word_1_80' title='bbox 1783 1756 1962 1811; x_wconf 84' lang='lat' dir='ltr'><strong>inesse</strong></span> <span class='ocrx_word' id='word_1_81' title='bbox 2009 1755 2127 1809; x_wconf 89' lang='lat' dir='ltr'><strong>ani-</strong></span> 
     </span>
    </p>
   </div>
   <div class='ocr_carea' id='block_1_17' title="bbox 545 1848 2127 1920">
    <p class='ocr_par' dir='ltr' id='par_1_17' title="bbox 545 1848 2127 1920">
     <span class='ocr_line' id='line_1_17' title="bbox 545 1848 2127 1920; baseline 0.001 -17"><span class='ocrx_word' id='word_1_82' title='bbox 545 1863 693 1903; x_wconf 89' lang='lat' dir='ltr'><strong>mum</strong></span> <span class='ocrx_word' id='word_1_83' title='bbox 722 1849 1070 1919; x_wconf 76' lang='lat' dir='ltr'><strong>gaudeamus.</strong></span> <span class='ocrx_word' id='word_1_84' title='bbox 1098 1848 1371 1919; x_wconf 83' lang='lat' dir='ltr'><strong>Siquidem</strong></span> <span class='ocrx_word' id='word_1_85' title='bbox 1399 1859 1592 1920; x_wconf 87' lang='lat' dir='ltr'><strong>praeter</strong></span> <span class='ocrx_word' id='word_1_86' title='bbox 1618 1849 1922 1919; x_wconf 88' lang='lat' dir='ltr'><strong>imperiales</strong></span> <span class='ocrx_word' id='word_1_87' title='bbox 1951 1858 2005 1904; x_wconf 92' lang='lat' dir='ltr'><strong>et</strong></span> <span class='ocrx_word' id='word_1_88' title='bbox 2032 1865 2127 1919; x_wconf 89' lang='lat' dir='ltr'><strong>pu-</strong></span> 
     </span>
    </p>
   </div>
   <div class='ocr_carea' id='block_1_18' title="bbox 536 1940 2124 2013">
    <p class='ocr_par' dir='ltr' id='par_1_18' title="bbox 536 1940 2124 2013">
     <span class='ocr_line' id='line_1_18' title="bbox 536 1940 2124 2013; baseline 0.002 -18"><span class='ocrx_word' id='word_1_89' title='bbox 536 1940 710 1997; x_wconf 88' lang='lat' dir='ltr'><strong>blicas</strong></span> <span class='ocrx_word' id='word_1_90' title='bbox 762 1957 940 2013; x_wconf 91' lang='lat' dir='ltr'><strong>curas,</strong></span> <span class='ocrx_word' id='word_1_91' title='bbox 986 1943 1283 2013; x_wconf 89' lang='lat' dir='ltr'><strong>piissimam</strong></span> <span class='ocrx_word' id='word_1_92' title='bbox 1332 1943 1747 1999; x_wconf 90' lang='lat' dir='ltr'><strong>sollicitudinem</strong></span> <span class='ocrx_word' id='word_1_93' title='bbox 1808 1944 2124 1999; x_wconf 67' lang='lat' dir='ltr'><strong>Christiana:</strong></span> 
     </span>
    </p>
   </div>
   <div class='ocr_carea' id='block_1_19' title="bbox 1626 1068 2130 1139">
    <p class='ocr_par' dir='ltr' id='par_1_19' title="bbox 1626 1068 2130 1139">
     <span class='ocr_line' id='line_1_19' title="bbox 1626 1068 2130 1139; baseline 0.002 -16"><span class='ocrx_word' id='word_1_94' title='bbox 1626 1068 1730 1139; x_wconf 78' lang='lat' dir='ltr'><strong>ﬁde</strong></span> <span class='ocrx_word' id='word_1_95' title='bbox 1753 1068 2130 1139; x_wconf 80' lang='lat' dir='ltr'><strong>querimoniam</strong></span> 
     </span>
    </p>
   </div>
   <div class='ocr_carea' id='block_1_20' title="bbox 612 1138 2131 1212">
    <p class='ocr_par' dir='ltr' id='par_1_20' title="bbox 612 1138 2131 1212">
     <span class='ocr_line' id='line_1_20' title="bbox 612 1138 2131 1212; baseline 0.003 -21"><span class='ocrx_word' id='word_1_96' title='bbox 612 1138 862 1212; x_wconf 75' lang='lat' dir='ltr'><strong>Eutychis</strong></span> <span class='ocrx_word' id='word_1_97' title='bbox 891 1142 1121 1211; x_wconf 74' lang='lat' dir='ltr'><strong>exponit.</strong></span> <span class='ocrx_word' id='word_1_98' title='bbox 1150 1170 1223 1182; x_wconf 89' lang='lat'><strong><em>—</em></strong></span> <span class='ocrx_word' id='word_1_99' title='bbox 1250 1139 1317 1196; x_wconf 80' lang='lat' dir='ltr'><strong>ll.</strong></span> <span class='ocrx_word' id='word_1_100' title='bbox 1340 1138 1619 1196; x_wconf 77' lang='lat' dir='ltr'><strong>Silentium</strong></span> <span class='ocrx_word' id='word_1_101' title='bbox 1646 1138 1891 1195; x_wconf 79' lang='lat' dir='ltr'><strong>Flaviani</strong></span> <span class='ocrx_word' id='word_1_102' title='bbox 1916 1141 2086 1212; x_wconf 85' lang='lat' dir='ltr'><strong>arguit</strong></span> <span class='ocrx_word' id='word_1_103' title='bbox 2104 1154 2131 1206; x_wconf 67' lang='grc' dir='ltr'><strong><em>δ</em></strong></span> 
     </span>
    </p>
   </div>
   <div class='ocr_carea' id='block_1_21' title="bbox 2217 566 3813 645">
    <p class='ocr_par' dir='ltr' id='par_1_21' title="bbox 2217 566 3813 645">
     <span class='ocr_line' id='line_1_21' title="bbox 2217 566 3813 645; baseline 0.003 -25"><span class='ocrx_word' id='word_1_104' title='bbox 2217 566 2524 633; x_wconf 78' lang='grc' dir='ltr'><strong>ἀνήκουσαι,</strong></span> <span class='ocrx_word' id='word_1_105' title='bbox 2557 569 2721 642; x_wconf 71' lang='grc' dir='ltr'><strong>φαύλῃ</strong></span> <span class='ocrx_word' id='word_1_106' title='bbox 2766 569 2899 629; x_wconf 73' lang='grc' dir='ltr'><strong>τινὸς</strong></span> <span class='ocrx_word' id='word_1_107' title='bbox 2946 570 3183 645; x_wconf 76' lang='grc' dir='ltr'><strong>ἑρμηνείᾳ</strong></span> <span class='ocrx_word' id='word_1_108' title='bbox 3228 571 3553 641; x_wconf 81' lang='grc' dir='ltr'><strong>μολυνθῶσιν.</strong></span> <span class='ocrx_word' id='word_1_109' title='bbox 3588 569 3646 625; x_wconf 86' lang='grc' dir='ltr'>Ὀ</span> <span class='ocrx_word' id='word_1_110' title='bbox 3694 574 3813 631; x_wconf 81' lang='grc' dir='ltr'><strong>Θεὸς</strong></span> 
     </span>
    </p>
   </div>
   <div class='ocr_carea' id='block_1_22' title="bbox 2222 660 3315 737">
    <p class='ocr_par' dir='ltr' id='par_1_22' title="bbox 2222 660 3315 737">
     <span class='ocr_line' id='line_1_22' title="bbox 2222 660 3315 737; baseline 0.003 -21"><span class='ocrx_word' id='word_1_111' title='bbox 2222 661 2342 735; x_wconf 70' lang='grc' dir='ltr'><strong>’ὑγιῆ</strong></span> <span class='ocrx_word' id='word_1_112' title='bbox 2370 682 2430 718; x_wconf 75' lang='grc' dir='ltr'><strong><em>σι</em></strong></span> <span class='ocrx_word' id='word_1_113' title='bbox 2460 660 2781 736; x_wconf 74' lang='grc' dir='ltr'><strong>διαφυλάξαι,</strong></span> <span class='ocrx_word' id='word_1_114' title='bbox 2810 662 2988 737; x_wconf 70' lang='grc' dir='ltr'>ἀδελφέ</span> <span class='ocrx_word' id='word_1_115' title='bbox 3014 666 3315 736; x_wconf 81' lang='grc' dir='ltr'><strong>τιμιώτατε.</strong></span> 
     </span>
    </p>
   </div>
   <div class='ocr_carea' id='block_1_23' title="bbox 2224 823 3815 896">
    <p class='ocr_par' dir='ltr' id='par_1_23' title="bbox 2224 823 3815 896">
     <span class='ocr_line' id='line_1_23' title="bbox 2224 823 3815 896; baseline -0.003 -17"><span class='ocrx_word' id='word_1_116' title='bbox 2224 838 2478 882; x_wconf 79' lang='lat' dir='ltr'><strong>asserens</strong></span> <span class='ocrx_word' id='word_1_117' title='bbox 2528 837 2587 881; x_wconf 87' lang='lat' dir='ltr'><strong>se</strong></span> <span class='ocrx_word' id='word_1_118' title='bbox 2628 825 2859 881; x_wconf 72' lang='lat' dir='ltr'><strong>Nicaena:</strong></span> <span class='ocrx_word' id='word_1_119' title='bbox 2905 823 3097 896; x_wconf 85' lang='lat' dir='ltr'><strong>synodi</strong></span> <span class='ocrx_word' id='word_1_120' title='bbox 3136 825 3429 877; x_wconf 90' lang='lat' dir='ltr'><strong>constituta</strong></span> <span class='ocrx_word' id='word_1_121' title='bbox 3484 828 3815 887; x_wconf 90' lang='lat' dir='ltr'><strong>servantem,</strong></span> 
     </span>
    </p>
   </div>
   <div class='ocr_carea' id='block_1_24' title="bbox 2151 914 3339 1000">
    <p class='ocr_par' dir='ltr' id='par_1_24' title="bbox 2151 914 3339 1000">
     <span class='ocr_line' id='line_1_24' title="bbox 2151 914 3339 1000; baseline -0.002 -28"><span class='ocrx_word' id='word_1_122' title='bbox 2151 998 2153 1000; x_wconf 14' lang='grc' dir='ltr'><strong>η</strong></span> <span class='ocrx_word' id='word_1_123' title='bbox 2224 914 2421 974; x_wconf 76' lang='lat' dir='ltr'><strong>frustra</strong></span> <span class='ocrx_word' id='word_1_124' title='bbox 2454 920 2507 973; x_wconf 94' lang='lat' dir='ltr'><strong>in</strong></span> <span class='ocrx_word' id='word_1_125' title='bbox 2535 918 2662 974; x_wconf 74' lang='lat' dir='ltr'><strong>fidei</strong></span> <span class='ocrx_word' id='word_1_126' title='bbox 2694 918 3009 973; x_wconf 84' lang='lat' dir='ltr'><strong>diversitate</strong></span> <span class='ocrx_word' id='word_1_127' title='bbox 3040 915 3339 985; x_wconf 88' lang='lat' dir='ltr'><strong>culpatum.</strong></span> 
     </span>
    </p>
   </div>
   <div class='ocr_carea' id='block_1_25' title="bbox 2296 1008 3815 1081">
    <p class='ocr_par' dir='ltr' id='par_1_25' title="bbox 2296 1008 3815 1081">
     <span class='ocr_line' id='line_1_25' title="bbox 2296 1008 3815 1081; baseline -0.002 -13"><span class='ocrx_word' id='word_1_128' title='bbox 2296 1011 2424 1068; x_wconf 66' lang='lat' dir='ltr'><strong>Car.</strong></span> <span class='ocrx_word' id='word_1_129' title='bbox 2456 1012 2522 1068; x_wconf 92' lang='lat' dir='ltr'><strong>Il.</strong></span> <span class='ocrx_word' id='word_1_130' title='bbox 2553 1043 2623 1055; x_wconf 95' lang='lat'><strong>—</strong></span> <span class='ocrx_word' id='word_1_131' title='bbox 2664 1008 2694 1049; x_wconf 79' lang='grc' dir='ltr'><strong>ιι</strong></span> <span class='ocrx_word' id='word_1_132' title='bbox 2720 1012 2938 1069; x_wconf 88' lang='lat' dir='ltr'><strong>Eusebii</strong></span> <span class='ocrx_word' id='word_1_133' title='bbox 2976 1020 3157 1067; x_wconf 91' lang='lat' dir='ltr'><strong>autem</strong></span> <span class='ocrx_word' id='word_1_134' title='bbox 3206 1011 3444 1081; x_wconf 90' lang='lat' dir='ltr'><strong>episcopi</strong></span> <span class='ocrx_word' id='word_1_135' title='bbox 3482 1011 3815 1066; x_wconf 86' lang='lat' dir='ltr'><strong>accusatoris</strong></span> 
     </span>
    </p>
   </div>
   <div class='ocr_carea' id='block_1_26' title="bbox 2225 1101 3817 1176">
    <p class='ocr_par' dir='ltr' id='par_1_26' title="bbox 2225 1101 3817 1176">
     <span class='ocr_line' id='line_1_26' title="bbox 2225 1101 3817 1176; baseline -0.001 -16"><span class='ocrx_word' id='word_1_136' title='bbox 2225 1103 2341 1175; x_wconf 79' lang='lat' dir='ltr'><strong>ejus</strong></span> <span class='ocrx_word' id='word_1_137' title='bbox 2373 1104 2610 1174; x_wconf 90' lang='lat' dir='ltr'><strong>libellus,</strong></span> <span class='ocrx_word' id='word_1_138' title='bbox 2635 1105 2789 1176; x_wconf 82' lang='lat' dir='ltr'><strong>cujus</strong></span> <span class='ocrx_word' id='word_1_139' title='bbox 2825 1104 3157 1173; x_wconf 83' lang='lat' dir='ltr'><strong>exemplaria</strong></span> <span class='ocrx_word' id='word_1_140' title='bbox 3186 1103 3253 1159; x_wconf 91' lang='lat' dir='ltr'><strong>ad</strong></span> <span class='ocrx_word' id='word_1_141' title='bbox 3296 1117 3395 1158; x_wconf 89' lang='lat' dir='ltr'><strong>nos</strong></span> <span class='ocrx_word' id='word_1_142' title='bbox 3429 1101 3446 1141; x_wconf 77' lang='grc' dir='ltr'><strong>ί</strong></span> <span class='ocrx_word' id='word_1_143' title='bbox 3484 1111 3817 1159; x_wconf 88' lang='lat' dir='ltr'><strong>memoratus</strong></span> 
     </span>
    </p>
   </div>
   <div class='ocr_carea' id='block_1_27' title="bbox 2224 1196 3817 1271">
    <p class='ocr_par' dir='ltr' id='par_1_27' title="bbox 2224 1196 3817 1271">
     <span class='ocr_line' id='line_1_27' title="bbox 2224 1196 3817 1271; baseline -0.003 -16"><span class='ocrx_word' id='word_1_144' title='bbox 2224 1197 2511 1271; x_wconf 84' lang='lat' dir='ltr'><strong>presbyter</strong></span> <span class='ocrx_word' id='word_1_145' title='bbox 2537 1197 2703 1265; x_wconf 89' lang='lat' dir='ltr'><strong>misit,</strong></span> <span class='ocrx_word' id='word_1_146' title='bbox 2749 1198 2818 1254; x_wconf 90' lang='lat' dir='ltr'><strong>de</strong></span> <span class='ocrx_word' id='word_1_147' title='bbox 2855 1197 3223 1268; x_wconf 85' lang='lat' dir='ltr'><strong>objectionum</strong></span> <span class='ocrx_word' id='word_1_148' title='bbox 3259 1197 3527 1253; x_wconf 87' lang='lat' dir='ltr'><strong>evidentia</strong></span> <span class='ocrx_word' id='word_1_149' title='bbox 3557 1196 3692 1252; x_wconf 86' lang='lat' dir='ltr'><strong>nihil</strong></span> <span class='ocrx_word' id='word_1_150' title='bbox 3719 1197 3817 1251; x_wconf 87' lang='lat' dir='ltr'><strong>ba-</strong></span> 
     </span>
    </p>
   </div>
   <div class='ocr_carea' id='block_1_28' title="bbox 2221 1290 3818 1364">
    <p class='ocr_par' dir='ltr' id='par_1_28' title="bbox 2221 1290 3818 1364">
     <span class='ocr_line' id='line_1_28' title="bbox 2221 1290 3818 1364; baseline -0.002 -16"><span class='ocrx_word' id='word_1_151' title='bbox 2221 1292 2414 1358; x_wconf 88' lang='lat' dir='ltr'><strong>bebat,</strong></span> <span class='ocrx_word' id='word_1_152' title='bbox 2445 1302 2499 1349; x_wconf 91' lang='lat' dir='ltr'><strong>et</strong></span> <span class='ocrx_word' id='word_1_153' title='bbox 2525 1308 2647 1349; x_wconf 91' lang='lat' dir='ltr'><strong>cum</strong></span> <span class='ocrx_word' id='word_1_154' title='bbox 2674 1292 2992 1364; x_wconf 87' lang='lat' dir='ltr'><strong>presbytero</strong></span> <span class='ocrx_word' id='word_1_155' title='bbox 3021 1290 3291 1348; x_wconf 90' lang='lat' dir='ltr'><strong>haereseos</strong></span> <span class='ocrx_word' id='word_1_156' title='bbox 3334 1291 3541 1347; x_wconf 88' lang='lat' dir='ltr'><strong>crimen</strong></span> <span class='ocrx_word' id='word_1_157' title='bbox 3570 1290 3818 1359; x_wconf 84' lang='lat' dir='ltr'><strong>intende-</strong></span> 
     </span>
    </p>
   </div>
   <div class='ocr_carea' id='block_1_29' title="bbox 2220 1385 3816 1457">
    <p class='ocr_par' dir='ltr' id='par_1_29' title="bbox 2220 1385 3816 1457">
     <span class='ocr_line' id='line_1_29' title="bbox 2220 1385 3816 1457; baseline -0.001 -16"><span class='ocrx_word' id='word_1_158' title='bbox 2220 1395 2327 1453; x_wconf 90' lang='lat' dir='ltr'><strong>ret,</strong></span> <span class='ocrx_word' id='word_1_159' title='bbox 2358 1401 2515 1457; x_wconf 89' lang='lat' dir='ltr'><strong>quem</strong></span> <span class='ocrx_word' id='word_1_160' title='bbox 2544 1397 2723 1442; x_wconf 90' lang='lat' dir='ltr'><strong>tamen</strong></span> <span class='ocrx_word' id='word_1_161' title='bbox 2752 1388 2805 1441; x_wconf 93' lang='lat' dir='ltr'><strong>in</strong></span> <span class='ocrx_word' id='word_1_162' title='bbox 2832 1402 2898 1441; x_wconf 90' lang='lat' dir='ltr'><strong>eo</strong></span> <span class='ocrx_word' id='word_1_163' title='bbox 2924 1400 3140 1441; x_wconf 87' lang='lat' dir='ltr'><strong>sensum</strong></span> <span class='ocrx_word' id='word_1_164' title='bbox 3166 1394 3419 1456; x_wconf 76' lang='lat' dir='ltr'><strong>argueret</strong></span> <span class='ocrx_word' id='word_1_165' title='bbox 3448 1401 3557 1441; x_wconf 89' lang='lat' dir='ltr'><strong>non</strong></span> <span class='ocrx_word' id='word_1_166' title='bbox 3586 1385 3816 1441; x_wconf 87' lang='lat' dir='ltr'><strong>eviden-</strong></span> 
     </span>
    </p>
   </div>
   <div class='ocr_carea' id='block_1_30' title="bbox 2224 1468 3818 1551">
    <p class='ocr_par' dir='ltr' id='par_1_30' title="bbox 2224 1468 3818 1551">
     <span class='ocr_line' id='line_1_30' title="bbox 2224 1468 3818 1551; baseline 0 -16"><span class='ocrx_word' id='word_1_167' title='bbox 2224 1488 2309 1536; x_wconf 91' lang='lat' dir='ltr'><strong>ter</strong></span> <span class='ocrx_word' id='word_1_168' title='bbox 2352 1481 2650 1551; x_wconf 84' lang='lat' dir='ltr'><strong>expressit;</strong></span> <span class='ocrx_word' id='word_1_169' title='bbox 2700 1480 2943 1551; x_wconf 85' lang='lat' dir='ltr'><strong>quamvis</strong></span> <span class='ocrx_word' id='word_1_170' title='bbox 2987 1489 3041 1536; x_wconf 92' lang='lat' dir='ltr'><strong>et</strong></span> <span class='ocrx_word' id='word_1_171' title='bbox 3085 1468 3200 1550; x_wconf 90' lang='lat' dir='ltr'><strong>ipse</strong></span> <span class='ocrx_word' id='word_1_172' title='bbox 3238 1480 3532 1551; x_wconf 89' lang='lat' dir='ltr'><strong>episcopus</strong></span> <span class='ocrx_word' id='word_1_173' title='bbox 3586 1478 3818 1535; x_wconf 60' lang='lat' dir='ltr'><strong>Nicaeum</strong></span> 
     </span>
    </p>
   </div>
   <div class='ocr_carea' id='block_1_31' title="bbox 2223 1573 3819 1647">
    <p class='ocr_par' dir='ltr' id='par_1_31' title="bbox 2223 1573 3819 1647">
     <span class='ocr_line' id='line_1_31' title="bbox 2223 1573 3819 1647; baseline 0.001 -18"><span class='ocrx_word' id='word_1_174' title='bbox 2223 1574 2415 1647; x_wconf 84' lang='lat' dir='ltr'><strong>synodi</strong></span> <span class='ocrx_word' id='word_1_175' title='bbox 2447 1573 2461 1625; x_wconf 87' lang='lat' dir='ltr'><strong>i</strong></span> <span class='ocrx_word' id='word_1_176' title='bbox 2500 1576 2851 1644; x_wconf 84' lang='lat' dir='ltr'><strong>proﬁteretur</strong></span> <span class='ocrx_word' id='word_1_177' title='bbox 2899 1590 2957 1631; x_wconf 90' lang='lat' dir='ltr'><strong>se</strong></span> <span class='ocrx_word' id='word_1_178' title='bbox 2996 1574 3265 1631; x_wconf 70' lang='lat' dir='ltr'><strong>inhaerere</strong></span> <span class='ocrx_word' id='word_1_179' title='bbox 3294 1575 3561 1630; x_wconf 90' lang='lat' dir='ltr'><strong>decretis:</strong></span> <span class='ocrx_word' id='word_1_180' title='bbox 3594 1582 3819 1645; x_wconf 83' lang='lat' dir='ltr'><strong>propter</strong></span> 
     </span>
    </p>
   </div>
   <div class='ocr_carea' id='block_1_32' title="bbox 2227 1666 3821 1739">
    <p class='ocr_par' dir='ltr' id='par_1_32' title="bbox 2227 1666 3821 1739">
     <span class='ocr_line' id='line_1_32' title="bbox 2227 1666 3821 1739; baseline 0.001 -18"><span class='ocrx_word' id='word_1_181' title='bbox 2227 1668 2370 1739; x_wconf 92' lang='lat' dir='ltr'><strong>quod</strong></span> <span class='ocrx_word' id='word_1_182' title='bbox 2401 1684 2506 1722; x_wconf 92' lang='lat' dir='ltr'><strong>non</strong></span> <span class='ocrx_word' id='word_1_183' title='bbox 2538 1667 2819 1723; x_wconf 87' lang='lat' dir='ltr'><strong>habuimus</strong></span> <span class='ocrx_word' id='word_1_184' title='bbox 2849 1667 2993 1723; x_wconf 91' lang='lat' dir='ltr'><strong>unde</strong></span> <span class='ocrx_word' id='word_1_185' title='bbox 3028 1666 3055 1705; x_wconf 76' lang='grc' dir='ltr'><strong>ιι</strong></span> <span class='ocrx_word' id='word_1_186' title='bbox 3094 1667 3296 1738; x_wconf 90' lang='lat' dir='ltr'><strong>aliquid</strong></span> <span class='ocrx_word' id='word_1_187' title='bbox 3326 1667 3541 1737; x_wconf 87' lang='lat' dir='ltr'><strong>plenius</strong></span> <span class='ocrx_word' id='word_1_188' title='bbox 3580 1666 3821 1723; x_wconf 87' lang='lat' dir='ltr'><strong>discere-</strong></span> 
     </span>
    </p>
   </div>
   <div class='ocr_carea' id='block_1_33' title="bbox 2229 1759 3821 1830">
    <p class='ocr_par' dir='ltr' id='par_1_33' title="bbox 2229 1759 3821 1830">
     <span class='ocr_line' id='line_1_33' title="bbox 2229 1759 3821 1830; baseline 0.001 -16"><span class='ocrx_word' id='word_1_189' title='bbox 2229 1775 2367 1815; x_wconf 90' lang='lat' dir='ltr'><strong>mus.</strong></span> <span class='ocrx_word' id='word_1_190' title='bbox 2402 1760 2470 1815; x_wconf 87' lang='lat' dir='ltr'><strong>Et</strong></span> <span class='ocrx_word' id='word_1_191' title='bbox 2499 1761 2623 1830; x_wconf 84' lang='lat' dir='ltr'><strong>quia</strong></span> <span class='ocrx_word' id='word_1_192' title='bbox 2646 1775 2824 1816; x_wconf 74' lang='lat' dir='ltr'><strong>causa:</strong></span> <span class='ocrx_word' id='word_1_193' title='bbox 2846 1760 3120 1827; x_wconf 84' lang='lat' dir='ltr'><strong>meritum,</strong></span> <span class='ocrx_word' id='word_1_194' title='bbox 3146 1760 3272 1816; x_wconf 85' lang='lat' dir='ltr'><strong>lidei</strong></span> <span class='ocrx_word' id='word_1_195' title='bbox 3295 1760 3431 1815; x_wconf 85' lang='lat' dir='ltr'><strong>ratio</strong></span> <span class='ocrx_word' id='word_1_196' title='bbox 3453 1769 3505 1815; x_wconf 89' lang='lat' dir='ltr'><strong>et</strong></span> <span class='ocrx_word' id='word_1_197' title='bbox 3533 1759 3821 1817; x_wconf 82' lang='lat' dir='ltr'><strong>laudabilis</strong></span> 
     </span>
    </p>
   </div>
   <div class='ocr_carea' id='block_1_34' title="bbox 2227 1850 3820 1923">
    <p class='ocr_par' dir='ltr' id='par_1_34' title="bbox 2227 1850 3820 1923">
     <span class='ocr_line' id='line_1_34' title="bbox 2227 1850 3820 1923; baseline -0.001 -18"><span class='ocrx_word' id='word_1_198' title='bbox 2227 1851 2535 1906; x_wconf 90' lang='lat' dir='ltr'><strong>sollicitudo</strong></span> <span class='ocrx_word' id='word_1_199' title='bbox 2564 1864 2757 1907; x_wconf 83' lang='lat' dir='ltr'><strong>vestrae</strong></span> <span class='ocrx_word' id='word_1_200' title='bbox 2800 1852 3017 1922; x_wconf 91' lang='lat' dir='ltr'><strong>pietatis</strong></span> <span class='ocrx_word' id='word_1_201' title='bbox 3049 1850 3069 1889; x_wconf 73' lang='grc' dir='ltr'>ι</span> <span class='ocrx_word' id='word_1_202' title='bbox 3104 1852 3293 1923; x_wconf 77' lang='lat' dir='ltr'><strong>exigit,</strong></span> <span class='ocrx_word' id='word_1_203' title='bbox 3335 1866 3559 1907; x_wconf 90' lang='lat' dir='ltr'><strong>necesse</strong></span> <span class='ocrx_word' id='word_1_204' title='bbox 3592 1859 3674 1906; x_wconf 89' lang='lat' dir='ltr'><strong>est</strong></span> <span class='ocrx_word' id='word_1_205' title='bbox 3704 1850 3820 1921; x_wconf 89' lang='lat' dir='ltr'><strong>jam</strong></span> 
     </span>
    </p>
   </div>
   <div class='ocr_carea' id='block_1_35' title="bbox 2229 1943 3825 2015">
    <p class='ocr_par' dir='ltr' id='par_1_35' title="bbox 2229 1943 3825 2015">
     <span class='ocr_line' id='line_1_35' title="bbox 2229 1943 3825 2015; baseline 0 -16"><span class='ocrx_word' id='word_1_206' title='bbox 2229 1944 2404 2000; x_wconf 91' lang='lat' dir='ltr'><strong>locum</strong></span> <span class='ocrx_word' id='word_1_207' title='bbox 2431 1945 2869 2012; x_wconf 89' lang='lat' dir='ltr'><strong>subreptionibus</strong></span> <span class='ocrx_word' id='word_1_208' title='bbox 2902 1961 3011 2000; x_wconf 90' lang='lat' dir='ltr'><strong>non</strong></span> <span class='ocrx_word' id='word_1_209' title='bbox 3041 1954 3258 2015; x_wconf 89' lang='lat' dir='ltr'><strong>patere,</strong></span> <span class='ocrx_word' id='word_1_210' title='bbox 3300 1944 3395 2000; x_wconf 89' lang='lat' dir='ltr'><strong>sed</strong></span> <span class='ocrx_word' id='word_1_211' title='bbox 3429 1945 3576 2014; x_wconf 90' lang='lat' dir='ltr'><strong>prius</strong></span> <span class='ocrx_word' id='word_1_212' title='bbox 3609 1943 3675 1999; x_wconf 89' lang='lat' dir='ltr'><strong>de</strong></span> <span class='ocrx_word' id='word_1_213' title='bbox 3704 1944 3825 2014; x_wconf 90' lang='lat' dir='ltr'><strong>qui-</strong></span> 
     </span>
    </p>
   </div>
   <div class='ocr_carea' id='block_1_36' title="bbox 534 2035 3815 2111">
    <p class='ocr_par' dir='ltr' id='par_1_36' title="bbox 534 2035 3815 2111">
     <span class='ocr_line' id='line_1_36' title="bbox 534 2035 3815 2111; baseline -0.001 -20"><span class='ocrx_word' id='word_1_214' title='bbox 534 2036 812 2106; x_wconf 87' lang='lat' dir='ltr'><strong>religionis</strong></span> <span class='ocrx_word' id='word_1_215' title='bbox 866 2035 892 2073; x_wconf 76' lang='grc' dir='ltr'>ἀ</span> <span class='ocrx_word' id='word_1_216' title='bbox 939 2037 1168 2106; x_wconf 89' lang='lat' dir='ltr'><strong>habetis,</strong></span> <span class='ocrx_word' id='word_1_217' title='bbox 1201 2054 1267 2093; x_wconf 91' lang='lat' dir='ltr'><strong>ne</strong></span> <span class='ocrx_word' id='word_1_218' title='bbox 1320 2037 1530 2094; x_wconf 90' lang='lat' dir='ltr'><strong>scilicet</strong></span> <span class='ocrx_word' id='word_1_219' title='bbox 1568 2038 1618 2092; x_wconf 90' lang='lat' dir='ltr'><strong>in</strong></span> <span class='ocrx_word' id='word_1_220' title='bbox 1649 2039 1848 2108; x_wconf 89' lang='lat' dir='ltr'><strong>popqu</strong></span> <span class='ocrx_word' id='word_1_221' title='bbox 1887 2038 1982 2093; x_wconf 89' lang='lat' dir='ltr'><strong>Dei</strong></span> <span class='ocrx_word' id='word_1_222' title='bbox 2032 2046 2123 2093; x_wconf 89' lang='lat' dir='ltr'><strong>aut</strong></span> <span class='ocrx_word' id='word_1_223' title='bbox 2156 2051 2199 2111; x_wconf 77' lang='grc' dir='ltr'>Β</span> <span class='ocrx_word' id='word_1_224' title='bbox 2229 2035 2330 2092; x_wconf 89' lang='lat' dir='ltr'><strong>bus</strong></span> <span class='ocrx_word' id='word_1_225' title='bbox 2358 2052 2479 2093; x_wconf 92' lang='lat' dir='ltr'><strong>eum</strong></span> <span class='ocrx_word' id='word_1_226' title='bbox 2520 2038 2749 2092; x_wconf 63' lang='lat' dir='ltr'><strong>mstimat</strong></span> <span class='ocrx_word' id='word_1_227' title='bbox 2788 2037 3141 2105; x_wconf 86' lang='lat' dir='ltr'><strong>arguendum,</strong></span> <span class='ocrx_word' id='word_1_228' title='bbox 3190 2037 3381 2092; x_wconf 89' lang='lat' dir='ltr'><strong>instrui</strong></span> <span class='ocrx_word' id='word_1_229' title='bbox 3416 2051 3514 2092; x_wconf 90' lang='lat' dir='ltr'><strong>nos</strong></span> <span class='ocrx_word' id='word_1_230' title='bbox 3555 2045 3815 2106; x_wconf 87' lang='lat' dir='ltr'><strong>oportet:</strong></span> 
     </span>
    </p>
   </div>
   <div class='ocr_carea' id='block_1_37' title="bbox 533 2127 2127 2198">
    <p class='ocr_par' dir='ltr' id='par_1_37' title="bbox 533 2127 2127 2198">
     <span class='ocr_line' id='line_1_37' title="bbox 533 2127 2127 2198; baseline 0.003 -16"><span class='ocrx_word' id='word_1_231' title='bbox 533 2127 846 2192; x_wconf 88' lang='lat' dir='ltr'><strong>schismata,</strong></span> <span class='ocrx_word' id='word_1_232' title='bbox 876 2138 967 2184; x_wconf 92' lang='lat' dir='ltr'><strong>aut</strong></span> <span class='ocrx_word' id='word_1_233' title='bbox 1006 2130 1264 2198; x_wconf 78' lang='lat' dir='ltr'><strong>haereses,</strong></span> <span class='ocrx_word' id='word_1_234' title='bbox 1297 2139 1390 2185; x_wconf 91' lang='lat' dir='ltr'><strong>aut</strong></span> <span class='ocrx_word' id='word_1_235' title='bbox 1430 2130 1535 2184; x_wconf 92' lang='lat' dir='ltr'><strong>ulla</strong></span> <span class='ocrx_word' id='word_1_236' title='bbox 1578 2130 1827 2185; x_wconf 85' lang='lat' dir='ltr'><strong>scandala</strong></span> <span class='ocrx_word' id='word_1_237' title='bbox 1873 2130 2127 2187; x_wconf 88' lang='lat' dir='ltr'><strong>convale-</strong></span> 
     </span>
    </p>
   </div>
   <div class='ocr_carea' id='block_1_38' title="bbox 537 2223 2118 2294">
    <p class='ocr_par' dir='ltr' id='par_1_38' title="bbox 537 2223 2118 2294">
     <span class='ocr_line' id='line_1_38' title="bbox 537 2223 2118 2294; baseline 0.001 -19"><span class='ocrx_word' id='word_1_238' title='bbox 537 2231 692 2276; x_wconf 88' lang='lat' dir='ltr'><strong>scant</strong></span> <span class='ocrx_word' id='word_1_239' title='bbox 732 2223 902 2293; x_wconf 89' lang='lat' dir='ltr'><strong>:quia</strong></span> <span class='ocrx_word' id='word_1_240' title='bbox 955 2232 1081 2278; x_wconf 89' lang='lat' dir='ltr'><strong>tunc</strong></span> <span class='ocrx_word' id='word_1_241' title='bbox 1119 2233 1203 2278; x_wconf 91' lang='lat' dir='ltr'><strong>est</strong></span> <span class='ocrx_word' id='word_1_242' title='bbox 1249 2224 1483 2294; x_wconf 92' lang='lat' dir='ltr'><strong>optimus</strong></span> <span class='ocrx_word' id='word_1_243' title='bbox 1536 2224 1687 2292; x_wconf 87' lang='lat' dir='ltr'><strong>regni</strong></span> <span class='ocrx_word' id='word_1_244' title='bbox 1740 2224 1905 2279; x_wconf 87' lang='lat' dir='ltr'><strong>vestri</strong></span> <span class='ocrx_word' id='word_1_245' title='bbox 1927 2232 2118 2291; x_wconf 90' lang='lat' dir='ltr'><strong>status,</strong></span> 
     </span>
    </p>
   </div>
   <div class='ocr_carea' id='block_1_39' title="bbox 532 2314 2123 2386">
    <p class='ocr_par' dir='ltr' id='par_1_39' title="bbox 532 2314 2123 2386">
     <span class='ocr_line' id='line_1_39' title="bbox 532 2314 2123 2386; baseline 0.004 -19"><span class='ocrx_word' id='word_1_246' title='bbox 532 2314 751 2383; x_wconf 90' lang='lat' dir='ltr'><strong>quando</strong></span> <span class='ocrx_word' id='word_1_247' title='bbox 790 2317 1131 2386; x_wconf 87' lang='lat' dir='ltr'><strong>sempiternae</strong></span> <span class='ocrx_word' id='word_1_248' title='bbox 1166 2326 1221 2371; x_wconf 91' lang='lat' dir='ltr'><strong>et</strong></span> <span class='ocrx_word' id='word_1_249' title='bbox 1266 2317 1687 2372; x_wconf 90' lang='lat' dir='ltr'><strong>incommutabili</strong></span> <span class='ocrx_word' id='word_1_250' title='bbox 1723 2318 1971 2373; x_wconf 89' lang='lat' dir='ltr'><strong>Trinitati</strong></span> <span class='ocrx_word' id='word_1_251' title='bbox 2004 2328 2027 2356; x_wconf 77' lang='grc' dir='ltr'>θ</span> <span class='ocrx_word' id='word_1_252' title='bbox 2069 2319 2123 2373; x_wconf 84' lang='grc' dir='ltr'><strong>ἱη</strong></span> 
     </span>
    </p>
   </div>
   <div class='ocr_carea' id='block_1_40' title="bbox 536 2406 2121 2476">
    <p class='ocr_par' dir='ltr' id='par_1_40' title="bbox 536 2406 2121 2476">
     <span class='ocr_line' id='line_1_40' title="bbox 536 2406 2121 2476; baseline 0.004 -18"><span class='ocrx_word' id='word_1_253' title='bbox 536 2406 695 2461; x_wconf 91' lang='lat' dir='ltr'><strong>unius</strong></span> <span class='ocrx_word' id='word_1_254' title='bbox 725 2406 1026 2462; x_wconf 87' lang='lat' dir='ltr'><strong>Divinitatis</strong></span> <span class='ocrx_word' id='word_1_255' title='bbox 1052 2408 1393 2465; x_wconf 72' lang='lat' dir='ltr'><strong>confessione</strong></span> <span class='ocrx_word' id='word_1_256' title='bbox 1421 2410 1673 2465; x_wconf 90' lang='lat' dir='ltr'><strong>servitur.</strong></span> <span class='ocrx_word' id='word_1_257' title='bbox 1698 2409 1837 2476; x_wconf 88' lang='lat' dir='ltr'><strong>Quid</strong></span> <span class='ocrx_word' id='word_1_258' title='bbox 1863 2420 2041 2465; x_wconf 90' lang='lat' dir='ltr'><strong>autem</strong></span> <span class='ocrx_word' id='word_1_259' title='bbox 2069 2413 2121 2465; x_wconf 92' lang='lat' dir='ltr'><strong>in</strong></span> 
     </span>
    </p>
   </div>
   <div class='ocr_carea' id='block_1_41' title="bbox 532 2496 2123 2571">
    <p class='ocr_par' dir='ltr' id='par_1_41' title="bbox 532 2496 2123 2571">
     <span class='ocr_line' id='line_1_41' title="bbox 532 2496 2123 2571; baseline 0.004 -18"><span class='ocrx_word' id='word_1_260' title='bbox 532 2496 1124 2570; x_wconf 80' lang='lat' dir='ltr'><strong>Constantinopolitana</strong></span> <span class='ocrx_word' id='word_1_261' title='bbox 1144 2501 1389 2556; x_wconf 85' lang='lat' dir='ltr'><strong>Ecclesia</strong></span> <span class='ocrx_word' id='word_1_262' title='bbox 1422 2500 1441 2539; x_wconf 72' lang='grc' dir='ltr'><em>τ</em></span> <span class='ocrx_word' id='word_1_263' title='bbox 1463 2502 1887 2571; x_wconf 88' lang='lat' dir='ltr'><strong>perturbationis</strong></span> <span class='ocrx_word' id='word_1_264' title='bbox 1912 2503 2123 2559; x_wconf 89' lang='lat' dir='ltr'><strong>accide-</strong></span> 
     </span>
    </p>
   </div>
   <div class='ocr_carea' id='block_1_42' title="bbox 534 2590 2120 2663">
    <p class='ocr_par' dir='ltr' id='par_1_42' title="bbox 534 2590 2120 2663">
     <span class='ocr_line' id='line_1_42' title="bbox 534 2590 2120 2663; baseline 0.003 -18"><span class='ocrx_word' id='word_1_265' title='bbox 534 2590 625 2658; x_wconf 90' lang='lat' dir='ltr'><strong>rit,</strong></span> <span class='ocrx_word' id='word_1_266' title='bbox 656 2591 798 2661; x_wconf 87' lang='lat' dir='ltr'><strong>quod</strong></span> <span class='ocrx_word' id='word_1_267' title='bbox 829 2591 901 2645; x_wconf 93' lang='lat' dir='ltr'><strong>ita</strong></span> <span class='ocrx_word' id='word_1_268' title='bbox 932 2590 1155 2647; x_wconf 77' lang='lat' dir='ltr'><strong>fratrem</strong></span> <span class='ocrx_word' id='word_1_269' title='bbox 1178 2600 1233 2647; x_wconf 91' lang='lat' dir='ltr'><strong>et</strong></span> <span class='ocrx_word' id='word_1_270' title='bbox 1262 2592 1643 2663; x_wconf 89' lang='lat' dir='ltr'><strong>coepiscopum</strong></span> <span class='ocrx_word' id='word_1_271' title='bbox 1683 2609 1863 2649; x_wconf 89' lang='lat' dir='ltr'><strong>meum</strong></span> <span class='ocrx_word' id='word_1_272' title='bbox 1905 2595 2120 2649; x_wconf 83' lang='lat' dir='ltr'><strong>Flavia-</strong></span> 
     </span>
    </p>
   </div>
   <div class='ocr_carea' id='block_1_43' title="bbox 532 2683 2121 2758">
    <p class='ocr_par' dir='ltr' id='par_1_43' title="bbox 532 2683 2121 2758">
     <span class='ocr_line' id='line_1_43' title="bbox 532 2683 2121 2758; baseline 0.003 -21"><span class='ocrx_word' id='word_1_273' title='bbox 532 2698 659 2737; x_wconf 90' lang='lat' dir='ltr'><strong>num</strong></span> <span class='ocrx_word' id='word_1_274' title='bbox 689 2683 925 2753; x_wconf 89' lang='lat' dir='ltr'><strong>potuerit</strong></span> <span class='ocrx_word' id='word_1_275' title='bbox 948 2698 1311 2749; x_wconf 90' lang='lat' dir='ltr'><strong>commovere,</strong></span> <span class='ocrx_word' id='word_1_276' title='bbox 1345 2694 1405 2739; x_wconf 90' lang='lat' dir='ltr'><strong>ut</strong></span> <span class='ocrx_word' id='word_1_277' title='bbox 1425 2685 1721 2757; x_wconf 89' lang='lat' dir='ltr'><strong>Eutychem</strong></span> <span class='ocrx_word' id='word_1_278' title='bbox 1745 2686 2121 2758; x_wconf 85' lang='lat' dir='ltr'><strong>presbyterum</strong></span> 
     </span>
    </p>
   </div>
   <div class='ocr_carea' id='block_1_44' title="bbox 530 2775 2125 2849">
    <p class='ocr_par' dir='ltr' id='par_1_44' title="bbox 530 2775 2125 2849">
     <span class='ocr_line' id='line_1_44' title="bbox 530 2775 2125 2849; baseline 0.003 -19"><span class='ocrx_word' id='word_1_279' title='bbox 530 2775 913 2831; x_wconf 88' lang='lat' dir='ltr'><strong>communione</strong></span> <span class='ocrx_word' id='word_1_280' title='bbox 940 2776 1196 2845; x_wconf 89' lang='lat' dir='ltr'><strong>privaret,</strong></span> <span class='ocrx_word' id='word_1_281' title='bbox 1225 2776 1462 2832; x_wconf 91' lang='lat' dir='ltr'><strong>nondum</strong></span> <span class='ocrx_word' id='word_1_282' title='bbox 1482 2778 1633 2847; x_wconf 90' lang='lat' dir='ltr'><strong>potui</strong></span> <span class='ocrx_word' id='word_1_283' title='bbox 1660 2778 1937 2835; x_wconf 89' lang='lat' dir='ltr'><strong>evidenter</strong></span> <span class='ocrx_word' id='word_1_284' title='bbox 1958 2793 2125 2849; x_wconf 82' lang='lat' dir='ltr'><strong>agno-</strong></span> 
     </span>
    </p>
   </div>
   <div class='ocr_carea' id='block_1_45' title="bbox 531 2869 2117 2942">
    <p class='ocr_par' dir='ltr' id='par_1_45' title="bbox 531 2869 2117 2942">
     <span class='ocr_line' id='line_1_45' title="bbox 531 2869 2117 2942; baseline 0.003 -19"><span class='ocrx_word' id='word_1_285' title='bbox 531 2883 704 2924; x_wconf 86' lang='lat' dir='ltr'><strong>scere.</strong></span> <span class='ocrx_word' id='word_1_286' title='bbox 736 2869 995 2937; x_wconf 87' lang='lat' dir='ltr'><strong>Quamvis</strong></span> <span class='ocrx_word' id='word_1_287' title='bbox 1026 2870 1169 2925; x_wconf 91' lang='lat' dir='ltr'><strong>enim</strong></span> <span class='ocrx_word' id='word_1_288' title='bbox 1198 2870 1487 2941; x_wconf 75' lang='lat' dir='ltr'><strong>przedictus</strong></span> <span class='ocrx_word' id='word_1_289' title='bbox 1520 2872 1800 2942; x_wconf 87' lang='lat' dir='ltr'><strong>presbyter</strong></span> <span class='ocrx_word' id='word_1_290' title='bbox 1826 2870 1895 2927; x_wconf 90' lang='lat' dir='ltr'><strong>ad</strong></span> <span class='ocrx_word' id='word_1_291' title='bbox 1932 2872 2117 2928; x_wconf 88' lang='lat' dir='ltr'><strong>sedem</strong></span> 
     </span>
    </p>
   </div>
   <div class='ocr_carea' id='block_1_46' title="bbox 529 2961 2121 3034">
    <p class='ocr_par' dir='ltr' id='par_1_46' title="bbox 529 2961 2121 3034">
     <span class='ocr_line' id='line_1_46' title="bbox 529 2961 2121 3034; baseline 0.004 -21"><span class='ocrx_word' id='word_1_292' title='bbox 529 2961 878 3028; x_wconf 86' lang='lat' dir='ltr'><strong>apostolicam</strong></span> <span class='ocrx_word' id='word_1_293' title='bbox 909 2962 1074 3033; x_wconf 72' lang='lat'><strong>768</strong></span> <span class='ocrx_word' id='word_1_294' title='bbox 1101 2971 1126 3008; x_wconf 78' lang='lat'><strong>8</strong></span> <span class='ocrx_word' id='word_1_295' title='bbox 1170 2978 1263 3029; x_wconf 88' lang='lat' dir='ltr'><strong>per</strong></span> <span class='ocrx_word' id='word_1_296' title='bbox 1307 2962 1547 3018; x_wconf 90' lang='lat' dir='ltr'><strong>libellum</strong></span> <span class='ocrx_word' id='word_1_297' title='bbox 1588 2963 1791 3019; x_wconf 92' lang='lat' dir='ltr'><strong>doloris</strong></span> <span class='ocrx_word' id='word_1_298' title='bbox 1818 2965 1900 3019; x_wconf 91' lang='lat' dir='ltr'><strong>sui</strong></span> <span class='ocrx_word' id='word_1_299' title='bbox 1939 2965 2121 3034; x_wconf 88' lang='lat' dir='ltr'><strong>queri-</strong></span> 
     </span>
    </p>
   </div>
   <div class='ocr_carea' id='block_1_47' title="bbox 529 3051 2111 3126">
    <p class='ocr_par' dir='ltr' id='par_1_47' title="bbox 529 3051 2111 3126">
     <span class='ocr_line' id='line_1_47' title="bbox 529 3051 2111 3126; baseline 0.002 -19"><span class='ocrx_word' id='word_1_300' title='bbox 529 3051 765 3107; x_wconf 89' lang='lat' dir='ltr'><strong>moniam</strong></span> <span class='ocrx_word' id='word_1_301' title='bbox 806 3053 1031 3121; x_wconf 90' lang='lat' dir='ltr'><strong>miserit,</strong></span> <span class='ocrx_word' id='word_1_302' title='bbox 1069 3054 1308 3109; x_wconf 87' lang='lat' dir='ltr'><strong>breviter</strong></span> <span class='ocrx_word' id='word_1_303' title='bbox 1341 3062 1519 3110; x_wconf 89' lang='lat' dir='ltr'><strong>tamen</strong></span> <span class='ocrx_word' id='word_1_304' title='bbox 1567 3056 1747 3126; x_wconf 90' lang='lat' dir='ltr'><strong>aliqua</strong></span> <span class='ocrx_word' id='word_1_305' title='bbox 1790 3056 2111 3126; x_wconf 69' lang='lat' dir='ltr'><strong>praelibavit,</strong></span> 
     </span>
    </p>
   </div>
   <div class='ocr_carea' id='block_1_48' title="bbox 601 3242 2102 3302">
    <p class='ocr_par' dir='ltr' id='par_1_48' title="bbox 601 3242 2102 3302">
     <span class='ocr_line' id='line_1_48' title="bbox 601 3242 2102 3302; baseline 0.003 -5"><span class='ocrx_word' id='word_1_306' title='bbox 601 3252 628 3279; x_wconf 80' lang='grc' dir='ltr'>ι</span> <span class='ocrx_word' id='word_1_307' title='bbox 646 3242 770 3297; x_wconf 65' lang='lat' dir='ltr'><strong>Haec</strong></span> <span class='ocrx_word' id='word_1_308' title='bbox 796 3244 1047 3298; x_wconf 87' lang='lat' dir='ltr'><strong>chronica</strong></span> <span class='ocrx_word' id='word_1_309' title='bbox 1074 3246 1279 3299; x_wconf 90' lang='lat' dir='ltr'><strong>notatio</strong></span> <span class='ocrx_word' id='word_1_310' title='bbox 1311 3245 1464 3301; x_wconf 84' lang='lat' dir='ltr'><strong>deest</strong></span> <span class='ocrx_word' id='word_1_311' title='bbox 1488 3246 1538 3300; x_wconf 92' lang='lat' dir='ltr'><strong>in</strong></span> <span class='ocrx_word' id='word_1_312' title='bbox 1557 3245 1805 3300; x_wconf 91' lang='lat' dir='ltr'><strong>omnibus</strong></span> <span class='ocrx_word' id='word_1_313' title='bbox 1830 3262 1960 3302; x_wconf 91' lang='lat' dir='ltr'><strong>mss.</strong></span> <span class='ocrx_word' id='word_1_314' title='bbox 1988 3248 2102 3302; x_wconf 85' lang='lat' dir='ltr'><strong>col-</strong></span> 
     </span>
    </p>
   </div>
   <div class='ocr_carea' id='block_1_49' title="bbox 529 3313 2108 3386">
    <p class='ocr_par' dir='ltr' id='par_1_49' title="bbox 529 3313 2108 3386">
     <span class='ocr_line' id='line_1_49' title="bbox 529 3313 2108 3386; baseline 0.002 -17"><span class='ocrx_word' id='word_1_315' title='bbox 529 3313 652 3369; x_wconf 88' lang='lat' dir='ltr'><strong>lect.</strong></span> <span class='ocrx_word' id='word_1_316' title='bbox 663 3354 677 3378; x_wconf 92' lang='lat'><strong>,</strong></span> <span class='ocrx_word' id='word_1_317' title='bbox 692 3328 825 3386; x_wconf 84' lang='lat' dir='ltr'><strong>quas</strong></span> <span class='ocrx_word' id='word_1_318' title='bbox 846 3314 1095 3380; x_wconf 90' lang='lat' dir='ltr'><strong>vidimus,</strong></span> <span class='ocrx_word' id='word_1_319' title='bbox 1115 3316 1285 3370; x_wconf 91' lang='lat' dir='ltr'><strong>tribus</strong></span> <span class='ocrx_word' id='word_1_320' title='bbox 1299 3317 1538 3386; x_wconf 86' lang='lat' dir='ltr'><strong>exceptis</strong></span> <span class='ocrx_word' id='word_1_321' title='bbox 1549 3316 1872 3372; x_wconf 89' lang='lat' dir='ltr'><strong>Chalcedon.</strong></span> <span class='ocrx_word' id='word_1_322' title='bbox 1897 3319 1983 3380; x_wconf 83' lang='lat' dir='ltr'><strong>l7.</strong></span> <span class='ocrx_word' id='word_1_323' title='bbox 2001 3318 2108 3373; x_wconf 86' lang='lat' dir='ltr'><strong>Ra-</strong></span> 
     </span>
    </p>
   </div>
   <div class='ocr_carea' id='block_1_50' title="bbox 528 3384 2101 3456">
    <p class='ocr_par' dir='ltr' id='par_1_50' title="bbox 528 3384 2101 3456">
     <span class='ocr_line' id='line_1_50' title="bbox 528 3384 2101 3456; baseline 0.004 -19"><span class='ocrx_word' id='word_1_324' title='bbox 528 3384 783 3456; x_wconf 81' lang='lat' dir='ltr'><strong>tisp.,l9.</strong></span> <span class='ocrx_word' id='word_1_325' title='bbox 809 3386 961 3456; x_wconf 84' lang='lat' dir='ltr'><strong>et2l.</strong></span> <span class='ocrx_word' id='word_1_326' title='bbox 979 3386 1205 3452; x_wconf 82' lang='lat' dir='ltr'><strong>Quidam</strong></span> <span class='ocrx_word' id='word_1_327' title='bbox 1228 3387 1384 3441; x_wconf 92' lang='lat' dir='ltr'><strong>codd.</strong></span> <span class='ocrx_word' id='word_1_328' title='bbox 1411 3384 1566 3456; x_wconf 71' lang='lat' dir='ltr'><strong>Hujus</strong></span> <span class='ocrx_word' id='word_1_329' title='bbox 1585 3398 1873 3454; x_wconf 79' lang='lat' dir='ltr'><strong>postremae</strong></span> <span class='ocrx_word' id='word_1_330' title='bbox 1889 3390 2101 3443; x_wconf 89' lang='lat' dir='ltr'><strong>collect.</strong></span> 
     </span>
    </p>
   </div>
   <div class='ocr_carea' id='block_1_51' title="bbox 2231 2122 3825 2200">
    <p class='ocr_par' dir='ltr' id='par_1_51' title="bbox 2231 2122 3825 2200">
     <span class='ocr_line' id='line_1_51' title="bbox 2231 2122 3825 2200; baseline -0.001 -17"><span class='ocrx_word' id='word_1_331' title='bbox 2231 2138 2293 2184; x_wconf 91' lang='lat' dir='ltr'><strong>ut</strong></span> <span class='ocrx_word' id='word_1_332' title='bbox 2319 2130 2487 2199; x_wconf 87' lang='lat' dir='ltr'><strong>possit</strong></span> <span class='ocrx_word' id='word_1_333' title='bbox 2516 2144 2753 2200; x_wconf 90' lang='lat' dir='ltr'><strong>congrue</strong></span> <span class='ocrx_word' id='word_1_334' title='bbox 2780 2129 2848 2184; x_wconf 86' lang='lat' dir='ltr'><strong>de</strong></span> <span class='ocrx_word' id='word_1_335' title='bbox 2872 2128 3011 2184; x_wconf 90' lang='lat' dir='ltr'><strong>bene</strong></span> <span class='ocrx_word' id='word_1_336' title='bbox 3038 2128 3269 2199; x_wconf 90' lang='lat' dir='ltr'><strong>cognitis</strong></span> <span class='ocrx_word' id='word_1_337' title='bbox 3292 2122 3545 2197; x_wconf 74' lang='lat' dir='ltr'><strong>iudicari.</strong></span> <span class='ocrx_word' id='word_1_338' title='bbox 3570 2126 3651 2181; x_wconf 81' lang='lat' dir='ltr'><strong>Ad</strong></span> <span class='ocrx_word' id='word_1_339' title='bbox 3683 2141 3825 2195; x_wconf 67' lang='lat' dir='ltr'><strong>prte-</strong></span> 
     </span>
    </p>
   </div>
   <div class='ocr_carea' id='block_1_52' title="bbox 2230 2216 3825 2291">
    <p class='ocr_par' dir='ltr' id='par_1_52' title="bbox 2230 2216 3825 2291">
     <span class='ocr_line' id='line_1_52' title="bbox 2230 2216 3825 2291; baseline -0.001 -16"><span class='ocrx_word' id='word_1_340' title='bbox 2230 2220 2433 2275; x_wconf 92' lang='lat' dir='ltr'><strong>dictum</strong></span> <span class='ocrx_word' id='word_1_341' title='bbox 2460 2229 2639 2277; x_wconf 88' lang='lat' dir='ltr'><strong>autem</strong></span> <span class='ocrx_word' id='word_1_342' title='bbox 2677 2220 2992 2291; x_wconf 90' lang='lat' dir='ltr'><strong>episcopum</strong></span> <span class='ocrx_word' id='word_1_343' title='bbox 3034 2220 3239 2276; x_wconf 89' lang='lat' dir='ltr'><strong>litteras</strong></span> <span class='ocrx_word' id='word_1_344' title='bbox 3281 2218 3429 2285; x_wconf 91' lang='lat' dir='ltr'><strong>dedi,</strong></span> <span class='ocrx_word' id='word_1_345' title='bbox 3463 2217 3659 2289; x_wconf 89' lang='lat' dir='ltr'><strong>quibus</strong></span> <span class='ocrx_word' id='word_1_346' title='bbox 3686 2216 3825 2273; x_wconf 91' lang='lat' dir='ltr'><strong>mihi</strong></span> 
     </span>
    </p>
   </div>
   <div class='ocr_carea' id='block_1_53' title="bbox 2230 2312 3824 2384">
    <p class='ocr_par' dir='ltr' id='par_1_53' title="bbox 2230 2312 3824 2384">
     <span class='ocr_line' id='line_1_53' title="bbox 2230 2312 3824 2384; baseline 0 -17"><span class='ocrx_word' id='word_1_347' title='bbox 2230 2312 2519 2383; x_wconf 91' lang='lat' dir='ltr'><strong>displicere</strong></span> <span class='ocrx_word' id='word_1_348' title='bbox 2554 2323 2906 2384; x_wconf 87' lang='lat' dir='ltr'><strong>cognosceret</strong></span> <span class='ocrx_word' id='word_1_349' title='bbox 2934 2313 3077 2384; x_wconf 91' lang='lat' dir='ltr'><strong>quod</strong></span> <span class='ocrx_word' id='word_1_350' title='bbox 3123 2327 3184 2368; x_wconf 87' lang='lat' dir='ltr'><strong>ea</strong></span> <span class='ocrx_word' id='word_1_351' title='bbox 3231 2326 3354 2383; x_wconf 65' lang='lat' dir='ltr'><strong>quae</strong></span> <span class='ocrx_word' id='word_1_352' title='bbox 3396 2312 3450 2366; x_wconf 90' lang='lat' dir='ltr'><strong>in</strong></span> <span class='ocrx_word' id='word_1_353' title='bbox 3481 2319 3627 2365; x_wconf 89' lang='lat' dir='ltr'><strong>tanta</strong></span> <span class='ocrx_word' id='word_1_354' title='bbox 3658 2324 3824 2367; x_wconf 80' lang='lat' dir='ltr'><strong>causa</strong></span> 
     </span>
    </p>
   </div>
   <div class='ocr_carea' id='block_1_54' title="bbox 2229 2400 3827 2476">
    <p class='ocr_par' dir='ltr' id='par_1_54' title="bbox 2229 2400 3827 2476">
     <span class='ocr_line' id='line_1_54' title="bbox 2229 2400 3827 2476; baseline 0 -15"><span class='ocrx_word' id='word_1_355' title='bbox 2229 2417 2386 2476; x_wconf 90' lang='lat' dir='ltr'><strong>gesta</strong></span> <span class='ocrx_word' id='word_1_356' title='bbox 2414 2407 2628 2463; x_wconf 79' lang='lat' dir='ltr'><strong>fuerant</strong></span> <span class='ocrx_word' id='word_1_357' title='bbox 2653 2417 2692 2445; x_wconf 75' lang='grc' dir='ltr'><strong>ιιι</strong></span> <span class='ocrx_word' id='word_1_358' title='bbox 2730 2408 2891 2464; x_wconf 89' lang='lat' dir='ltr'><strong>etiam</strong></span> <span class='ocrx_word' id='word_1_359' title='bbox 2945 2400 3085 2463; x_wconf 83' lang='lat' dir='ltr'><strong>nunc</strong></span> <span class='ocrx_word' id='word_1_360' title='bbox 3126 2408 3340 2463; x_wconf 89' lang='lat' dir='ltr'><strong>silentio</strong></span> <span class='ocrx_word' id='word_1_361' title='bbox 3378 2405 3669 2472; x_wconf 86' lang='lat' dir='ltr'><strong>detineret,</strong></span> <span class='ocrx_word' id='word_1_362' title='bbox 3696 2420 3827 2462; x_wconf 86' lang='lat' dir='ltr'><strong>cum</strong></span> 
     </span>
    </p>
   </div>
   <div class='ocr_carea' id='block_1_55' title="bbox 2229 2500 3827 2571">
    <p class='ocr_par' dir='ltr' id='par_1_55' title="bbox 2229 2500 3827 2571">
     <span class='ocr_line' id='line_1_55' title="bbox 2229 2500 3827 2571; baseline -0.006 -11"><span class='ocrx_word' id='word_1_363' title='bbox 2229 2504 2448 2560; x_wconf 90' lang='lat' dir='ltr'><strong>studere</strong></span> <span class='ocrx_word' id='word_1_364' title='bbox 2486 2502 2735 2557; x_wconf 88' lang='lat' dir='ltr'><strong>debuerit</strong></span> <span class='ocrx_word' id='word_1_365' title='bbox 2781 2501 3031 2571; x_wconf 91' lang='lat' dir='ltr'><strong>primitus</strong></span> <span class='ocrx_word' id='word_1_366' title='bbox 3076 2500 3234 2554; x_wconf 91' lang='lat' dir='ltr'><strong>nobis</strong></span> <span class='ocrx_word' id='word_1_367' title='bbox 3277 2508 3469 2555; x_wconf 91' lang='lat' dir='ltr'><strong>cuncta</strong></span> <span class='ocrx_word' id='word_1_368' title='bbox 3520 2511 3768 2553; x_wconf 85' lang='lat' dir='ltr'><strong>reserare</strong></span> <span class='ocrx_word' id='word_1_369' title='bbox 3807 2514 3827 2551; x_wconf 87' lang='lat'><strong>:</strong></span> 
     </span>
    </p>
   </div>
   <div class='ocr_carea' id='block_1_56' title="bbox 2229 2586 3830 2665">
    <p class='ocr_par' dir='ltr' id='par_1_56' title="bbox 2229 2586 3830 2665">
     <span class='ocr_line' id='line_1_56' title="bbox 2229 2586 3830 2665; baseline -0.005 -15"><span class='ocrx_word' id='word_1_370' title='bbox 2229 2610 2387 2665; x_wconf 91' lang='lat' dir='ltr'><strong>quem</strong></span> <span class='ocrx_word' id='word_1_371' title='bbox 2433 2593 2707 2649; x_wconf 89' lang='lat' dir='ltr'><strong>credimus</strong></span> <span class='ocrx_word' id='word_1_372' title='bbox 2754 2592 2839 2647; x_wconf 86' lang='lat' dir='ltr'><strong>vel</strong></span> <span class='ocrx_word' id='word_1_373' title='bbox 2893 2603 3017 2662; x_wconf 89' lang='lat' dir='ltr'><strong>post</strong></span> <span class='ocrx_word' id='word_1_374' title='bbox 3065 2590 3486 2646; x_wconf 89' lang='lat' dir='ltr'><strong>admonitionem</strong></span> <span class='ocrx_word' id='word_1_375' title='bbox 3534 2589 3715 2644; x_wconf 86' lang='lat' dir='ltr'><strong>omnia</strong></span> <span class='ocrx_word' id='word_1_376' title='bbox 3756 2586 3830 2643; x_wconf 86' lang='lat' dir='ltr'><strong>ad</strong></span> 
     </span>
    </p>
   </div>
   <div class='ocr_carea' id='block_1_57' title="bbox 2227 2682 3833 2751">
    <p class='ocr_par' dir='ltr' id='par_1_57' title="bbox 2227 2682 3833 2751">
     <span class='ocr_line' id='line_1_57' title="bbox 2227 2682 3833 2751; baseline -0.004 -8"><span class='ocrx_word' id='word_1_377' title='bbox 2227 2698 2466 2743; x_wconf 88' lang='lat' dir='ltr'><strong>nostram</strong></span> <span class='ocrx_word' id='word_1_378' title='bbox 2502 2688 2745 2743; x_wconf 87' lang='lat' dir='ltr'><strong>notitiam</strong></span> <span class='ocrx_word' id='word_1_379' title='bbox 2777 2687 3190 2751; x_wconf 87' lang='lat' dir='ltr'><strong>relaturum;-ut</strong></span> <span class='ocrx_word' id='word_1_380' title='bbox 3226 2685 3279 2740; x_wconf 91' lang='lat' dir='ltr'><strong>in</strong></span> <span class='ocrx_word' id='word_1_381' title='bbox 3310 2685 3484 2741; x_wconf 88' lang='lat' dir='ltr'><strong>lucem</strong></span> <span class='ocrx_word' id='word_1_382' title='bbox 3521 2683 3697 2739; x_wconf 87' lang='lat' dir='ltr'><strong>ductis</strong></span> <span class='ocrx_word' id='word_1_383' title='bbox 3740 2682 3833 2737; x_wconf 82' lang='lat' dir='ltr'><strong>his</strong></span> 
     </span>
    </p>
   </div>
   <div class='ocr_carea' id='block_1_58' title="bbox 2224 2772 3830 2850">
    <p class='ocr_par' dir='ltr' id='par_1_58' title="bbox 2224 2772 3830 2850">
     <span class='ocr_line' id='line_1_58' title="bbox 2224 2772 3830 2850; baseline -0.004 -16"><span class='ocrx_word' id='word_1_384' title='bbox 2224 2796 2343 2850; x_wconf 62' lang='lat' dir='ltr'><strong>quas</strong></span> <span class='ocrx_word' id='word_1_385' title='bbox 2371 2780 2546 2834; x_wconf 91' lang='lat' dir='ltr'><strong>adhuc</strong></span> <span class='ocrx_word' id='word_1_386' title='bbox 2583 2778 2833 2834; x_wconf 91' lang='lat' dir='ltr'><strong>videntur</strong></span> <span class='ocrx_word' id='word_1_387' title='bbox 2867 2778 3102 2843; x_wconf 88' lang='lat' dir='ltr'><strong>occulta,</strong></span> <span class='ocrx_word' id='word_1_388' title='bbox 3136 2777 3186 2832; x_wconf 95' lang='lat' dir='ltr'><strong>id</strong></span> <span class='ocrx_word' id='word_1_389' title='bbox 3226 2775 3369 2847; x_wconf 92' lang='lat' dir='ltr'><strong>quod</strong></span> <span class='ocrx_word' id='word_1_390' title='bbox 3412 2772 3740 2845; x_wconf 70' lang='lat' dir='ltr'><strong>evangelica:</strong></span> <span class='ocrx_word' id='word_1_391' title='bbox 3765 2780 3830 2828; x_wconf 87' lang='lat' dir='ltr'><strong>et</strong></span> 
     </span>
    </p>
   </div>
   <div class='ocr_carea' id='block_1_59' title="bbox 2221 2868 3819 2941">
    <p class='ocr_par' dir='ltr' id='par_1_59' title="bbox 2221 2868 3819 2941">
     <span class='ocr_line' id='line_1_59' title="bbox 2221 2868 3819 2941; baseline -0.003 -15"><span class='ocrx_word' id='word_1_392' title='bbox 2221 2872 2533 2941; x_wconf 69' lang='lat' dir='ltr'><strong>apostolicae</strong></span> <span class='ocrx_word' id='word_1_393' title='bbox 2575 2870 2839 2928; x_wconf 68' lang='lat' dir='ltr'><strong>doctrinae</strong></span> <span class='ocrx_word' id='word_1_394' title='bbox 2870 2871 3124 2926; x_wconf 88' lang='lat' dir='ltr'><strong>convenit</strong></span> <span class='ocrx_word' id='word_1_395' title='bbox 3158 2868 3451 2940; x_wconf 76' lang='lat' dir='ltr'><strong>iudicetur.</strong></span> <span class='ocrx_word' id='word_1_396' title='bbox 3499 2868 3629 2923; x_wconf 90' lang='lat' dir='ltr'><strong>Data</strong></span> <span class='ocrx_word' id='word_1_397' title='bbox 3659 2876 3687 2902; x_wconf 80' lang='grc' dir='ltr'><strong>ιι</strong></span> <span class='ocrx_word' id='word_1_398' title='bbox 3736 2881 3819 2922; x_wconf 83' lang='lat' dir='ltr'><strong>xu</strong></span> 
     </span>
    </p>
   </div>
   <div class='ocr_carea' id='block_1_60' title="bbox 2221 2958 3829 3033">
    <p class='ocr_par' dir='ltr' id='par_1_60' title="bbox 2221 2958 3829 3033">
     <span class='ocr_line' id='line_1_60' title="bbox 2221 2958 3829 3033; baseline -0.005 -13"><span class='ocrx_word' id='word_1_399' title='bbox 2221 2964 2573 3021; x_wconf 81' lang='lat' dir='ltr'><strong>kalendarum</strong></span> <span class='ocrx_word' id='word_1_400' title='bbox 2630 2963 2827 3032; x_wconf 84' lang='lat' dir='ltr'><strong>Martii,</strong></span> <span class='ocrx_word' id='word_1_401' title='bbox 2859 2963 3080 3019; x_wconf 79' lang='lat' dir='ltr'><strong>Asturio</strong></span> <span class='ocrx_word' id='word_1_402' title='bbox 3116 2972 3173 3018; x_wconf 91' lang='lat' dir='ltr'><strong>et</strong></span> <span class='ocrx_word' id='word_1_403' title='bbox 3199 2962 3501 3033; x_wconf 89' lang='lat' dir='ltr'><strong>Protogene</strong></span> <span class='ocrx_word' id='word_1_404' title='bbox 3539 2960 3672 3020; x_wconf 85' lang='lat' dir='ltr'><strong>viris</strong></span> <span class='ocrx_word' id='word_1_405' title='bbox 3712 2958 3829 3013; x_wconf 84' lang='lat' dir='ltr'><strong>cla&#39;</strong></span> 
     </span>
    </p>
   </div>
   <div class='ocr_carea' id='block_1_61' title="bbox 2219 3055 2795 3112">
    <p class='ocr_par' dir='ltr' id='par_1_61' title="bbox 2219 3055 2795 3112">
     <span class='ocr_line' id='line_1_61' title="bbox 2219 3055 2795 3112; baseline -0.005 0"><span class='ocrx_word' id='word_1_406' title='bbox 2219 3056 2447 3112; x_wconf 90' lang='lat' dir='ltr'><strong>rissimis</strong></span> <span class='ocrx_word' id='word_1_407' title='bbox 2466 3055 2795 3111; x_wconf 87' lang='lat' dir='ltr'><strong>consulibus.</strong></span> 
     </span>
    </p>
   </div>
   <div class='ocr_carea' id='block_1_62' title="bbox 2291 3245 3823 3318">
    <p class='ocr_par' dir='ltr' id='par_1_62' title="bbox 2291 3245 3823 3318">
     <span class='ocr_line' id='line_1_62' title="bbox 2291 3245 3823 3318; baseline -0.005 -16"><span class='ocrx_word' id='word_1_408' title='bbox 2291 3246 2310 3285; x_wconf 70' lang='grc' dir='ltr'>ί</span> <span class='ocrx_word' id='word_1_409' title='bbox 2346 3248 2577 3318; x_wconf 83' lang='lat' dir='ltr'><strong>Ratisp.,</strong></span> <span class='ocrx_word' id='word_1_410' title='bbox 2603 3248 2926 3301; x_wconf 83' lang='lat' dir='ltr'><strong>turbationis.</strong></span> <span class='ocrx_word' id='word_1_411' title='bbox 2964 3247 3176 3313; x_wconf 79' lang='lat' dir='ltr'><strong>Postea,</strong></span> <span class='ocrx_word' id='word_1_412' title='bbox 3219 3245 3575 3318; x_wconf 75' lang='lat' dir='ltr'><strong>coepiscopum</strong></span> <span class='ocrx_word' id='word_1_413' title='bbox 3620 3259 3823 3318; x_wconf 81' lang='lat' dir='ltr'><strong>meum,</strong></span> 
     </span>
    </p>
   </div>
   <div class='ocr_carea' id='block_1_63' title="bbox 2215 3317 3827 3390">
    <p class='ocr_par' dir='ltr' id='par_1_63' title="bbox 2215 3317 3827 3390">
     <span class='ocr_line' id='line_1_63' title="bbox 2215 3317 3827 3390; baseline -0.002 -20"><span class='ocrx_word' id='word_1_414' title='bbox 2215 3333 2312 3389; x_wconf 89' lang='lat' dir='ltr'><strong>pro</strong></span> <span class='ocrx_word' id='word_1_415' title='bbox 2360 3317 2717 3390; x_wconf 79' lang='lat' dir='ltr'><strong>coepiscOpum</strong></span> <span class='ocrx_word' id='word_1_416' title='bbox 2764 3328 3032 3384; x_wconf 87' lang='lat' dir='ltr'><strong>nostrum;</strong></span> <span class='ocrx_word' id='word_1_417' title='bbox 3073 3327 3129 3371; x_wconf 91' lang='lat' dir='ltr'><strong>et</strong></span> <span class='ocrx_word' id='word_1_418' title='bbox 3171 3317 3556 3390; x_wconf 46' lang='lat' dir='ltr'><strong>cohaerentem</strong></span> <span class='ocrx_word' id='word_1_419' title='bbox 3586 3317 3827 3390; x_wconf 77' lang='lat' dir='ltr'><strong>nondum</strong></span> 
     </span>
    </p>
   </div>
   <div class='ocr_carea' id='block_1_64' title="bbox 2216 3387 3835 3460">
    <p class='ocr_par' dir='ltr' id='par_1_64' title="bbox 2216 3387 3835 3460">
     <span class='ocr_line' id='line_1_64' title="bbox 2216 3387 3835 3460; baseline -0.004 -17"><span class='ocrx_word' id='word_1_420' title='bbox 2216 3387 2359 3459; x_wconf 66' lang='lat' dir='ltr'><strong>potui</strong></span> <span class='ocrx_word' id='word_1_421' title='bbox 2390 3387 2645 3444; x_wconf 82' lang='lat' dir='ltr'><strong>evidenter</strong></span> <span class='ocrx_word' id='word_1_422' title='bbox 2688 3405 2985 3460; x_wconf 85' lang='lat' dir='ltr'><strong>agnoscere,</strong></span> <span class='ocrx_word' id='word_1_423' title='bbox 3019 3402 3117 3457; x_wconf 92' lang='lat' dir='ltr'><strong>pro</strong></span> <span class='ocrx_word' id='word_1_424' title='bbox 3151 3388 3379 3441; x_wconf 88' lang='lat' dir='ltr'><strong>nondum</strong></span> <span class='ocrx_word' id='word_1_425' title='bbox 3415 3387 3683 3460; x_wconf 72' lang='lat' dir='ltr'><strong>potuimus</strong></span> <span class='ocrx_word' id='word_1_426' title='bbox 3713 3387 3835 3438; x_wconf 83' lang='lat' dir='ltr'><strong>evi-</strong></span> 
     </span>
    </p>
   </div>
   <div class='ocr_carea' id='block_1_65' title="bbox 527 3455 3831 3533">
    <p class='ocr_par' dir='ltr' id='par_1_65' title="bbox 527 3455 3831 3533">
     <span class='ocr_line' id='line_1_65' title="bbox 527 3455 3831 3533; baseline 0.001 -25"><span class='ocrx_word' id='word_1_427' title='bbox 527 3455 764 3533; x_wconf 71' lang='lat' dir='ltr'><strong>2_l,_cum</strong></span> <span class='ocrx_word' id='word_1_428' title='bbox 794 3455 951 3533; x_wconf 81' lang='lat' dir='ltr'><strong>editis</strong></span> <span class='ocrx_word' id='word_1_429' title='bbox 976 3465 1099 3533; x_wconf 77' lang='lat' dir='ltr'><strong>ante</strong></span> <span class='ocrx_word' id='word_1_430' title='bbox 1119 3458 1345 3525; x_wconf 87' lang='lat' dir='ltr'><strong>Quesn.,</strong></span> <span class='ocrx_word' id='word_1_431' title='bbox 1371 3455 2105 3533; x_wconf 77' lang='lat' dir='ltr'><strong>perperam_ltabentxnkal.</strong></span> <span class='ocrx_word' id='word_1_432' title='bbox 2138 3466 2183 3528; x_wconf 73' lang='grc' dir='ltr'><strong>ρ</strong></span> <span class='ocrx_word' id='word_1_433' title='bbox 2216 3455 2391 3515; x_wconf 83' lang='lat' dir='ltr'><strong>denter</strong></span> <span class='ocrx_word' id='word_1_434' title='bbox 2443 3455 2766 3533; x_wconf 62' lang='lat' dir='ltr'><strong>ragnoscere.</strong></span> <span class='ocrx_word' id='word_1_435' title='bbox 2820 3476 2886 3515; x_wconf 82' lang='lat' dir='ltr'><strong>ex</strong></span> <span class='ocrx_word' id='word_1_436' title='bbox 2937 3455 3317 3533; x_wconf 70' lang='lat' dir='ltr'><strong>noStris__mss.</strong></span> <span class='ocrx_word' id='word_1_437' title='bbox 3361 3458 3576 3533; x_wconf 68' lang='lat' dir='ltr'><strong>collect.</strong></span> <span class='ocrx_word' id='word_1_438' title='bbox 3619 3456 3718 3521; x_wconf 72' lang='lat'><strong>24,</strong></span> <span class='ocrx_word' id='word_1_439' title='bbox 3762 3471 3831 3510; x_wconf 88' lang='lat' dir='ltr'><strong>ac</strong></span> 
     </span>
    </p>
   </div>
   <div class='ocr_carea' id='block_1_66' title="bbox 529 3526 2105 3599">
    <p class='ocr_par' dir='ltr' id='par_1_66' title="bbox 529 3526 2105 3599">
     <span class='ocr_line' id='line_1_66' title="bbox 529 3526 2105 3599; baseline 0.003 -18"><span class='ocrx_word' id='word_1_440' title='bbox 529 3526 693 3591; x_wconf 85' lang='lat' dir='ltr'><strong>Maii;</strong></span> <span class='ocrx_word' id='word_1_441' title='bbox 716 3541 837 3580; x_wconf 91' lang='lat' dir='ltr'><strong>nam</strong></span> <span class='ocrx_word' id='word_1_442' title='bbox 872 3527 954 3581; x_wconf 76' lang='lat' dir='ltr'><strong>lue</strong></span> <span class='ocrx_word' id='word_1_443' title='bbox 994 3528 1185 3583; x_wconf 70' lang='lat' dir='ltr'><strong>litterte</strong></span> <span class='ocrx_word' id='word_1_444' title='bbox 1215 3526 1401 3584; x_wconf 80' lang='lat' dir='ltr'><strong>mense</strong></span> <span class='ocrx_word' id='word_1_445' title='bbox 1443 3526 1613 3599; x_wconf 57' lang='lat' dir='ltr'><strong>Aprili</strong></span> <span class='ocrx_word' id='word_1_446' title='bbox 1644 3530 2105 3599; x_wconf 87' lang='lat' dir='ltr'><strong>Constantinopoli</strong></span> 
     </span>
    </p>
   </div>
   <div class='ocr_carea' id='block_1_67' title="bbox 528 3599 2109 3667">
    <p class='ocr_par' dir='ltr' id='par_1_67' title="bbox 528 3599 2109 3667">
     <span class='ocr_line' id='line_1_67' title="bbox 528 3599 2109 3667; baseline 0.003 -14"><span class='ocrx_word' id='word_1_447' title='bbox 528 3606 760 3663; x_wconf 72' lang='lat' dir='ltr'><strong>recepta:</strong></span> <span class='ocrx_word' id='word_1_448' title='bbox 788 3599 1022 3665; x_wconf 82' lang='lat' dir='ltr'><strong>luerunt,</strong></span> <span class='ocrx_word' id='word_1_449' title='bbox 1057 3608 1114 3653; x_wconf 93' lang='lat' dir='ltr'><strong>ut</strong></span> <span class='ocrx_word' id='word_1_450' title='bbox 1146 3609 1291 3667; x_wconf 89' lang='lat' dir='ltr'><strong>patet</strong></span> <span class='ocrx_word' id='word_1_451' title='bbox 1326 3617 1391 3661; x_wconf 81' lang='lat' dir='ltr'><strong>ex</strong></span> <span class='ocrx_word' id='word_1_452' title='bbox 1436 3602 1850 3657; x_wconf 87' lang='lat' dir='ltr'><strong>interlocutione</strong></span> <span class='ocrx_word' id='word_1_453' title='bbox 1895 3602 2109 3658; x_wconf 80' lang='lat' dir='ltr'><strong>Seleuci</strong></span> 
     </span>
    </p>
   </div>
   <div class='ocr_carea' id='block_1_68' title="bbox 529 3667 2104 3742">
    <p class='ocr_par' dir='ltr' id='par_1_68' title="bbox 529 3667 2104 3742">
     <span class='ocr_line' id='line_1_68' title="bbox 529 3667 2104 3742; baseline 0.003 -20"><span class='ocrx_word' id='word_1_454' title='bbox 529 3668 711 3742; x_wconf 78' lang='lat' dir='ltr'><strong>habita</strong></span> <span class='ocrx_word' id='word_1_455' title='bbox 724 3667 1058 3742; x_wconf 67' lang='lat' dir='ltr'><strong>inconventu</strong></span> <span class='ocrx_word' id='word_1_456' title='bbox 1082 3670 1676 3740; x_wconf 87' lang='lat' dir='ltr'><strong>Constantinopolitano</strong></span> <span class='ocrx_word' id='word_1_457' title='bbox 1700 3688 1729 3725; x_wconf 91' lang='lat' dir='ltr'><strong>v</strong></span> <span class='ocrx_word' id='word_1_458' title='bbox 1746 3672 1863 3726; x_wconf 88' lang='lat' dir='ltr'><strong>idus</strong></span> <span class='ocrx_word' id='word_1_459' title='bbox 1886 3674 2104 3742; x_wconf 78' lang='lat' dir='ltr'><strong>Aprilis,</strong></span> 
     </span>
    </p>
   </div>
   <div class='ocr_carea' id='block_1_69' title="bbox 530 3739 2108 3810">
    <p class='ocr_par' dir='ltr' id='par_1_69' title="bbox 530 3739 2108 3810">
     <span class='ocr_line' id='line_1_69' title="bbox 530 3739 2108 3810; baseline 0.004 -18"><span class='ocrx_word' id='word_1_460' title='bbox 530 3739 619 3793; x_wconf 89' lang='lat' dir='ltr'><strong>ubi</strong></span> <span class='ocrx_word' id='word_1_461' title='bbox 652 3739 718 3810; x_wconf 89' lang='lat' dir='ltr'><strong>de</strong></span> <span class='ocrx_word' id='word_1_462' title='bbox 750 3739 1005 3810; x_wconf 85' lang='lat' dir='ltr'><strong>Eutychis</strong></span> <span class='ocrx_word' id='word_1_463' title='bbox 1034 3742 1399 3810; x_wconf 87' lang='lat' dir='ltr'><strong>appellatione</strong></span> <span class='ocrx_word' id='word_1_464' title='bbox 1428 3739 1479 3796; x_wconf 91' lang='lat' dir='ltr'><strong>in</strong></span> <span class='ocrx_word' id='word_1_465' title='bbox 1509 3743 1655 3797; x_wconf 88' lang='lat' dir='ltr'><strong>hisce</strong></span> <span class='ocrx_word' id='word_1_466' title='bbox 1680 3743 1873 3798; x_wconf 86' lang='lat' dir='ltr'><strong>litteris</strong></span> <span class='ocrx_word' id='word_1_467' title='bbox 1901 3739 2108 3799; x_wconf 56' lang='lat' dir='ltr'><strong>niemoL</strong></span> 
     </span>
    </p>
   </div>
   <div class='ocr_carea' id='block_1_70' title="bbox 530 3809 2109 3870">
    <p class='ocr_par' dir='ltr' id='par_1_70' title="bbox 530 3809 2109 3870">
     <span class='ocr_line' id='line_1_70' title="bbox 530 3809 2109 3870; baseline 0.004 -6"><span class='ocrx_word' id='word_1_468' title='bbox 530 3818 641 3864; x_wconf 88' lang='lat' dir='ltr'><strong>rata</strong></span> <span class='ocrx_word' id='word_1_469' title='bbox 676 3809 974 3865; x_wconf 83' lang='lat' dir='ltr'><strong>litmentio.</strong></span> <span class='ocrx_word' id='word_1_470' title='bbox 1009 3809 1140 3866; x_wconf 86' lang='lat' dir='ltr'><strong>Vide</strong></span> <span class='ocrx_word' id='word_1_471' title='bbox 1165 3822 1367 3868; x_wconf 91' lang='lat' dir='ltr'><strong>tomum</strong></span> <span class='ocrx_word' id='word_1_472' title='bbox 1407 3813 1471 3868; x_wconf 87' lang='lat' dir='ltr'><strong>IV</strong></span> <span class='ocrx_word' id='word_1_473' title='bbox 1500 3814 1706 3869; x_wconf 92' lang='lat' dir='ltr'><strong>Concil.</strong></span> <span class='ocrx_word' id='word_1_474' title='bbox 1746 3814 1960 3869; x_wconf 81' lang='lat' dir='ltr'><strong>Venetae</strong></span> <span class='ocrx_word' id='word_1_475' title='bbox 1998 3816 2109 3870; x_wconf 89' lang='lat' dir='ltr'><strong>edi-</strong></span> 
     </span>
    </p>
   </div>
   <div class='ocr_carea' id='block_1_71' title="bbox 530 3880 2111 3954">
    <p class='ocr_par' dir='ltr' id='par_1_71' title="bbox 530 3880 2111 3954">
     <span class='ocr_line' id='line_1_71' title="bbox 530 3880 2111 3954; baseline 0.005 -21"><span class='ocrx_word' id='word_1_476' title='bbox 530 3880 695 3954; x_wconf 70' lang='lat' dir='ltr'><strong>tionis</strong></span> <span class='ocrx_word' id='word_1_477' title='bbox 720 3896 840 3951; x_wconf 89' lang='lat' dir='ltr'><strong>pag.</strong></span> <span class='ocrx_word' id='word_1_478' title='bbox 874 3882 1029 3954; x_wconf 78' lang='lat' dir='ltr'><strong>l06&#39;l.</strong></span> <span class='ocrx_word' id='word_1_479' title='bbox 1063 3884 1164 3937; x_wconf 83' lang='lat' dir='ltr'><strong>Alii</strong></span> <span class='ocrx_word' id='word_1_480' title='bbox 1187 3894 1365 3939; x_wconf 90' lang='lat' dir='ltr'><strong>autem</strong></span> <span class='ocrx_word' id='word_1_481' title='bbox 1393 3884 1634 3954; x_wconf 89' lang='lat' dir='ltr'><strong>ejusdem</strong></span> <span class='ocrx_word' id='word_1_482' title='bbox 1664 3886 1997 3940; x_wconf 81' lang='lat' dir='ltr'><strong>collectionis</strong></span> <span class='ocrx_word' id='word_1_483' title='bbox 2021 3902 2111 3941; x_wconf 87' lang='lat' dir='ltr'><strong>co-</strong></span> 
     </span>
    </p>
   </div>
   <div class='ocr_carea' id='block_1_72' title="bbox 530 3950 2106 4023">
    <p class='ocr_par' dir='ltr' id='par_1_72' title="bbox 530 3950 2106 4023">
     <span class='ocr_line' id='line_1_72' title="bbox 530 3950 2106 4023; baseline 0.001 -18"><span class='ocrx_word' id='word_1_484' title='bbox 530 3950 675 4006; x_wconf 88' lang='lat' dir='ltr'><strong>dices</strong></span> <span class='ocrx_word' id='word_1_485' title='bbox 698 3962 753 4006; x_wconf 89' lang='lat' dir='ltr'><strong>et</strong></span> <span class='ocrx_word' id='word_1_486' title='bbox 783 3950 951 4007; x_wconf 84' lang='lat' dir='ltr'><strong>multo</strong></span> <span class='ocrx_word' id='word_1_487' title='bbox 997 3956 1395 4023; x_wconf 71' lang='lat' dir='ltr'><strong>praestantiores</strong></span> <span class='ocrx_word' id='word_1_488' title='bbox 1422 3950 1641 4022; x_wconf 51' lang='lat' dir='ltr'><strong>&#39;Ratisp.</strong></span> <span class='ocrx_word' id='word_1_489' title='bbox 1681 3966 1735 4010; x_wconf 92' lang='lat' dir='ltr'><strong>et</strong></span> <span class='ocrx_word' id='word_1_490' title='bbox 1779 3955 2106 4011; x_wconf 85' lang='lat' dir='ltr'><strong>Chalcedon.</strong></span> 
     </span>
    </p>
   </div>
   <div class='ocr_carea' id='block_1_73' title="bbox 530 4023 2112 4095">
    <p class='ocr_par' dir='ltr' id='par_1_73' title="bbox 530 4023 2112 4095">
     <span class='ocr_line' id='line_1_73' title="bbox 530 4023 2112 4095; baseline 0.005 -20"><span class='ocrx_word' id='word_1_491' title='bbox 530 4023 671 4095; x_wconf 82' lang='lat' dir='ltr'><strong>diem</strong></span> <span class='ocrx_word' id='word_1_492' title='bbox 716 4032 772 4077; x_wconf 89' lang='lat' dir='ltr'><strong>et</strong></span> <span class='ocrx_word' id='word_1_493' title='bbox 816 4039 1053 4079; x_wconf 87' lang='lat' dir='ltr'><strong>mensem</strong></span> <span class='ocrx_word' id='word_1_494' title='bbox 1090 4026 1254 4079; x_wconf 89' lang='lat' dir='ltr'><strong>textui</strong></span> <span class='ocrx_word' id='word_1_495' title='bbox 1301 4027 1531 4081; x_wconf 90' lang='lat' dir='ltr'><strong>insertos</strong></span> <span class='ocrx_word' id='word_1_496' title='bbox 1579 4026 1892 4095; x_wconf 65' lang='lat' dir='ltr'><strong>praeferunt.</strong></span> <span class='ocrx_word' id='word_1_497' title='bbox 1942 4028 2112 4082; x_wconf 84' lang='lat' dir='ltr'><strong>Porro</strong></span> 
     </span>
    </p>
   </div>
   <div class='ocr_carea' id='block_1_74' title="bbox 531 4093 2112 4168">
    <p class='ocr_par' dir='ltr' id='par_1_74' title="bbox 531 4093 2112 4168">
     <span class='ocr_line' id='line_1_74' title="bbox 531 4093 2112 4168; baseline 0.006 -24"><span class='ocrx_word' id='word_1_498' title='bbox 531 4093 739 4168; x_wconf 53' lang='lat' dir='ltr'><strong>Asturio</strong></span> <span class='ocrx_word' id='word_1_499' title='bbox 783 4110 877 4168; x_wconf 83' lang='lat' dir='ltr'><strong>pro</strong></span> <span class='ocrx_word' id='word_1_500' title='bbox 928 4096 1124 4168; x_wconf 74' lang='lat' dir='ltr'><strong>Asteria</strong></span> <span class='ocrx_word' id='word_1_501' title='bbox 1166 4107 1276 4168; x_wconf 87' lang='lat' dir='ltr'><strong>tum</strong></span> <span class='ocrx_word' id='word_1_502' title='bbox 1315 4098 1367 4150; x_wconf 92' lang='lat' dir='ltr'><strong>in</strong></span> <span class='ocrx_word' id='word_1_503' title='bbox 1402 4101 1501 4153; x_wconf 85' lang='lat' dir='ltr'><strong>hac</strong></span> <span class='ocrx_word' id='word_1_504' title='bbox 1529 4093 1640 4151; x_wconf 81' lang='lat' dir='ltr'><strong>tum</strong></span> <span class='ocrx_word' id='word_1_505' title='bbox 1673 4096 1725 4151; x_wconf 91' lang='lat' dir='ltr'><strong>in</strong></span> <span class='ocrx_word' id='word_1_506' title='bbox 1766 4100 2112 4168; x_wconf 87' lang='lat' dir='ltr'><strong>sequentibus</strong></span> 
     </span>
    </p>
   </div>
   <div class='ocr_carea' id='block_1_75' title="bbox 536 4164 2118 4238">
    <p class='ocr_par' dir='ltr' id='par_1_75' title="bbox 536 4164 2118 4238">
     <span class='ocr_line' id='line_1_75' title="bbox 536 4164 2118 4238; baseline 0.005 -21"><span class='ocrx_word' id='word_1_507' title='bbox 536 4164 695 4233; x_wconf 86' lang='lat' dir='ltr'><strong>hujus</strong></span> <span class='ocrx_word' id='word_1_508' title='bbox 716 4165 839 4238; x_wconf 81' lang='lat' dir='ltr'><strong>anni</strong></span> <span class='ocrx_word' id='word_1_509' title='bbox 868 4167 1110 4236; x_wconf 91' lang='lat' dir='ltr'><strong>epistolis</strong></span> <span class='ocrx_word' id='word_1_510' title='bbox 1141 4167 1431 4236; x_wconf 89' lang='lat' dir='ltr'><strong>edidimus,</strong></span> <span class='ocrx_word' id='word_1_511' title='bbox 1467 4178 1523 4221; x_wconf 92' lang='lat' dir='ltr'><strong>ut</strong></span> <span class='ocrx_word' id='word_1_512' title='bbox 1555 4170 1825 4238; x_wconf 86' lang='lat' dir='ltr'><strong>incodice</strong></span> <span class='ocrx_word' id='word_1_513' title='bbox 1845 4164 2118 4238; x_wconf 56' lang='lat' dir='ltr'><strong>&#39;Ratispo-</strong></span> 
     </span>
    </p>
   </div>
   <div class='ocr_carea' id='block_1_76' title="bbox 530 4236 2117 4309">
    <p class='ocr_par' dir='ltr' id='par_1_76' title="bbox 530 4236 2117 4309">
     <span class='ocr_line' id='line_1_76' title="bbox 530 4236 2117 4309; baseline 0.004 -21"><span class='ocrx_word' id='word_1_514' title='bbox 530 4237 681 4309; x_wconf 83' lang='lat' dir='ltr'><strong>nensi</strong></span> <span class='ocrx_word' id='word_1_515' title='bbox 725 4244 779 4291; x_wconf 91' lang='lat' dir='ltr'><strong>et</strong></span> <span class='ocrx_word' id='word_1_516' title='bbox 814 4236 869 4309; x_wconf 78' lang='lat' dir='ltr'><strong>in</strong></span> <span class='ocrx_word' id='word_1_517' title='bbox 913 4238 1228 4307; x_wconf 89' lang='lat' dir='ltr'><strong>perantiquo</strong></span> <span class='ocrx_word' id='word_1_518' title='bbox 1255 4238 1554 4293; x_wconf 75' lang='lat' dir='ltr'><strong>Veronensi</strong></span> <span class='ocrx_word' id='word_1_519' title='bbox 1601 4237 1669 4292; x_wconf 86' lang='lat'><strong>57</strong></span> <span class='ocrx_word' id='word_1_520' title='bbox 1703 4241 1927 4309; x_wconf 88' lang='lat' dir='ltr'><strong>aliisque</strong></span> <span class='ocrx_word' id='word_1_521' title='bbox 1958 4236 2117 4296; x_wconf 80' lang='lat' dir='ltr'><strong>Chal-</strong></span> 
     </span>
    </p>
   </div>
   <div class='ocr_carea' id='block_1_77' title="bbox 530 4306 2114 4379">
    <p class='ocr_par' dir='ltr' id='par_1_77' title="bbox 530 4306 2114 4379">
     <span class='ocr_line' id='line_1_77' title="bbox 530 4306 2114 4379; baseline 0.004 -20"><span class='ocrx_word' id='word_1_522' title='bbox 530 4306 929 4379; x_wconf 84' lang='lat' dir='ltr'><strong>cedonensibus</strong></span> <span class='ocrx_word' id='word_1_523' title='bbox 958 4322 1086 4361; x_wconf 89' lang='lat' dir='ltr'><strong>mss.</strong></span> <span class='ocrx_word' id='word_1_524' title='bbox 1120 4306 1328 4379; x_wconf 84' lang='lat' dir='ltr'><strong>legitur.</strong></span> <span class='ocrx_word' id='word_1_525' title='bbox 1368 4309 1534 4363; x_wconf 85' lang='lat' dir='ltr'><strong>Immo</strong></span> <span class='ocrx_word' id='word_1_526' title='bbox 1567 4310 1637 4364; x_wconf 88' lang='lat' dir='ltr'><strong>ita</strong></span> <span class='ocrx_word' id='word_1_527' title='bbox 1672 4306 1983 4367; x_wconf 75' lang='lat' dir='ltr'><strong>constanter</strong></span> <span class='ocrx_word' id='word_1_528' title='bbox 2011 4312 2114 4379; x_wconf 83' lang='lat' dir='ltr'><strong>legi</strong></span> 
     </span>
    </p>
   </div>
   <div class='ocr_carea' id='block_1_78' title="bbox 530 4378 2118 4447">
    <p class='ocr_par' dir='ltr' id='par_1_78' title="bbox 530 4378 2118 4447">
     <span class='ocr_line' id='line_1_78' title="bbox 530 4378 2118 4447; baseline 0.004 -16"><span class='ocrx_word' id='word_1_529' title='bbox 530 4378 689 4431; x_wconf 87' lang='lat' dir='ltr'><strong>etiam</strong></span> <span class='ocrx_word' id='word_1_530' title='bbox 721 4379 773 4432; x_wconf 93' lang='lat' dir='ltr'><strong>in</strong></span> <span class='ocrx_word' id='word_1_531' title='bbox 803 4378 989 4434; x_wconf 90' lang='lat' dir='ltr'><strong>codice</strong></span> <span class='ocrx_word' id='word_1_532' title='bbox 1014 4378 1346 4447; x_wconf 79' lang='lat' dir='ltr'><strong>Grimanico,</strong></span> <span class='ocrx_word' id='word_1_533' title='bbox 1380 4381 1519 4435; x_wconf 86' lang='lat' dir='ltr'><strong>idem</strong></span> <span class='ocrx_word' id='word_1_534' title='bbox 1548 4380 1869 4447; x_wconf 90' lang='lat' dir='ltr'><strong>Quesnellus</strong></span> <span class='ocrx_word' id='word_1_535' title='bbox 1906 4378 2118 4437; x_wconf 82' lang='lat' dir='ltr'><strong>Norisio</strong></span> 
     </span>
    </p>
   </div>
   <div class='ocr_carea' id='block_1_79' title="bbox 532 4448 2115 4519">
    <p class='ocr_par' dir='ltr' id='par_1_79' title="bbox 532 4448 2115 4519">
     <span class='ocr_line' id='line_1_79' title="bbox 532 4448 2115 4519; baseline 0.004 -17"><span class='ocrx_word' id='word_1_536' title='bbox 532 4448 815 4519; x_wconf 73' lang='lat' dir='ltr'><strong>confessus</strong></span> <span class='ocrx_word' id='word_1_537' title='bbox 859 4458 943 4503; x_wconf 91' lang='lat' dir='ltr'><strong>est</strong></span> <span class='ocrx_word' id='word_1_538' title='bbox 992 4464 1087 4518; x_wconf 91' lang='lat' dir='ltr'><strong>per</strong></span> <span class='ocrx_word' id='word_1_539' title='bbox 1126 4448 1354 4517; x_wconf 91' lang='lat' dir='ltr'><strong>litteras,</strong></span> <span class='ocrx_word' id='word_1_540' title='bbox 1387 4467 1610 4519; x_wconf 91' lang='lat' dir='ltr'><strong>quarum</strong></span> <span class='ocrx_word' id='word_1_541' title='bbox 1658 4452 1743 4507; x_wconf 92' lang='lat' dir='ltr'><strong>hic</strong></span> <span class='ocrx_word' id='word_1_542' title='bbox 1787 4454 2027 4508; x_wconf 85' lang='lat' dir='ltr'><strong>meminit</strong></span> <span class='ocrx_word' id='word_1_543' title='bbox 2063 4455 2115 4508; x_wconf 91' lang='lat' dir='ltr'><strong>in</strong></span> 
     </span>
    </p>
   </div>
   <div class='ocr_carea' id='block_1_80' title="bbox 530 4516 2117 4594">
    <p class='ocr_par' dir='ltr' id='par_1_80' title="bbox 530 4516 2117 4594">
     <span class='ocr_line' id='line_1_80' title="bbox 530 4516 2117 4594; baseline 0.003 -21"><span class='ocrx_word' id='word_1_544' title='bbox 530 4516 883 4594; x_wconf 82' lang='lat' dir='ltr'><strong>Cenot_0_p_bii_s</strong></span> <span class='ocrx_word' id='word_1_545' title='bbox 927 4516 1151 4594; x_wconf 47' lang='lat' dir='ltr'><strong>_P_i&#39;sanis</strong></span> <span class='ocrx_word' id='word_1_546' title='bbox 1204 4522 1333 4594; x_wconf 84' lang='lat' dir='ltr'><strong>diss.</strong></span> <span class='ocrx_word' id='word_1_547' title='bbox 1396 4516 1447 4587; x_wconf 67' lang='grc'><strong>4,</strong></span> <span class='ocrx_word' id='word_1_548' title='bbox 1490 4538 1538 4576; x_wconf 91' lang='lat' dir='ltr'><strong>c.</strong></span> <span class='ocrx_word' id='word_1_549' title='bbox 1582 4523 1642 4586; x_wconf 90' lang='lat'><strong>2,</strong></span> <span class='ocrx_word' id='word_1_550' title='bbox 1680 4523 1728 4594; x_wconf 85' lang='lat'><strong>§.</strong></span> <span class='ocrx_word' id='word_1_551' title='bbox 1779 4527 1829 4589; x_wconf 88' lang='lat' dir='ltr'><strong>l,</strong></span> <span class='ocrx_word' id='word_1_552' title='bbox 1874 4536 2003 4578; x_wconf 92' lang='lat' dir='ltr'><strong>tom.</strong></span> <span class='ocrx_word' id='word_1_553' title='bbox 2050 4523 2117 4578; x_wconf 85' lang='grc' dir='ltr'><strong>ΙΙΙ</strong></span> 
     </span>
    </p>
   </div>
   <div class='ocr_carea' id='block_1_81' title="bbox 533 4590 2118 4712">
    <p class='ocr_par' dir='ltr' id='par_1_81' title="bbox 533 4590 2118 4712">
     <span class='ocr_line' id='line_1_81' title="bbox 533 4590 2118 4712; baseline 0.004 -69"><span class='ocrx_word' id='word_1_554' title='bbox 533 4604 656 4671; x_wconf 78' lang='lat' dir='ltr'><strong>pag.</strong></span> <span class='ocrx_word' id='word_1_555' title='bbox 684 4590 810 4644; x_wconf 89' lang='lat' dir='ltr'><strong>69l.</strong></span> <span class='ocrx_word' id='word_1_556' title='bbox 840 4590 895 4643; x_wconf 92' lang='lat' dir='ltr'><strong>In</strong></span> <span class='ocrx_word' id='word_1_557' title='bbox 926 4591 1151 4712; x_wconf 54' lang='lat' dir='ltr'><strong>Dietyco</strong></span> <span class='ocrx_word' id='word_1_558' title='bbox 1171 4592 1386 4661; x_wconf 89' lang='lat' dir='ltr'><strong>quidem</strong></span> <span class='ocrx_word' id='word_1_559' title='bbox 1416 4590 1704 4649; x_wconf 78' lang='lat' dir='ltr'><strong>Leodiensi</strong></span> <span class='ocrx_word' id='word_1_560' title='bbox 1724 4595 1866 4664; x_wconf 93' lang='lat' dir='ltr'><strong>quod</strong></span> <span class='ocrx_word' id='word_1_561' title='bbox 1884 4595 2118 4649; x_wconf 87' lang='lat' dir='ltr'><strong>illustra-</strong></span> 
     </span>
     <span class='ocr_line' id='line_1_82' title="bbox 534 4661 2115 4712; baseline 0 0"><span class='ocrx_word' id='word_1_562' title='bbox 534 4669 613 4712; x_wconf 77' lang='lat' dir='ltr'><strong>VII.</strong></span> <span class='ocrx_word' id='word_1_563' title='bbox 636 4661 940 4712; x_wconf 82' lang='lat' dir='ltr'><strong>Alexander</strong></span> <span class='ocrx_word' id='word_1_564' title='bbox 1034 4662 1304 4712; x_wconf 74' lang='lat' dir='ltr'><strong>iltllemius</strong></span> <span class='ocrx_word' id='word_1_565' title='bbox 1346 4666 1583 4712; x_wconf 78' lang='lat' dir='ltr'><strong>Asturius</strong></span> <span class='ocrx_word' id='word_1_566' title='bbox 1638 4667 1887 4712; x_wconf 72' lang='lat' dir='ltr'><strong>habetur.</strong></span> <span class='ocrx_word' id='word_1_567' title='bbox 1938 4666 2042 4712; x_wconf 75' lang='lat' dir='ltr'><strong>Sed</strong></span> <span class='ocrx_word' id='word_1_568' title='bbox 2084 4684 2115 4712; x_wconf 80' lang='grc' dir='ltr'><strong><em>υ</em></strong></span> 
     </span>
    </p>
   </div>
   <div class='ocr_carea' id='block_1_82' title="bbox 534 4661 2115 4737">
    <p class='ocr_par' dir='ltr' id='par_1_82' title="bbox 534 4661 2115 4737">
     <span class='ocr_line' id='line_1_83' title="bbox 534 4661 2115 4737; baseline 0.004 -25"><span class='ocrx_word' id='word_1_569' title='bbox 534 4664 613 4713; x_wconf 86' lang='lat' dir='ltr'><strong>vit</strong></span> <span class='ocrx_word' id='word_1_570' title='bbox 636 4661 940 4715; x_wconf 83' lang='lat' dir='ltr'><strong>Alexander</strong></span> <span class='ocrx_word' id='word_1_571' title='bbox 988 4661 1304 4717; x_wconf 84' lang='lat' dir='ltr'><strong>Viltltemius</strong></span> <span class='ocrx_word' id='word_1_572' title='bbox 1345 4666 1583 4736; x_wconf 80' lang='lat' dir='ltr'><strong>Astyrius</strong></span> <span class='ocrx_word' id='word_1_573' title='bbox 1638 4661 1887 4720; x_wconf 84' lang='lat' dir='ltr'><strong>habetur.</strong></span> <span class='ocrx_word' id='word_1_574' title='bbox 1938 4666 2042 4721; x_wconf 89' lang='lat' dir='ltr'><strong>Sed</strong></span> <span class='ocrx_word' id='word_1_575' title='bbox 2083 4684 2115 4737; x_wconf 84' lang='lat' dir='ltr'><strong><em>y</em></strong></span> 
     </span>
    </p>
   </div>
   <div class='ocr_carea' id='block_1_83' title="bbox 535 4738 2118 4805">
    <p class='ocr_par' dir='ltr' id='par_1_83' title="bbox 535 4738 2118 4805">
     <span class='ocr_line' id='line_1_84' title="bbox 535 4738 2118 4805; baseline 0.006 -22"><span class='ocrx_word' id='word_1_576' title='bbox 535 4745 722 4805; x_wconf 14' lang='lat' dir='ltr'><strong>pro‘u,‘</strong></span> <span class='ocrx_word' id='word_1_577' title='bbox 746 4746 850 4785; x_wconf 93' lang='lat' dir='ltr'><strong>non</strong></span> <span class='ocrx_word' id='word_1_578' title='bbox 879 4742 1057 4805; x_wconf 86' lang='lat' dir='ltr'><strong>autem</strong></span> <span class='ocrx_word' id='word_1_579' title='bbox 1082 4749 1178 4802; x_wconf 92' lang='lat' dir='ltr'><strong>pro</strong></span> <span class='ocrx_word' id='word_1_580' title='bbox 1202 4752 1228 4788; x_wconf 91' lang='lat' dir='ltr'><strong>e</strong></span> <span class='ocrx_word' id='word_1_581' title='bbox 1256 4748 1466 4791; x_wconf 85' lang='lat' dir='ltr'><strong>veteres</strong></span> <span class='ocrx_word' id='word_1_582' title='bbox 1490 4752 1595 4789; x_wconf 86' lang='lat' dir='ltr'><strong>non</strong></span> <span class='ocrx_word' id='word_1_583' title='bbox 1631 4738 1795 4791; x_wconf 90' lang='lat' dir='ltr'><strong>semel</strong></span> <span class='ocrx_word' id='word_1_584' title='bbox 1830 4752 2118 4805; x_wconf 89' lang='lat' dir='ltr'><strong>usurpasse</strong></span> 
     </span>
    </p>
   </div>
   <div class='ocr_carea' id='block_1_84' title="bbox 537 4802 2117 4873">
    <p class='ocr_par' dir='ltr' id='par_1_84' title="bbox 537 4802 2117 4873">
     <span class='ocr_line' id='line_1_85' title="bbox 537 4802 2117 4873; baseline 0.004 -19"><span class='ocrx_word' id='word_1_585' title='bbox 537 4802 873 4856; x_wconf 91' lang='lat' dir='ltr'><strong>notissimum</strong></span> <span class='ocrx_word' id='word_1_586' title='bbox 906 4813 1007 4858; x_wconf 90' lang='lat' dir='ltr'><strong>est.</strong></span> <span class='ocrx_word' id='word_1_587' title='bbox 1039 4804 1270 4873; x_wconf 87' lang='lat' dir='ltr'><strong>Prosper</strong></span> <span class='ocrx_word' id='word_1_588' title='bbox 1316 4816 1370 4861; x_wconf 92' lang='lat' dir='ltr'><strong>et</strong></span> <span class='ocrx_word' id='word_1_589' title='bbox 1414 4807 1613 4861; x_wconf 89' lang='lat' dir='ltr'><strong>ldatius</strong></span> <span class='ocrx_word' id='word_1_590' title='bbox 1654 4809 1818 4862; x_wconf 66' lang='lat' dir='ltr'><strong>coaevi</strong></span> <span class='ocrx_word' id='word_1_591' title='bbox 1867 4802 2117 4863; x_wconf 80' lang='lat' dir='ltr'><strong>auctores</strong></span> 
     </span>
    </p>
   </div>
   <div class='ocr_carea' id='block_1_85' title="bbox 2220 3528 3830 3601">
    <p class='ocr_par' dir='ltr' id='par_1_85' title="bbox 2220 3528 3830 3601">
     <span class='ocr_line' id='line_1_86' title="bbox 2220 3528 3830 3601; baseline -0.002 -16"><span class='ocrx_word' id='word_1_592' title='bbox 2220 3528 2523 3601; x_wconf 70' lang='lat' dir='ltr'><strong>prmsertim</strong></span> <span class='ocrx_word' id='word_1_593' title='bbox 2593 3547 2664 3585; x_wconf 90' lang='lat' dir='ltr'><strong>ex</strong></span> <span class='ocrx_word' id='word_1_594' title='bbox 2714 3531 2921 3599; x_wconf 86' lang='lat' dir='ltr'><strong>Ratisp.</strong></span> <span class='ocrx_word' id='word_1_595' title='bbox 2978 3529 3337 3600; x_wconf 63' lang='lat' dir='ltr'><strong>praetulimus.</strong></span> <span class='ocrx_word' id='word_1_596' title='bbox 3388 3528 3619 3583; x_wconf 77' lang='lat' dir='ltr'><strong>Verbum</strong></span> <span class='ocrx_word' id='word_1_597' title='bbox 3676 3536 3830 3596; x_wconf 74' lang='lat' dir='ltr'><strong>potus</strong></span> 
     </span>
    </p>
   </div>
   <div class='ocr_carea' id='block_1_86' title="bbox 2217 3602 3160 3672">
    <p class='ocr_par' dir='ltr' id='par_1_86' title="bbox 2217 3602 3160 3672">
     <span class='ocr_line' id='line_1_87' title="bbox 2217 3602 3160 3672; baseline -0.003 -15"><span class='ocrx_word' id='word_1_598' title='bbox 2217 3607 2378 3657; x_wconf 89' lang='lat' dir='ltr'><strong>etiam</strong></span> <span class='ocrx_word' id='word_1_599' title='bbox 2409 3602 2549 3672; x_wconf 90' lang='lat' dir='ltr'><strong>apud</strong></span> <span class='ocrx_word' id='word_1_600' title='bbox 2593 3602 2911 3657; x_wconf 90' lang='lat' dir='ltr'><strong>Sicbardum</strong></span> <span class='ocrx_word' id='word_1_601' title='bbox 2944 3602 3160 3672; x_wconf 90' lang='lat' dir='ltr'><strong>legitur.</strong></span> 
     </span>
    </p>
   </div>
   <div class='ocr_carea' id='block_1_87' title="bbox 2290 3668 3833 3751">
    <p class='ocr_par' dir='ltr' id='par_1_87' title="bbox 2290 3668 3833 3751">
     <span class='ocr_line' id='line_1_88' title="bbox 2290 3668 3833 3751; baseline -0.004 -24"><span class='ocrx_word' id='word_1_602' title='bbox 2290 3684 2314 3720; x_wconf 79' lang='grc' dir='ltr'>κ</span> <span class='ocrx_word' id='word_1_603' title='bbox 2348 3668 2581 3751; x_wconf 76' lang='lat' dir='ltr'><strong>Libellus</strong></span> <span class='ocrx_word' id='word_1_604' title='bbox 2617 3688 2725 3744; x_wconf 92' lang='lat' dir='ltr'><strong>quo</strong></span> <span class='ocrx_word' id='word_1_605' title='bbox 2755 3673 2959 3751; x_wconf 64' lang='lat' dir='ltr'><strong>dploris</strong></span> <span class='ocrx_word' id='word_1_606' title='bbox 2989 3668 3078 3751; x_wconf 66' lang='lat' dir='ltr'><strong>sui</strong></span> <span class='ocrx_word' id='word_1_607' title='bbox 3113 3670 3504 3751; x_wconf 60' lang='lat' dir='ltr'><strong>querimoniam</strong></span> <span class='ocrx_word' id='word_1_608' title='bbox 3529 3668 3833 3751; x_wconf 67' lang='lat' dir='ltr'><strong>Eutychos</strong></span> 
     </span>
    </p>
   </div>
   <div class='ocr_carea' id='block_1_88' title="bbox 2217 3738 3831 3812">
    <p class='ocr_par' dir='ltr' id='par_1_88' title="bbox 2217 3738 3831 3812">
     <span class='ocr_line' id='line_1_89' title="bbox 2217 3738 3831 3812; baseline -0.003 -14"><span class='ocrx_word' id='word_1_609' title='bbox 2217 3746 2283 3798; x_wconf 89' lang='lat' dir='ltr'><strong>ad</strong></span> <span class='ocrx_word' id='word_1_610' title='bbox 2331 3738 2677 3811; x_wconf 83' lang='lat' dir='ltr'><strong>apostolicam</strong></span> <span class='ocrx_word' id='word_1_611' title='bbox 2714 3742 2897 3798; x_wconf 91' lang='lat' dir='ltr'><strong>sedem</strong></span> <span class='ocrx_word' id='word_1_612' title='bbox 2929 3743 3096 3807; x_wconf 87' lang='lat' dir='ltr'><strong>misit,</strong></span> <span class='ocrx_word' id='word_1_613' title='bbox 3130 3738 3257 3812; x_wconf 81' lang='lat' dir='ltr'><strong>ipsa</strong></span> <span class='ocrx_word' id='word_1_614' title='bbox 3306 3752 3389 3797; x_wconf 92' lang='lat' dir='ltr'><strong>est</strong></span> <span class='ocrx_word' id='word_1_615' title='bbox 3441 3738 3705 3812; x_wconf 78' lang='lat' dir='ltr'><strong>Eutycltis</strong></span> <span class='ocrx_word' id='word_1_616' title='bbox 3756 3738 3831 3812; x_wconf 82' lang='lat' dir='ltr'><strong>ad</strong></span> 
     </span>
    </p>
   </div>
   <div class='ocr_carea' id='block_1_89' title="bbox 2218 3810 3831 3883">
    <p class='ocr_par' dir='ltr' id='par_1_89' title="bbox 2218 3810 3831 3883">
     <span class='ocr_line' id='line_1_90' title="bbox 2218 3810 3831 3883; baseline -0.003 -14"><span class='ocrx_word' id='word_1_617' title='bbox 2218 3810 2453 3871; x_wconf 87' lang='lat' dir='ltr'><strong>Leonem</strong></span> <span class='ocrx_word' id='word_1_618' title='bbox 2485 3816 2643 3882; x_wconf 88' lang='lat' dir='ltr'><strong>epist.</strong></span> <span class='ocrx_word' id='word_1_619' title='bbox 2676 3814 2767 3870; x_wconf 80' lang='lat' dir='ltr'><strong>2t.</strong></span> <span class='ocrx_word' id='word_1_620' title='bbox 2802 3813 2934 3871; x_wconf 90' lang='lat' dir='ltr'><strong>Vide</strong></span> <span class='ocrx_word' id='word_1_621' title='bbox 2973 3810 3218 3870; x_wconf 54' lang='lat' dir='ltr'><strong>annotf&#39;l</strong></span> <span class='ocrx_word' id='word_1_622' title='bbox 3254 3812 3387 3883; x_wconf 83' lang='lat' dir='ltr'><strong>(col.</strong></span> <span class='ocrx_word' id='word_1_623' title='bbox 3420 3811 3545 3875; x_wconf 78' lang='lat'><strong>752,</strong></span> <span class='ocrx_word' id='word_1_624' title='bbox 3574 3827 3629 3865; x_wconf 89' lang='lat' dir='ltr'><strong>n.</strong></span> <span class='ocrx_word' id='word_1_625' title='bbox 3655 3811 3727 3881; x_wconf 73' lang='lat' dir='ltr'><strong>III)</strong></span> <span class='ocrx_word' id='word_1_626' title='bbox 3768 3810 3831 3865; x_wconf 86' lang='lat' dir='ltr'><strong>in</strong></span> 
     </span>
    </p>
   </div>
   <div class='ocr_carea' id='block_1_90' title="bbox 2227 3887 2784 3952">
    <p class='ocr_par' dir='ltr' id='par_1_90' title="bbox 2227 3887 2784 3952">
     <span class='ocr_line' id='line_1_91' title="bbox 2227 3887 2784 3952; baseline -0.004 -11"><span class='ocrx_word' id='word_1_627' title='bbox 2227 3888 2333 3941; x_wconf 80' lang='lat' dir='ltr'><strong>lam</strong></span> <span class='ocrx_word' id='word_1_628' title='bbox 2366 3887 2784 3952; x_wconf 68' lang='lat' dir='ltr'><strong>prmcedentem.</strong></span> 
     </span>
    </p>
   </div>
   <div class='ocr_carea' id='block_1_91' title="bbox 2292 3956 2923 4024">
    <p class='ocr_par' dir='ltr' id='par_1_91' title="bbox 2292 3956 2923 4024">
     <span class='ocr_line' id='line_1_92' title="bbox 2292 3956 2923 4024; baseline -0.002 -13"><span class='ocrx_word' id='word_1_629' title='bbox 2292 3956 2319 3993; x_wconf 69' lang='grc' dir='ltr'>ιι</span> <span class='ocrx_word' id='word_1_630' title='bbox 2353 3957 2484 4013; x_wconf 86' lang='lat' dir='ltr'><strong>Vide</strong></span> <span class='ocrx_word' id='word_1_631' title='bbox 2516 3967 2631 4012; x_wconf 91' lang='lat' dir='ltr'><strong>not.</strong></span> <span class='ocrx_word' id='word_1_632' title='bbox 2661 3959 2684 4010; x_wconf 80' lang='lat' dir='ltr'><strong>l</strong></span> <span class='ocrx_word' id='word_1_633' title='bbox 2719 3957 2923 4024; x_wconf 91' lang='lat' dir='ltr'><strong>Quesn.</strong></span> 
     </span>
    </p>
   </div>
   <div class='ocr_carea' id='block_1_92' title="bbox 2298 4026 3311 4097">
    <p class='ocr_par' dir='ltr' id='par_1_92' title="bbox 2298 4026 3311 4097">
     <span class='ocr_line' id='line_1_93' title="bbox 2298 4026 3311 4097; baseline -0.002 -16"><span class='ocrx_word' id='word_1_634' title='bbox 2298 4027 2312 4065; x_wconf 78' lang='grc' dir='ltr'><strong>ί</strong></span> <span class='ocrx_word' id='word_1_635' title='bbox 2341 4028 2416 4082; x_wconf 86' lang='lat' dir='ltr'><strong>Ita</strong></span> <span class='ocrx_word' id='word_1_636' title='bbox 2440 4043 2541 4083; x_wconf 92' lang='lat' dir='ltr'><strong>ms.</strong></span> <span class='ocrx_word' id='word_1_637' title='bbox 2574 4028 2781 4097; x_wconf 84' lang='lat' dir='ltr'><strong>Ratisp.</strong></span> <span class='ocrx_word' id='word_1_638' title='bbox 2812 4028 2983 4092; x_wconf 85' lang='lat' dir='ltr'><strong>Alias,</strong></span> <span class='ocrx_word' id='word_1_639' title='bbox 3016 4026 3311 4097; x_wconf 78' lang='lat' dir='ltr'><strong>prtedictus.</strong></span> 
     </span>
    </p>
   </div>
   <div class='ocr_carea' id='block_1_93' title="bbox 2295 4094 3828 4163">
    <p class='ocr_par' dir='ltr' id='par_1_93' title="bbox 2295 4094 3828 4163">
     <span class='ocr_line' id='line_1_94' title="bbox 2295 4094 3828 4163; baseline -0.005 -8"><span class='ocrx_word' id='word_1_640' title='bbox 2295 4099 2308 4149; x_wconf 72' lang='grc' dir='ltr'><strong>ἱ</strong></span> <span class='ocrx_word' id='word_1_641' title='bbox 2347 4099 2437 4155; x_wconf 92' lang='lat' dir='ltr'><strong>Sic</strong></span> <span class='ocrx_word' id='word_1_642' title='bbox 2466 4098 2660 4154; x_wconf 89' lang='lat' dir='ltr'><strong>melius</strong></span> <span class='ocrx_word' id='word_1_643' title='bbox 2700 4094 2766 4154; x_wconf 77' lang='lat' dir='ltr'><strong>ex</strong></span> <span class='ocrx_word' id='word_1_644' title='bbox 2800 4100 2992 4154; x_wconf 91' lang='lat' dir='ltr'><strong>eodem</strong></span> <span class='ocrx_word' id='word_1_645' title='bbox 3017 4094 3224 4152; x_wconf 80' lang='lat' dir='ltr'><strong>codice.</strong></span> <span class='ocrx_word' id='word_1_646' title='bbox 3256 4094 3600 4161; x_wconf 85' lang='lat' dir='ltr'><strong>Quesnellus.</strong></span> <span class='ocrx_word' id='word_1_647' title='bbox 3650 4094 3828 4163; x_wconf 77' lang='lat' dir='ltr'><strong>proﬁ-</strong></span> 
     </span>
    </p>
   </div>
   <div class='ocr_carea' id='block_1_94' title="bbox 2220 4164 3833 4236">
    <p class='ocr_par' dir='ltr' id='par_1_94' title="bbox 2220 4164 3833 4236">
     <span class='ocr_line' id='line_1_95' title="bbox 2220 4164 3833 4236; baseline -0.003 -13"><span class='ocrx_word' id='word_1_648' title='bbox 2220 4180 2386 4224; x_wconf 88' lang='lat' dir='ltr'><strong>teatur</strong></span> <span class='ocrx_word' id='word_1_649' title='bbox 2412 4186 2466 4224; x_wconf 88' lang='lat' dir='ltr'><strong>se</strong></span> <span class='ocrx_word' id='word_1_650' title='bbox 2491 4172 2759 4224; x_wconf 72' lang='lat' dir='ltr'><strong>inhterere.</strong></span> <span class='ocrx_word' id='word_1_651' title='bbox 2791 4170 2985 4224; x_wconf 67' lang='lat' dir='ltr'><strong>Caneri</strong></span> <span class='ocrx_word' id='word_1_652' title='bbox 3018 4168 3170 4235; x_wconf 90' lang='lat' dir='ltr'><strong>editi,</strong></span> <span class='ocrx_word' id='word_1_653' title='bbox 3201 4167 3502 4236; x_wconf 77' lang='lat' dir='ltr'><strong>proﬁteatur</strong></span> <span class='ocrx_word' id='word_1_654' title='bbox 3533 4166 3588 4217; x_wconf 87' lang='lat' dir='ltr'><strong>in</strong></span> <span class='ocrx_word' id='word_1_655' title='bbox 3630 4164 3737 4236; x_wconf 72' lang='lat' dir='ltr'><strong>hac</strong></span> <span class='ocrx_word' id='word_1_656' title='bbox 3768 4181 3833 4218; x_wconf 88' lang='lat' dir='ltr'><strong>re</strong></span> 
     </span>
    </p>
   </div>
   <div class='ocr_carea' id='block_1_95' title="bbox 2218 4234 3837 4297">
    <p class='ocr_par' dir='ltr' id='par_1_95' title="bbox 2218 4234 3837 4297">
     <span class='ocr_line' id='line_1_96' title="bbox 2218 4234 3837 4297; baseline -0.001 -4"><span class='ocrx_word' id='word_1_657' title='bbox 2218 4258 2273 4294; x_wconf 89' lang='lat' dir='ltr'><strong>se</strong></span> <span class='ocrx_word' id='word_1_658' title='bbox 2297 4258 2405 4295; x_wconf 83' lang='lat' dir='ltr'><strong>esse</strong></span> <span class='ocrx_word' id='word_1_659' title='bbox 2435 4243 2669 4297; x_wconf 84' lang='lat' dir='ltr'><strong>decretis.</strong></span> <span class='ocrx_word' id='word_1_660' title='bbox 2702 4239 2836 4295; x_wconf 89' lang='lat' dir='ltr'><strong>Cod.</strong></span> <span class='ocrx_word' id='word_1_661' title='bbox 2875 4240 2991 4293; x_wconf 87' lang='lat' dir='ltr'><strong>Vat.</strong></span> <span class='ocrx_word' id='word_1_662' title='bbox 3025 4234 3242 4295; x_wconf 73' lang='lat' dir='ltr'><strong>collect.</strong></span> <span class='ocrx_word' id='word_1_663' title='bbox 3268 4234 3339 4292; x_wconf 69' lang='lat'><strong>24</strong></span> <span class='ocrx_word' id='word_1_664' title='bbox 3388 4238 3524 4290; x_wconf 84' lang='lat' dir='ltr'><strong>hanc</strong></span> <span class='ocrx_word' id='word_1_665' title='bbox 3568 4234 3837 4291; x_wconf 83' lang='lat' dir='ltr'><strong>eamdem</strong></span> 
     </span>
    </p>
   </div>
   <div class='ocr_carea' id='block_1_96' title="bbox 2222 4308 3839 4380">
    <p class='ocr_par' dir='ltr' id='par_1_96' title="bbox 2222 4308 3839 4380">
     <span class='ocr_line' id='line_1_97' title="bbox 2222 4308 3839 4380; baseline -0.002 -15"><span class='ocrx_word' id='word_1_666' title='bbox 2222 4312 2509 4366; x_wconf 89' lang='lat' dir='ltr'><strong>lectionem</strong></span> <span class='ocrx_word' id='word_1_667' title='bbox 2553 4310 2845 4380; x_wconf 61' lang='lat' dir='ltr'><strong>praeferens</strong></span> <span class='ocrx_word' id='word_1_668' title='bbox 2884 4312 3080 4366; x_wconf 89' lang='lat' dir='ltr'><strong>omittit</strong></span> <span class='ocrx_word' id='word_1_669' title='bbox 3116 4326 3188 4364; x_wconf 90' lang='lat' dir='ltr'><strong>se.</strong></span> <span class='ocrx_word' id='word_1_670' title='bbox 3222 4308 3290 4363; x_wconf 88' lang='lat' dir='ltr'><strong>In</strong></span> <span class='ocrx_word' id='word_1_671' title='bbox 3334 4308 3430 4361; x_wconf 86' lang='lat' dir='ltr'><strong>hac</strong></span> <span class='ocrx_word' id='word_1_672' title='bbox 3474 4323 3530 4360; x_wconf 88' lang='lat' dir='ltr'><strong>re</strong></span> <span class='ocrx_word' id='word_1_673' title='bbox 3578 4322 3692 4361; x_wconf 82' lang='lat' dir='ltr'><strong>esse</strong></span> <span class='ocrx_word' id='word_1_674' title='bbox 3722 4322 3839 4377; x_wconf 80' lang='lat' dir='ltr'><strong>pro</strong></span> 
     </span>
    </p>
   </div>
   <div class='ocr_carea' id='block_1_97' title="bbox 2221 4381 3680 4459">
    <p class='ocr_par' dir='ltr' id='par_1_97' title="bbox 2221 4381 3680 4459">
     <span class='ocr_line' id='line_1_98' title="bbox 2221 4381 3680 4459; baseline -0.003 -23"><span class='ocrx_word' id='word_1_675' title='bbox 2221 4383 2473 4459; x_wconf 59' lang='lat' dir='ltr'><strong>innwrere</strong></span> <span class='ocrx_word' id='word_1_676' title='bbox 2505 4384 2845 4459; x_wconf 78' lang='lat' dir='ltr'><strong>librariorum</strong></span> <span class='ocrx_word' id='word_1_677' title='bbox 2869 4382 3030 4459; x_wconf 82' lang='lat' dir='ltr'><strong>lapsu</strong></span> <span class='ocrx_word' id='word_1_678' title='bbox 3061 4381 3324 4459; x_wconf 84' lang='lat' dir='ltr'><strong>scriptum</strong></span> <span class='ocrx_word' id='word_1_679' title='bbox 3362 4385 3608 4459; x_wconf 52' lang='lat' dir='ltr'><strong>apparet.</strong></span> <span class='ocrx_word' id='word_1_680' title='bbox 3646 4447 3680 4459; x_wconf 12' lang='grc' dir='ltr'><em>γ’</em></span> 
     </span>
    </p>
   </div>
   <div class='ocr_carea' id='block_1_98' title="bbox 2295 4446 3831 4523">
    <p class='ocr_par' dir='ltr' id='par_1_98' title="bbox 2295 4446 3831 4523">
     <span class='ocr_line' id='line_1_99' title="bbox 2295 4446 3831 4523; baseline -0.004 -14"><span class='ocrx_word' id='word_1_681' title='bbox 2295 4452 2321 4491; x_wconf 78' lang='grc' dir='ltr'><strong>¹ι</strong></span> <span class='ocrx_word' id='word_1_682' title='bbox 2352 4454 2565 4523; x_wconf 87' lang='lat' dir='ltr'><strong>Optima</strong></span> <span class='ocrx_word' id='word_1_683' title='bbox 2610 4453 2723 4508; x_wconf 74' lang='lat' dir='ltr'><strong>[nec</strong></span> <span class='ocrx_word' id='word_1_684' title='bbox 2762 4446 3024 4508; x_wconf 52' lang='lat' dir='ltr'><strong>lectio&#39;ex</strong></span> <span class='ocrx_word' id='word_1_685' title='bbox 3072 4446 3277 4521; x_wconf 80' lang='lat' dir='ltr'><strong>optimo</strong></span> <span class='ocrx_word' id='word_1_686' title='bbox 3319 4446 3509 4523; x_wconf 69' lang='lat' dir='ltr'><strong>codice</strong></span> <span class='ocrx_word' id='word_1_687' title='bbox 3558 4446 3831 4523; x_wconf 71' lang='lat' dir='ltr'><strong>Ratiqu-</strong></span> 
     </span>
    </p>
   </div>
   <div class='ocr_carea' id='block_1_99' title="bbox 2224 4520 3833 4594">
    <p class='ocr_par' dir='ltr' id='par_1_99' title="bbox 2224 4520 3833 4594">
     <span class='ocr_line' id='line_1_100' title="bbox 2224 4520 3833 4594; baseline -0.003 -17"><span class='ocrx_word' id='word_1_688' title='bbox 2224 4526 2375 4579; x_wconf 90' lang='lat' dir='ltr'><strong>nensi</strong></span> <span class='ocrx_word' id='word_1_689' title='bbox 2400 4520 2619 4594; x_wconf 71' lang='lat' dir='ltr'><strong>sumpta</strong></span> <span class='ocrx_word' id='word_1_690' title='bbox 2651 4532 2754 4579; x_wconf 91' lang='lat' dir='ltr'><strong>est.</strong></span> <span class='ocrx_word' id='word_1_691' title='bbox 2786 4520 3207 4592; x_wconf 28' lang='lat' dir='ltr'><strong>Quesnellus’ex</strong></span> <span class='ocrx_word' id='word_1_692' title='bbox 3231 4537 3334 4577; x_wconf 92' lang='lat' dir='ltr'><strong>ms.</strong></span> <span class='ocrx_word' id='word_1_693' title='bbox 3355 4520 3833 4594; x_wconf 78' lang='lat' dir='ltr'><strong>_Grinta_nico,_ali-</strong></span> 
     </span>
    </p>
   </div>
   <div class='ocr_carea' id='block_1_100' title="bbox 2222 4590 3842 4663">
    <p class='ocr_par' dir='ltr' id='par_1_100' title="bbox 2222 4590 3842 4663">
     <span class='ocr_line' id='line_1_101' title="bbox 2222 4590 3842 4663; baseline -0.002 -15"><span class='ocrx_word' id='word_1_694' title='bbox 2222 4596 2347 4663; x_wconf 88' lang='lat' dir='ltr'><strong>quid</strong></span> <span class='ocrx_word' id='word_1_695' title='bbox 2404 4590 2703 4660; x_wconf 73' lang='lat' dir='ltr'><strong>diceremus,</strong></span> <span class='ocrx_word' id='word_1_696' title='bbox 2752 4590 2825 4649; x_wconf 46' lang='lat' dir='ltr'><strong>et&#39;</strong></span> <span class='ocrx_word' id='word_1_697' title='bbox 2850 4595 3096 4650; x_wconf 89' lang='lat' dir='ltr'><strong>similiter</strong></span> <span class='ocrx_word' id='word_1_698' title='bbox 3144 4592 3472 4657; x_wconf 82' lang='lat' dir='ltr'><strong>Sicbardus;</strong></span> <span class='ocrx_word' id='word_1_699' title='bbox 3516 4591 3606 4645; x_wconf 89' lang='lat' dir='ltr'><strong>alii</strong></span> <span class='ocrx_word' id='word_1_700' title='bbox 3664 4590 3842 4656; x_wconf 86' lang='lat' dir='ltr'><strong>editi,</strong></span> 
     </span>
    </p>
   </div>
   <div class='ocr_carea' id='block_1_101' title="bbox 2224 4664 3418 4733">
    <p class='ocr_par' dir='ltr' id='par_1_101' title="bbox 2224 4664 3418 4733">
     <span class='ocr_line' id='line_1_102' title="bbox 2224 4664 3418 4733; baseline -0.002 -14"><span class='ocrx_word' id='word_1_701' title='bbox 2224 4666 2371 4719; x_wconf 82' lang='lat' dir='ltr'><strong>aliud</strong></span> <span class='ocrx_word' id='word_1_702' title='bbox 2401 4667 2730 4720; x_wconf 81' lang='lat' dir='ltr'><strong>disceremus.</strong></span> <span class='ocrx_word' id='word_1_703' title='bbox 2765 4666 2897 4721; x_wconf 85' lang='lat' dir='ltr'><strong>Vide</strong></span> <span class='ocrx_word' id='word_1_704' title='bbox 2924 4676 3037 4720; x_wconf 89' lang='lat' dir='ltr'><strong>not.</strong></span> <span class='ocrx_word' id='word_1_705' title='bbox 3067 4664 3103 4719; x_wconf 62' lang='grc' dir='ltr'><strong>Ξ</strong></span> <span class='ocrx_word' id='word_1_706' title='bbox 3122 4664 3418 4733; x_wconf 86' lang='lat' dir='ltr'><strong>Quesnelli.</strong></span> 
     </span>
    </p>
   </div>
   <div class='ocr_carea' id='block_1_102' title="bbox 2300 4733 3846 4805">
    <p class='ocr_par' dir='ltr' id='par_1_102' title="bbox 2300 4733 3846 4805">
     <span class='ocr_line' id='line_1_103' title="bbox 2300 4733 3846 4805; baseline -0.003 -14"><span class='ocrx_word' id='word_1_707' title='bbox 2300 4736 2313 4773; x_wconf 85' lang='grc'><strong>¹</strong></span> <span class='ocrx_word' id='word_1_708' title='bbox 2353 4737 2494 4791; x_wconf 92' lang='lat' dir='ltr'><strong>Editi</strong></span> <span class='ocrx_word' id='word_1_709' title='bbox 2524 4748 2647 4792; x_wconf 88' lang='lat' dir='ltr'><strong>ante</strong></span> <span class='ocrx_word' id='word_1_710' title='bbox 2684 4737 2885 4805; x_wconf 87' lang='lat' dir='ltr'><strong>Quesn.</strong></span> <span class='ocrx_word' id='word_1_711' title='bbox 2932 4750 3054 4790; x_wconf 91' lang='lat' dir='ltr'><strong>cum</strong></span> <span class='ocrx_word' id='word_1_712' title='bbox 3098 4736 3378 4803; x_wconf 81' lang='lat' dir='ltr'><strong>Ratispon.</strong></span> <span class='ocrx_word' id='word_1_713' title='bbox 3422 4743 3475 4805; x_wconf 88' lang='lat' dir='ltr'><strong>et</strong></span> <span class='ocrx_word' id='word_1_714' title='bbox 3524 4747 3658 4805; x_wconf 86' lang='lat' dir='ltr'><strong>mss.</strong></span> <span class='ocrx_word' id='word_1_715' title='bbox 3712 4733 3846 4788; x_wconf 66' lang='lat' dir='ltr'><strong>colo</strong></span> 
     </span>
    </p>
   </div>
   <div class='ocr_carea' id='block_1_103' title="bbox 2228 4804 3850 4878">
    <p class='ocr_par' dir='ltr' id='par_1_103' title="bbox 2228 4804 3850 4878">
     <span class='ocr_line' id='line_1_104' title="bbox 2228 4804 3850 4878; baseline -0.003 -15"><span class='ocrx_word' id='word_1_716' title='bbox 2228 4808 2353 4863; x_wconf 91' lang='lat' dir='ltr'><strong>lect.</strong></span> <span class='ocrx_word' id='word_1_717' title='bbox 2377 4809 2449 4864; x_wconf 67' lang='lat'><strong>24</strong></span> <span class='ocrx_word' id='word_1_718' title='bbox 2475 4824 2536 4863; x_wconf 89' lang='lat' dir='ltr'><strong>ac</strong></span> <span class='ocrx_word' id='word_1_719' title='bbox 2558 4804 2809 4875; x_wconf 85' lang='lat' dir='ltr'><strong>exemplo</strong></span> <span class='ocrx_word' id='word_1_720' title='bbox 2849 4806 3117 4873; x_wconf 87' lang='lat' dir='ltr'><strong>Sicbardi,</strong></span> <span class='ocrx_word' id='word_1_721' title='bbox 3150 4807 3331 4878; x_wconf 77' lang='lat' dir='ltr'><strong>exegit.</strong></span> <span class='ocrx_word' id='word_1_722' title='bbox 3352 4804 3743 4878; x_wconf 68' lang='lat' dir='ltr'><strong>Subauditur,</strong></span> <span class='ocrx_word' id='word_1_723' title='bbox 3784 4814 3850 4858; x_wconf 85' lang='lat' dir='ltr'><strong>ut</strong></span> 
     </span>
    </p>
   </div>
   <div class='ocr_carea' id='block_1_104' title="bbox 534 4853 3852 4950">
    <p class='ocr_par' dir='ltr' id='par_1_104' title="bbox 534 4853 3852 4950">
     <span class='ocr_line' id='line_1_105' title="bbox 534 4853 3852 4950; baseline 0.002 -25"><span class='ocrx_word' id='word_1_724' title='bbox 534 4853 879 4950; x_wconf 39' lang='lat' dir='ltr'><strong>autem};</strong></span> <span class='ocrx_word' id='word_1_725' title='bbox 912 4853 1386 4946; x_wconf 49' lang='lat' dir='ltr'><strong>meritumid.</strong></span> <span class='ocrx_word' id='word_1_726' title='bbox 1415 4853 1818 4944; x_wconf 64' lang='grc' dir='ltr'><strong>’ἐξὴἰῦὲηῖζῖιῖ</strong></span> <span class='ocrx_word' id='word_1_727' title='bbox 1845 4853 2118 4934; x_wconf 51' lang='lat' dir='ltr'><strong>&quot;enim;</strong></span> <span class='ocrx_word' id='word_1_728' title='bbox 2147 4853 2201 4915; x_wconf 79' lang='grc' dir='ltr'><strong>Ι)</strong></span> <span class='ocrx_word' id='word_1_729' title='bbox 2228 4853 3117 4950; x_wconf 49' lang='lat' dir='ltr'><strong>agis;2.1.2.;7nagatz7gaa&#39;,’</strong></span> <span class='ocrx_word' id='word_1_730' title='bbox 3138 4853 3705 4947; x_wconf 49' lang='lat' dir='ltr'><strong>manasseas&quot;;</strong></span> <span class='ocrx_word' id='word_1_731' title='bbox 3721 4853 3852 4931; x_wconf 57' lang='lat'><strong>&#39;55;</strong></span> 
     </span>
    </p>
   </div>
   <div class='ocr_carea' id='block_1_105' title="bbox 534 4945 2120 5100">
    <p class='ocr_par' dir='ltr' id='par_1_105' title="bbox 534 4945 2120 5100">
     <span class='ocr_line' id='line_1_106' title="bbox 534 4945 2120 5100; baseline 0.008 -36"><span class='ocrx_word' id='word_1_732' title='bbox 895 5017 1026 5100; x_wconf 69' lang='lat' dir='ltr'><strong>Quae</strong></span> <span class='ocrx_word' id='word_1_733' title='bbox 1056 5029 1233 5100; x_wconf 74' lang='lat' dir='ltr'><strong>autem</strong></span> <span class='ocrx_word' id='word_1_734' title='bbox 1247 5029 1410 5100; x_wconf 67' lang='lat' dir='ltr'><strong>antea</strong></span> <span class='ocrx_word' id='word_1_735' title='bbox 1430 5019 1501 5074; x_wconf 69' lang='grc'><strong>24</strong></span> <span class='ocrx_word' id='word_1_736' title='bbox 1528 5030 1649 5076; x_wconf 90' lang='lat' dir='ltr'><strong>erat</strong></span> <span class='ocrx_word' id='word_1_737' title='bbox 1672 5034 1815 5076; x_wconf 91' lang='lat' dir='ltr'><strong>nunc</strong></span> <span class='ocrx_word' id='word_1_738' title='bbox 1840 5021 1933 5079; x_wconf 81' lang='lat'><strong>28.</strong></span> <span class='ocrx_word' id='word_1_739' title='bbox 1972 5021 2120 5078; x_wconf 87' lang='lat' dir='ltr'><strong>Scri-</strong></span> 
     </span>
    </p>
   </div>
   <div class='ocr_carea' id='block_1_106' title="bbox 533 5086 1297 5154">
    <p class='ocr_par' dir='ltr' id='par_1_106' title="bbox 533 5086 1297 5154">
     <span class='ocr_line' id='line_1_107' title="bbox 533 5086 1297 5154; baseline 0.012 -17"><span class='ocrx_word' id='word_1_740' title='bbox 533 5093 620 5154; x_wconf 91' lang='lat' dir='ltr'><strong>pta</strong></span> <span class='ocrx_word' id='word_1_741' title='bbox 650 5086 715 5141; x_wconf 81' lang='grc'><strong>18</strong></span> <span class='ocrx_word' id='word_1_742' title='bbox 748 5086 1020 5144; x_wconf 82' lang='lat' dir='ltr'><strong>Februarii</strong></span> <span class='ocrx_word' id='word_1_743' title='bbox 1052 5106 1139 5143; x_wconf 85' lang='lat' dir='ltr'><strong>an.</strong></span> <span class='ocrx_word' id='word_1_744' title='bbox 1170 5091 1297 5146; x_wconf 69' lang='grc'><strong>449.</strong></span> 
     </span>
    </p>
   </div>
   <div class='ocr_carea' id='block_1_107' title="bbox 608 5156 2119 5230">
    <p class='ocr_par' dir='ltr' id='par_1_107' title="bbox 608 5156 2119 5230">
     <span class='ocr_line' id='line_1_108' title="bbox 608 5156 2119 5230; baseline 0.005 -20"><span class='ocrx_word' id='word_1_745' title='bbox 608 5167 629 5195; x_wconf 73' lang='grc' dir='ltr'><em>ε</em></span> <span class='ocrx_word' id='word_1_746' title='bbox 654 5156 971 5225; x_wconf 88' lang='lat' dir='ltr'><strong>Quesnellus</strong></span> <span class='ocrx_word' id='word_1_747' title='bbox 1020 5164 1156 5215; x_wconf 85' lang='lat' dir='ltr'><strong>hanc</strong></span> <span class='ocrx_word' id='word_1_748' title='bbox 1182 5162 1466 5230; x_wconf 86' lang='lat' dir='ltr'><strong>epistolam</strong></span> <span class='ocrx_word' id='word_1_749' title='bbox 1509 5164 1559 5216; x_wconf 89' lang='lat' dir='ltr'><strong>in</strong></span> <span class='ocrx_word' id='word_1_750' title='bbox 1598 5163 1713 5217; x_wconf 90' lang='lat' dir='ltr'><strong>solo</strong></span> <span class='ocrx_word' id='word_1_751' title='bbox 1756 5180 1857 5218; x_wconf 91' lang='lat' dir='ltr'><strong>ms.</strong></span> <span class='ocrx_word' id='word_1_752' title='bbox 1899 5164 2119 5219; x_wconf 82' lang='lat' dir='ltr'><strong>Grima-</strong></span> 
     </span>
    </p>
   </div>
   <div class='ocr_carea' id='block_1_108' title="bbox 534 5230 2118 5302">
    <p class='ocr_par' dir='ltr' id='par_1_108' title="bbox 534 5230 2118 5302">
     <span class='ocr_line' id='line_1_109' title="bbox 534 5230 2118 5302; baseline 0.005 -21"><span class='ocrx_word' id='word_1_753' title='bbox 534 5230 657 5282; x_wconf 89' lang='lat' dir='ltr'><strong>nico</strong></span> <span class='ocrx_word' id='word_1_754' title='bbox 687 5230 899 5285; x_wconf 89' lang='lat' dir='ltr'><strong>collect.</strong></span> <span class='ocrx_word' id='word_1_755' title='bbox 937 5232 1001 5285; x_wconf 80' lang='lat' dir='ltr'><strong>l8</strong></span> <span class='ocrx_word' id='word_1_756' title='bbox 1024 5234 1253 5300; x_wconf 88' lang='lat' dir='ltr'><strong>reperit;</strong></span> <span class='ocrx_word' id='word_1_757' title='bbox 1292 5248 1390 5287; x_wconf 93' lang='lat' dir='ltr'><strong>nos</strong></span> <span class='ocrx_word' id='word_1_758' title='bbox 1435 5234 1488 5287; x_wconf 92' lang='lat' dir='ltr'><strong>in</strong></span> <span class='ocrx_word' id='word_1_759' title='bbox 1516 5235 1933 5302; x_wconf 60' lang='lat' dir='ltr'><strong>praeclarissimo</strong></span> <span class='ocrx_word' id='word_1_760' title='bbox 1970 5235 2118 5289; x_wconf 80' lang='lat' dir='ltr'><strong>Rati-</strong></span> 
     </span>
    </p>
   </div>
   <div class='ocr_carea' id='block_1_109' title="bbox 536 5303 2117 5371">
    <p class='ocr_par' dir='ltr' id='par_1_109' title="bbox 536 5303 2117 5371">
     <span class='ocr_line' id='line_1_110' title="bbox 536 5303 2117 5371; baseline 0.006 -19"><span class='ocrx_word' id='word_1_761' title='bbox 536 5316 691 5369; x_wconf 87' lang='lat' dir='ltr'><strong>spon.</strong></span> <span class='ocrx_word' id='word_1_762' title='bbox 725 5303 938 5357; x_wconf 91' lang='lat' dir='ltr'><strong>collect.</strong></span> <span class='ocrx_word' id='word_1_763' title='bbox 966 5304 1032 5357; x_wconf 85' lang='lat' dir='ltr'><strong>l9</strong></span> <span class='ocrx_word' id='word_1_764' title='bbox 1072 5312 1126 5358; x_wconf 89' lang='lat' dir='ltr'><strong>et</strong></span> <span class='ocrx_word' id='word_1_765' title='bbox 1156 5305 1208 5357; x_wconf 93' lang='lat' dir='ltr'><strong>in</strong></span> <span class='ocrx_word' id='word_1_766' title='bbox 1238 5304 1396 5359; x_wconf 92' lang='lat' dir='ltr'><strong>codd.</strong></span> <span class='ocrx_word' id='word_1_767' title='bbox 1440 5305 1655 5359; x_wconf 91' lang='lat' dir='ltr'><strong>collect.</strong></span> <span class='ocrx_word' id='word_1_768' title='bbox 1705 5306 1770 5359; x_wconf 78' lang='lat' dir='ltr'><strong>l2</strong></span> <span class='ocrx_word' id='word_1_769' title='bbox 1799 5322 1860 5361; x_wconf 89' lang='lat' dir='ltr'><strong>ac</strong></span> <span class='ocrx_word' id='word_1_770' title='bbox 1888 5308 1981 5371; x_wconf 68' lang='lat'><strong>24,</strong></span> <span class='ocrx_word' id='word_1_771' title='bbox 2016 5322 2117 5362; x_wconf 89' lang='lat' dir='ltr'><strong>nec</strong></span> 
     </span>
    </p>
   </div>
   <div class='ocr_carea' id='block_1_110' title="bbox 536 5373 2123 5442">
    <p class='ocr_par' dir='ltr' id='par_1_110' title="bbox 536 5373 2123 5442">
     <span class='ocr_line' id='line_1_111' title="bbox 536 5373 2123 5442; baseline 0.005 -19"><span class='ocrx_word' id='word_1_772' title='bbox 536 5386 642 5424; x_wconf 91' lang='lat' dir='ltr'><strong>non</strong></span> <span class='ocrx_word' id='word_1_773' title='bbox 671 5373 811 5442; x_wconf 88' lang='lat' dir='ltr'><strong>apud</strong></span> <span class='ocrx_word' id='word_1_774' title='bbox 851 5373 1203 5439; x_wconf 85' lang='lat' dir='ltr'><strong>Sicbardum;</strong></span> <span class='ocrx_word' id='word_1_775' title='bbox 1236 5383 1437 5428; x_wconf 89' lang='lat' dir='ltr'><strong>etcum</strong></span> <span class='ocrx_word' id='word_1_776' title='bbox 1487 5374 1569 5428; x_wconf 86' lang='lat' dir='ltr'><strong>his</strong></span> <span class='ocrx_word' id='word_1_777' title='bbox 1607 5376 1850 5431; x_wconf 88' lang='lat' dir='ltr'><strong>eamdem</strong></span> <span class='ocrx_word' id='word_1_778' title='bbox 1892 5378 2123 5431; x_wconf 78' lang='lat' dir='ltr'><strong>contuli-</strong></span> 
     </span>
    </p>
   </div>
   <div class='ocr_carea' id='block_1_111' title="bbox 536 5443 2124 5568">
    <p class='ocr_par' dir='ltr' id='par_1_111' title="bbox 536 5443 2124 5568">
     <span class='ocr_line' id='line_1_112' title="bbox 536 5443 2124 5515; baseline 0.005 -20"><span class='ocrx_word' id='word_1_779' title='bbox 536 5457 675 5496; x_wconf 89' lang='lat' dir='ltr'><strong>mus.</strong></span> <span class='ocrx_word' id='word_1_780' title='bbox 714 5444 769 5497; x_wconf 91' lang='lat' dir='ltr'><strong>ln</strong></span> <span class='ocrx_word' id='word_1_781' title='bbox 791 5459 921 5499; x_wconf 90' lang='lat' dir='ltr'><strong>mss.</strong></span> <span class='ocrx_word' id='word_1_782' title='bbox 968 5446 1181 5500; x_wconf 90' lang='lat' dir='ltr'><strong>collect.</strong></span> <span class='ocrx_word' id='word_1_783' title='bbox 1230 5445 1316 5511; x_wconf 81' lang='lat' dir='ltr'><strong>l2,</strong></span> <span class='ocrx_word' id='word_1_784' title='bbox 1363 5443 1673 5515; x_wconf 64' lang='lat' dir='ltr'><strong>Pulcher-ite,</strong></span> <span class='ocrx_word' id='word_1_785' title='bbox 1718 5448 1794 5502; x_wconf 84' lang='lat' dir='ltr'><strong>vel</strong></span> <span class='ocrx_word' id='word_1_786' title='bbox 1839 5447 2124 5503; x_wconf 82' lang='lat' dir='ltr'><strong>Theodosio</strong></span> 
     </span>
     <span class='ocr_line' id='line_1_113' title="bbox 537 5514 863 5568; baseline 0.009 -3"><span class='ocrx_word' id='word_1_787' title='bbox 537 5514 863 5568; x_wconf 86' lang='lat' dir='ltr'><strong>inscribitur.</strong></span> 
     </span>
    </p>
   </div>
   <div class='ocr_carea' id='block_1_112' title="bbox 537 5516 863 5570">
    <p class='ocr_par' dir='ltr' id='par_1_112' title="bbox 537 5516 863 5570">
     <span class='ocr_line' id='line_1_114' title="bbox 537 5516 863 5570; baseline 0.009 -5"><span class='ocrx_word' id='word_1_788' title='bbox 537 5516 863 5570; x_wconf 89' lang='lat' dir='ltr'><strong>inscribitur.</strong></span> 
     </span>
    </p>
   </div>
   <div class='ocr_carea' id='block_1_113' title="bbox 606 5583 1303 5657">
    <p class='ocr_par' dir='ltr' id='par_1_113' title="bbox 606 5583 1303 5657">
     <span class='ocr_line' id='line_1_115' title="bbox 606 5583 1303 5657; baseline 0 -18"><span class='ocrx_word' id='word_1_789' title='bbox 606 5583 633 5620; x_wconf 70' lang='grc' dir='ltr'><strong><em>ἀ</em></strong></span> <span class='ocrx_word' id='word_1_790' title='bbox 664 5584 762 5657; x_wconf 83' lang='lat' dir='ltr'><strong>Ms.</strong></span> <span class='ocrx_word' id='word_1_791' title='bbox 792 5586 1027 5657; x_wconf 80' lang='lat' dir='ltr'><strong>Ratisp..</strong></span> <span class='ocrx_word' id='word_1_792' title='bbox 1053 5588 1303 5641; x_wconf 82' lang='lat' dir='ltr'><strong>habeatis.</strong></span> 
     </span>
    </p>
   </div>
   <div class='ocr_carea' id='block_1_114' title="bbox 611 5656 2123 5727">
    <p class='ocr_par' dir='ltr' id='par_1_114' title="bbox 611 5656 2123 5727">
     <span class='ocr_line' id='line_1_116' title="bbox 611 5656 2123 5727; baseline 0.004 -17"><span class='ocrx_word' id='word_1_793' title='bbox 611 5665 635 5693; x_wconf 73' lang='grc' dir='ltr'><strong>ο</strong></span> <span class='ocrx_word' id='word_1_794' title='bbox 663 5656 737 5710; x_wconf 90' lang='lat' dir='ltr'><strong>lta</strong></span> <span class='ocrx_word' id='word_1_795' title='bbox 766 5672 828 5710; x_wconf 87' lang='lat' dir='ltr'><strong>ex</strong></span> <span class='ocrx_word' id='word_1_796' title='bbox 867 5656 967 5711; x_wconf 86' lang='lat' dir='ltr'><strong>ms.</strong></span> <span class='ocrx_word' id='word_1_797' title='bbox 1004 5658 1211 5727; x_wconf 80' lang='lat' dir='ltr'><strong>Ratisp.</strong></span> <span class='ocrx_word' id='word_1_798' title='bbox 1262 5657 1685 5713; x_wconf 88' lang='lat' dir='ltr'><strong>emendavimus.</strong></span> <span class='ocrx_word' id='word_1_799' title='bbox 1720 5660 1889 5725; x_wconf 81' lang='lat' dir='ltr'><strong>Alias,</strong></span> <span class='ocrx_word' id='word_1_800' title='bbox 1923 5663 2123 5715; x_wconf 88' lang='lat' dir='ltr'><strong>omissa</strong></span> 
     </span>
    </p>
   </div>
   <div class='ocr_carea' id='block_1_115' title="bbox 540 5728 2123 5802">
    <p class='ocr_par' dir='ltr' id='par_1_115' title="bbox 540 5728 2123 5802">
     <span class='ocr_line' id='line_1_117' title="bbox 540 5728 2123 5802; baseline 0.004 -22"><span class='ocrx_word' id='word_1_801' title='bbox 540 5728 923 5802; x_wconf 68' lang='lat' dir='ltr'><strong>praepositione</strong></span> <span class='ocrx_word' id='word_1_802' title='bbox 953 5730 1027 5793; x_wconf 87' lang='lat' dir='ltr'><strong>in,</strong></span> <span class='ocrx_word' id='word_1_803' title='bbox 1064 5729 1313 5802; x_wconf 79' lang='lat' dir='ltr'><strong>habetur.</strong></span> <span class='ocrx_word' id='word_1_804' title='bbox 1346 5731 1500 5802; x_wconf 81' lang='lat' dir='ltr'><strong>unius</strong></span> <span class='ocrx_word' id='word_1_805' title='bbox 1532 5730 1752 5802; x_wconf 78' lang='lat' dir='ltr'><strong>Deitatis</strong></span> <span class='ocrx_word' id='word_1_806' title='bbox 1786 5732 2123 5802; x_wconf 80' lang='lat' dir='ltr'><strong>confessione.</strong></span> 
     </span>
    </p>
   </div>
   <div class='ocr_carea' id='block_1_116' title="bbox 539 5800 2120 5871">
    <p class='ocr_par' dir='ltr' id='par_1_116' title="bbox 539 5800 2120 5871">
     <span class='ocr_line' id='line_1_118' title="bbox 539 5800 2120 5871; baseline 0.004 -20"><span class='ocrx_word' id='word_1_807' title='bbox 539 5800 679 5871; x_wconf 80' lang='lat' dir='ltr'><strong>l’ost</strong></span> <span class='ocrx_word' id='word_1_808' title='bbox 694 5813 879 5853; x_wconf 88' lang='lat' dir='ltr'><strong>vocem</strong></span> <span class='ocrx_word' id='word_1_809' title='bbox 906 5802 1121 5871; x_wconf 64' lang='lat' dir='ltr'><strong>serpitur</strong></span> <span class='ocrx_word' id='word_1_810' title='bbox 1147 5800 1470 5868; x_wconf 89' lang='lat' dir='ltr'><strong>Quesnellus</strong></span> <span class='ocrx_word' id='word_1_811' title='bbox 1506 5801 1710 5856; x_wconf 82' lang='lat' dir='ltr'><strong>addidit</strong></span> <span class='ocrx_word' id='word_1_812' title='bbox 1736 5800 2120 5871; x_wconf 85' lang='lat' dir='ltr'><strong>gloriosissime,</strong></span> 
     </span>
    </p>
   </div>
   <div class='ocr_carea' id='block_1_117' title="bbox 542 5868 1978 5943">
    <p class='ocr_par' dir='ltr' id='par_1_117' title="bbox 542 5868 1978 5943">
     <span class='ocr_line' id='line_1_119' title="bbox 542 5868 1978 5943; baseline 0.004 -20"><span class='ocrx_word' id='word_1_813' title='bbox 542 5868 684 5939; x_wconf 86' lang='lat' dir='ltr'><strong>quod</strong></span> <span class='ocrx_word' id='word_1_814' title='bbox 716 5871 885 5924; x_wconf 85' lang='lat' dir='ltr'><strong>nostri</strong></span> <span class='ocrx_word' id='word_1_815' title='bbox 910 5870 1068 5926; x_wconf 88' lang='lat' dir='ltr'><strong>codd.</strong></span> <span class='ocrx_word' id='word_1_816' title='bbox 1098 5885 1153 5926; x_wconf 91' lang='lat' dir='ltr'><strong>et</strong></span> <span class='ocrx_word' id='word_1_817' title='bbox 1182 5874 1449 5942; x_wconf 82' lang='lat' dir='ltr'><strong>praecipue</strong></span> <span class='ocrx_word' id='word_1_818' title='bbox 1473 5872 1677 5942; x_wconf 77' lang='lat' dir='ltr'><strong>Ratisp.</strong></span> <span class='ocrx_word' id='word_1_819' title='bbox 1712 5868 1978 5943; x_wconf 79' lang='lat' dir='ltr'><strong>ignorant.</strong></span> 
     </span>
    </p>
   </div>
   <div class='ocr_carea' id='block_1_118' title="bbox 2230 4950 3032 5021">
    <p class='ocr_par' dir='ltr' id='par_1_118' title="bbox 2230 4950 3032 5021">
     <span class='ocr_line' id='line_1_120' title="bbox 2230 4950 3032 5021; baseline 0 -18"><span class='ocrx_word' id='word_1_820' title='bbox 2230 4950 2515 5021; x_wconf 89' lang='lat' dir='ltr'><strong>quentibus</strong></span> <span class='ocrx_word' id='word_1_821' title='bbox 2540 4952 2711 5017; x_wconf 89' lang='lat' dir='ltr'><strong>palam</strong></span> <span class='ocrx_word' id='word_1_822' title='bbox 2743 4950 3032 5019; x_wconf 90' lang='lat' dir='ltr'><strong>colligitur.</strong></span> 
     </span>
    </p>
   </div>
   <div class='ocr_carea' id='block_1_119' title="bbox 2300 5018 3853 5089">
    <p class='ocr_par' dir='ltr' id='par_1_119' title="bbox 2300 5018 3853 5089">
     <span class='ocr_line' id='line_1_121' title="bbox 2300 5018 3853 5089; baseline 0 -16"><span class='ocrx_word' id='word_1_823' title='bbox 2300 5030 2339 5057; x_wconf 73' lang='grc' dir='ltr'><strong>ιι</strong></span> <span class='ocrx_word' id='word_1_824' title='bbox 2376 5020 2603 5089; x_wconf 92' lang='lat' dir='ltr'><strong>Quidam</strong></span> <span class='ocrx_word' id='word_1_825' title='bbox 2642 5022 2770 5076; x_wconf 90' lang='lat' dir='ltr'><strong>editi</strong></span> <span class='ocrx_word' id='word_1_826' title='bbox 2795 5018 2919 5075; x_wconf 86' lang='lat' dir='ltr'><strong>ante</strong></span> <span class='ocrx_word' id='word_1_827' title='bbox 2958 5022 3185 5087; x_wconf 91' lang='lat' dir='ltr'><strong>Quesn.,</strong></span> <span class='ocrx_word' id='word_1_828' title='bbox 3217 5020 3372 5074; x_wconf 90' lang='lat' dir='ltr'><strong>etiam</strong></span> <span class='ocrx_word' id='word_1_829' title='bbox 3416 5018 3575 5071; x_wconf 87' lang='lat' dir='ltr'><strong>nimio</strong></span> <span class='ocrx_word' id='word_1_830' title='bbox 3612 5018 3853 5089; x_wconf 62' lang='lat' dir='ltr'><strong>silentio</strong></span> 
     </span>
    </p>
   </div>
   <div class='ocr_carea' id='block_1_120' title="bbox 2226 5088 3852 5158">
    <p class='ocr_par' dir='ltr' id='par_1_120' title="bbox 2226 5088 3852 5158">
     <span class='ocr_line' id='line_1_122' title="bbox 2226 5088 3852 5158; baseline -0.002 -12"><span class='ocrx_word' id='word_1_831' title='bbox 2226 5088 2495 5157; x_wconf 82' lang='lat' dir='ltr'><strong>reticeret;</strong></span> <span class='ocrx_word' id='word_1_832' title='bbox 2527 5093 2639 5158; x_wconf 87' lang='lat' dir='ltr'><strong>alii,</strong></span> <span class='ocrx_word' id='word_1_833' title='bbox 2663 5093 2972 5146; x_wconf 87' lang='lat' dir='ltr'><strong>etiamnunc</strong></span> <span class='ocrx_word' id='word_1_834' title='bbox 3011 5091 3213 5146; x_wconf 84' lang='lat' dir='ltr'><strong>silentio</strong></span> <span class='ocrx_word' id='word_1_835' title='bbox 3243 5093 3492 5145; x_wconf 82' lang='lat' dir='ltr'><strong>reticeret.</strong></span> <span class='ocrx_word' id='word_1_836' title='bbox 3517 5088 3653 5143; x_wconf 85' lang='lat' dir='ltr'><strong>Cod.</strong></span> <span class='ocrx_word' id='word_1_837' title='bbox 3703 5088 3852 5143; x_wconf 78' lang='lat' dir='ltr'><strong>Vat.</strong></span> 
     </span>
    </p>
   </div>
   <div class='ocr_carea' id='block_1_121' title="bbox 2226 5158 3857 5231">
    <p class='ocr_par' dir='ltr' id='par_1_121' title="bbox 2226 5158 3857 5231">
     <span class='ocr_line' id='line_1_123' title="bbox 2226 5158 3857 5231; baseline -0.002 -12"><span class='ocrx_word' id='word_1_838' title='bbox 2226 5163 2439 5219; x_wconf 90' lang='lat' dir='ltr'><strong>collect.</strong></span> <span class='ocrx_word' id='word_1_839' title='bbox 2477 5164 2569 5231; x_wconf 64' lang='grc' dir='ltr'><strong>Ἡ,</strong></span> <span class='ocrx_word' id='word_1_840' title='bbox 2616 5164 2873 5217; x_wconf 86' lang='lat' dir='ltr'><strong>deticeret.</strong></span> <span class='ocrx_word' id='word_1_841' title='bbox 2928 5162 3238 5218; x_wconf 89' lang='lat' dir='ltr'><strong>Lectionem</strong></span> <span class='ocrx_word' id='word_1_842' title='bbox 3290 5170 3468 5217; x_wconf 88' lang='lat' dir='ltr'><strong>textus</strong></span> <span class='ocrx_word' id='word_1_843' title='bbox 3526 5158 3857 5229; x_wconf 65' lang='lat' dir='ltr'><strong>prater-unt</strong></span> 
     </span>
    </p>
   </div>
   <div class='ocr_carea' id='block_1_122' title="bbox 2228 5232 2912 5301">
    <p class='ocr_par' dir='ltr' id='par_1_122' title="bbox 2228 5232 2912 5301">
     <span class='ocr_line' id='line_1_124' title="bbox 2228 5232 2912 5301; baseline 0.001 -12"><span class='ocrx_word' id='word_1_844' title='bbox 2228 5235 2388 5289; x_wconf 90' lang='lat' dir='ltr'><strong>codd.</strong></span> <span class='ocrx_word' id='word_1_845' title='bbox 2421 5234 2590 5289; x_wconf 88' lang='lat' dir='ltr'><strong>Grim.</strong></span> <span class='ocrx_word' id='word_1_846' title='bbox 2617 5244 2674 5290; x_wconf 85' lang='lat' dir='ltr'><strong>et</strong></span> <span class='ocrx_word' id='word_1_847' title='bbox 2704 5232 2912 5301; x_wconf 77' lang='lat' dir='ltr'><strong>Ratisp.</strong></span> 
     </span>
    </p>
   </div>
   <div class='ocr_carea' id='block_1_123' title="bbox 2303 5304 3859 5373">
    <p class='ocr_par' dir='ltr' id='par_1_123' title="bbox 2303 5304 3859 5373">
     <span class='ocr_line' id='line_1_125' title="bbox 2303 5304 3859 5373; baseline -0.001 -14"><span class='ocrx_word' id='word_1_848' title='bbox 2303 5314 2329 5341; x_wconf 75' lang='grc' dir='ltr'><strong>ιι</strong></span> <span class='ocrx_word' id='word_1_849' title='bbox 2354 5305 2504 5359; x_wconf 90' lang='lat' dir='ltr'><strong>Diem</strong></span> <span class='ocrx_word' id='word_1_850' title='bbox 2535 5305 2941 5360; x_wconf 88' lang='lat' dir='ltr'><strong>emendavimus</strong></span> <span class='ocrx_word' id='word_1_851' title='bbox 2972 5321 3039 5359; x_wconf 86' lang='lat' dir='ltr'><strong>ex</strong></span> <span class='ocrx_word' id='word_1_852' title='bbox 3075 5318 3177 5359; x_wconf 89' lang='lat' dir='ltr'><strong>ms.</strong></span> <span class='ocrx_word' id='word_1_853' title='bbox 3213 5304 3519 5370; x_wconf 80' lang='lat' dir='ltr'><strong>RatiSpon.,</strong></span> <span class='ocrx_word' id='word_1_854' title='bbox 3562 5317 3691 5356; x_wconf 89' lang='lat' dir='ltr'><strong>cum</strong></span> <span class='ocrx_word' id='word_1_855' title='bbox 3727 5318 3859 5373; x_wconf 87' lang='lat' dir='ltr'><strong>quo</strong></span> 
     </span>
    </p>
   </div>
   <div class='ocr_carea' id='block_1_124' title="bbox 2232 5373 3861 5435">
    <p class='ocr_par' dir='ltr' id='par_1_124' title="bbox 2232 5373 3861 5435">
     <span class='ocr_line' id='line_1_126' title="bbox 2232 5373 3861 5435; baseline -0.001 -6"><span class='ocrx_word' id='word_1_856' title='bbox 2232 5377 2471 5429; x_wconf 87' lang='lat' dir='ltr'><strong>concinit</strong></span> <span class='ocrx_word' id='word_1_857' title='bbox 2499 5377 2620 5430; x_wconf 92' lang='lat' dir='ltr'><strong>cod.</strong></span> <span class='ocrx_word' id='word_1_858' title='bbox 2648 5376 2898 5435; x_wconf 80' lang='lat' dir='ltr'><strong>Venetus.</strong></span> <span class='ocrx_word' id='word_1_859' title='bbox 2929 5376 3144 5431; x_wconf 88' lang='lat' dir='ltr'><strong>collect.</strong></span> <span class='ocrx_word' id='word_1_860' title='bbox 3194 5376 3283 5430; x_wconf 83' lang='lat' dir='ltr'><strong>l2.</strong></span> <span class='ocrx_word' id='word_1_861' title='bbox 3321 5373 3521 5428; x_wconf 83' lang='lat' dir='ltr'><strong>Eodem</strong></span> <span class='ocrx_word' id='word_1_862' title='bbox 3570 5373 3861 5428; x_wconf 87' lang='lat' dir='ltr'><strong>nimirum</strong></span> 
     </span>
    </p>
   </div>
   <div class='ocr_carea' id='block_1_125' title="bbox 2234 5444 3866 5517">
    <p class='ocr_par' dir='ltr' id='par_1_125' title="bbox 2234 5444 3866 5517">
     <span class='ocr_line' id='line_1_127' title="bbox 2234 5444 3866 5517; baseline -0.001 -16"><span class='ocrx_word' id='word_1_863' title='bbox 2234 5448 2322 5503; x_wconf 90' lang='lat' dir='ltr'><strong>die</strong></span> <span class='ocrx_word' id='word_1_864' title='bbox 2347 5463 2454 5517; x_wconf 92' lang='lat' dir='ltr'><strong>quo</strong></span> <span class='ocrx_word' id='word_1_865' title='bbox 2477 5448 2723 5517; x_wconf 89' lang='lat' dir='ltr'><strong>superior</strong></span> <span class='ocrx_word' id='word_1_866' title='bbox 2752 5447 2868 5501; x_wconf 64' lang='lat' dir='ltr'><strong>haec</strong></span> <span class='ocrx_word' id='word_1_867' title='bbox 2896 5461 3111 5517; x_wconf 87' lang='lat' dir='ltr'><strong>quoque</strong></span> <span class='ocrx_word' id='word_1_868' title='bbox 3138 5446 3364 5515; x_wconf 88' lang='lat' dir='ltr'><strong>epistola</strong></span> <span class='ocrx_word' id='word_1_869' title='bbox 3394 5444 3593 5512; x_wconf 85' lang='lat' dir='ltr'><strong>scripta</strong></span> <span class='ocrx_word' id='word_1_870' title='bbox 3624 5444 3767 5512; x_wconf 81' lang='lat' dir='ltr'><strong>fuit,</strong></span> <span class='ocrx_word' id='word_1_871' title='bbox 3799 5456 3866 5500; x_wconf 88' lang='lat' dir='ltr'><strong>et</strong></span> 
     </span>
    </p>
   </div>
   <div class='ocr_carea' id='block_1_126' title="bbox 2235 5518 3868 5587">
    <p class='ocr_par' dir='ltr' id='par_1_126' title="bbox 2235 5518 3868 5587">
     <span class='ocr_line' id='line_1_128' title="bbox 2235 5518 3868 5587; baseline 0 -14"><span class='ocrx_word' id='word_1_872' title='bbox 2235 5530 2461 5587; x_wconf 90' lang='lat' dir='ltr'><strong>utraque</strong></span> <span class='ocrx_word' id='word_1_873' title='bbox 2508 5519 2665 5573; x_wconf 85' lang='lat' dir='ltr'><strong>simul</strong></span> <span class='ocrx_word' id='word_1_874' title='bbox 2712 5518 3232 5584; x_wconf 87' lang='lat' dir='ltr'><strong>Constantinopolim</strong></span> <span class='ocrx_word' id='word_1_875' title='bbox 3280 5519 3628 5579; x_wconf 85' lang='lat' dir='ltr'><strong>transmissa;</strong></span> <span class='ocrx_word' id='word_1_876' title='bbox 3688 5518 3868 5573; x_wconf 82' lang='lat' dir='ltr'><strong>unde</strong></span> 
     </span>
    </p>
   </div>
   <div class='ocr_carea' id='block_1_127' title="bbox 2234 5588 3869 5658">
    <p class='ocr_par' dir='ltr' id='par_1_127' title="bbox 2234 5588 3869 5658">
     <span class='ocr_line' id='line_1_129' title="bbox 2234 5588 3869 5658; baseline 0.001 -15"><span class='ocrx_word' id='word_1_877' title='bbox 2234 5591 2530 5658; x_wconf 90' lang='lat' dir='ltr'><strong>superioris</strong></span> <span class='ocrx_word' id='word_1_878' title='bbox 2560 5590 2803 5655; x_wconf 71' lang='lat' dir='ltr'><strong>epistolae</strong></span> <span class='ocrx_word' id='word_1_879' title='bbox 2847 5589 2916 5644; x_wconf 90' lang='lat' dir='ltr'><strong>ad</strong></span> <span class='ocrx_word' id='word_1_880' title='bbox 2946 5588 3256 5643; x_wconf 84' lang='lat' dir='ltr'><strong>Flavianum</strong></span> <span class='ocrx_word' id='word_1_881' title='bbox 3303 5588 3391 5642; x_wconf 88' lang='lat' dir='ltr'><strong>hic</strong></span> <span class='ocrx_word' id='word_1_882' title='bbox 3441 5588 3643 5641; x_wconf 88' lang='lat' dir='ltr'><strong>mentio</strong></span> <span class='ocrx_word' id='word_1_883' title='bbox 3696 5588 3869 5644; x_wconf 76' lang='lat' dir='ltr'><strong>facta</strong></span> 
     </span>
    </p>
   </div>
   <div class='ocr_carea' id='block_1_128' title="bbox 2233 5658 3871 5729">
    <p class='ocr_par' dir='ltr' id='par_1_128' title="bbox 2233 5658 3871 5729">
     <span class='ocr_line' id='line_1_130' title="bbox 2233 5658 3871 5729; baseline -0.001 -14"><span class='ocrx_word' id='word_1_884' title='bbox 2233 5670 2322 5715; x_wconf 88' lang='lat' dir='ltr'><strong>est</strong></span> <span class='ocrx_word' id='word_1_885' title='bbox 2343 5675 2462 5729; x_wconf 89' lang='lat' dir='ltr'><strong>cap.</strong></span> <span class='ocrx_word' id='word_1_886' title='bbox 2484 5660 2542 5715; x_wconf 92' lang='lat'><strong>2.</strong></span> <span class='ocrx_word' id='word_1_887' title='bbox 2566 5660 2891 5727; x_wconf 88' lang='lat' dir='ltr'><strong>Quesnellus</strong></span> <span class='ocrx_word' id='word_1_888' title='bbox 2910 5675 3032 5714; x_wconf 90' lang='lat' dir='ltr'><strong>cum</strong></span> <span class='ocrx_word' id='word_1_889' title='bbox 3060 5659 3371 5714; x_wconf 84' lang='lat' dir='ltr'><strong>Grimanico</strong></span> <span class='ocrx_word' id='word_1_890' title='bbox 3407 5669 3461 5712; x_wconf 91' lang='lat' dir='ltr'><strong>et</strong></span> <span class='ocrx_word' id='word_1_891' title='bbox 3500 5658 3621 5729; x_wconf 87' lang='lat' dir='ltr'><strong>aliis</strong></span> <span class='ocrx_word' id='word_1_892' title='bbox 3654 5659 3871 5729; x_wconf 68' lang='lat' dir='ltr'><strong>editis</strong></span> 
     </span>
    </p>
   </div>
   <div class='ocr_carea' id='block_1_129' title="bbox 2235 5727 3871 5797">
    <p class='ocr_par' dir='ltr' id='par_1_129' title="bbox 2235 5727 3871 5797">
     <span class='ocr_line' id='line_1_131' title="bbox 2235 5727 3871 5797; baseline -0.001 -10"><span class='ocrx_word' id='word_1_893' title='bbox 2235 5727 2433 5787; x_wconf 77' lang='lat' dir='ltr'><strong>Leonis</strong></span> <span class='ocrx_word' id='word_1_894' title='bbox 2459 5750 2470 5784; x_wconf 92' lang='lat'>:</span> <span class='ocrx_word' id='word_1_895' title='bbox 2504 5730 2639 5784; x_wconf 84' lang='lat' dir='ltr'><strong>Data</strong></span> <span class='ocrx_word' id='word_1_896' title='bbox 2664 5731 2748 5785; x_wconf 87' lang='lat' dir='ltr'><strong>die</strong></span> <span class='ocrx_word' id='word_1_897' title='bbox 2783 5731 3124 5785; x_wconf 82' lang='lat' dir='ltr'><strong>kalendarum</strong></span> <span class='ocrx_word' id='word_1_898' title='bbox 3166 5728 3381 5797; x_wconf 74' lang='lat' dir='ltr'><strong>Martii;</strong></span> <span class='ocrx_word' id='word_1_899' title='bbox 3412 5730 3516 5795; x_wconf 77' lang='lat' dir='ltr'><strong>vel,</strong></span> <span class='ocrx_word' id='word_1_900' title='bbox 3546 5728 3614 5783; x_wconf 88' lang='lat' dir='ltr'><strong>ad</strong></span> <span class='ocrx_word' id='word_1_901' title='bbox 3643 5727 3871 5786; x_wconf 71' lang='lat' dir='ltr'><strong>kalen-</strong></span> 
     </span>
    </p>
   </div>
   <div class='ocr_carea' id='block_1_130' title="bbox 2236 5798 3874 5925">
    <p class='ocr_par' dir='ltr' id='par_1_130' title="bbox 2236 5798 3874 5925">
     <span class='ocr_line' id='line_1_132' title="bbox 2236 5798 3874 5925; baseline 0.002 -68"><span class='ocrx_word' id='word_1_902' title='bbox 2236 5801 2573 5925; x_wconf 47' lang='lat' dir='ltr'><strong>dfsuuartii;</strong></span> <span class='ocrx_word' id='word_1_903' title='bbox 2600 5804 2652 5859; x_wconf 91' lang='lat' dir='ltr'><strong>in</strong></span> <span class='ocrx_word' id='word_1_904' title='bbox 2677 5802 2837 5859; x_wconf 86' lang='lat' dir='ltr'><strong>editis</strong></span> <span class='ocrx_word' id='word_1_905' title='bbox 2863 5812 3042 5862; x_wconf 85' lang='lat' dir='ltr'><strong>autem</strong></span> <span class='ocrx_word' id='word_1_906' title='bbox 3070 5800 3458 5865; x_wconf 84' lang='lat' dir='ltr'><strong>Conciliorutn,</strong></span> <span class='ocrx_word' id='word_1_907' title='bbox 3484 5802 3552 5855; x_wconf 85' lang='lat' dir='ltr'><strong>ad</strong></span> <span class='ocrx_word' id='word_1_908' title='bbox 3581 5798 3874 5860; x_wconf 77' lang='lat' dir='ltr'><strong>kalendas</strong></span> 
     </span>
     <span class='ocr_line' id='line_1_133' title="bbox 2241 5889 2390 5925; baseline 0 0"><span class='ocrx_word' id='word_1_909' title='bbox 2241 5908 2257 5925; x_wconf 70' lang='grc' dir='ltr'>ι</span> <span class='ocrx_word' id='word_1_910' title='bbox 2299 5889 2390 5925; x_wconf 80' lang='grc' dir='ltr'><strong>αη.</strong></span> 
     </span>
    </p>
   </div>
   <div class='ocr_carea' id='block_1_131' title="bbox 2241 5889 2390 5926">
    <p class='ocr_par' dir='ltr' id='par_1_131' title="bbox 2241 5889 2390 5926">
     <span class='ocr_line' id='line_1_134' title="bbox 2241 5889 2390 5926; baseline -0.007 0"><span class='ocrx_word' id='word_1_911' title='bbox 2241 5889 2367 5926; x_wconf 74' lang='lat' dir='ltr'><strong>man</strong></span> <span class='ocrx_word' id='word_1_912' title='bbox 2378 5914 2390 5925; x_wconf 89' lang='lat'><strong>.</strong></span> 
     </span>
    </p>
   </div>
  </div>
