4040 6344
578 411 682 471 745
1710 399 1760 455 S.
1804 388 2042 453 LEONIS
2077 392 2170 450 MA

2275 393 2288 447 I
2332 388 2704 449 EPISTOLAE.
3723 381 3811 439 744

580 530 741 603 779
767 529 1042 584 hortamur
1068 531 1121 579 te
1143 563 1159 589 ,
1195 520 1361 576 frater
1383 514 1741 583 Honorabilis,
1777 524 1833 569 ut
1864 513 1947 569 his
1974 528 2091 584 quae
2118 527 2150 566 a

2275 513 2363 567 Ξπί
2387 515 2525 566 πᾶσι
2554 508 2607 564 δὲ
2642 505 3024 583 προτρεπόμεθά
3046 525 3103 560 σι
3121 545 3135 569 ,
3166 501 3346 577 ὰδιλφέ
3379 503 3679 572 τιμιώτατα,
3705 501 3816 555 ὥστε

584 620 891 679 beatissimo
920 632 1055 690 papa
1082 616 1343 671 Romana:
1371 609 1604 667 civitatis
1630 607 1830 677 scripta
1857 614 2003 675 sunt,
2028 604 2157 660 obe-

581 716 790 772 dienter
844 709 1131 768 attendas:
1182 706 1434 778 quoniam
1476 702 1663 758 beatus
1693 699 1888 754 Petrus
1916 739 1931 765 ,
1983 695 2156 768 quiin

581 806 793 878 propria
820 804 948 861 sede
977 811 1006 840 ι
1038 810 1091 857 et
1116 798 1249 855 vivit
1283 805 1337 853 et
1364 792 1637 866 praesidet,
1666 799 1887 861 praestat
1914 803 2159 860 quaren-

581 901 722 957 tibus
751 898 875 955 ﬁdei
919 896 1218 953 veritatem.
1247 892 1355 948 Nos
1381 889 1523 947 enim
1565 900 1663 957 pro
1704 883 1881 939 studio
1921 882 2069 952 pacis
2105 887 2161 936 et

581 993 707 1050 ﬁdei
751 1000 905 1050 extra
957 1001 1279 1047 consensum
1320 984 1587 1040 Romana:
1633 976 1865 1035 civitatis
1916 972 2158 1046 episcopi

581 1098 772 1140 causas
794 1081 920 1138 ﬁdei
939 1079 969 1120 δ
993 1078 1184 1135 audire
1205 1092 1311 1133 non
1335 1085 1640 1146 possumus.
1659 1068 1984 1124 Incolumem
2012 1072 2157 1119 tuam

584 1176 925 1232 dilectionem
945 1172 1207 1228 Dominus
1229 1178 1471 1238 tempore
1495 1161 1810 1234 longissimo
1839 1172 2160 1215 conservare

582 1265 852 1337 dignetur,
879 1262 1197 1321 charissime
1221 1268 1277 1318 et
1303 1254 1755 1315 honorantissime
1780 1252 1877 1307 ﬁli.

2258 611 2366 664 τοῖς
2395 603 2539 678 παρὰ
2569 607 2659 655 τοῦ
2694 600 3085 675 μακαριωτάτου
3116 596 3267 653 πάπα
3292 601 3385 654 τῆς
3428 592 3623 652 πόλεως
3652 589 3819 662 Ῥώμης

2260 696 2583 769 γραφομένοις
2624 695 3042 770 πειθαρχοῦντως
3082 692 3387 767 προσέχειν·
3434 684 3604 744 ἐπειδὴ
3633 683 3658 739 ὁ
3685 686 3819 755 μαγά-

2260 808 2369 864 ριος
2391 787 2571 861 Πέτρος
2592 826 2605 850 ,
2636 781 2689 846 ὃς
2715 786 2761 837 ἐν
2788 793 2849 860 τῇ
2878 782 2984 858 ἰδίᾳ
3009 780 3229 858 καθέδρᾳ
3251 783 3339 835 καὶ
3365 783 3448 853 ζῇ,
3479 780 3564 833 καὶ
3586 779 3820 851 προκάθη·

2260 902 2368 945 ται,
2386 878 2563 935 δίδωσι
2582 886 2687 939 τοῖς
2709 883 2919 943 ζητοῦσι
2938 886 3029 939 τῆς
3050 879 3272 935 πίστεως
3291 879 3382 933 τήν
3401 874 3649 931 ἀλήθειαν*
3674 870 3822 939 Ἦμιῖς

2261 976 2361 1049 γάρ
2390 972 2588 1048 σπονδῇ
2624 982 2713 1033 τῆς
2748 974 2941 1046 εἰρήνης
2961 1013 2975 1037 ,
3008 973 3091 1026 καὶ
3122 978 3214 1030 τῆς
3238 970 3484 1031 πίστεως,
3514 966 3658 1026 ἐκτὸς
3682 966 3697 995 ¹
3724 987 3823 1021 σνν-

2264 1068 2496 1126 αινέσεως
2516 1072 2606 1120 τοῦ
2626 1067 2813 1136 Ῥώμης
2836 1064 3134 1129 ἐπισκόπου,
3152 1067 3375 1121 πίστεως
3394 1063 3561 1120 αἰτίας
3578 1059 3823 1131 διαγνῶναι

2262 1159 2322 1211 οὐ
2353 1156 2623 1227 δυνάμεθα.
2653 1158 3003 1229 ’Υγιαίνουσαν
3030 1160 3121 1214 τὴν
3150 1155 3350 1225 ἀγάπην
3372 1157 3461 1211 τήν
3484 1155 3578 1209 σὴν
3602 1151 3628 1205 ὁ
3657 1148 3824 1205 δεσπό-

2263 1271 2353 1310 της
2377 1249 2548 1324 χρόνῳ
2570 1250 2589 1278 ¹
2618 1246 2925 1324 μακροτάτῳ
2949 1246 3245 1319 διαφυλάξαι
3269 1245 3599 1309 καταξιῶσαι,
3628 1242 3824 1297 ποθιινὸο

2264 1360 2384 1394 τατε
2412 1342 2496 1394 καὶ
2525 1340 2815 1411 ἀξιοτίμητε
2840 1338 2937 1393 υἱὲ.

1895 1431 2225 1489 EPISTOLA
2268 1441 2290 1470 ο
2320 1430 2513 1498 XXVI,

1593 1527 1618 1567 δ
1647 1544 1895 1585 navum
1932 1542 2167 1582 saeuum
2205 1542 2273 1581 an
2311 1543 2357 1581 s.
2401 1541 2614 1581 LEONEII
2652 1541 2842 1582 uram.

585 1625 1102 1704 Epistola_Flaptan_t
1148 1625 1374 1704 eptsij
1420 1620 1934 1704 Constantinopoleos
1974 1619 2168 1689 scripta

772 1701 840 1756 ad
861 1690 1298 1769 archiepiscopum
1320 1690 1547 1750 "Leonem
1574 1690 1977 1747 veteris'Romaz.

585 1886 935 1946 Sanctissimo
1002 1892 1057 1938 et
1118 1879 1425 1936 beatissimo
1469 1876 1613 1931 Patri
1679 1883 1733 1930 et
1794 1872 2166 1929 comministro

808 1957 971 2011 onm
1011 1954 1314 2008 Fuvuuos
1360 1950 1415 2003 in
1446 1948 1671 2003 Domino
1700 1946 1947 2000 salutem.

2275 1618 2295 1649 ³
2521 1619 2787 1679 Ἐπιστολή
2821 1620 3093 1675 Φλαυιανοῦ
3128 1621 3411 1675 ἐπισκόπου
3450 1634 3828 1675 κωνσταντινου-

2342 1692 2536 1781 πόλεοὲς
2556 1699 2806 1781 γραφεῖσα
2830 1692 2955 1768 πρὸς
2982 1692 3068 1745 τὸν
3102 1693 3515 1765 άρχιιπίσκοπον
3540 1693 3731 1745 Λέοντα
3754 1699 3829 1750 τῆς

2342 1763 2695 1837 πρεσϐυτέρας
2719 1763 2914 1832 Ρὼμηὲ.

2268 1883 2349 1946 Τῷ
2377 1875 2641 1953 ἁγιωτάτῳ
2670 1879 2755 1931 καὶ
2781 1878 3146 1953 ριακαριῳτάτῳ
3177 1880 3339 1953 πατρί
3365 1880 3449 1953 καὶ
3478 1877 3832 1953 συλλιιτουργῷ

2569 1949 2742 2002 Λέοντι
2761 1948 3034 2007 Φλανιανὸς
3054 1949 3102 2001 ἐν
3130 1948 3295 2019 Κυρίῳ
3323 1950 3546 2019 χαίρειν.

658 2070 864 2125 Pietate
906 2074 962 2121 et
1005 2074 1148 2120 recta
1178 2060 1329 2118 verbi
1355 2060 1596 2116 veritatis
1626 2056 2005 2113 distributione
2036 2054 2169 2110 nihil

2343 2060 2617 2121 Εὐσεϐεἰας
2646 2064 2731 2116 καὶ
2757 2067 2851 2116 τοῦ
2892 2062 3279 2135 ὀρθοτομεῖσθαι
3306 2063 3391 2116 τὸν
3429 2059 3572 2134 λόγον
3608 2071 3699 2123 τῆς
3728 2064 3833 2120 άλη-

586 2162 875 2233 pretiosius
897 2155 1291 2220 sacerdotibus,
1314 2154 1452 2210 sicut
1481 2150 1642 2219 nosti,
1660 2150 1772 2206 Deo
1801 2148 2165 2205 dilectissime.

585 2252 777 2309 Omnis
815 2251 959 2307 enim
1010 2255 1188 2303 nostra
1221 2260 1347 2315 spes
1376 2253 1432 2299 et
1457 2244 1634 2309 salus,
1672 2257 1735 2297 ac
1780 2241 2169 2311 promissorum

585 2343 851 2399 bonorum
892 2340 1175 2398 retributio
1223 2337 1350 2392 hinc
1384 2334 1641 2406 pendent.
1675 2334 1969 2404 Propterea
2010 2334 2172 2404 igitur

585 2443 777 2492 cuncta
821 2432 978 2491 nobis
1019 2429 1260 2487 facienda
1291 2435 1447 2494 sunt,
1478 2426 1762 2495 omnisque
1800 2424 1951 2481 labor
1994 2424 2171 2479 susci-

589 2525 816 2596 piendus
845 2539 942 2595 pro
974 2536 1101 2578 vera
1139 2520 1244 2575 ﬁde
1291 2518 1461 2588 iisque
1489 2531 1609 2587 qua:
1634 2530 1663 2570 a
1690 2517 1889 2570 sanctis
1918 2514 2168 2570 Patribus

585 2616 828 2687 exposita
873 2622 997 2670 sunt
1039 2620 1199 2683 atque
1242 2610 1552 2679 dogmatum
1600 2607 1723 2662 loco
1771 2606 2000 2674 tradita;
2061 2621 2169 2677 quo

588 2728 687 2784 per
731 2712 913 2767 omnia
962 2720 1018 2768 et
1065 2708 1121 2764 in
1168 2706 1471 2777 omnigenis
1521 2718 1705 2759 rerum
1748 2702 2170 2758 circumstantiis

586 2806 791 2877 integra
822 2806 940 2861 haec
966 2812 1022 2861 et
1064 2802 1324 2858 inviolata
1352 2805 1743 2856 conserventur
1780 2806 1939 2867 atque
1984 2804 2169 2851 custo-

587 2898 821 2955 diantur.
864 2898 1242 2954 Necessarium
1286 2895 1466 2964 itaque
1516 2892 1617 2948 fuit
1661 2908 1803 2949 nunc
1836 2893 2000 2948 etiam
2046 2905 2167 2960 nos,

589 2991 829 3047 videntes
853 2989 972 3046 laedi
1001 2988 1357 3047 orthodoxam
1381 2985 1563 3054 ﬁdem,
1595 3000 1658 3041 ac
1686 2986 1935 3042 renovari
1960 2984 2170 3055 Apolli-

664 3206 687 3232 α
723 3195 800 3249 Ex
823 3193 1018 3247 nostris
1042 3190 1197 3245 codd.
1222 3199 1278 3245 et
1297 3189 1496 3245 Baluzii
1517 3189 1816 3244 addidimus
1839 3189 2160 3258 particulam

591 3274 662 3324 et.
687 3265 818 3320 Cum
860 3265 974 3317 haec
993 3262 1181 3317 Petrus
1219 3260 1579 3331 Chrysologus
1609 3260 1888 3331 scripserit
1916 3268 2041 3331 ante
2068 3276 2161 3315 ce-

592 3338 792 3393 lebrem
820 3332 1018 3389 Leonis
1045 3329 1343 3402 epistolam
1371 3330 1463 3402 28,
1493 3329 2042 3402 adversusﬂEutychis
2078 3345 2166 3402 er-

594 3422 745 3463 rores
769 3405 988 3468 editam,
1023 3399 1161 3457 utin
1184 3400 1545 3457 admonitione
1566 3399 1898 3454 ostendimus
1926 3417 2075 3454 num.
2109 3401 2162 3466 6,

592 3492 712 3548 quae
734 3477 819 3531 hic
841 3475 1089 3548 dicuntur
1119 3487 1225 3548 non
1253 3481 1378 3527 sunt
1402 3469 1688 3548 peculiaria
1714 3485 1808 3537 pro
1832 3469 2025 3525 eadem
2053 3472 2167 3548 epi-

593 3542 753 3613 stola,
783 3561 846 3601 ac
875 3547 918 3600 si
948 3544 1121 3598 eidem
1142 3542 1457 3613 Petronota
1478 3542 1588 3611 jam
1608 3548 1940 3613 essetgatque
1970 3542 2165 3609 proba-

596 3597 811 3684 {Ii—sisti
825 3597 1082 3686 generale
1104 3612 1424 3686 principium
1451 3597 1517 3686 a'c
1537 3597 1867 3686 sententiam.
1890 3597 1998 3666 tum
2022 3628 2168 3686 com-
2196 3597 2244 3661 C

596 3682 812 3744 munem
838 3682 893 3741 et
933 3682 1134 3739 certam
1163 3682 1428 3749 indicant,
1466 3684 1715 3737 nimirum
1742 3682 1961 3737 Petrum
1993 3683 2170 3737 adhuc

596 3761 651 3813 in
674 3755 1074 3813 successoribus
1106 3754 1369 3809 viventem
1401 3761 1646 3824 praestare
1667 3754 2004 3821 querentibus
2047 3753 2170 3821 ﬁdei

598 3830 855 3882 veritatem
880 3843 898 3892 ;
934 3832 989 3880 et
1017 3826 1217 3880 idcirco
1244 3822 1560 3893 dogmaticis
1590 3822 1952 3877 Romanorum
1985 3826 2166 3893 ponti-

600 3900 755 3954 ticum
786 3897 1016 3952 decretis
1046 3910 1165 3950 esse
1194 3894 1618 3963 obsequendum.

670 3969 697 4008 δ
728 3968 897 4025 Graeci
924 3967 1071 4021 verbi
1101 3966 1181 4018 vis
1208 3980 1539 4036 cognoscere,
1561 3964 1856 4036 diiudicare
1883 3964 2167 4034 signiﬁcat.

600 4039 679 4096 Ne
717 4054 847 4095 vero
885 4036 1000 4091 haec
1039 4044 1245 4091 asserta
1272 4034 1303 4088 ιι
1344 4034 1504 4090 Petro
1544 4034 1855 4106 diSciplina,
1889 4036 2171 4106 singularis

601 4120 694 4165 aut
739 4107 1064 4165 incredibilis
1111 4106 1386 4169 videatur,
1443 4105 1671 4159 similem
1724 4105 2170 4161 consuetudinem

599 4181 765 4237 fuisse
796 4182 846 4233 in
875 4176 1127 4248 Egypto,
1150 4185 1205 4230 ut
1245 4176 1374 4248 nihil
1412 4176 1596 4245 absque
1623 4177 1734 4248 ipso
1760 4176 2019 4244 (antistite
2046 4178 2167 4232 Ale-

604 4249 900 4321 xandrino)
947 4245 1287 4321 ageretur-ab
1332 4245 1846 4321 aliqaomsnbjaeente
1894 4248 2167 4320 episwpo,

604 4324 779 4378 testati
800 4315 1173 4389 suntEgyptii
1197 4318 1249 4371 in
1263 4317 1489 4371 concilio
1501 4315 1946 4389 Chalcedonensi',
1962 4315 2174 4373 actione

602 4395 658 4459 4,
683 4402 811 4446 tom.
838 4390 901 4445 IV
928 4387 1059 4444 edit.
1081 4388 1323 4447 Venetae.
1353 4402 1479 4457 pag.
1508 4387 1666 4459 “02,
1693 4387 1851 4457 idque
1874 4405 1936 4442 ex
1959 4389 2174 4444 Nicmno

603 4457 810 4518 canone
862 4462 1212 4522 derivarunt,
1268 4465 1427 4527 atque
1477 4457 1715 4527 ejusdem
1770 4460 2174 4514 consuetudinis

605 4544 796 4589 testem
842 4530 1173 4601 appellarunt
1221 4528 1395 4597 ipsum
1451 4530 1774 4601 Anatolium,
1814 4531 1903 4601 qui
1943 4530 2172 4601 Alexan-

606 4604 775 4658 drina:
815 4598 1072 4656 Ecclesia;
1110 4599 1367 4669 diaconus
1399 4599 1487 4669 vel
1527 4600 1806 4669 presbyter
1846 4598 2035 4654 fuerat.
2066 4600 2175 4654 Hac

605 4674 819 4744 quidem
864 4670 1146 4744 disciplina
1191 4667 1432 4744 Egyptii
1464 4667 1982 4744 in'Chalcedonensi
2022 4670 2175 4725 abusi

606 4740 769 4810 sunt;
810 4742 1153 4798 excusatione
1199 4741 1449 4795 nimirum
1482 4740 1784 4808 hujusmodi
1815 4755 1872 4795 se
1899 4740 2174 4796 subtraxe-

606 4824 731 4868 runt
775 4829 803 4866 a
850 4810 1233 4867 subscribenda
1277 4810 1473 4880 Leonis
1515 4810 1761 4880 epistola,
1797 4820 1853 4866 et
1879 4826 1907 4864 a
1939 4813 2175 4878 parendo

608 4884 866 4948 concilio,
911 4881 1041 4936 illud
1074 4880 1273 4937 exinde
1311 4879 1630 4948 inferentes,
1662 4882 2006 4937 Alexandrini
2056 4884 2172 4951 epi-

2271 2157 2405 2216 θεὶας
2441 2154 2581 2211 οὐδὲν
2612 2154 2634 2185 ⁸
2663 2159 2956 2234 τιμιώτερον
2990 2157 3230 2230 ἱερεῦσιν,
3258 2159 3326 2218 ὡς
3364 2156 3660 2221 ἐπίστασαι,
3692 2158 3835 2229 θεοφι-

2271 2247 2499 2302 λέστατε.
2527 2255 2673 2303 Πᾶσα
2698 2249 2798 2323 γάρ
2822 2251 2961 2319 ἡμῶν
3000 2248 3143 2308 ἐλπὶς
3182 2252 3262 2302 καί
3303 2250 3553 2323 σωτηρία,
3587 2251 3671 2303 καὶ
3698 2251 3835 2305 ἀντα-

2273 2337 2483 2399 πόδοσις
2511 2346 2613 2394 ⁸ι’ὥν
2655 2340 3027 2411 ἐπηγγελμένων
3055 2340 3272 2412 ἀγαθῶν,
3310 2342 3526 2396 ἐντεῦθεν
3564 2341 3836 2415 ἐξήρτηται.

2274 2432 2364 2485 Διά
2405 2452 2482 2486 τοι
2515 2438 2671 2487 τοῦτο
2696 2474 2711 2499 ,
2748 2434 2917 2487 πάντα
2957 2432 2980 2463 ⁸
3006 2435 3239 2491 ποιητέον
3291 2435 3408 2504 ἡμῖν
3455 2436 3537 2488 καὶ
3590 2436 3836 2500 πονητέον,

2276 2524 2407 2595 ὑπὲρ
2459 2534 2550 2586 τῆς
2598 2526 2807 2586 ἀληθοῦς
2852 2526 3109 2593 πίστεως,
3149 2529 3233 2582 καὶ
3277 2522 3378 2582 τῶν
3428 2528 3727 2583 ἐκτεθέντων
3769 2530 3841 2580 καὶ

2274 2614 2700 2689 δογματισθὲντων
2736 2618 2838 2673 ὑπὸ
2864 2626 2963 2674 τῶν
3001 2618 3157 2691 ἁγίων
3203 2620 3457 2695 πατέρων,
3494 2618 3570 2693 ἔφ’
3689 2639 3743 2673 τι
3769 2615 3842 2672 διὰ

2272 2710 2465 2770 παντὸς
2503 2713 2588 2764 καὶ
2624 2711 2674 2764 ἐν
2702 2716 2971 2771 παντοίαις
3013 2713 3356 2786 περιστάσεσι
3398 2712 3713 2787 πραγμάτων
3741 2710 3820 2764 δικέ

2274 2820 2397 2877 ραια
2420 2803 2505 2855 καὶ
2533 2798 2743 2879 ἅτρωτα
2768 2809 2932 2859 ταῦτα
2956 2803 2978 2834 ⁸
3007 2802 3344 2867 διασώζεσθαι
3376 2806 3458 2858 καὶ
3491 2803 3842 2877 φυλάττεσθαι.

2277 2893 2553 2964 ἀναγκαῖον
2583 2889 2668 2949 οὖν
2691 2892 2750 2954 ἧν
2780 2895 2800 2926 ⁷
2833 2897 2917 2949 καὶ
2941 2900 3030 2949 νῦν
3068 2894 3288 2965 ὁρῶντας
3334 2897 3468 2967 ἡμᾶς
3505 2896 3845 2967 βλαπτομένην

2277 2992 2368 3040 τοῦ
2396 2984 2652 3060 ὁρθόδοξον
2677 2989 2882 3054 πίστιν,
2915 2990 2997 3043 καὶ
3026 2989 3383 3062 άνανιουμένην
3407 2992 3496 3042 τοῦ
3525 2987 3548 3019 ⁸
3575 2987 3843 3045 ’Δπολλιναε

2269 3190 2500 3244 nicatam
2542 3190 2707 3245 fuisse
2729 3232 2744 3257 ,
2776 3189 2953 3245 eidem
2981 3198 3162 3246 autem
3189 3189 3485 3245 Flavianus
3516 3191 3845 3260 responderit

2269 3262 2394 3314 dum
2434 3261 2695 3331 generale
2739 3262 3027 3316 concilium
3073 3264 3305 3316 futurum
3359 3260 3684 3331 vulgabatur,
3715 3263 3847 3328 quod

2268 3332 2356 3386 die
2385 3330 2461 3387 30'
2485 3331 2656 3386 Martii
2705 3332 2966 3386 indictum
3009 3332 3126 3399 fuit,
3171 3332 3375 3386 idcirco
3404 3330 3544 3385 hanc
3573 3333 3847 3400 epistolam

2268 3417 2298 3456 a
2332 3404 2588 3457 Flaviano
2634 3403 2885 3472 scriptam
2927 3412 3177 3472 putamus
3225 3402 3369 3458 circa
3415 3402 3661 3456 Martium
3708 3402 3846 3472 ejus-

2268 3472 2391 3528 dem
2444 3475 2568 3528 anni
2617 3472 2746 3544 449,
2790 3482 3077 3544 antequam
3128 3472 3204 3528 illi
3252 3482 3404 3544 certa
3450 3482 3598 3544 esset
3634 3473 3850 3544 inﬁdictio

2270 3543 2509 3608 concilii,
2539 3543 2682 3615 quod
2715 3543 2963 3614 impediri
3004 3545 3176 3599 adhuc
3204 3558 3359 3614 posse
3388 3543 3586 3615 ingﬁne
3613 3543 3847 3615 epistolae

2275 3615 2530 3670 insinuat.
2560 3613 2727 3669 'lianc
2774 3613 3053 3682 epistolam
3086 3613 3328 3671 Graecam
3376 3616 3426 3667 in
3457 3613 3631 3669 lucem
3676 3614 3851 3669 emisit

2274 3685 2512 3740 Joannes
2544 3683 2844 3741 Cotelerius
2887 3695 3017 3739 tom.
3047 3686 3067 3740 Ι
3097 3687 3427 3740 Monument.
3459 3685 3604 3739 Eccl.
3629 3685 3848 3745 Graece.

2276 3770 2396 3823 pag.
2424 3756 2513 3815 50.
2549 3771 2611 3809 cx
2646 3770 2776 3809 mss.
2808 3754 2989 3825 Regiis
3021 3756 3155 3811 1026
3182 3770 3228 3811 et
3255 3755 3413 3819 2610,
3448 3764 3503 3809 et
3527 3764 3763 3810 exactam
3787 3770 3851 3809 ex

2274 3825 2465 3881 Graeco
2513 3826 3011 3895 interpretationem
3039 3828 3255 3895 adjecit.
3288 3826 3631 3894 Quesnellus,
3675 3827 3769 3892 qui
3800 3827 3852 3878 in

2315 3897 2447 3950 rima
2481 3896 2717 3953 editione
2750 3898 2921 3952 solam
2962 3899 3234 3967 antiquam
3267 3897 3572 3967 versionem
3610 3896 3849 3967 dederat,

2304 3967 2526 4023 imcum
2556 3977 2761 4023 textum
2809 3983 2931 4023 cum
2978 3964 3421 4036 interpretatione
3449 3964 3697 4023 Cotelerii
3740 3966 3853 4020 edi-

2275 4039 2411 4105 tioni
2462 4039 2713 4093 secunda:
2759 4038 3003 4093 inseruit.
3041 4039 3183 4093 Duos
3213 4041 3344 4092 alios
3374 4036 3596 4093 Graecos
3638 4036 3855 4092 codices

2278 4110 2462 4165 Roma:
2501 4125 2597 4165 nos
2627 4111 2766 4164 nacti
2796 4124 3001 4173 sumus,
3029 4109 3149 4163 Vat.
3201 4109 3375 4164 Gram.
3407 4107 3569 4174 1455,
3610 4115 3662 4162 et
3687 4108 3853 4162 alium

2276 4180 2449 4234 multo
2480 4181 2833 4247 antiquiorem
2869 4180 3252 4235 monachorum
3282 4178 3341 4234 S.
3372 4178 3555 4232 Basilii
3590 4178 3852 4249 signatum

2275 4265 2429 4375 gula.
2467 4252 2556 4332 ιερ,
2586 4266 2750 4305 unum
2781 4258 3038 4321 praeterea
3069 4250 3332 4307 Venetum
3378 4249 3482 4304 165
3512 4250 3858 4305 Bibliotheca:

2323 4362 2334 4373 .
2419 4336 2549 4375 arcu.

2323 4362 2334 4373 .
2366 4336 2549 4375 maror.

2350 4392 2365 4422 ¹
2401 4392 2458 4445 ln
2495 4390 2671 4455 editis,
2703 4395 2996 4458 συνέσεωςς
3026 4399 3082 4447 at
3110 4392 3165 4447 in
3196 4392 3439 4463 margine
3467 4406 3567 4460 per
3590 4390 3859 4463 coniectu:

2284 4476 2432 4533 ram,
2471 4465 2828 4525 συναινέσεως.
2864 4461 3645 4533 Emendationem'probarunt
3682 4461 3857 4515 nostri

2275 4532 2436 4588 codd.
2480 4533 2692 4587 Veneti.
2735 4535 3008 4592 Consonat
3042 4534 3265 4590 Latinus
3312 4540 3527 4602 textus,
3559 4543 3695 4587 extra
3724 4546 3858 4584 con-

2278 4617 2507 4658 sensum.

2348 4675 2369 4704 ²
2405 4674 2478 4729 lta
2516 4674 2818 4744 legendum,
2843 4685 2903 4731 ut
2933 4678 2988 4733 in
3017 4690 3146 4731 mss.
3181 4675 3335 4743 Ven.,
3366 4675 3562 4745 probat
3585 4672 3862 4741 exemplar

2277 4745 2558 4835 Latinum,
2595 4746 2685 4835 ubi
2721 4746 2951 4816 legitur,
2998 4756 3220 4818 tempore
3269 4744 3589 4818 longissimo.
3630 4745 3683 4799 In
3710 4744 3859 4807 vul.,

2277 4836 2455 4890 χρονῳ
2483 4838 2681 4893 9°"??-

2349 4885 2371 4917 ⁸
2412 4890 2505 4941 Ms.
2540 4890 2684 4977 Bas,
2715 4890 2955 4977 ἐπιστολὴ
2981 4890 3255 4977 «ξλαϐιανοῦ
3286 4888 3694 4977 άρχιεπισκὸπογ
3722 4900 3870 4974 'Im-

608 4955 756 5044 ξῗίῖιῖῖ
770 5038 790 5044 Α
799 4952 1705 5044 ῗὲθθὲίΡΡὲιΨμἒξίέυῗιέἓῧέῗἚξίΞἮ
1714 4968 1867 5044 3f".
1878 4955 2171 5044 ῗξῗιῖθέἓέίῖξ

2280 4952 2737 5044 στσιντινουπόλεως
2771 4962 2907 5044 ’πρὸς
2943 4962 3142 5044 ,Λέοντα
3165 4952 3609 5044 ⁸διρχιὶᾶιξιζεηιοττειίιο
3662 4956 3869 5026 Ῥώμης

607 5021 876 5096 oportere.
903 5021 1009 5078 Sed
1031 5022 1100 5076 ob
1122 5021 1266 5096 hunc
1290 5022 1515 5096 abusum
1541 5022 1823 5096 disciplina
1854 5024 1967 5092 ipsa
1992 5025 2175 5096 negari

647 5092 714 5150 on
743 5103 946 5165 potest;
965 5108 1084 5165 quae
1106 5096 1152 5147 si
1180 5094 1410 5165 obtinuit
1436 5094 1501 5165 in
1514 5092 1782 5164 episcopis
1813 5094 2176 5151 Alexandrino

647 5112 714 5150 οη
743 5112 946 5165 p0te5t;
965 5112 1084 5162 qua:
1106 5112 1152 5147 SI
1180 5112 1410 5147 onunuu
1436 5112 1490 5146 III
1514 5112 1782 5164 episcopis
1813 5112 2176 5151 Alexandrino

599 5112 890 5236 cubjectis,
934 5163 1081 5236 nihil
1102 5164 1364 5236 mirgumgsi
1381 5163 1592 5236 pariter
1616 5165 1785 5219 valuit
1818 5165 1870 5219 in
1910 5166 2178 5235 episcOpis

606 5234 966 5364 qugRomtano
990 5234 1152 5291 totius
1190 5234 1444 5291 Ecclesia:
1470 5235 1683 5306 primati
1714 5234 2182 5307 speciali’nomiue

606 5323 668 5364 su
711 5324 837 5364 eran
870 5347 883 5361 .

604 5315 883 5369 Suberant.

684 5390 706 5418 ε
728 5382 875 5506 ἃιᾷτε
920 5386 1036 5434 erat
1082 5375 1184 5448 26,
1215 5391 1359 5434 nunc
1399 5377 1493 5435 29.
1540 5376 1661 5435 Scr.
1716 5379 1858 5436 circa
1914 5378 2179 5449 Martium,

606 5468 694 5508 an.
728 5468 854 5506 M3.

681 5519 710 5559 ἀ
750 5523 861 5577 Hac
886 5519 1156 5592 epistola,_
1180 5534 1342 5592 quam
1370 5529 1495 5591 post
1519 5520 1799 5589 epistolam
1826 5522 1897 5576 22
1922 5521 2180 5592 scriptam

610 5590 945 5649 ostendimus
992 5592 1045 5647 in
1094 5590 1460 5663 admonitione
1509 5592 1575 5663 ad
1607 5594 1848 5648 eamdem
1895 5591 2181 5663 epistolam

610 5665 705 5730 22,
734 5663 1019 5718 Flavianus
1050 5663 1341 5731 reapondet
1373 5662 1614 5731 epistola:
1638 5664 1708 5717 9.3
1734 5664 1793 5719 S.
1823 5664 2019 5719 Leonis
2046 5677 2182 5731 pon-

615 5733 791 5788 tificis.
816 5732 947 5789 Cum
979 5748 1110 5790 vero
1140 5730 1192 5788 in
1220 5730 1488 5789 conventu
1508 5730 1970 5803 Constantinopoli
2001 5730 2182 5803 habito

616 5803 703 5857 die
743 5806 809 5859 t3
839 5804 1036 5873 Aprilis
1066 5804 1191 5859 anni
1229 5803 1355 5870 449,
1388 5802 1645 5860 Seleucus
1674 5805 1957 5873 episc0pus
1986 5802 2184 5859 dixerit

612 5874 900 5937 epistolam
936 5875 1008 5930 ‘23
1035 5874 1231 5931 Leonis
1275 5882 1393 5929 ante
1439 5891 1630 5944 paucos
1672 5876 1777 5930 dies
1807 5875 1911 5933 sibi
1937 5889 2179 5933 commu-

2277 5029 2383 5104 κατ’
2401 5033 2672 5099 Βὺτυχοῦς
2690 5032 2791 5104 πρὸ
2817 5029 2909 5092 τῆς
2935 5032 2982 5104 ἐν
3001 5029 3521 5104 Χαλκιδὸνισυνόδου.
3553 5030 3645 5104 Ms.
3670 5039 3871 5079 autem

2284 5100 2441 5165 νειμ,
2491 5100 2887 5176 τοῦ-μακαρίον
2930 5102 3205 5176 Φλαϐιανοῦ
3249 5101 3670 5176 Δάρχιεπισκόπου.
3717 5112 3871 5176 ξων-

2279 5166 2743 5256 σταντινουπόλεως
2766 5166 2892 5247 ’περὶ
2919 5174 3111 5228 Λέοντα
3135 5175 3220 5227 τὸν
3241 5166 3525 5246 ἁγιιὲἷτατον
3552 5178 3640 5231 τῆς
3660 5166 3879 5239 Ῥὼμῑς

2282 5263 2461 5295 παπ-αν
2469 5282 2481 5293 .

2355 5311 2379 5389 ξ
2419 5312 2515 5389 his.
2551 5311 2711 5389 V_en.,
2740 5314 3109 5389 προτιμότερον
3139 5315 3333 5389 ἱερεῦσι
3352 5321 3503 5389 Graii.

2358 5382 2380 5455 ξ
2417 5382 2544 5455 Mss.
2580 5382 2702 5455 Bas.
2732 5380 2792 5455 et:
2817 5380 2971 5443 νοῇ..
3002 5380 3241 5445 eomas
3269 5387 3385 5455 ἡμῖν
3410 5388 3495 5439 καὶ
3515 5380 3785 5455 πονητέον.

2359 5452 2381 5528 ξ
2584 5452 2743 5520 Ven.,
2771 5453 3102 5519 διασώζεσθαὶ
3120 5476 3174 5511 τε
3187 5452 3761 5528 -καὶίδιαφυλάττεσξαμ

2360 5524 2381 5554 "
2420 5523 2681 5578 Addimus
2703 5528 2789 5579 καὶ
2812 5532 2900 5579 νῦν
2928 5541 2994 5579 ex
3027 5540 3155 5580 mss.
3186 5526 3349 5580 Basil.
3377 5523 3432 5580 e't
3462 5524 3589 5579 Ven.
3629 5523 3646 5590 (
3658 5523 3719 5573 in
3762 5533 3891 5584 quo

2289 5602 2563 5665 postremo
2606 5594 2759 5665 deest
2793 5593 2915 5664 ἦν),
2965 5611 3084 5665 quae
3130 5610 3294 5651 voces
3338 5594 3593 5665 etiamin
3632 5591 3895 5665 antiqua

2288 5660 2539 5720 versione
2560 5660 2907 5721 exhibentur.
2934 5660 3184 5736 lui—marg.
3218 5666 3347 5721 edit.
3386 5664 3555 5721 Cotel.
3588 5660 3759 5726 :Al.,
3796 5663 3900 5716 και

2284 5756 2373 5791 νυν

2358 5776 2392 5839 ἵ
2418 5806 2478 5861 ιιι
2506 5820 2676 5877 marg.
2708 5806 2841 5863 edit.
2869 5805 3041 5863 Cotcl.
3074 5826 3087 5863 ε
3120 5809 3230 5877 AL,
3257 5808 3585 5879 ’Δπολιναρίον
