4020 6352
286 298 385 352 ’145

1658 300 1989 360 EPISTOLA
2029 300 2214 358 XXVI.

3460 305 3563 362 746

283 415 429 469 naris
457 420 513 469 et
542 413 812 485 Valentini
838 416 1088 473 haeresim
1117 418 1187 472 ab
1209 414 1450 489 Eutyche
1482 419 1645 490 impio
1675 406 1865 475 mona-

1989 423 2082 475 ›ἰου
2105 424 2187 476 καί
2216 419 2539 475 Οδαλεντίνου
2567 418 2761 493 αἵρεσιν
2805 418 2947 491 παρά
2979 425 2995 457 ¹
3025 416 3300 490 Εῦτυχοῦς
3340 427 3431 474 τοῦ
3460 443 3559 491 μο-

281 506 406 575 cbo,
439 522 551 563 non
580 508 883 579 despicere,
914 511 1011 567 sed
1038 511 1220 582 palam
1247 527 1487 569 errorem
1521 514 1772 583 detegere
1802 514 1867 569 ad

282 602 544 657 cautelam
585 604 927 672 populorum.
958 604 1066 660 lste
1092 607 1269 671 enim,
1312 607 1412 662 iste
1441 607 1708 678 Eutyches
1747 608 1869 663 abs-

282 695 559 751 conditum
608 697 659 750 in
690 711 751 754 se
797 713 976 768 prava:
1005 700 1277 769 opinionis
1308 700 1554 755 morbum
1599 703 1863 767 retinens,

282 800 522 846 nostram
550 791 856 848 infestando
885 795 1381 861 mansuetudinem,
1414 795 1778 851 inverecunde
1806 810 1870 850 ac

284 884 623 953 impudenter
665 885 734 940 ad
784 886 982 941 multos
1019 885 1184 958 784
1224 886 1494 957 propriam
1539 887 1869 957 impietatem

282 975 492 1031 deferre
536 991 699 1030 ausus
747 986 861 1043 est;
902 978 1087 1035 dicens
1132 988 1257 1034 ante
1304 978 1729 1034 incarnationem
1755 978 1867 1048 qui-

284 1067 398 1122 dem
448 1067 749 1124 Salvatoris
811 1072 982 1124 nostri
1042 1069 1166 1124 Jesu
1221 1069 1417 1124 Christi
1473 1070 1608 1125 duas
1654 1079 1871 1123 naturas

284 1173 431 1225 esse,
462 1159 759 1215 divinitatis
798 1172 851 1215 et
892 1160 1268 1227 humanitatis;
1308 1171 1431 1231 post
1460 1161 1712 1217 unionem
1742 1176 1871 1216 vero

287 1264 439 1304 unam
492 1251 766 1306 exstitisse
818 1261 1061 1305 naturam
1112 1269 1125 1305 :
1176 1252 1396 1323 ignarus
1446 1252 1573 1322 quid
1624 1253 1871 1322 loquatur

287 1359 343 1399 ac
386 1344 455 1400 de
496 1345 694 1411 quibus
738 1344 989 1401 afﬁrmet.
1041 1345 1225 1415 Neque
1274 1349 1419 1401 enim
1470 1346 1596 1401 uuio
1644 1346 1868 1400 duarum

287 1447 597 1492 naturarum
624 1454 741 1508 quae
772 1439 824 1493 in
855 1438 1073 1493 Christo
1100 1450 1492 1505 convenerunt,
1525 1441 1872 1510 quemadmo-

287 1531 406 1585 dum
449 1540 509 1586 et
550 1546 729 1586 veStra
781 1532 928 1586 novit
976 1531 1169 1601 pietas,
1205 1534 1559 1602 prOprietates
1602 1549 1785 1588 earum
1818 1534 1871 1588 in

289 1624 480 1679 unione
528 1623 841 1689 confundit;
884 1624 977 1678 sed
1026 1634 1250 1680 manent
1278 1624 1439 1681 etiam
1471 1624 1526 1680 in
1563 1626 1759 1681 unione
1788 1626 1871 1680 in-

289 1726 445 1787 tegne
471 1717 700 1771 duarum
740 1727 1051 1772 naturarum
1098 1717 1479 1787 proprietates.
1525 1716 1736 1787 Adjecit
1781 1732 1875 1771 au-

1970 520 2162 583 ναχοῦ,
2185 519 2254 585 μη
2275 510 2533 585 παριδεῐν’
2553 512 2655 566 ἀλλ’
2669 515 2741 571 εἰς
2763 513 2816 565 τὸ
2837 512 3044 587 φανερόν
3066 514 3259 571 ταύτην
3280 514 3558 586 ἐκκαλύψαι

1972 606 2101 667 πρὸς
2128 606 2400 677 ἀσφάλειαν
2431 612 2528 659 τῶν
2552 605 2704 666 λαῶν,
2734 605 2754 633 ²
2783 600 2931 666 οὗτος
2956 606 3054 681 γάρ
3079 601 3225 666 οὗτος
3250 604 3274 659 ό
3295 608 3558 677 Εύτυχὴς,

1972 700 2312 773 κεκρυμμένην
2344 698 2362 728 ³
2394 700 2441 751 ἐν
2482 700 2650 769 ἑαυτῷ
2680 698 2822 753 νόσον
2856 698 3150 764 κακοδοξίας
3180 702 3440 771 κατέχων,
3471 710 3563 763 τῆς

1973 793 2226 867 ἡμετέρας
2257 794 2526 852 ἐπιεικείας
2555 789 2906 865 καταδραμὼν,
2939 793 3430 867 ἀπηρυθριασμένως
3482 798 3567 849 καὶ

1971 880 2333 953 ἀναισχύντως
2373 886 2446 943 εἰς
2481 882 2696 941 πολλοὺς
2946 884 3209 955 ἐξενεγκεῖν
3253 890 3342 944 την
3373 887 3566 940 οίκεῖαν

1973 974 2210 1028 ἀσέϐειαν
2239 974 2601 1045 κατετόλμησε,
2635 975 2859 1046 φάσκων,
2882 975 2982 1048 πρὸ
3011 977 3099 1045 μέν
3137 985 3226 1036 τῆς
3244 974 3567 1052 ἐνανθρωπή-

1979 1088 2110 1128 σεως
2132 1075 2222 1123 τοῦ
2244 1076 2474 1145 σωτῆρος
2495 1069 2634 1137 ἡμῶν
2659 1064 2821 1124 Ἰησοῦ
2844 1075 3089 1141 Χριστοῦ,
3107 1068 3195 1121 δύο
3215 1072 3389 1140 φύσεις
3410 1066 3560 1137 εἶναι,

1974 1158 1994 1188 ⁸
2021 1161 2252 1220 θεότητος
2279 1163 2367 1213 καὶ
2395 1160 2807 1231 ἀνθρωπότητος,
2839 1162 2971 1231 μετά
3005 1158 3057 1214 δέ
3087 1165 3175 1219 την
3215 1162 3414 1227 ἕνωσιν,
3448 1166 3566 1233 μίαν

1972 1255 2124 1327 φύσιν
2164 1255 2439 1326 γεγονέναι⁸
2471 1256 2557 1307 οὐκ
2585 1253 2728 1313 εἰδὼς
2759 1250 2785 1308 ὃ
2812 1254 2963 1325 λέγει,
2992 1253 3099 1308 ούδέ
3128 1260 3248 1329 περὶ
3275 1260 3423 1310 τίνων
3450 1255 3567 1311 δια-

1976 1347 2294 1403 ϐεϐαιοῦται.
2327 1345 2457 1401 Οῦδέ
2485 1348 2583 1420 γάρ
2612 1348 2642 1403 ἡ
2680 1346 2861 1407 ἔνωσις
2903 1353 3002 1399 τῶν
3050 1347 3397 1400 συνελθουσῶν
3435 1346 3569 1403 1⁵ἐπι

1971 1446 2178 1514 Χριστῷ
2199 1437 2291 1492 δύο
2318 1440 2537 1511 φύσεων,
2571 1440 2640 1497 ὡς
2662 1441 2745 1491 καὶ
2774 1440 2806 1497 ἡ
2830 1438 3056 1513 ύμετέρα
3095 1440 3373 1493 ἐπίσταται
3400 1439 3570 1495 θεοσέ-

1978 1532 2108 1594 ϐεια,
2137 1534 2232 1591 τὰς
2262 1530 2515 1591 ἰδιότητας
2546 1533 2711 1586 αὐτῶν
2750 1533 2801 1585 ὲν
2940 1532 3115 1586 ἑνώσει
3153 1533 3414 1602 συνέχεεν·
3444 1534 3569 1589 ἀλλά

1975 1624 2185 1693 μένουσι
2231 1626 2315 1676 καὶ
2359 1624 2406 1677 ἐν
2444 1630 2507 1699 τῇ
2548 1623 2723 1678 ἐνώσει
2767 1626 2991 1697 ἀκέραιοι
3035 1631 3134 1678 τῶν
3158 1622 3249 1679 δύο
3290 1627 3486 1696 φύσεων
3515 1626 3571 1679 αἱ

1978 1715 2246 1775 ἰδιότητες.
2274 1715 2293 1744 ⁸
2311 1718 2600 1790 Προσετίθει
2619 1713 2672 1768 δέ
2699 1717 2784 1768 καὶ
2807 1714 2983 1791 ἑτέραν
3003 1714 3323 1775 δυσσέϐειαν,
3339 1718 3568 1787 φάσκων,

287 1819 388 1866 tem
436 1820 493 1866 et
538 1810 699 1865 aliam
749 1812 1115 1881 impietatem,
1169 1814 1354 1879 aiens,
1406 1812 1547 1881 quod
1593 1826 1658 1865 ex
1709 1810 1873 1865 Maria

1989 1810 2037 1864 τὸ
2066 1810 2121 1862 ἐκ
2148 1812 2357 1883 Μαρίας
2385 1815 2537 1881 σῶμα
2564 1807 2825 1879 γενόμενον
2862 1814 2954 1861 τοῦ
2995 1812 3192 1883 κυρίου,
3225 1813 3296 1880 μὴ
3326 1804 3448 1863 εἶναι
3476 1816 3569 1869 τῆς

290 1914 459 1958 ortum
492 1912 578 1959 est
607 1918 802 1972 corpus
835 1904 1070 1971 Domini,
1104 1917 1212 1958 non
1244 1919 1364 1959 esse
1393 1911 1591 1957 nostrae
1618 1903 1869 1957 substan-

289 2000 390 2063 tiaz,
418 2012 598 2069 neque
624 1997 872 2054 humana:
899 1996 1177 2063 materiae;
1216 1997 1312 2051 sed
1340 1999 1629 2050 humanum
1656 1993 1871 2066 quidem

286 2092 407 2148 illud
434 2092 696 2162 appellat,
730 2107 836 2145 non
864 2098 1042 2146 tamen
1071 2090 1532 2145 consubstantiale
1565 2087 1740 2153 nobis,
1773 2101 1873 2143 nec

285 2184 333 2238 ei
358 2199 476 2252 quae
521 2184 671 2238 illum
712 2182 922 2254 peperit
956 2181 1255 2237 secundum
1286 2196 1525 2235 carnem.
1556 2180 1731 2249 Atque
1757 2179 1875 2235 haec

284 2292 400 2333 cum
434 2287 558 2331 acta
590 2277 787 2347 Ephesi
827 2291 859 2332 a
887 2285 1075 2330 sancta
1102 2285 1156 2331 et
1182 2274 1517 2330 oecumenica
1556 2273 1786 2344 synodo,
1818 2272 1872 2327 in

284 2371 511 2440 epistola
542 2372 744 2437 scripta
769 2368 836 2421 ad
868 2367 1093 2436 impium
1126 2374 1183 2421 et
1204 2365 1511 2435 depositum
1539 2364 1870 2431 Nestorium,

284 2465 360 2521 sic
386 2464 456 2519 ad
490 2464 716 2517 verbum
746 2461 977 2517 habeant
1006 2479 1019 2513 :
1054 2460 1206 2525 Quod
1248 2459 1460 2514 diversa:
1487 2460 1716 2529 quidem,
1760 2473 1877 2529 quae

283 2559 351 2611 ad
379 2558 640 2610 unitatem
677 2572 846 2609 veram
889 2562 1231 2608 convenerunt
1274 2562 1507 2619 naturae;
1544 2568 1679 2606 unus
1704 2560 1877 2605 autem

282 2666 344 2705 ατ
370 2649 621 2703 ambabus
650 2646 884 2703 Christus
923 2655 971 2701 et
1014 2645 1202 2700 Filius.
1233 2644 1359 2699 Non
1397 2645 1543 2715 quasi
1572 2655 1876 2697 naturarum

285 2742 562 2796 discrimen
587 2739 853 2794 sublatum
883 2738 1036 2809 fuerit
1058 2754 1147 2808 per
1170 2738 1433 2805 unionem,
1453 2737 1543 2791 sed
1565 2738 1736 2809 potius
1756 2736 1878 2807 quia

287 2834 429 2887 nobis
484 2833 808 2904 perfecerunt
860 2847 1019 2885 unum
1067 2828 1343 2884 Dominum
1390 2827 1570 2885 Iesum
1620 2828 1878 2885 Christum

286 2926 477 2981 aedem
524 2936 726 2979 natura:
766 2924 1043 2978 divinitatis
1071 2932 1117 2977 et
1146 2923 1498 2990 humanitatis,
1530 2938 1619 2994 per
1646 2921 1879 2988 ine/fabi-

289 3020 385 3073 lem
430 3029 480 3074 et
530 3017 1091 3087 incomprehensibilem
1133 3018 1201 3070 ad
1244 3018 1495 3071 unitatem
1550 3031 1875 3069 concursum.

290 3112 357 3167 Et
388 3112 491 3166 hoc
543 3126 653 3165 non
702 3111 831 3165 latet
878 3110 1216 3165 sanctitatem
1265 3120 1441 3175 tuam,
1492 3124 1613 3163 cum
1661 3108 1879 3163 omnino

1976 1906 2228 1979 ἡμετέρας
2251 1905 2453 1967 οὐσίας,
2486 1900 2613 1973 μηδέ
2647 1908 2735 1957 τοῦ
2773 1902 3084 1976 ἀνθρωπείου
3106 1904 3429 1978 φυράματος·
3462 1903 3570 1958 ἀλλ’

1976 1998 2284 2074 ἀνθρώπινον
2310 1999 2402 2067 μὲν
2437 1997 2565 2051 αύτό
2587 1995 2606 2026 ’⁷
2629 1996 2890 2061 ἀποκαλεῖ,
2920 1996 2976 2049 οῦ
3016 2000 3112 2066 μὴν
3140 1999 3255 2065 ἡμῖν
3280 1994 3567 2066 όμοούσιον,

1977 2088 2093 2145 ούδέ
2122 2096 2185 2165 τῇ
2213 2090 2438 2163 τεκούσῃ
2467 2090 2617 2143 αὐτόν
2654 2090 2781 2142 κατὰ
2820 2082 3014 2162 σαρκα.
3061 2092 3149 2143 Καὶ
3176 2094 3363 2151 ταῦτα,
3392 2097 3492 2144 τῶν
3520 2096 3571 2143 ἰν

1973 2182 2161 2254 Ἐφέσῳ
2194 2180 2563 2257 πεπραγμένων
2604 2180 2752 2253 παρὰ
2791 2186 2883 2240 τῆς
2928 2179 3078 2251 ἁγίας
3112 2183 3193 2234 καὶ
3232 2182 3571 2251 οἰκουμενικῆς

1977 2273 2215 2339 συνόδου,
2264 2276 2350 2329 ἐπὶ
2383 2280 2447 2346 τῇ
2489 2275 2738 2347 γραφείση
2772 2272 3015 2345 ἐπιστολῇ
3049 2275 3181 2348 πρὸς
3209 2274 3296 2328 τὸν
3334 2271 3572 2332 δυσσεϐῆ

1976 2371 2060 2422 καί
2091 2368 2428 2442 καθῃρημένον
2465 2366 2765 2441 Νεστόριον,
2809 2365 3034 2436 ἐχόντων
3074 2366 3242 2440 ῥητῶς
3284 2364 3466 2427 οὕτως·
3507 2369 3571 2423 ὡς

1976 2460 2200 2535 διάφοροι
2221 2464 2311 2532 μέν
2329 2461 2383 2515 αἱ
2402 2460 2533 2535 πρός
2549 2456 2759 2517 ἑνότητα
2779 2464 2868 2517 την
2890 2458 3114 2517 ἀληθινήν
3135 2458 3157 2489 ⁸
3181 2460 3571 2529 συνενεχθεῖσαι

1977 2558 2177 2628 φύσειςη
2222 2552 2291 2615 εἷς
2323 2552 2374 2609 δέ
2406 2555 2455 2617 ἐξ
2485 2556 2663 2625 ἀμφοῖν
2690 2554 2911 2628 Χριστός
2943 2555 3024 2607 καί
3062 2552 3186 2612 υἱός-⁸
3231 2554 3333 2625 οὐχ
3377 2554 3444 2612 ὡς
3477 2560 3572 2612 τῆς

1977 2656 2079 2705 τῶν
2105 2650 2304 2721 φύσεων
2334 2644 2578 2720 διαφορᾶς
2600 2646 2909 2720 ἀνῃρημένης
2938 2643 3022 2699 διὰ
3045 2652 3134 2703 τήν
3158 2645 3354 2698 ἕνωσιν·
3384 2645 3572 2698 ἀποτε-

1977 2740 2210 2794 λεσασῶν
2236 2736 2322 2793 de"
2344 2737 2530 2808 μᾶλλον
2554 2738 2676 2807 ἡμῖν
2703 2737 2789 2790 τὸν
2810 2736 2896 2790 ἕνα
2916 2737 3086 2813 κύριον
3111 2735 3306 2794 Ἰησοῦν
3328 2736 3570 2810 Χριστὸν,

1982 2832 2024 2863 ¹⁰
2053 2832 2285 2891 θεότητός
2312 2851 2367 2885 τε
2396 2832 2475 2884 καί
2513 2829 2923 2902 ἁνθρωπότητος,
2959 2826 3043 2883 διὰ
3066 2837 3157 2888 τῆς
3196 2830 3458 2903 ὀαρρὸιιιτο.⁵
3487 2831 3577 2886 καί

1981 2929 2312 3005 ἀπερινοήτου
2350 2925 2481 2999 πρός
2524 2924 2731 2981 ἑνότητα
2779 2920 3084 2995 συνδρομῆς.
3121 2921 3161 2951 ¹¹
3194 2925 3283 2974 Καὶ
3319 2927 3472 2976 τοῦτο
3515 2923 3574 2974 οῦ

1979 3019 2142 3076 λέληθε
2175 3022 2265 3077 τήν
2306 3022 2399 3075 σήν
2440 3015 2707 3075 ὁσιότητα,
2756 3016 3078 3083 ἐντυχοῦσαν
3118 3014 3323 3073 πάντως
3360 3020 3473 3071 τοῖς
3525 3015 3575 3065 ἐν

1980 3112 2169 3183 Ἐφέσῳ
2213 3110 2593 3185 πεπραγμένοις
2638 3108 3015 3178 ὑπομνήμασιν.
3060 3102 3236 3160 ’Δτινα
3271 3105 3389 3183 παρ’
3427 3102 3574 3158 οὐδέν

290 3204 481 3274 legerit
513 3219 636 3272 quae
665 3203 864 3267 Ephesi
907 3202 1151 3258 contecta
1190 3213 1316 3256 sunt
1352 3211 1523 3273 gesta.
1555 3202 1686 3270 Quae
1727 3200 1879 3256 nihili

1989 3207 2181 3277 θέμενος
2220 3203 2422 3262 όαῦτὸς
2455 3203 2695 3272 Εὐτυχης
2753 3198 2910 3255 οἴεται
2960 3204 3029 3271 μὴ
3079 3197 3259 3253 δώσειν
3301 3196 3440 3255 δίκην
3482 3203 3574 3256 τήν

293 3296 539 3366 pendens
562 3295 703 3351 idem
729 3294 998 3367 Eutychos
1027 3302 1179 3365 putat
1203 3309 1262 3349 se
1288 3310 1394 3348 non
1423 3294 1669 3348 daturum
1693 3308 1881 3364 pmnas

292 3404 388 3459 per
418 3397 664 3443 Sanctam
709 3386 855 3441 illam
896 3397 951 3442 et
978 3387 1363 3443 mcumeuicam
1397 3387 1661 3458 synodum
1692 3387 1884 3442 delini-

296 3490 396 3535 tas.
435 3480 624 3550 Itaque
656 3490 873 3549 pr0pter
902 3479 1036 3545 haec,
1068 3494 1189 3534 cum
1223 3479 1375 3533 multi
1405 3494 1435 3534 e
1463 3479 1884 3549 simplicioribus

297 3588 390 3642 per
405 3571 529 3641 ejus
552 3572 995 3641 disceptationem
1026 3571 1353 3627 laederentur
1381 3572 1435 3626 in
1464 3571 1705 3627 doctrina
1735 3572 1882 3639 ﬁdei,

299 3680 418 3720 eum
445 3673 759 3720 accusatum
798 3680 830 3718 a
856 3665 1262 3735 religiosissimo
1292 3665 1457 3736 786
1485 3666 1739 3736 episcopo
1780 3666 1887 3720 Eu-

301 3758 474 3827 sebio,
525 3768 580 3812 et
626 3768 998 3814 occurrentem
1030 3759 1096 3814 ad
1125 3768 1368 3814 sanctum
1418 3760 1730 3826 concilium,
1762 3776 1886 3830 pro-

303 3853 525 3923 priaque
576 3868 708 3909 voce
770 3855 894 3923 quid
958 3855 1072 3924 ipse
1131 3855 1357 3910 sentiret
1399 3854 1649 3910 Patribus
1697 3854 1887 3927 synodi

304 3946 670 4017 detegentem,
700 3957 759 4003 ut
803 3948 893 4017 qui
942 3948 1149 4003 alienus
1198 3950 1269 4003 sit
1311 3964 1341 4002 a
1385 3957 1532 4003 recta
1567 3948 1691 4014 (ide,
1722 3949 1889 4017 depo-

302 4042 528 4109 suimus,
558 4052 721 4112 prout
748 4044 1084 4098 sanetitatem
1116 4053 1349 4097 vestram
1398 4043 1669 4097 docebunt
1697 4052 1889 4097 cuncta

303 4150 469 4204 super
496 4150 563 4190 eo
591 4135 835 4191 confecta
868 4148 1018 4201 aeta;
1059 4152 1175 4205 quae
1204 4146 1257 4190 et
1300 4135 1543 4190 misimus
1572 4151 1693 4189 cum
1741 4134 1890 4191 hisce

305 4228 507 4281 nostris
538 4228 755 4282 litteris.
786 4227 1021 4297 Equum
1053 4242 1213 4298 porro
1236 4236 1340 4292 est,
1374 4243 1491 4282 mea
1524 4228 1738 4295 quidem
1768 4242 1892 4283 sen-

308 4321 496 4385 tentia,
529 4328 589 4374 ut
636 4320 739 4375 hoc
770 4334 978 4390 quoque
1007 4319 1336 4374 edoceamini
1364 4358 1379 4385 ,
1429 4318 1570 4389 quod
1618 4319 1891 4390 Eutyches

304 4411 449 4466 idem
477 4412 636 4482 iusta:
679 4421 733 4468 et
771 4414 1044 4469 canonica:
1088 4411 1414 4481 depositioni
1441 4413 1734 4482 subjectus,
1770 4428 1892 4468 cum

304 4504 581 4561 debuisset
628 4505 818 4563 saltem
869 4505 1123 4563 secundis
1169 4520 1362 4561 curare
1413 4505 1629 4574 priora,
1684 4520 1891 4561 noenon

384 4671 400 4701 ¹
439 4670 514 4723 lla
558 4683 625 4723 ex
673 4667 832 4723 codd.
864 4669 989 4725 Bas.
1031 4677 1088 4722 et
1111 4668 1248 4722 Ven.
1290 4667 1472 4738 ναις..
1503 4671 1775 4738 Εὐτυχοῦς
1803 4679 1894 4727 τοῦ
1923 4678 1975 4737 D

307 4740 623 4804 δυσσεϐοῦς,
675 4747 730 4792 ct
772 4740 822 4812 in
872 4754 1041 4806 marg.
1073 4738 1208 4812 pot.
1243 4756 1255 4812 ξ
1287 4741 1408 4812 ΔΑ1.,
1460 4748 1718 4812 μοναχοῦ.
1771 4743 1894 4797 Haec

308 4814 495 4875 lectio,
517 4826 637 4880 quae
663 4810 1024 4865 conditionem
1069 4810 1328 4880 Eutychis
1358 4826 1419 4863 ac
1448 4810 1627 4879 genus
1643 4813 1763 4867 vitae
1795 4829 1893 4867 ex-

306 4884 519 4954 primit,
550 4884 767 4954 antiqua
799 4883 1044 4935 versione
1076 4885 1440 4934 coutirmatur.

469 5064 482 5076 .
514 5042 526 5075 ἶ
556 5042 666 5076 ΑΙ..
694 5044 846 5076 αυτος
872 5043 973 5076 ’ναο
1006 5046 1052 5076 ο.

306 5039 482 5094 marg.
514 5042 526 5075 :
556 5039 666 5085 AL,
694 5039 846 5084 αυτος
872 5039 973 5115 γαρ
1006 5039 1052 5078 ο.

387 5095 406 5168 _’
448 5098 502 5168 lit
530 5110 634 5168 ms_.
670 5093 827 5158 Ven.,
851 5097 908 5168 ἐν
936 5102 1102 5168 εαυτῷ
1128 5093 1273 5158 δόξαν
1296 5096 1558 5166 κατέχων.

386 5166 406 5242 ξ
443 5166 577 5242 god.
606 5165 753 5242 _B_as.,
784 5167 1019 5242 θεότητός
1038 5165 1092 5221 τε
1115 5170 1198 5220 καὶ
1218 5168 1627 5242 ἀνθρωπότητος.

388 5239 409 5314 ξ
446 5237 573 5314 Mss.
611 5236 775 5314 Veni,
800 5240 887 5314 ἐπί
914 5244 1155 5314 Χριστοῦ.

388 5310 409 5384 ξ
448 5309 505 5384 in
536 5323 705 5384 marg.
737 5306 908 5384 C_otel.
932 5306 1089 5384 _:'Al.,
1118 5310 1390 5384 προθεῖναι.

389 5381 409 5412 ⁷
445 5380 544 5434 Ms.
578 5378 739 5442 Ven..
767 5380 1028 5436 ἀποκαλεῖ.

388 5452 409 5483 ⁸
446 5450 606 5520 Vulg.
632 5454 911 5514 mendose,
937 5454 1303 5522 συνηχθεῖσαι.
1326 5451 1629 5506 Cotelerius
1654 5465 1751 5521 per
1772 5466 1901 5507 con-

300 5526 578 5595 jecmratn
623 5523 677 5577 in
709 5525 949 5592 margine
978 5542 990 5576 :
1018 5523 1197 5587 Forte,
1241 5525 1609 5594 συναχθεῖσαι,
1641 5525 1723 5577 vel
1749 5546 1898 5579 συνε-

300 5594 600 5664 νεχθεῖσαι.
630 5595 776 5649 Hauc
797 5608 982 5648 verant
1009 5596 1291 5649 lectionem
1324 5596 1565 5664 probavit
1593 5594 1717 5650 cod.
1735 5595 1897 5650 Basil.

450 5668 550 5738 Ms.
584 5666 707 5738 Bas.
732 5674 883 5721 caret
910 5681 1041 5721 voce
1070 5667 1279 5738 μᾶλλον.

394 5737 435 5769 ⁸⁸
472 5737 565 5793 Sic
609 5737 908 5806 elegantius
930 5752 995 5791 ex
1041 5737 1229 5792 eodem
1255 5738 1374 5793 cod.
1428 5739 1576 5805 Bas.,
1610 5740 1789 5795 addito
1820 5745 1899 5806 τέ,

303 5810 459 5886 quod
494 5814 546 5864 in
574 5810 733 5864 editis
758 5808 963 5862 deerat.

690 5904 959 5964 Parnon.
986 5903 1083 6002 'Ll
1096 5903 1164 5986 γ.

1986 3299 2273 3375 ὁρισθεῖσαν
2329 3297 2473 3372 παρά
2524 3302 2614 3355 τῆς
2669 3293 2818 3365 ἁγίας
2861 3294 3051 3351 ἐκείνης
3102 3295 3187 3345 καὶ
3239 3294 3577 3362 οἰκοῦμενικῆς

1988 3390 2225 3448 συνόδου.
2253 3391 2295 3421 ¹²
2324 3391 2415 3445 Διά
2457 3410 2535 3443 τοι
2574 3390 2742 3443 ταῦτα
2783 3385 2977 3440 πολλῶν
3012 3394 3107 3440 τῶν
3138 3383 3499 3459 ἀκεραιοτέρων
3526 3382 3578 3436 ἐκ

1986 3493 2079 3546 τῆς
2122 3482 2212 3538 ὑπ’
2250 3484 2406 3538 αὐτοῦ
2447 3481 2712 3552 γενομένης
2760 3475 3021 3541 διαλέξεως
3066 3475 3578 3550 παραϐλαπτομένων

1988 3580 2059 3638 εἰς
2083 3579 2169 3631 τὸν
2204 3583 2297 3634 τῆς
2338 3576 2561 3633 πίστεως
2599 3570 2766 3644 λόγον,
2807 3569 3208 3642 κατηγορηθέντα
3248 3568 3392 3622 αὐτόν
3434 3570 3578 3645 παρά

1987 3676 2081 3725 τοῦ
2110 3668 2488 3724 εύλαϐεστάτου
2704 3663 2978 3718 ἐπισκόπου
3008 3661 3279 3726 Εὐσεϐίου,
3314 3663 3394 3715 καί
3416 3662 3579 3715 ἀπαν-

1988 3768 2216 3824 τήσαντα
2242 3765 2313 3822 εἰς
2339 3766 2428 3820 τὴν
2450 3760 2598 3833 ἁγίαν
2622 3757 2855 3821 σύνοδον,
2881 3759 2963 3812 καί
2992 3758 3146 3831 οἰκείᾳ
3168 3756 3355 3831 φωνῇ¹³
3370 3753 3581 3811 τόῖδιον

1990 3856 2219 3932 φρόνημα
2248 3850 2619 3923 έκκαλύψαντα,
2645 3848 2896 3925 ἀλλότριον
2924 3848 3240 3920 ὑπάρχοντα
3256 3845 3298 3877 ¹⁸
3310 3855 3401 3907 τῆς
3431 3848 3580 3919 όρθῆς

1990 3952 2238 4013 πίστεως,
2271 3946 2579 4019 καθείλομεν,
2613 3946 2680 4003 ὡς
2711 3942 2899 4017 διδᾴξει
2939 3946 3026 3999 την
3056 3941 3309 4015 ὑμετέραν
3338 3937 3582 3997 ὁσιότητα

1994 4043 2009 4073 ⁸
2021 4042 2041 4073 ⁸
2052 4044 2224 4097 πάντα
2237 4040 2315 4096 ἐπ’
2325 4041 2467 4112 αύτῷ
2479 4038 2814 4113 πεπραγμένα
2828 4036 3186 4105 ὑπομνήματα.
3203 4033 3235 4088 ἃ
3251 4035 3331 4087 καὶ
3341 4034 3584 4089 ἀπεστεί-

1992 4136 2147 4206 λαμεν
2168 4134 2301 4205 μετά
2320 4132 2517 4186 τούτων
2533 4132 2663 4199 ἐμῶν
2689 4135 2788 4182 τῶν
2803 4125 3137 4202 γραμμάτων.
3158 4124 3404 4179 ¹⁸Δίκαιον
3424 4122 3583 4179 δὲκαὶ

1992 4234 2163 4289 τοῦτο,
2188 4228 2256 4285 ὡς
2282 4226 2525 4296 ἡγοῦμαι,
2554 4218 2853 4289 διδαχθῆναι
2873 4217 3032 4286 ὑμᾶς,
3065 4217 3132 4274 ὡς
3159 4211 3241 4269 ὅτι
3264 4212 3407 4288 περὸ
3428 4215 3583 4275 αὐτὸς

1993 4324 2233 4392 Εὰυχής
2260 4318 2498 4376 ύποστάς
2528 4313 2721 4368 δικαίαν
2752 4314 2837 4365 καὶ
2874 4312 3127 4367 κανονικήν
3154 4307 3469 4381 καθαίρεσιν,
3503 4311 3586 4363 καί

1997 4414 2198 4489 ὀφείλων
2226 4405 2319 4483 κᾷν
2357 4415 2468 4468 τοῖς
2516 4404 2768 4476 δευτέροις
2806 4401 3053 4456 ίάσασθαι
3088 4400 3153 4454 τὰ
3197 4398 3448 4473 πρότερα.
3498 4402 3587 4455 καὶ

2000 4505 2084 4563 διὰ
2126 4502 2392 4576 μετανοίας
2429 4496 2671 4572 ἀκριϐοῦς
2707 4495 2793 4547 καί
2841 4490 3072 4565 δακρύων
3116 4488 3307 4543 πολλῶν
3349 4489 3435 4542 τὸν
3465 4490 3586 4544 Θεὸν

2074 4671 2114 4702 ⁸⁸
2156 4668 2359 4724 Graecis
2403 4664 2624 4719 auribus
2653 4662 2769 4715 hmo
2797 4673 3011 4727 quoque
3042 4658 3202 4713 lectio
3234 4672 3366 4711 mss.
3417 4656 3583 4712 Basil.

2002 4752 2055 4797 et
2084 4742 2245 4803 Ven.,
2292 4749 2346 4790 ut
2378 4746 2647 4801 putamus,
2687 4733 2853 4803 magis
2883 4730 3114 4802 placebit
3145 4745 3303 4799 quam
3340 4729 3550 4799 vulgata
3572 4771 3587 4796 ,

2002 4816 2082 4869 καὶ
2103 4819 2256 4869 τοῦτο
2278 4812 2362 4863 οὐκ
2390 4807 2556 4862 ἔλαθε.

2077 4885 2118 4915 ¹¹
2160 4885 2255 4936 Ms.
2292 4881 2437 4933 8:15..
2466 4878 2552 4934 διὰ
2580 4882 2813 4932 τοιαῦτα.
2845 4875 2964 4929 Mox
2993 4872 3145 4927 deest
3170 4871 3258 4928 ὑπ’
3281 4878 3407 4925 ante
3433 4872 3589 4927 αὐτοῦ

2005 4955 2057 5009 in
2086 4954 2209 5007 cod.
2237 4951 2374 5006 Ven.

2079 5025 2123 5057 “
2163 5030 2333 5077 Antea
2366 5021 2670 5089 legebatur:
2695 5020 2753 5073 τὸ
2779 5015 2907 5093 ἴδιον
2931 5014 3158 5093 φρόνημα
3186 5015 3360 5073 αὐτοῖς
3387 5013 3591 5093 ἐκ-καλύ·

2005 5096 2199 5169 ψαντα.
2230 5094 2398 5149 Abest
2421 5085 2611 5169 αὐτοῖς.
2636 5104 2663 5140 a
2703 5103 2831 5169 mss“.
3017 5085 3362 5169 et’Veu.,_.ac
3399 5085 3590 5169 abesse

2006 5154 2187 5229 debet,
2218 5179 2326 5234 quo
2352 5166 2495 5216 enim
2529 5160 2829 5215 referatur?
2866 5158 2975 5234 Nec
3000 5167 3153 5211 vetus
3182 5154 3365 5209 Latina
3409 5154 3590 5234 versio

2007 5231 2273 5307 agnoscit,
2321 5243 2369 5307 et
2417 5248 2537 5285 uoce
2583 5248 2674 5284 sua
2723 5231 2987 5307 prOpriam
3033 5237 3219 5281 sectam
3265 5232 3588 5307 relegentem.

2007 5301 2304 5363 Cotelerius
2354 5306 2407 5358 in
2455 5302 2903 5376 suahversione,
2931 5310 2989 5376 ut
3017 5301 3589 5376 sensumﬁexponeret,

2006 5394 2193 5434 vocem
2226 5380 2407 5437 αὐτοῖς
2448 5374 2701 5437 reddidit,
2737 5389 2842 5426 non
2867 5363 3048 5439 ipsis,
3097 5368 3190 5423 sed
3227 5363 3474 5439 Patribus
3504 5380 3589 5433 sy-

2008 5452 2152 5511 nodi,
2186 5464 2305 5502 cum
2354 5458 2532 5500 tamen
2568 5455 2741 5511 patres
2772 5444 2825 5496 in
2855 5437 3042 5497 Grmco
3072 5454 3176 5492 non
3215 5437 3586 5490 nominentur.

2081 5520 2125 5553 ³⁸
2165 5522 2260 5574 Ms.
2292 5519 2412 5592 Bas.
2445 5526 2537 5577 τῆς
2567 5514 2838 5592 όρθοδόξου
2867 5516 3005 5592 ἡμῶν
3032 5513 3277 5569 πίστεως.

2081 5593 2124 5625 ¹⁵
2166 5593 2261 5645 MS.
2292 5591 2451 5659 Ven.,
2474 5585 2639 5644 πάντα
2660 5590 2734 5659 τάξ
2753 5585 2829 5640 ἐπ’
2862 5586 2997 5653 αύτῷ
3025 5602 3184 5659 πεπρ.

2083 5665 2127 5695 ¹⁶
2166 5664 2264 5718 MS.
2313 5646 2454 5725 8:19.;
2505 5659 2688 5714 δίκαιον
2717 5657 2769 5712 δέ
2798 5646 3017 5729 ἠγοῦμαι
3058 5646 3142 5706 καί
3182 5657 3359 5705 τοῦτο.
3389 5646 3445 5702 In
3476 5659 3584 5702 ms.

2012 5736 2145 5791 Ven.
2180 5735 2350 5789 solum
2380 5732 2645 5786 omittitur
2678 5733 2743 5789 ὡς

3171 5888 3249 5951 2's
