  <div class='ocr_page' id='page_1' title='image "/cluster/home/n/w/nwhite01/storage/ocr_20150623/54/hvd.32044015471584/378.png"; bbox 0 0 4020 6352; ppageno 0'>
   <div class='ocr_carea' id='block_1_1' title="bbox 258 353 359 416">
    <p class='ocr_par' dir='ltr' id='par_1_1' title="bbox 258 353 359 416">
     <span class='ocr_line' id='line_1_1' title="bbox 258 353 359 416; baseline 0.03 -3"><span class='ocrx_word' id='word_1_1' title='bbox 258 353 359 416; x_wconf 69' lang='grc' dir='ltr'><strong>γω</strong></span> 
     </span>
    </p>
   </div>
   <div class='ocr_carea' id='block_1_2' title="bbox 418 465 1685 542">
    <p class='ocr_par' dir='ltr' id='par_1_2' title="bbox 418 465 1685 542">
     <span class='ocr_line' id='line_1_2' title="bbox 418 465 1685 542; baseline -0.002 -15"><span class='ocrx_word' id='word_1_2' title='bbox 418 469 584 542; x_wconf 71' lang='lat'><strong>199</strong></span> <span class='ocrx_word' id='word_1_3' title='bbox 620 466 923 527; x_wconf 69' lang='lat' dir='ltr'><strong>musam</strong></span> <span class='ocrx_word' id='word_1_4' title='bbox 958 465 1323 525; x_wconf 61' lang='lat' dir='ltr'><strong>spissum:</strong></span> <span class='ocrx_word' id='word_1_5' title='bbox 1358 465 1685 524; x_wconf 69' lang='lat' dir='ltr'><strong>FL’AVI‘ANI</strong></span> 
     </span>
    </p>
   </div>
   <div class='ocr_carea' id='block_1_3' title="bbox 777 564 1304 634">
    <p class='ocr_par' dir='ltr' id='par_1_3' title="bbox 777 564 1304 634">
     <span class='ocr_line' id='line_1_3' title="bbox 777 564 1304 634; baseline -0.008 -15"><span class='ocrx_word' id='word_1_6' title='bbox 777 564 1012 634; x_wconf 66' lang='lat' dir='ltr'><strong>Antiqua</strong></span> <span class='ocrx_word' id='word_1_7' title='bbox 1050 564 1232 618; x_wconf 86' lang='lat' dir='ltr'><strong>versio</strong></span> <span class='ocrx_word' id='word_1_8' title='bbox 1255 570 1304 615; x_wconf 74' lang='grc' dir='ltr'><strong>α.</strong></span> 
     </span>
    </p>
   </div>
   <div class='ocr_carea' id='block_1_4' title="bbox 254 656 1836 727">
    <p class='ocr_par' dir='ltr' id='par_1_4' title="bbox 254 656 1836 727">
     <span class='ocr_line' id='line_1_4' title="bbox 254 656 1836 727; baseline -0.003 -12"><span class='ocrx_word' id='word_1_9' title='bbox 254 657 533 717; x_wconf 59' lang='lat' dir='ltr'><strong>intonsa...</strong></span> <span class='ocrx_word' id='word_1_10' title='bbox 562 680 635 700; x_wconf 63' lang='grc' dir='ltr'><strong>-ω</strong></span> <span class='ocrx_word' id='word_1_11' title='bbox 680 659 721 714; x_wconf 91' lang='lat' dir='ltr'><strong>l.</strong></span> <span class='ocrx_word' id='word_1_12' title='bbox 773 657 959 713; x_wconf 77' lang='lat' dir='ltr'><strong>Partes</strong></span> <span class='ocrx_word' id='word_1_13' title='bbox 1019 657 1248 727; x_wconf 80' lang='lat' dir='ltr'><strong>episcopi</strong></span> <span class='ocrx_word' id='word_1_14' title='bbox 1300 657 1542 726; x_wconf 64' lang='lat' dir='ltr'><strong>captiaut.</strong></span> <span class='ocrx_word' id='word_1_15' title='bbox 1601 656 1836 710; x_wconf 83' lang='lat' dir='ltr'><strong>Errorem</strong></span> 
     </span>
    </p>
   </div>
   <div class='ocr_carea' id='block_1_5' title="bbox 322 728 1835 801">
    <p class='ocr_par' dir='ltr' id='par_1_5' title="bbox 322 728 1835 801">
     <span class='ocr_line' id='line_1_5' title="bbox 322 728 1835 801; baseline -0.003 -16"><span class='ocrx_word' id='word_1_16' title='bbox 322 730 567 801; x_wconf 73' lang='lat' dir='ltr'><strong>Eutychis</strong></span> <span class='ocrx_word' id='word_1_17' title='bbox 612 731 836 801; x_wconf 65' lang='lat' dir='ltr'><strong>exponit.</strong></span> <span class='ocrx_word' id='word_1_18' title='bbox 868 757 942 772; x_wconf 87' lang='lat'><strong>--</strong></span> <span class='ocrx_word' id='word_1_19' title='bbox 1070 730 1317 801; x_wconf 66' lang='lat' dir='ltr'><strong>Quanam</strong></span> <span class='ocrx_word' id='word_1_20' title='bbox 1362 740 1477 780; x_wconf 87' lang='lat' dir='ltr'><strong>acta</strong></span> <span class='ocrx_word' id='word_1_21' title='bbox 1516 729 1615 781; x_wconf 83' lang='lat' dir='ltr'><strong>sint</strong></span> <span class='ocrx_word' id='word_1_22' title='bbox 1638 740 1835 801; x_wconf 71' lang='lat' dir='ltr'><strong>contra</strong></span> 
     </span>
    </p>
   </div>
   <div class='ocr_carea' id='block_1_6' title="bbox 320 797 1836 925">
    <p class='ocr_par' dir='ltr' id='par_1_6' title="bbox 320 797 1836 925">
     <span class='ocr_line' id='line_1_6' title="bbox 320 797 1836 925; baseline -0.001 -71"><span class='ocrx_word' id='word_1_23' title='bbox 320 797 489 925; x_wconf 58' lang='lat' dir='ltr'><strong>ilst</strong></span> <span class='ocrx_word' id='word_1_24' title='bbox 534 802 590 854; x_wconf 88' lang='lat' dir='ltr'><strong>in</strong></span> <span class='ocrx_word' id='word_1_25' title='bbox 625 797 846 873; x_wconf 64' lang='lat' dir='ltr'><strong>synodo.</strong></span> <span class='ocrx_word' id='word_1_26' title='bbox 874 830 946 841; x_wconf 89' lang='lat'><strong><em>—</em></strong></span> <span class='ocrx_word' id='word_1_27' title='bbox 975 797 1062 853; x_wconf 83' lang='lat' dir='ltr'><strong>ill.</strong></span> <span class='ocrx_word' id='word_1_28' title='bbox 1105 798 1182 853; x_wconf 86' lang='lat' dir='ltr'><strong>De</strong></span> <span class='ocrx_word' id='word_1_29' title='bbox 1220 801 1457 854; x_wconf 86' lang='lat' dir='ltr'><strong>ementita</strong></span> <span class='ocrx_word' id='word_1_30' title='bbox 1491 799 1836 881; x_wconf 30' lang='lat' dir='ltr'><strong>appeal/talione</strong></span> 
     </span>
     <span class='ocr_line' id='line_1_7' title="bbox 354 868 1835 925; baseline 0.001 -2"><span class='ocrx_word' id='word_1_31' title='bbox 354 872 571 925; x_wconf 79' lang='lat' dir='ltr'><strong>‘utucliis</strong></span> <span class='ocrx_word' id='word_1_32' title='bbox 603 875 669 925; x_wconf 84' lang='lat' dir='ltr'><strong>ad</strong></span> <span class='ocrx_word' id='word_1_33' title='bbox 711 872 1045 925; x_wconf 79' lang='lat' dir='ltr'><strong>apostolicam</strong></span> <span class='ocrx_word' id='word_1_34' title='bbox 1084 870 1274 924; x_wconf 81' lang='lat' dir='ltr'><strong>sedent.</strong></span> <span class='ocrx_word' id='word_1_35' title='bbox 1325 868 1683 923; x_wconf 77' lang='lat' dir='ltr'><strong>Damnationis</strong></span> <span class='ocrx_word' id='word_1_36' title='bbox 1725 885 1835 925; x_wconf 78' lang='lat' dir='ltr'><strong>eius</strong></span> 
     </span>
    </p>
   </div>
   <div class='ocr_carea' id='block_1_7' title="bbox 354 868 1835 942">
    <p class='ocr_par' dir='ltr' id='par_1_7' title="bbox 354 868 1835 942">
     <span class='ocr_line' id='line_1_8' title="bbox 354 868 1835 942; baseline 0 -18"><span class='ocrx_word' id='word_1_37' title='bbox 354 872 571 942; x_wconf 67' lang='lat' dir='ltr'><strong>Eutycius</strong></span> <span class='ocrx_word' id='word_1_38' title='bbox 603 868 672 925; x_wconf 72' lang='lat' dir='ltr'><strong>ad</strong></span> <span class='ocrx_word' id='word_1_39' title='bbox 711 872 1045 939; x_wconf 81' lang='lat' dir='ltr'><strong>apostolicum</strong></span> <span class='ocrx_word' id='word_1_40' title='bbox 1084 870 1274 924; x_wconf 82' lang='lat' dir='ltr'><strong>sedem.</strong></span> <span class='ocrx_word' id='word_1_41' title='bbox 1325 868 1683 923; x_wconf 79' lang='lat' dir='ltr'><strong>Damnationis</strong></span> <span class='ocrx_word' id='word_1_42' title='bbox 1725 871 1835 939; x_wconf 86' lang='lat' dir='ltr'><strong>ejus</strong></span> 
     </span>
    </p>
   </div>
   <div class='ocr_carea' id='block_1_8' title="bbox 320 945 937 1012">
    <p class='ocr_par' dir='ltr' id='par_1_8' title="bbox 320 945 937 1012">
     <span class='ocr_line' id='line_1_9' title="bbox 320 945 937 1012; baseline 0 -16"><span class='ocrx_word' id='word_1_43' title='bbox 320 946 765 1012; x_wconf 76' lang='lat' dir='ltr'><strong>conﬁrmationem</strong></span> <span class='ocrx_word' id='word_1_44' title='bbox 792 945 937 1010; x_wconf 82' lang='lat' dir='ltr'><strong>petit.</strong></span> 
     </span>
    </p>
   </div>
   <div class='ocr_carea' id='block_1_9' title="bbox 250 1034 1837 1103">
    <p class='ocr_par' dir='ltr' id='par_1_9' title="bbox 250 1034 1837 1103">
     <span class='ocr_line' id='line_1_10' title="bbox 250 1034 1837 1103; baseline -0.003 -8"><span class='ocrx_word' id='word_1_45' title='bbox 250 1039 600 1095; x_wconf 68' lang='lat' dir='ltr'><strong>Sanetissinm</strong></span> <span class='ocrx_word' id='word_1_46' title='bbox 620 1047 676 1092; x_wconf 89' lang='lat' dir='ltr'><strong>et</strong></span> <span class='ocrx_word' id='word_1_47' title='bbox 708 1039 1017 1093; x_wconf 90' lang='lat' dir='ltr'><strong>beatissimo</strong></span> <span class='ocrx_word' id='word_1_48' title='bbox 1049 1036 1184 1103; x_wconf 86' lang='lat' dir='ltr'><strong>patri</strong></span> <span class='ocrx_word' id='word_1_49' title='bbox 1208 1045 1263 1091; x_wconf 90' lang='lat' dir='ltr'><strong>et</strong></span> <span class='ocrx_word' id='word_1_50' title='bbox 1276 1034 1647 1091; x_wconf 88' lang='lat' dir='ltr'><strong>consacerdoti</strong></span> <span class='ocrx_word' id='word_1_51' title='bbox 1671 1034 1837 1090; x_wconf 74' lang='lat' dir='ltr'><strong>Leoni</strong></span> 
     </span>
    </p>
   </div>
   <div class='ocr_carea' id='block_1_10' title="bbox 580 1108 1503 1165">
    <p class='ocr_par' dir='ltr' id='par_1_10' title="bbox 580 1108 1503 1165">
     <span class='ocr_line' id='line_1_11' title="bbox 580 1108 1503 1165; baseline -0.003 -2"><span class='ocrx_word' id='word_1_52' title='bbox 580 1109 883 1165; x_wconf 71' lang='lat' dir='ltr'><strong>Eumuns</strong></span> <span class='ocrx_word' id='word_1_53' title='bbox 912 1111 965 1164; x_wconf 91' lang='lat' dir='ltr'><strong>in</strong></span> <span class='ocrx_word' id='word_1_54' title='bbox 994 1108 1223 1164; x_wconf 87' lang='lat' dir='ltr'><strong>Domino</strong></span> <span class='ocrx_word' id='word_1_55' title='bbox 1253 1110 1503 1163; x_wconf 79' lang='lat' dir='ltr'><strong>salutem.</strong></span> 
     </span>
    </p>
   </div>
   <div class='ocr_carea' id='block_1_11' title="bbox 315 1217 1839 1289">
    <p class='ocr_par' dir='ltr' id='par_1_11' title="bbox 315 1217 1839 1289">
     <span class='ocr_line' id='line_1_12' title="bbox 315 1217 1839 1289; baseline -0.004 -12"><span class='ocrx_word' id='word_1_56' title='bbox 315 1222 449 1277; x_wconf 69' lang='lat' dir='ltr'><strong>CAP.</strong></span> <span class='ocrx_word' id='word_1_57' title='bbox 474 1222 518 1278; x_wconf 83' lang='grc' dir='ltr'><strong>Ι.</strong></span> <span class='ocrx_word' id='word_1_58' title='bbox 537 1250 609 1263; x_wconf 94' lang='grc'><strong><em>--</em></strong></span> <span class='ocrx_word' id='word_1_59' title='bbox 634 1220 843 1277; x_wconf 78' lang='lat' dir='ltr'><strong>Pietate</strong></span> <span class='ocrx_word' id='word_1_60' title='bbox 870 1230 927 1276; x_wconf 88' lang='lat' dir='ltr'><strong>et</strong></span> <span class='ocrx_word' id='word_1_61' title='bbox 950 1229 1095 1276; x_wconf 86' lang='lat' dir='ltr'><strong>recta</strong></span> <span class='ocrx_word' id='word_1_62' title='bbox 1120 1220 1502 1289; x_wconf 66' lang='lat' dir='ltr'><strong>praedicatione</strong></span> <span class='ocrx_word' id='word_1_63' title='bbox 1523 1218 1675 1275; x_wconf 84' lang='lat' dir='ltr'><strong>verbi</strong></span> <span class='ocrx_word' id='word_1_64' title='bbox 1696 1217 1839 1273; x_wconf 88' lang='lat' dir='ltr'><strong>veri-</strong></span> 
     </span>
    </p>
   </div>
   <div class='ocr_carea' id='block_1_12' title="bbox 249 1308 1836 1376">
    <p class='ocr_par' dir='ltr' id='par_1_12' title="bbox 249 1308 1836 1376">
     <span class='ocr_line' id='line_1_13' title="bbox 249 1308 1836 1376; baseline -0.003 -8"><span class='ocrx_word' id='word_1_65' title='bbox 249 1314 376 1368; x_wconf 85' lang='lat' dir='ltr'><strong>tatis</strong></span> <span class='ocrx_word' id='word_1_66' title='bbox 402 1313 541 1367; x_wconf 85' lang='lat' dir='ltr'><strong>nihil</strong></span> <span class='ocrx_word' id='word_1_67' title='bbox 572 1312 938 1367; x_wconf 91' lang='lat' dir='ltr'><strong>bonorabilins</strong></span> <span class='ocrx_word' id='word_1_68' title='bbox 960 1311 1353 1375; x_wconf 73' lang='lat' dir='ltr'><strong>sacerdotibus,</strong></span> <span class='ocrx_word' id='word_1_69' title='bbox 1373 1311 1511 1365; x_wconf 92' lang='lat' dir='ltr'><strong>sicut</strong></span> <span class='ocrx_word' id='word_1_70' title='bbox 1538 1308 1700 1376; x_wconf 85' lang='lat' dir='ltr'><strong>nosti,</strong></span> <span class='ocrx_word' id='word_1_71' title='bbox 1724 1309 1836 1363; x_wconf 86' lang='lat' dir='ltr'><strong>Deo</strong></span> 
     </span>
    </p>
   </div>
   <div class='ocr_carea' id='block_1_13' title="bbox 248 1402 1836 1473">
    <p class='ocr_par' dir='ltr' id='par_1_13' title="bbox 248 1402 1836 1473">
     <span class='ocr_line' id='line_1_14' title="bbox 248 1402 1836 1473; baseline -0.002 -14"><span class='ocrx_word' id='word_1_72' title='bbox 248 1407 638 1460; x_wconf 71' lang='lat' dir='ltr'><strong>amantissime.</strong></span> <span class='ocrx_word' id='word_1_73' title='bbox 661 1402 848 1461; x_wconf 87' lang='lat' dir='ltr'><strong>Omnis</strong></span> <span class='ocrx_word' id='word_1_74' title='bbox 876 1404 1022 1461; x_wconf 90' lang='lat' dir='ltr'><strong>enim</strong></span> <span class='ocrx_word' id='word_1_75' title='bbox 1047 1413 1232 1458; x_wconf 88' lang='lat' dir='ltr'><strong>nostra</strong></span> <span class='ocrx_word' id='word_1_76' title='bbox 1264 1418 1388 1472; x_wconf 83' lang='lat' dir='ltr'><strong>spes</strong></span> <span class='ocrx_word' id='word_1_77' title='bbox 1419 1411 1580 1473; x_wconf 86' lang='lat' dir='ltr'><strong>atque</strong></span> <span class='ocrx_word' id='word_1_78' title='bbox 1609 1404 1753 1456; x_wconf 88' lang='lat' dir='ltr'><strong>salus</strong></span> <span class='ocrx_word' id='word_1_79' title='bbox 1779 1410 1836 1456; x_wconf 91' lang='lat' dir='ltr'><strong>et</strong></span> 
     </span>
    </p>
   </div>
   <div class='ocr_carea' id='block_1_14' title="bbox 250 1492 1837 1567">
    <p class='ocr_par' dir='ltr' id='par_1_14' title="bbox 250 1492 1837 1567">
     <span class='ocr_line' id='line_1_15' title="bbox 250 1492 1837 1567; baseline -0.004 -13"><span class='ocrx_word' id='word_1_80' title='bbox 250 1500 536 1554; x_wconf 77' lang='lat' dir='ltr'><strong>retributio</strong></span> <span class='ocrx_word' id='word_1_81' title='bbox 560 1500 948 1567; x_wconf 87' lang='lat' dir='ltr'><strong>promissorum</strong></span> <span class='ocrx_word' id='word_1_82' title='bbox 980 1498 1240 1553; x_wconf 90' lang='lat' dir='ltr'><strong>bonorum</strong></span> <span class='ocrx_word' id='word_1_83' title='bbox 1267 1497 1319 1549; x_wconf 91' lang='lat' dir='ltr'><strong>in</strong></span> <span class='ocrx_word' id='word_1_84' title='bbox 1352 1495 1438 1549; x_wconf 88' lang='lat' dir='ltr'><strong>his</strong></span> <span class='ocrx_word' id='word_1_85' title='bbox 1464 1506 1566 1549; x_wconf 89' lang='lat' dir='ltr'><strong>est.</strong></span> <span class='ocrx_word' id='word_1_86' title='bbox 1584 1492 1837 1563; x_wconf 87' lang='lat' dir='ltr'><strong>Propter-</strong></span> 
     </span>
    </p>
   </div>
   <div class='ocr_carea' id='block_1_15' title="bbox 247 1589 1837 1657">
    <p class='ocr_par' dir='ltr' id='par_1_15' title="bbox 247 1589 1837 1657">
     <span class='ocr_line' id='line_1_16' title="bbox 247 1589 1837 1657; baseline -0.003 -11"><span class='ocrx_word' id='word_1_87' title='bbox 247 1605 308 1646; x_wconf 97' lang='lat' dir='ltr'><strong>ea</strong></span> <span class='ocrx_word' id='word_1_88' title='bbox 345 1592 529 1646; x_wconf 82' lang='lat' dir='ltr'><strong>omnia</strong></span> <span class='ocrx_word' id='word_1_89' title='bbox 569 1590 811 1646; x_wconf 83' lang='lat' dir='ltr'><strong>facienda</strong></span> <span class='ocrx_word' id='word_1_90' title='bbox 852 1590 880 1644; x_wconf 83' lang='lat' dir='ltr'><strong>a</strong></span> <span class='ocrx_word' id='word_1_91' title='bbox 913 1590 1067 1645; x_wconf 88' lang='lat' dir='ltr'><strong>nobis</strong></span> <span class='ocrx_word' id='word_1_92' title='bbox 1098 1600 1244 1655; x_wconf 89' lang='lat' dir='ltr'><strong>sunt,</strong></span> <span class='ocrx_word' id='word_1_93' title='bbox 1276 1598 1330 1643; x_wconf 85' lang='lat' dir='ltr'><strong>et</strong></span> <span class='ocrx_word' id='word_1_94' title='bbox 1363 1589 1708 1642; x_wconf 84' lang='lat' dir='ltr'><strong>laborandum</strong></span> <span class='ocrx_word' id='word_1_95' title='bbox 1740 1603 1837 1657; x_wconf 93' lang='lat' dir='ltr'><strong>pro</strong></span> 
     </span>
    </p>
   </div>
   <div class='ocr_carea' id='block_1_16' title="bbox 248 1680 1835 1754">
    <p class='ocr_par' dir='ltr' id='par_1_16' title="bbox 248 1680 1835 1754">
     <span class='ocr_line' id='line_1_17' title="bbox 248 1680 1835 1754; baseline -0.001 -19"><span class='ocrx_word' id='word_1_96' title='bbox 248 1696 374 1737; x_wconf 82' lang='lat' dir='ltr'><strong>vera</strong></span> <span class='ocrx_word' id='word_1_97' title='bbox 404 1683 515 1738; x_wconf 82' lang='lat' dir='ltr'><strong>tide</strong></span> <span class='ocrx_word' id='word_1_98' title='bbox 544 1692 600 1738; x_wconf 88' lang='lat' dir='ltr'><strong>et</strong></span> <span class='ocrx_word' id='word_1_99' title='bbox 624 1682 1044 1754; x_wconf 79' lang='lat' dir='ltr'><strong>expositionibus</strong></span> <span class='ocrx_word' id='word_1_100' title='bbox 1065 1680 1508 1753; x_wconf 81' lang='lat' dir='ltr'><strong>dogmatibusqne</strong></span> <span class='ocrx_word' id='word_1_101' title='bbox 1530 1689 1835 1734; x_wconf 90' lang='lat' dir='ltr'><strong>sanctorum</strong></span> 
     </span>
    </p>
   </div>
   <div class='ocr_carea' id='block_1_17' title="bbox 250 1773 1832 1844">
    <p class='ocr_par' dir='ltr' id='par_1_17' title="bbox 250 1773 1832 1844">
     <span class='ocr_line' id='line_1_18' title="bbox 250 1773 1832 1844; baseline -0.003 -18"><span class='ocrx_word' id='word_1_102' title='bbox 250 1773 466 1829; x_wconf 76' lang='lat' dir='ltr'><strong>Patrum</strong></span> <span class='ocrx_word' id='word_1_103' title='bbox 492 1782 795 1844; x_wconf 85' lang='lat' dir='ltr'><strong>:quatenus</strong></span> <span class='ocrx_word' id='word_1_104' title='bbox 840 1788 934 1842; x_wconf 89' lang='lat' dir='ltr'><strong>per</strong></span> <span class='ocrx_word' id='word_1_105' title='bbox 968 1774 1153 1828; x_wconf 87' lang='lat' dir='ltr'><strong>omnia</strong></span> <span class='ocrx_word' id='word_1_106' title='bbox 1197 1782 1246 1826; x_wconf 81' lang='lat' dir='ltr'><strong>et</strong></span> <span class='ocrx_word' id='word_1_107' title='bbox 1294 1773 1435 1826; x_wconf 87' lang='lat' dir='ltr'><strong>inter</strong></span> <span class='ocrx_word' id='word_1_108' title='bbox 1472 1784 1660 1825; x_wconf 88' lang='lat' dir='ltr'><strong>omnes</strong></span> <span class='ocrx_word' id='word_1_109' title='bbox 1701 1784 1832 1825; x_wconf 89' lang='lat' dir='ltr'><strong>con-</strong></span> 
     </span>
    </p>
   </div>
   <div class='ocr_carea' id='block_1_18' title="bbox 1604 348 2174 414">
    <p class='ocr_par' dir='ltr' id='par_1_18' title="bbox 1604 348 2174 414">
     <span class='ocr_line' id='line_1_19' title="bbox 1604 348 2174 414; baseline 0.004 -2"><span class='ocrx_word' id='word_1_110' title='bbox 1604 348 1941 414; x_wconf 66' lang='lat' dir='ltr'><strong>EPISTOLA</strong></span> <span class='ocrx_word' id='word_1_111' title='bbox 1985 348 2174 414; x_wconf 78' lang='lat' dir='ltr'><strong>XXVI.</strong></span> 
     </span>
    </p>
   </div>
   <div class='ocr_carea' id='block_1_19' title="bbox 3411 362 3516 419">
    <p class='ocr_par' dir='ltr' id='par_1_19' title="bbox 3411 362 3516 419">
     <span class='ocr_line' id='line_1_20' title="bbox 3411 362 3516 419; baseline 0.01 -1"><span class='ocrx_word' id='word_1_112' title='bbox 3411 362 3516 419; x_wconf 81' lang='lat'><strong>750</strong></span> 
     </span>
    </p>
   </div>
   <div class='ocr_carea' id='block_1_20' title="bbox 1852 460 3517 540">
    <p class='ocr_par' dir='ltr' id='par_1_20' title="bbox 1852 460 3517 540">
     <span class='ocr_line' id='line_1_21' title="bbox 1852 460 3517 540; baseline 0.001 -16"><span class='ocrx_word' id='word_1_113' title='bbox 1852 478 1903 539; x_wconf 77' lang='grc' dir='ltr'><strong>Α</strong></span> <span class='ocrx_word' id='word_1_114' title='bbox 1932 460 2090 525; x_wconf 83' lang='lat' dir='ltr'><strong>unum</strong></span> <span class='ocrx_word' id='word_1_115' title='bbox 2136 470 2413 525; x_wconf 77' lang='lat' dir='ltr'><strong>Dominum</strong></span> <span class='ocrx_word' id='word_1_116' title='bbox 2459 469 2635 527; x_wconf 74' lang='lat' dir='ltr'><strong>Iesum</strong></span> <span class='ocrx_word' id='word_1_117' title='bbox 2671 471 2954 540; x_wconf 74' lang='lat' dir='ltr'><strong>Christum,</strong></span> <span class='ocrx_word' id='word_1_118' title='bbox 3004 472 3283 526; x_wconf 81' lang='lat' dir='ltr'><strong>divinitatis</strong></span> <span class='ocrx_word' id='word_1_119' title='bbox 3332 481 3379 525; x_wconf 88' lang='lat' dir='ltr'><strong>et</strong></span> <span class='ocrx_word' id='word_1_120' title='bbox 3418 471 3517 526; x_wconf 72' lang='lat' dir='ltr'><strong>itu-</strong></span> 
     </span>
    </p>
   </div>
   <div class='ocr_carea' id='block_1_21' title="bbox 1939 562 3517 635">
    <p class='ocr_par' dir='ltr' id='par_1_21' title="bbox 1939 562 3517 635">
     <span class='ocr_line' id='line_1_22' title="bbox 1939 562 3517 635; baseline 0.001 -18"><span class='ocrx_word' id='word_1_121' title='bbox 1939 564 2197 618; x_wconf 83' lang='lat' dir='ltr'><strong>manitatis</strong></span> <span class='ocrx_word' id='word_1_122' title='bbox 2219 572 2245 612; x_wconf 76' lang='lat'><strong>8</strong></span> <span class='ocrx_word' id='word_1_123' title='bbox 2272 580 2362 632; x_wconf 85' lang='lat' dir='ltr'><strong>per</strong></span> <span class='ocrx_word' id='word_1_124' title='bbox 2385 562 2697 633; x_wconf 71' lang='lat' dir='ltr'><strong>ineffabilem</strong></span> <span class='ocrx_word' id='word_1_125' title='bbox 2726 573 2771 619; x_wconf 88' lang='lat' dir='ltr'><strong>et</strong></span> <span class='ocrx_word' id='word_1_126' title='bbox 2796 562 3222 635; x_wconf 78' lang='lat' dir='ltr'><strong>inintetligibilem</strong></span> <span class='ocrx_word' id='word_1_127' title='bbox 3250 567 3319 619; x_wconf 85' lang='lat' dir='ltr'><strong>ad</strong></span> <span class='ocrx_word' id='word_1_128' title='bbox 3346 566 3517 619; x_wconf 86' lang='lat' dir='ltr'><strong>unita-</strong></span> 
     </span>
    </p>
   </div>
   <div class='ocr_carea' id='block_1_22' title="bbox 1940 656 3557 727">
    <p class='ocr_par' dir='ltr' id='par_1_22' title="bbox 1940 656 3557 727">
     <span class='ocr_line' id='line_1_23' title="bbox 1940 656 3557 727; baseline 0.002 -17"><span class='ocrx_word' id='word_1_129' title='bbox 1940 666 2037 711; x_wconf 88' lang='lat' dir='ltr'><strong>tem</strong></span> <span class='ocrx_word' id='word_1_130' title='bbox 2059 658 2460 712; x_wconf 82' lang='lat' dir='ltr'><strong>cancursionem.</strong></span> <span class='ocrx_word' id='word_1_131' title='bbox 2484 660 2548 712; x_wconf 82' lang='lat' dir='ltr'><strong>Et</strong></span> <span class='ocrx_word' id='word_1_132' title='bbox 2574 656 2674 713; x_wconf 84' lang='lat' dir='ltr'><strong>hoc</strong></span> <span class='ocrx_word' id='word_1_133' title='bbox 2700 656 2803 712; x_wconf 90' lang='lat' dir='ltr'><strong>non</strong></span> <span class='ocrx_word' id='word_1_134' title='bbox 2830 656 2960 713; x_wconf 81' lang='lat' dir='ltr'><strong>latet</strong></span> <span class='ocrx_word' id='word_1_135' title='bbox 2981 665 3125 712; x_wconf 87' lang='lat' dir='ltr'><strong>tuam</strong></span> <span class='ocrx_word' id='word_1_136' title='bbox 3149 657 3513 727; x_wconf 82' lang='lat' dir='ltr'><strong>sanctitatem,</strong></span> <span class='ocrx_word' id='word_1_137' title='bbox 3548 694 3557 727; x_wconf 39' lang='grc' dir='ltr'><strong><em>λ</em></strong></span> 
     </span>
    </p>
   </div>
   <div class='ocr_carea' id='block_1_23' title="bbox 1939 723 3557 833">
    <p class='ocr_par' dir='ltr' id='par_1_23' title="bbox 1939 723 3557 833">
     <span class='ocr_line' id='line_1_24' title="bbox 1939 723 3557 833; baseline 0.004 -31"><span class='ocrx_word' id='word_1_138' title='bbox 1939 749 2064 803; x_wconf 91' lang='lat' dir='ltr'><strong>dum</strong></span> <span class='ocrx_word' id='word_1_139' title='bbox 2092 751 2311 804; x_wconf 90' lang='lat' dir='ltr'><strong>omnino</strong></span> <span class='ocrx_word' id='word_1_140' title='bbox 2342 750 2528 818; x_wconf 77' lang='lat' dir='ltr'><strong>legerit</strong></span> <span class='ocrx_word' id='word_1_141' title='bbox 2557 757 2701 821; x_wconf 79' lang='lat' dir='ltr'><strong>gesta</strong></span> <span class='ocrx_word' id='word_1_142' title='bbox 2735 765 2852 818; x_wconf 82' lang='lat' dir='ltr'><strong>quae</strong></span> <span class='ocrx_word' id='word_1_143' title='bbox 2876 749 3075 817; x_wconf 76' lang='lat' dir='ltr'><strong>Ephesi</strong></span> <span class='ocrx_word' id='word_1_144' title='bbox 3096 760 3220 804; x_wconf 91' lang='lat' dir='ltr'><strong>sunt</strong></span> <span class='ocrx_word' id='word_1_145' title='bbox 3248 723 3518 808; x_wconf 73' lang='lat' dir='ltr'><strong>confecta.</strong></span> <span class='ocrx_word' id='word_1_146' title='bbox 3545 723 3557 833; x_wconf 60' lang='grc' dir='ltr'><em>ί</em></span> 
     </span>
    </p>
   </div>
   <div class='ocr_carea' id='block_1_24' title="bbox 1939 836 3559 913">
    <p class='ocr_par' dir='ltr' id='par_1_24' title="bbox 1939 836 3559 913">
     <span class='ocr_line' id='line_1_25' title="bbox 1939 836 3559 913; baseline 0.004 -20"><span class='ocrx_word' id='word_1_147' title='bbox 1939 840 2068 908; x_wconf 81' lang='lat' dir='ltr'><strong>Quae</strong></span> <span class='ocrx_word' id='word_1_148' title='bbox 2098 855 2194 909; x_wconf 90' lang='lat' dir='ltr'><strong>pro</strong></span> <span class='ocrx_word' id='word_1_149' title='bbox 2216 840 2380 895; x_wconf 88' lang='lat' dir='ltr'><strong>nihilo</strong></span> <span class='ocrx_word' id='word_1_150' title='bbox 2408 856 2610 910; x_wconf 90' lang='lat' dir='ltr'><strong>ponens</strong></span> <span class='ocrx_word' id='word_1_151' title='bbox 2638 842 2777 895; x_wconf 90' lang='lat' dir='ltr'><strong>idem</strong></span> <span class='ocrx_word' id='word_1_152' title='bbox 2807 842 3073 913; x_wconf 82' lang='lat' dir='ltr'><strong>Entyches</strong></span> <span class='ocrx_word' id='word_1_153' title='bbox 3100 843 3387 897; x_wconf 82' lang='lat' dir='ltr'><strong>arbitratur</strong></span> <span class='ocrx_word' id='word_1_154' title='bbox 3411 840 3519 899; x_wconf 79' lang='lat' dir='ltr'><strong>nun</strong></span> <span class='ocrx_word' id='word_1_155' title='bbox 3546 836 3559 909; x_wconf 27' lang='grc' dir='ltr'>ἰ</span> 
     </span>
    </p>
   </div>
   <div class='ocr_carea' id='block_1_25' title="bbox 1940 920 3555 1003">
    <p class='ocr_par' dir='ltr' id='par_1_25' title="bbox 1940 920 3555 1003">
     <span class='ocr_line' id='line_1_26' title="bbox 1940 920 3555 1003; baseline 0.003 -17"><span class='ocrx_word' id='word_1_156' title='bbox 1940 947 2000 987; x_wconf 91' lang='lat' dir='ltr'><strong>se</strong></span> <span class='ocrx_word' id='word_1_157' title='bbox 2028 932 2272 987; x_wconf 86' lang='lat' dir='ltr'><strong>daturum</strong></span> <span class='ocrx_word' id='word_1_158' title='bbox 2306 946 2518 1003; x_wconf 69' lang='lat' dir='ltr'><strong>pinnam</strong></span> <span class='ocrx_word' id='word_1_159' title='bbox 2564 934 2879 1001; x_wconf 64' lang='lat' dir='ltr'><strong>pradinitam</strong></span> <span class='ocrx_word' id='word_1_160' title='bbox 2907 949 2936 987; x_wconf 91' lang='lat' dir='ltr'><strong>a</strong></span> <span class='ocrx_word' id='word_1_161' title='bbox 2968 945 3152 989; x_wconf 88' lang='lat' dir='ltr'><strong>sancto</strong></span> <span class='ocrx_word' id='word_1_162' title='bbox 3191 933 3284 989; x_wconf 90' lang='lat' dir='ltr'><strong>illo</strong></span> <span class='ocrx_word' id='word_1_163' title='bbox 3312 944 3367 991; x_wconf 89' lang='lat' dir='ltr'><strong>et</strong></span> <span class='ocrx_word' id='word_1_164' title='bbox 3397 938 3520 991; x_wconf 84' lang='lat' dir='ltr'><strong>uni-</strong></span> <span class='ocrx_word' id='word_1_165' title='bbox 3552 920 3555 939; x_wconf 38' lang='grc' dir='ltr'><strong>ί</strong></span> 
     </span>
    </p>
   </div>
   <div class='ocr_carea' id='block_1_26' title="bbox 1941 1026 3521 1098">
    <p class='ocr_par' dir='ltr' id='par_1_26' title="bbox 1941 1026 3521 1098">
     <span class='ocr_line' id='line_1_27' title="bbox 1941 1026 3521 1098; baseline 0.006 -19"><span class='ocrx_word' id='word_1_166' title='bbox 1941 1026 2138 1081; x_wconf 84' lang='lat' dir='ltr'><strong>versali</strong></span> <span class='ocrx_word' id='word_1_167' title='bbox 2163 1026 2393 1082; x_wconf 89' lang='lat' dir='ltr'><strong>concilio</strong></span> <span class='ocrx_word' id='word_1_168' title='bbox 2417 1044 2430 1081; x_wconf 90' lang='lat'>:</span> <span class='ocrx_word' id='word_1_169' title='bbox 2455 1031 2708 1098; x_wconf 88' lang='lat' dir='ltr'><strong>quoniam</strong></span> <span class='ocrx_word' id='word_1_170' title='bbox 2733 1043 2829 1097; x_wconf 89' lang='lat' dir='ltr'><strong>per</strong></span> <span class='ocrx_word' id='word_1_171' title='bbox 2848 1027 2965 1083; x_wconf 67' lang='lat' dir='ltr'><strong>haec</strong></span> <span class='ocrx_word' id='word_1_172' title='bbox 2988 1029 3141 1084; x_wconf 89' lang='lat' dir='ltr'><strong>multi</strong></span> <span class='ocrx_word' id='word_1_173' title='bbox 3165 1030 3521 1097; x_wconf 77' lang='lat' dir='ltr'><strong>simpliciores</strong></span> 
     </span>
    </p>
   </div>
   <div class='ocr_carea' id='block_1_27' title="bbox 1938 1118 3522 1190">
    <p class='ocr_par' dir='ltr' id='par_1_27' title="bbox 1938 1118 3522 1190">
     <span class='ocr_line' id='line_1_28' title="bbox 1938 1118 3522 1190; baseline 0.003 -15"><span class='ocrx_word' id='word_1_174' title='bbox 1938 1135 2005 1175; x_wconf 83' lang='lat' dir='ltr'><strong>ex</strong></span> <span class='ocrx_word' id='word_1_175' title='bbox 2035 1120 2149 1190; x_wconf 89' lang='lat' dir='ltr'><strong>ejus</strong></span> <span class='ocrx_word' id='word_1_176' title='bbox 2168 1120 2394 1190; x_wconf 82' lang='lat' dir='ltr'><strong>eloquiis</strong></span> <span class='ocrx_word' id='word_1_177' title='bbox 2411 1121 2464 1176; x_wconf 88' lang='lat' dir='ltr'><strong>in</strong></span> <span class='ocrx_word' id='word_1_178' title='bbox 2486 1122 2606 1175; x_wconf 83' lang='lat' dir='ltr'><strong>ﬁdei</strong></span> <span class='ocrx_word' id='word_1_179' title='bbox 2624 1137 2875 1176; x_wconf 87' lang='lat' dir='ltr'><strong>sermone</strong></span> <span class='ocrx_word' id='word_1_180' title='bbox 2890 1118 3180 1176; x_wconf 74' lang='lat' dir='ltr'><strong>kednnlur.</strong></span> <span class='ocrx_word' id='word_1_181' title='bbox 3196 1123 3522 1180; x_wconf 84' lang='lat' dir='ltr'><strong>Accusatum</strong></span> 
     </span>
    </p>
   </div>
   <div class='ocr_carea' id='block_1_28' title="bbox 1941 1213 3521 1278">
    <p class='ocr_par' dir='ltr' id='par_1_28' title="bbox 1941 1213 3521 1278">
     <span class='ocr_line' id='line_1_29' title="bbox 1941 1213 3521 1278; baseline 0.003 -12"><span class='ocrx_word' id='word_1_182' title='bbox 1941 1226 2070 1267; x_wconf 90' lang='lat' dir='ltr'><strong>vero</strong></span> <span class='ocrx_word' id='word_1_183' title='bbox 2096 1228 2216 1267; x_wconf 91' lang='lat' dir='ltr'><strong>eum</strong></span> <span class='ocrx_word' id='word_1_184' title='bbox 2242 1228 2273 1267; x_wconf 91' lang='lat' dir='ltr'><strong>a</strong></span> <span class='ocrx_word' id='word_1_185' title='bbox 2302 1213 2754 1268; x_wconf 84' lang='lat' dir='ltr'><strong>reverendissimo</strong></span> <span class='ocrx_word' id='word_1_186' title='bbox 2786 1213 3036 1278; x_wconf 71' lang='lat' dir='ltr'><strong>Eusebio,</strong></span> <span class='ocrx_word' id='word_1_187' title='bbox 3070 1222 3121 1268; x_wconf 89' lang='lat' dir='ltr'><strong>et</strong></span> <span class='ocrx_word' id='word_1_188' title='bbox 3149 1224 3521 1270; x_wconf 83' lang='lat' dir='ltr'><strong>occurrentem</strong></span> 
     </span>
    </p>
   </div>
   <div class='ocr_carea' id='block_1_29' title="bbox 1942 1305 3523 1375">
    <p class='ocr_par' dir='ltr' id='par_1_29' title="bbox 1942 1305 3523 1375">
     <span class='ocr_line' id='line_1_30' title="bbox 1942 1305 3523 1375; baseline 0.002 -16"><span class='ocrx_word' id='word_1_189' title='bbox 1942 1305 1997 1359; x_wconf 92' lang='lat' dir='ltr'><strong>in</strong></span> <span class='ocrx_word' id='word_1_190' title='bbox 2029 1316 2271 1359; x_wconf 88' lang='lat' dir='ltr'><strong>sanctum</strong></span> <span class='ocrx_word' id='word_1_191' title='bbox 2303 1306 2607 1371; x_wconf 87' lang='lat' dir='ltr'><strong>concilium,</strong></span> <span class='ocrx_word' id='word_1_192' title='bbox 2642 1315 2693 1360; x_wconf 92' lang='lat' dir='ltr'><strong>et</strong></span> <span class='ocrx_word' id='word_1_193' title='bbox 2734 1320 2864 1361; x_wconf 89' lang='lat' dir='ltr'><strong>voce</strong></span> <span class='ocrx_word' id='word_1_194' title='bbox 2890 1321 2985 1359; x_wconf 91' lang='lat' dir='ltr'><strong>sna</strong></span> <span class='ocrx_word' id='word_1_195' title='bbox 3014 1314 3217 1360; x_wconf 86' lang='lat' dir='ltr'><strong>sectam</strong></span> <span class='ocrx_word' id='word_1_196' title='bbox 3248 1310 3523 1375; x_wconf 87' lang='lat' dir='ltr'><strong>pr0priam</strong></span> 
     </span>
    </p>
   </div>
   <div class='ocr_carea' id='block_1_30' title="bbox 1944 1398 3526 1471">
    <p class='ocr_par' dir='ltr' id='par_1_30' title="bbox 1944 1398 3526 1471">
     <span class='ocr_line' id='line_1_31' title="bbox 1944 1398 3526 1471; baseline 0.001 -18"><span class='ocrx_word' id='word_1_197' title='bbox 1944 1408 2297 1469; x_wconf 78' lang='lat' dir='ltr'><strong>relegentem,</strong></span> <span class='ocrx_word' id='word_1_198' title='bbox 2322 1399 2662 1471; x_wconf 88' lang='lat' dir='ltr'><strong>alienumque</strong></span> <span class='ocrx_word' id='word_1_199' title='bbox 2688 1402 3008 1455; x_wconf 78' lang='lat' dir='ltr'><strong>existentem</strong></span> <span class='ocrx_word' id='word_1_200' title='bbox 3027 1415 3055 1452; x_wconf 90' lang='lat' dir='ltr'><strong>a</strong></span> <span class='ocrx_word' id='word_1_201' title='bbox 3073 1409 3219 1454; x_wconf 87' lang='lat' dir='ltr'><strong>recta</strong></span> <span class='ocrx_word' id='word_1_202' title='bbox 3242 1398 3345 1455; x_wconf 82' lang='lat' dir='ltr'><strong>ﬁde</strong></span> <span class='ocrx_word' id='word_1_203' title='bbox 3372 1401 3526 1455; x_wconf 82' lang='lat' dir='ltr'><strong>dam-</strong></span> 
     </span>
    </p>
   </div>
   <div class='ocr_carea' id='block_1_31' title="bbox 1942 1492 3524 1559">
    <p class='ocr_par' dir='ltr' id='par_1_31' title="bbox 1942 1492 3524 1559">
     <span class='ocr_line' id='line_1_32' title="bbox 1942 1492 3524 1559; baseline 0.004 -14"><span class='ocrx_word' id='word_1_204' title='bbox 1942 1493 2207 1559; x_wconf 84' lang='lat' dir='ltr'><strong>navimus,</strong></span> <span class='ocrx_word' id='word_1_205' title='bbox 2240 1492 2375 1546; x_wconf 86' lang='lat' dir='ltr'><strong>sicut</strong></span> <span class='ocrx_word' id='word_1_206' title='bbox 2403 1492 2671 1547; x_wconf 87' lang='lat' dir='ltr'><strong>docebunt</strong></span> <span class='ocrx_word' id='word_1_207' title='bbox 2716 1503 2945 1547; x_wconf 82' lang='lat' dir='ltr'><strong>vestram</strong></span> <span class='ocrx_word' id='word_1_208' title='bbox 2976 1492 3312 1547; x_wconf 83' lang='lat' dir='ltr'><strong>sanctitatem</strong></span> <span class='ocrx_word' id='word_1_209' title='bbox 3340 1496 3524 1553; x_wconf 83' lang='lat' dir='ltr'><strong>omnia</strong></span> 
     </span>
    </p>
   </div>
   <div class='ocr_carea' id='block_1_32' title="bbox 1942 1584 3524 1656">
    <p class='ocr_par' dir='ltr' id='par_1_32' title="bbox 1942 1584 3524 1656">
     <span class='ocr_line' id='line_1_33' title="bbox 1942 1584 3524 1656; baseline 0.003 -18"><span class='ocrx_word' id='word_1_210' title='bbox 1942 1599 2062 1653; x_wconf 72' lang='lat' dir='ltr'><strong>qua:</strong></span> <span class='ocrx_word' id='word_1_211' title='bbox 2104 1599 2267 1653; x_wconf 91' lang='lat' dir='ltr'><strong>super</strong></span> <span class='ocrx_word' id='word_1_212' title='bbox 2301 1596 2368 1639; x_wconf 92' lang='lat' dir='ltr'><strong>eo</strong></span> <span class='ocrx_word' id='word_1_213' title='bbox 2404 1594 2529 1639; x_wconf 89' lang='lat' dir='ltr'><strong>sunt</strong></span> <span class='ocrx_word' id='word_1_214' title='bbox 2572 1596 2742 1655; x_wconf 78' lang='lat' dir='ltr'><strong>gesta,</strong></span> <span class='ocrx_word' id='word_1_215' title='bbox 2793 1600 3018 1656; x_wconf 72' lang='lat' dir='ltr'><strong>quaeque</strong></span> <span class='ocrx_word' id='word_1_216' title='bbox 3063 1584 3359 1641; x_wconf 79' lang='lat' dir='ltr'><strong>direximus</strong></span> <span class='ocrx_word' id='word_1_217' title='bbox 3399 1603 3524 1643; x_wconf 87' lang='lat' dir='ltr'><strong>cum</strong></span> 
     </span>
    </p>
   </div>
   <div class='ocr_carea' id='block_1_33' title="bbox 1948 1677 3518 1747">
    <p class='ocr_par' dir='ltr' id='par_1_33' title="bbox 1948 1677 3518 1747">
     <span class='ocr_line' id='line_1_34' title="bbox 1948 1677 3518 1747; baseline 0.004 -17"><span class='ocrx_word' id='word_1_218' title='bbox 1948 1678 2144 1731; x_wconf 82' lang='lat' dir='ltr'><strong>nostris</strong></span> <span class='ocrx_word' id='word_1_219' title='bbox 2176 1677 2257 1730; x_wconf 92' lang='lat' dir='ltr'><strong>his</strong></span> <span class='ocrx_word' id='word_1_220' title='bbox 2286 1677 2498 1747; x_wconf 87' lang='lat' dir='ltr'><strong>litteris.</strong></span> <span class='ocrx_word' id='word_1_221' title='bbox 2547 1678 2755 1734; x_wconf 87' lang='lat' dir='ltr'><strong>Justum</strong></span> <span class='ocrx_word' id='word_1_222' title='bbox 2787 1689 2966 1734; x_wconf 81' lang='lat' dir='ltr'><strong>autent</strong></span> <span class='ocrx_word' id='word_1_223' title='bbox 3013 1692 3094 1737; x_wconf 86' lang='lat' dir='ltr'><strong>est</strong></span> <span class='ocrx_word' id='word_1_224' title='bbox 3128 1692 3185 1737; x_wconf 88' lang='lat' dir='ltr'><strong>et</strong></span> <span class='ocrx_word' id='word_1_225' title='bbox 3212 1682 3313 1736; x_wconf 84' lang='lat' dir='ltr'><strong>hoc</strong></span> <span class='ocrx_word' id='word_1_226' title='bbox 3344 1682 3518 1747; x_wconf 88' lang='lat' dir='ltr'><strong>vobis,</strong></span> 
     </span>
    </p>
   </div>
   <div class='ocr_carea' id='block_1_34' title="bbox 1945 1768 3524 1848">
    <p class='ocr_par' dir='ltr' id='par_1_34' title="bbox 1945 1768 3524 1848">
     <span class='ocr_line' id='line_1_35' title="bbox 1945 1768 3524 1848; baseline 0.007 -27"><span class='ocrx_word' id='word_1_227' title='bbox 1945 1770 2081 1821; x_wconf 86' lang='lat' dir='ltr'><strong>sicut</strong></span> <span class='ocrx_word' id='word_1_228' title='bbox 2101 1768 2361 1848; x_wconf 79' lang='lat' dir='ltr'><strong>arbitror,</strong></span> <span class='ocrx_word' id='word_1_229' title='bbox 2401 1768 2637 1827; x_wconf 86' lang='lat' dir='ltr'><strong>intimari</strong></span> <span class='ocrx_word' id='word_1_230' title='bbox 2664 1789 2679 1826; x_wconf 88' lang='lat'><strong>:</strong></span> <span class='ocrx_word' id='word_1_231' title='bbox 2708 1774 2832 1844; x_wconf 86' lang='lat' dir='ltr'><strong>quia</strong></span> <span class='ocrx_word' id='word_1_232' title='bbox 2864 1773 3001 1843; x_wconf 81' lang='lat' dir='ltr'><strong>idem</strong></span> <span class='ocrx_word' id='word_1_233' title='bbox 3035 1777 3303 1848; x_wconf 81' lang='lat' dir='ltr'><strong>Eutyches</strong></span> <span class='ocrx_word' id='word_1_234' title='bbox 3334 1791 3524 1845; x_wconf 86' lang='lat' dir='ltr'><strong>passus</strong></span> 
     </span>
    </p>
   </div>
   <div class='ocr_carea' id='block_1_35' title="bbox 245 1844 3528 1937">
    <p class='ocr_par' dir='ltr' id='par_1_35' title="bbox 245 1844 3528 1937">
     <span class='ocr_line' id='line_1_36' title="bbox 245 1844 3528 1937; baseline 0.002 -18"><span class='ocrx_word' id='word_1_235' title='bbox 245 1866 532 1921; x_wconf 83' lang='lat' dir='ltr'><strong>cussiones</strong></span> <span class='ocrx_word' id='word_1_236' title='bbox 572 1880 750 1921; x_wconf 79' lang='lat' dir='ltr'><strong>rerum</strong></span> <span class='ocrx_word' id='word_1_237' title='bbox 795 1864 1003 1935; x_wconf 72' lang='lat' dir='ltr'><strong>integra</strong></span> <span class='ocrx_word' id='word_1_238' title='bbox 1037 1867 1153 1919; x_wconf 58' lang='lat' dir='ltr'><strong>hate</strong></span> <span class='ocrx_word' id='word_1_239' title='bbox 1180 1873 1234 1919; x_wconf 88' lang='lat' dir='ltr'><strong>et</strong></span> <span class='ocrx_word' id='word_1_240' title='bbox 1275 1860 1525 1917; x_wconf 86' lang='lat' dir='ltr'><strong>inviolata</strong></span> <span class='ocrx_word' id='word_1_241' title='bbox 1553 1870 1837 1917; x_wconf 75' lang='lat' dir='ltr'><strong>serventur</strong></span> <span class='ocrx_word' id='word_1_242' title='bbox 1865 1878 1913 1937; x_wconf 74' lang='grc' dir='ltr'><strong>Β</strong></span> <span class='ocrx_word' id='word_1_243' title='bbox 1936 1844 2137 1927; x_wconf 87' lang='lat' dir='ltr'><strong>justam</strong></span> <span class='ocrx_word' id='word_1_244' title='bbox 2172 1861 2591 1931; x_wconf 83' lang='lat' dir='ltr'><strong>canonicainque</strong></span> <span class='ocrx_word' id='word_1_245' title='bbox 2632 1864 3054 1933; x_wconf 86' lang='lat' dir='ltr'><strong>damnationem,</strong></span> <span class='ocrx_word' id='word_1_246' title='bbox 3098 1844 3220 1923; x_wconf 80' lang='lat' dir='ltr'><strong>cum</strong></span> <span class='ocrx_word' id='word_1_247' title='bbox 3252 1868 3528 1924; x_wconf 87' lang='lat' dir='ltr'><strong>debuisset</strong></span> 
     </span>
    </p>
   </div>
   <div class='ocr_carea' id='block_1_36' title="bbox 244 1953 1835 2025">
    <p class='ocr_par' dir='ltr' id='par_1_36' title="bbox 244 1953 1835 2025">
     <span class='ocr_line' id='line_1_37' title="bbox 244 1953 1835 2025; baseline -0.004 -13"><span class='ocrx_word' id='word_1_248' title='bbox 244 1968 300 2012; x_wconf 85' lang='lat' dir='ltr'><strong>et</strong></span> <span class='ocrx_word' id='word_1_249' title='bbox 321 1957 720 2012; x_wconf 81' lang='lat' dir='ltr'><strong>custodiantur.</strong></span> <span class='ocrx_word' id='word_1_250' title='bbox 748 1956 1122 2012; x_wconf 75' lang='lat' dir='ltr'><strong>Necessarium</strong></span> <span class='ocrx_word' id='word_1_251' title='bbox 1152 1957 1332 2025; x_wconf 87' lang='lat' dir='ltr'><strong>itaque</strong></span> <span class='ocrx_word' id='word_1_252' title='bbox 1358 1956 1458 2009; x_wconf 79' lang='lat' dir='ltr'><strong>{nit</strong></span> <span class='ocrx_word' id='word_1_253' title='bbox 1486 1969 1647 2019; x_wconf 90' lang='lat' dir='ltr'><strong>nunc,</strong></span> <span class='ocrx_word' id='word_1_254' title='bbox 1673 1953 1835 2008; x_wconf 85' lang='lat' dir='ltr'><strong>etiam</strong></span> 
     </span>
    </p>
   </div>
   <div class='ocr_carea' id='block_1_37' title="bbox 248 2041 1839 2109">
    <p class='ocr_par' dir='ltr' id='par_1_37' title="bbox 248 2041 1839 2109">
     <span class='ocr_line' id='line_1_38' title="bbox 248 2041 1839 2109; baseline -0.001 -10"><span class='ocrx_word' id='word_1_255' title='bbox 248 2049 497 2103; x_wconf 68' lang='lat' dir='ltr'><strong>videntes</strong></span> <span class='ocrx_word' id='word_1_256' title='bbox 542 2062 640 2102; x_wconf 78' lang='lat' dir='ltr'><strong>nos</strong></span> <span class='ocrx_word' id='word_1_257' title='bbox 687 2048 806 2103; x_wconf 56' lang='lat' dir='ltr'><strong>laedi</strong></span> <span class='ocrx_word' id='word_1_258' title='bbox 857 2046 1209 2102; x_wconf 77' lang='lat' dir='ltr'><strong>orthodoxam</strong></span> <span class='ocrx_word' id='word_1_259' title='bbox 1255 2041 1436 2109; x_wconf 79' lang='lat' dir='ltr'><strong>fidem,</strong></span> <span class='ocrx_word' id='word_1_260' title='bbox 1488 2056 1544 2100; x_wconf 90' lang='lat' dir='ltr'><strong>et</strong></span> <span class='ocrx_word' id='word_1_261' title='bbox 1592 2043 1839 2099; x_wconf 80' lang='lat' dir='ltr'><strong>renavari</strong></span> 
     </span>
    </p>
   </div>
   <div class='ocr_carea' id='block_1_38' title="bbox 249 2137 1836 2209">
    <p class='ocr_par' dir='ltr' id='par_1_38' title="bbox 249 2137 1836 2209">
     <span class='ocr_line' id='line_1_39' title="bbox 249 2137 1836 2209; baseline -0.003 -14"><span class='ocrx_word' id='word_1_262' title='bbox 249 2140 578 2208; x_wconf 84' lang='lat' dir='ltr'><strong>Apollinaris</strong></span> <span class='ocrx_word' id='word_1_263' title='bbox 595 2148 652 2194; x_wconf 89' lang='lat' dir='ltr'><strong>et</strong></span> <span class='ocrx_word' id='word_1_264' title='bbox 666 2138 937 2193; x_wconf 86' lang='lat' dir='ltr'><strong>Valentini</strong></span> <span class='ocrx_word' id='word_1_265' title='bbox 961 2140 1195 2194; x_wconf 68' lang='lat' dir='ltr'><strong>haereses</strong></span> <span class='ocrx_word' id='word_1_266' title='bbox 1214 2141 1280 2193; x_wconf 89' lang='lat' dir='ltr'><strong>ab</strong></span> <span class='ocrx_word' id='word_1_267' title='bbox 1296 2138 1533 2209; x_wconf 82' lang='lat' dir='ltr'><strong>Eutyche</strong></span> <span class='ocrx_word' id='word_1_268' title='bbox 1552 2137 1836 2202; x_wconf 70' lang='lat' dir='ltr'><strong>monacho,</strong></span> 
     </span>
    </p>
   </div>
   <div class='ocr_carea' id='block_1_39' title="bbox 248 2230 1839 2301">
    <p class='ocr_par' dir='ltr' id='par_1_39' title="bbox 248 2230 1839 2301">
     <span class='ocr_line' id='line_1_40' title="bbox 248 2230 1839 2301; baseline -0.001 -16"><span class='ocrx_word' id='word_1_269' title='bbox 248 2248 356 2286; x_wconf 91' lang='lat' dir='ltr'><strong>nou</strong></span> <span class='ocrx_word' id='word_1_270' title='bbox 409 2233 512 2287; x_wconf 90' lang='lat' dir='ltr'><strong>hoc</strong></span> <span class='ocrx_word' id='word_1_271' title='bbox 547 2232 847 2301; x_wconf 87' lang='lat' dir='ltr'><strong>despicere,</strong></span> <span class='ocrx_word' id='word_1_272' title='bbox 892 2232 988 2287; x_wconf 89' lang='lat' dir='ltr'><strong>sed</strong></span> <span class='ocrx_word' id='word_1_273' title='bbox 1040 2233 1092 2286; x_wconf 92' lang='lat' dir='ltr'><strong>in</strong></span> <span class='ocrx_word' id='word_1_274' title='bbox 1139 2242 1326 2301; x_wconf 89' lang='lat' dir='ltr'><strong>aperto</strong></span> <span class='ocrx_word' id='word_1_275' title='bbox 1355 2230 1456 2286; x_wconf 87' lang='lat' dir='ltr'><strong>hoc</strong></span> <span class='ocrx_word' id='word_1_276' title='bbox 1498 2246 1593 2300; x_wconf 89' lang='lat' dir='ltr'><strong>pro</strong></span> <span class='ocrx_word' id='word_1_277' title='bbox 1632 2230 1839 2284; x_wconf 88' lang='lat' dir='ltr'><strong>cautela</strong></span> 
     </span>
    </p>
   </div>
   <div class='ocr_carea' id='block_1_40' title="bbox 249 2321 1841 2393">
    <p class='ocr_par' dir='ltr' id='par_1_40' title="bbox 249 2321 1841 2393">
     <span class='ocr_line' id='line_1_41' title="bbox 249 2321 1841 2393; baseline 0 -19"><span class='ocrx_word' id='word_1_278' title='bbox 249 2324 432 2393; x_wconf 74' lang='lat' dir='ltr'><strong>populi</strong></span> <span class='ocrx_word' id='word_1_279' title='bbox 469 2325 729 2378; x_wconf 80' lang='lat' dir='ltr'><strong>revelare.</strong></span> <span class='ocrx_word' id='word_1_280' title='bbox 776 2323 882 2377; x_wconf 86' lang='lat' dir='ltr'><strong>iste</strong></span> <span class='ocrx_word' id='word_1_281' title='bbox 926 2324 1093 2389; x_wconf 91' lang='lat' dir='ltr'><strong>enim,</strong></span> <span class='ocrx_word' id='word_1_282' title='bbox 1118 2321 1144 2360; x_wconf 69' lang='grc' dir='ltr'>δ</span> <span class='ocrx_word' id='word_1_283' title='bbox 1182 2324 1285 2376; x_wconf 89' lang='lat' dir='ltr'><strong>iste</strong></span> <span class='ocrx_word' id='word_1_284' title='bbox 1316 2321 1585 2391; x_wconf 83' lang='lat' dir='ltr'><strong>Eutyches</strong></span> <span class='ocrx_word' id='word_1_285' title='bbox 1612 2324 1841 2375; x_wconf 88' lang='lat' dir='ltr'><strong>abscon-</strong></span> 
     </span>
    </p>
   </div>
   <div class='ocr_carea' id='block_1_41' title="bbox 247 2411 1841 2482">
    <p class='ocr_par' dir='ltr' id='par_1_41' title="bbox 247 2411 1841 2482">
     <span class='ocr_line' id='line_1_42' title="bbox 247 2411 1841 2482; baseline -0.001 -14"><span class='ocrx_word' id='word_1_286' title='bbox 247 2415 422 2469; x_wconf 85' lang='lat' dir='ltr'><strong>ditum</strong></span> <span class='ocrx_word' id='word_1_287' title='bbox 450 2415 504 2469; x_wconf 88' lang='lat' dir='ltr'><strong>in</strong></span> <span class='ocrx_word' id='word_1_288' title='bbox 526 2428 584 2469; x_wconf 82' lang='lat' dir='ltr'><strong>se</strong></span> <span class='ocrx_word' id='word_1_289' title='bbox 604 2415 915 2482; x_wconf 77' lang='lat' dir='ltr'><strong>languorem</strong></span> <span class='ocrx_word' id='word_1_290' title='bbox 943 2414 1096 2467; x_wconf 72' lang='lat' dir='ltr'><strong>mala:</strong></span> <span class='ocrx_word' id='word_1_291' title='bbox 1122 2423 1286 2469; x_wconf 63' lang='lat' dir='ltr'><strong>seetse</strong></span> <span class='ocrx_word' id='word_1_292' title='bbox 1312 2415 1574 2478; x_wconf 81' lang='lat' dir='ltr'><strong>retinens,</strong></span> <span class='ocrx_word' id='word_1_293' title='bbox 1599 2411 1841 2467; x_wconf 86' lang='lat' dir='ltr'><strong>insiliens</strong></span> 
     </span>
    </p>
   </div>
   <div class='ocr_carea' id='block_1_42' title="bbox 240 2507 1839 2577">
    <p class='ocr_par' dir='ltr' id='par_1_42' title="bbox 240 2507 1839 2577">
     <span class='ocr_line' id='line_1_43' title="bbox 240 2507 1839 2577; baseline -0.001 -14"><span class='ocrx_word' id='word_1_294' title='bbox 240 2520 455 2563; x_wconf 62' lang='lat' dir='ltr'><strong>nostra</strong></span> <span class='ocrx_word' id='word_1_295' title='bbox 480 2508 903 2575; x_wconf 82' lang='lat' dir='ltr'><strong>mansuetudini,</strong></span> <span class='ocrx_word' id='word_1_296' title='bbox 948 2508 1310 2563; x_wconf 85' lang='lat' dir='ltr'><strong>inverecunde</strong></span> <span class='ocrx_word' id='word_1_297' title='bbox 1337 2516 1395 2563; x_wconf 86' lang='lat' dir='ltr'><strong>et</strong></span> <span class='ocrx_word' id='word_1_298' title='bbox 1418 2507 1756 2577; x_wconf 84' lang='lat' dir='ltr'><strong>impudenter</strong></span> <span class='ocrx_word' id='word_1_299' title='bbox 1786 2508 1839 2561; x_wconf 93' lang='lat' dir='ltr'><strong>in</strong></span> 
     </span>
    </p>
   </div>
   <div class='ocr_carea' id='block_1_43' title="bbox 248 2596 1840 2668">
    <p class='ocr_par' dir='ltr' id='par_1_43' title="bbox 248 2596 1840 2668">
     <span class='ocr_line' id='line_1_44' title="bbox 248 2596 1840 2668; baseline -0.001 -16"><span class='ocrx_word' id='word_1_300' title='bbox 248 2598 452 2652; x_wconf 86' lang='lat' dir='ltr'><strong>mullos</strong></span> <span class='ocrx_word' id='word_1_301' title='bbox 479 2596 807 2667; x_wconf 89' lang='lat' dir='ltr'><strong>impietatem</strong></span> <span class='ocrx_word' id='word_1_302' title='bbox 852 2598 1122 2667; x_wconf 87' lang='lat' dir='ltr'><strong>propriam</strong></span> <span class='ocrx_word' id='word_1_303' title='bbox 1149 2598 1489 2668; x_wconf 67' lang='lat' dir='ltr'><strong>praesumpsit</strong></span> <span class='ocrx_word' id='word_1_304' title='bbox 1518 2598 1734 2661; x_wconf 76' lang='lat' dir='ltr'><strong>inferre,</strong></span> <span class='ocrx_word' id='word_1_305' title='bbox 1760 2596 1840 2651; x_wconf 90' lang='lat' dir='ltr'><strong>di-</strong></span> 
     </span>
    </p>
   </div>
   <div class='ocr_carea' id='block_1_44' title="bbox 250 2686 1841 2765">
    <p class='ocr_par' dir='ltr' id='par_1_44' title="bbox 250 2686 1841 2765">
     <span class='ocr_line' id='line_1_45' title="bbox 250 2686 1841 2765; baseline 0 -18"><span class='ocrx_word' id='word_1_306' title='bbox 250 2686 385 2747; x_wconf 85' lang='lat' dir='ltr'><strong>cens</strong></span> <span class='ocrx_word' id='word_1_307' title='bbox 416 2693 582 2747; x_wconf 82' lang='lat' dir='ltr'><strong>:Ante</strong></span> <span class='ocrx_word' id='word_1_308' title='bbox 608 2691 1080 2746; x_wconf 82' lang='lat' dir='ltr'><strong>inhumanationem</strong></span> <span class='ocrx_word' id='word_1_309' title='bbox 1123 2692 1325 2765; x_wconf 84' lang='lat' dir='ltr'><strong>quidem</strong></span> <span class='ocrx_word' id='word_1_310' title='bbox 1355 2692 1640 2748; x_wconf 80' lang='lat' dir='ltr'><strong>Saluatoris</strong></span> <span class='ocrx_word' id='word_1_311' title='bbox 1676 2693 1841 2747; x_wconf 78' lang='lat' dir='ltr'><strong>nostri</strong></span> 
     </span>
    </p>
   </div>
   <div class='ocr_carea' id='block_1_45' title="bbox 247 2782 1840 2851">
    <p class='ocr_par' dir='ltr' id='par_1_45' title="bbox 247 2782 1840 2851">
     <span class='ocr_line' id='line_1_46' title="bbox 247 2782 1840 2851; baseline -0.001 -13"><span class='ocrx_word' id='word_1_312' title='bbox 247 2784 385 2839; x_wconf 65' lang='grc' dir='ltr'><strong>λεια</strong></span> <span class='ocrx_word' id='word_1_313' title='bbox 416 2783 603 2851; x_wconf 72' lang='lat' dir='ltr'><strong>Christi</strong></span> <span class='ocrx_word' id='word_1_314' title='bbox 646 2784 778 2839; x_wconf 83' lang='lat' dir='ltr'><strong>duas</strong></span> <span class='ocrx_word' id='word_1_315' title='bbox 806 2794 1023 2841; x_wconf 87' lang='lat' dir='ltr'><strong>naturas</strong></span> <span class='ocrx_word' id='word_1_316' title='bbox 1058 2800 1181 2849; x_wconf 86' lang='lat' dir='ltr'><strong>esse,</strong></span> <span class='ocrx_word' id='word_1_317' title='bbox 1208 2782 1489 2836; x_wconf 76' lang='lat' dir='ltr'><strong>diuinitatis</strong></span> <span class='ocrx_word' id='word_1_318' title='bbox 1519 2794 1566 2835; x_wconf 88' lang='lat' dir='ltr'><strong>et</strong></span> <span class='ocrx_word' id='word_1_319' title='bbox 1600 2783 1840 2837; x_wconf 82' lang='lat' dir='ltr'><strong>humani-</strong></span> 
     </span>
    </p>
   </div>
   <div class='ocr_carea' id='block_1_46' title="bbox 248 2877 1842 2948">
    <p class='ocr_par' dir='ltr' id='par_1_46' title="bbox 248 2877 1842 2948">
     <span class='ocr_line' id='line_1_47' title="bbox 248 2877 1842 2948; baseline -0.001 -17"><span class='ocrx_word' id='word_1_320' title='bbox 248 2879 410 2943; x_wconf 83' lang='lat' dir='ltr'><strong>tatis;</strong></span> <span class='ocrx_word' id='word_1_321' title='bbox 433 2887 455 2915; x_wconf 75' lang='grc' dir='ltr'><strong>ο</strong></span> <span class='ocrx_word' id='word_1_322' title='bbox 482 2887 592 2948; x_wconf 80' lang='lat' dir='ltr'><strong>post</strong></span> <span class='ocrx_word' id='word_1_323' title='bbox 614 2877 862 2930; x_wconf 86' lang='lat' dir='ltr'><strong>unitatem</strong></span> <span class='ocrx_word' id='word_1_324' title='bbox 888 2892 1023 2944; x_wconf 89' lang='lat' dir='ltr'><strong>vero,</strong></span> <span class='ocrx_word' id='word_1_325' title='bbox 1055 2892 1210 2929; x_wconf 88' lang='lat' dir='ltr'><strong>unam</strong></span> <span class='ocrx_word' id='word_1_326' title='bbox 1232 2888 1468 2929; x_wconf 86' lang='lat' dir='ltr'><strong>naturam</strong></span> <span class='ocrx_word' id='word_1_327' title='bbox 1496 2880 1685 2945; x_wconf 78' lang='lat' dir='ltr'><strong>factam</strong></span> <span class='ocrx_word' id='word_1_328' title='bbox 1707 2890 1726 2941; x_wconf 79' lang='lat'><strong>,°</strong></span> <span class='ocrx_word' id='word_1_329' title='bbox 1750 2880 1842 2930; x_wconf 87' lang='lat' dir='ltr'><strong>&#39;ne-</strong></span> 
     </span>
    </p>
   </div>
   <div class='ocr_carea' id='block_1_47' title="bbox 246 2970 1839 3042">
    <p class='ocr_par' dir='ltr' id='par_1_47' title="bbox 246 2970 1839 3042">
     <span class='ocr_line' id='line_1_48' title="bbox 246 2970 1839 3042; baseline -0.001 -16"><span class='ocrx_word' id='word_1_330' title='bbox 246 2988 365 3042; x_wconf 78' lang='lat' dir='ltr'><strong>que</strong></span> <span class='ocrx_word' id='word_1_331' title='bbox 406 2974 581 3027; x_wconf 87' lang='lat' dir='ltr'><strong>sciens</strong></span> <span class='ocrx_word' id='word_1_332' title='bbox 621 2972 760 3042; x_wconf 91' lang='lat' dir='ltr'><strong>quod</strong></span> <span class='ocrx_word' id='word_1_333' title='bbox 802 2972 952 3038; x_wconf 88' lang='lat' dir='ltr'><strong>dicit,</strong></span> <span class='ocrx_word' id='word_1_334' title='bbox 1000 2986 1173 3040; x_wconf 91' lang='lat' dir='ltr'><strong>neque</strong></span> <span class='ocrx_word' id='word_1_335' title='bbox 1220 2970 1287 3025; x_wconf 90' lang='lat' dir='ltr'><strong>de</strong></span> <span class='ocrx_word' id='word_1_336' title='bbox 1339 2972 1532 3039; x_wconf 86' lang='lat' dir='ltr'><strong>quibus</strong></span> <span class='ocrx_word' id='word_1_337' title='bbox 1583 2970 1839 3025; x_wconf 80' lang='lat' dir='ltr'><strong>affirmat.</strong></span> 
     </span>
    </p>
   </div>
   <div class='ocr_carea' id='block_1_48' title="bbox 234 3060 1839 3133">
    <p class='ocr_par' dir='ltr' id='par_1_48' title="bbox 234 3060 1839 3133">
     <span class='ocr_line' id='line_1_49' title="bbox 234 3060 1839 3133; baseline -0.003 -13"><span class='ocrx_word' id='word_1_338' title='bbox 234 3060 441 3133; x_wconf 55' lang='lat' dir='ltr'><strong>Nam:</strong></span> <span class='ocrx_word' id='word_1_339' title='bbox 471 3064 613 3119; x_wconf 90' lang='lat' dir='ltr'><strong>enim</strong></span> <span class='ocrx_word' id='word_1_340' title='bbox 639 3066 812 3117; x_wconf 90' lang='lat' dir='ltr'><strong>unitas</strong></span> <span class='ocrx_word' id='word_1_341' title='bbox 837 3063 1274 3117; x_wconf 75' lang='lat' dir='ltr'><strong>ccitveriientinm</strong></span> <span class='ocrx_word' id='word_1_342' title='bbox 1301 3062 1353 3115; x_wconf 92' lang='lat' dir='ltr'><strong>in</strong></span> <span class='ocrx_word' id='word_1_343' title='bbox 1377 3061 1592 3115; x_wconf 83' lang='lat' dir='ltr'><strong>Christo</strong></span> <span class='ocrx_word' id='word_1_344' title='bbox 1615 3063 1839 3115; x_wconf 89' lang='lat' dir='ltr'><strong>duarum</strong></span> 
     </span>
    </p>
   </div>
   <div class='ocr_carea' id='block_1_49' title="bbox 241 3152 1837 3225">
    <p class='ocr_par' dir='ltr' id='par_1_49' title="bbox 241 3152 1837 3225">
     <span class='ocr_line' id='line_1_50' title="bbox 241 3152 1837 3225; baseline -0.002 -13"><span class='ocrx_word' id='word_1_345' title='bbox 241 3168 588 3219; x_wconf 84' lang='lat' dir='ltr'><strong>naturarum,</strong></span> <span class='ocrx_word' id='word_1_346' title='bbox 622 3152 649 3193; x_wconf 74' lang='grc' dir='ltr'><em>ά</em></span> <span class='ocrx_word' id='word_1_347' title='bbox 679 3158 815 3211; x_wconf 89' lang='lat' dir='ltr'><strong>sicut</strong></span> <span class='ocrx_word' id='word_1_348' title='bbox 835 3165 889 3211; x_wconf 89' lang='lat' dir='ltr'><strong>et</strong></span> <span class='ocrx_word' id='word_1_349' title='bbox 932 3164 1115 3210; x_wconf 89' lang='lat' dir='ltr'><strong>vestra</strong></span> <span class='ocrx_word' id='word_1_350' title='bbox 1146 3156 1467 3225; x_wconf 80' lang='lat' dir='ltr'><strong>religiositas</strong></span> <span class='ocrx_word' id='word_1_351' title='bbox 1510 3155 1678 3219; x_wconf 86' lang='lat' dir='ltr'><strong>novit,</strong></span> <span class='ocrx_word' id='word_1_352' title='bbox 1711 3168 1837 3224; x_wconf 88' lang='lat' dir='ltr'><strong>pro-</strong></span> 
     </span>
    </p>
   </div>
   <div class='ocr_carea' id='block_1_50' title="bbox 1941 1952 3525 2028">
    <p class='ocr_par' dir='ltr' id='par_1_50' title="bbox 1941 1952 3525 2028">
     <span class='ocr_line' id='line_1_51' title="bbox 1941 1952 3525 2028; baseline 0.006 -24"><span class='ocrx_word' id='word_1_353' title='bbox 1941 1952 2192 2006; x_wconf 82' lang='lat' dir='ltr'><strong>secundis</strong></span> <span class='ocrx_word' id='word_1_354' title='bbox 2210 1952 2421 2015; x_wconf 67' lang='lat' dir='ltr'><strong>salvere</strong></span> <span class='ocrx_word' id='word_1_355' title='bbox 2440 1954 2641 2023; x_wconf 85' lang='lat' dir='ltr'><strong>priora,</strong></span> <span class='ocrx_word' id='word_1_356' title='bbox 2658 1961 2713 2009; x_wconf 78' lang='lat' dir='ltr'><strong>et</strong></span> <span class='ocrx_word' id='word_1_357' title='bbox 2735 1971 2832 2025; x_wconf 89' lang='lat' dir='ltr'><strong>per</strong></span> <span class='ocrx_word' id='word_1_358' title='bbox 2848 1958 3215 2025; x_wconf 75' lang='lat' dir='ltr'><strong>pmnitentiam</strong></span> <span class='ocrx_word' id='word_1_359' title='bbox 3232 1960 3525 2028; x_wconf 77' lang='lat' dir='ltr'><strong>perfectam</strong></span> 
     </span>
    </p>
   </div>
   <div class='ocr_carea' id='block_1_51' title="bbox 1942 2042 3527 2120">
    <p class='ocr_par' dir='ltr' id='par_1_51' title="bbox 1942 2042 3527 2120">
     <span class='ocr_line' id='line_1_52' title="bbox 1942 2042 3527 2120; baseline 0.006 -26"><span class='ocrx_word' id='word_1_360' title='bbox 1942 2042 2243 2112; x_wconf 89' lang='lat' dir='ltr'><strong>multasque</strong></span> <span class='ocrx_word' id='word_1_361' title='bbox 2286 2043 2554 2116; x_wconf 87' lang='lat' dir='ltr'><strong>lacrymas</strong></span> <span class='ocrx_word' id='word_1_362' title='bbox 2588 2045 2804 2115; x_wconf 89' lang='lat' dir='ltr'><strong>placare</strong></span> <span class='ocrx_word' id='word_1_363' title='bbox 2836 2047 3022 2113; x_wconf 89' lang='lat' dir='ltr'><strong>Deum,</strong></span> <span class='ocrx_word' id='word_1_364' title='bbox 3056 2061 3406 2120; x_wconf 90' lang='lat' dir='ltr'><strong>nostrumque</strong></span> <span class='ocrx_word' id='word_1_365' title='bbox 3433 2066 3527 2106; x_wconf 88' lang='lat' dir='ltr'><strong>cor</strong></span> 
     </span>
    </p>
   </div>
   <div class='ocr_carea' id='block_1_52' title="bbox 1940 2136 3529 2211">
    <p class='ocr_par' dir='ltr' id='par_1_52' title="bbox 1940 2136 3529 2211">
     <span class='ocr_line' id='line_1_53' title="bbox 1940 2136 3529 2211; baseline 0.005 -23"><span class='ocrx_word' id='word_1_366' title='bbox 1940 2136 2290 2190; x_wconf 78' lang='lat' dir='ltr'><strong>vehementer</strong></span> <span class='ocrx_word' id='word_1_367' title='bbox 2332 2138 2709 2192; x_wconf 84' lang='lat' dir='ltr'><strong>eontristatnm</strong></span> <span class='ocrx_word' id='word_1_368' title='bbox 2750 2139 2804 2193; x_wconf 86' lang='lat' dir='ltr'><strong>in</strong></span> <span class='ocrx_word' id='word_1_369' title='bbox 2836 2141 2952 2208; x_wconf 89' lang='lat' dir='ltr'><strong>ejus</strong></span> <span class='ocrx_word' id='word_1_370' title='bbox 2996 2142 3170 2208; x_wconf 84' lang='lat' dir='ltr'><strong>ruina,</strong></span> <span class='ocrx_word' id='word_1_371' title='bbox 3221 2155 3318 2211; x_wconf 87' lang='lat' dir='ltr'><strong>per</strong></span> <span class='ocrx_word' id='word_1_372' title='bbox 3342 2156 3529 2196; x_wconf 81' lang='lat' dir='ltr'><strong>veram</strong></span> 
     </span>
    </p>
   </div>
   <div class='ocr_carea' id='block_1_53' title="bbox 1940 2229 3527 2297">
    <p class='ocr_par' dir='ltr' id='par_1_53' title="bbox 1940 2229 3527 2297">
     <span class='ocr_line' id='line_1_54' title="bbox 1940 2229 3527 2297; baseline 0.004 -15"><span class='ocrx_word' id='word_1_373' title='bbox 1940 2242 2135 2282; x_wconf 83' lang='lat' dir='ltr'><strong>sanare</strong></span> <span class='ocrx_word' id='word_1_374' title='bbox 2173 2229 2545 2297; x_wconf 75' lang='lat' dir='ltr'><strong>pmnitentiam</strong></span> <span class='ocrx_word' id='word_1_375' title='bbox 2583 2247 2597 2284; x_wconf 89' lang='lat'><strong>:</strong></span> <span class='ocrx_word' id='word_1_376' title='bbox 2628 2246 2736 2284; x_wconf 90' lang='lat' dir='ltr'><strong>non</strong></span> <span class='ocrx_word' id='word_1_377' title='bbox 2775 2233 2948 2286; x_wconf 90' lang='lat' dir='ltr'><strong>solum</strong></span> <span class='ocrx_word' id='word_1_378' title='bbox 2982 2233 3085 2287; x_wconf 86' lang='lat' dir='ltr'><strong>hoc</strong></span> <span class='ocrx_word' id='word_1_379' title='bbox 3117 2248 3221 2287; x_wconf 89' lang='lat' dir='ltr'><strong>non</strong></span> <span class='ocrx_word' id='word_1_380' title='bbox 3261 2234 3404 2296; x_wconf 86' lang='lat' dir='ltr'><strong>fecit,</strong></span> <span class='ocrx_word' id='word_1_381' title='bbox 3435 2235 3527 2289; x_wconf 87' lang='lat' dir='ltr'><strong>sed</strong></span> 
     </span>
    </p>
   </div>
   <div class='ocr_carea' id='block_1_54' title="bbox 1942 2321 3529 2395">
    <p class='ocr_par' dir='ltr' id='par_1_54' title="bbox 1942 2321 3529 2395">
     <span class='ocr_line' id='line_1_55' title="bbox 1942 2321 3529 2395; baseline 0 -20"><span class='ocrx_word' id='word_1_382' title='bbox 1942 2321 2102 2375; x_wconf 89' lang='lat' dir='ltr'><strong>etiam</strong></span> <span class='ocrx_word' id='word_1_383' title='bbox 2134 2336 2227 2389; x_wconf 87' lang='lat' dir='ltr'><strong>per</strong></span> <span class='ocrx_word' id='word_1_384' title='bbox 2256 2324 2436 2376; x_wconf 89' lang='lat' dir='ltr'><strong>omnia</strong></span> <span class='ocrx_word' id='word_1_385' title='bbox 2475 2325 2802 2379; x_wconf 89' lang='lat' dir='ltr'><strong>conturbare</strong></span> <span class='ocrx_word' id='word_1_386' title='bbox 2840 2333 3080 2379; x_wconf 85' lang='lat' dir='ltr'><strong>sanctam</strong></span> <span class='ocrx_word' id='word_1_387' title='bbox 3110 2340 3227 2395; x_wconf 60' lang='lat' dir='ltr'><strong>quae</strong></span> <span class='ocrx_word' id='word_1_388' title='bbox 3258 2325 3399 2394; x_wconf 86' lang='lat' dir='ltr'><strong>apud</strong></span> <span class='ocrx_word' id='word_1_389' title='bbox 3433 2338 3529 2377; x_wconf 85' lang='lat' dir='ltr'><strong>nos</strong></span> 
     </span>
    </p>
   </div>
   <div class='ocr_carea' id='block_1_55' title="bbox 1943 2412 3528 2485">
    <p class='ocr_par' dir='ltr' id='par_1_55' title="bbox 1943 2412 3528 2485">
     <span class='ocr_line' id='line_1_56' title="bbox 1943 2412 3528 2485; baseline 0.001 -17"><span class='ocrx_word' id='word_1_390' title='bbox 1943 2422 2030 2468; x_wconf 89' lang='lat' dir='ltr'><strong>est</strong></span> <span class='ocrx_word' id='word_1_391' title='bbox 2077 2412 2371 2468; x_wconf 85' lang='lat' dir='ltr'><strong>Ecclesiam</strong></span> <span class='ocrx_word' id='word_1_392' title='bbox 2419 2414 2710 2482; x_wconf 72' lang='lat' dir='ltr'><strong>festinavit,</strong></span> <span class='ocrx_word' id='word_1_393' title='bbox 2768 2417 3164 2485; x_wconf 88' lang='lat' dir='ltr'><strong>propositiones</strong></span> <span class='ocrx_word' id='word_1_394' title='bbox 3213 2417 3528 2485; x_wconf 75' lang='lat' dir='ltr'><strong>iniuriarum</strong></span> 
     </span>
    </p>
   </div>
   <div class='ocr_carea' id='block_1_56' title="bbox 1944 2506 3531 2578">
    <p class='ocr_par' dir='ltr' id='par_1_56' title="bbox 1944 2506 3531 2578">
     <span class='ocr_line' id='line_1_57' title="bbox 1944 2506 3531 2578; baseline 0.002 -18"><span class='ocrx_word' id='word_1_395' title='bbox 1944 2506 2157 2576; x_wconf 69' lang='lat' dir='ltr'><strong>publice</strong></span> <span class='ocrx_word' id='word_1_396' title='bbox 2186 2521 2391 2575; x_wconf 82' lang='lat' dir='ltr'><strong>ponens</strong></span> <span class='ocrx_word' id='word_1_397' title='bbox 2420 2517 2474 2562; x_wconf 89' lang='lat' dir='ltr'><strong>et</strong></span> <span class='ocrx_word' id='word_1_398' title='bbox 2498 2508 2962 2563; x_wconf 89' lang='lat' dir='ltr'><strong>maledictionibus</strong></span> <span class='ocrx_word' id='word_1_399' title='bbox 2986 2510 3197 2577; x_wconf 87' lang='lat' dir='ltr'><strong>plenas;</strong></span> <span class='ocrx_word' id='word_1_400' title='bbox 3230 2524 3393 2578; x_wconf 89' lang='lat' dir='ltr'><strong>super</strong></span> <span class='ocrx_word' id='word_1_401' title='bbox 3414 2509 3531 2563; x_wconf 61' lang='lat' dir='ltr'><strong>haec</strong></span> 
     </span>
    </p>
   </div>
   <div class='ocr_carea' id='block_1_57' title="bbox 1942 2598 3532 2670">
    <p class='ocr_par' dir='ltr' id='par_1_57' title="bbox 1942 2598 3532 2670">
     <span class='ocr_line' id='line_1_58' title="bbox 1942 2598 3532 2670; baseline 0.001 -15"><span class='ocrx_word' id='word_1_402' title='bbox 1942 2611 1997 2655; x_wconf 87' lang='lat' dir='ltr'><strong>et</strong></span> <span class='ocrx_word' id='word_1_403' title='bbox 2051 2614 2237 2669; x_wconf 88' lang='lat' dir='ltr'><strong>preces</strong></span> <span class='ocrx_word' id='word_1_404' title='bbox 2283 2598 2516 2655; x_wconf 77' lang='lat' dir='ltr'><strong>offerens</strong></span> <span class='ocrx_word' id='word_1_405' title='bbox 2559 2598 2853 2670; x_wconf 69' lang='lat' dir='ltr'><strong>piissimoh</strong></span> <span class='ocrx_word' id='word_1_406' title='bbox 2903 2610 2957 2656; x_wconf 88' lang='lat' dir='ltr'><strong>ct</strong></span> <span class='ocrx_word' id='word_1_407' title='bbox 2979 2598 3178 2657; x_wconf 84' lang='lat' dir='ltr'><strong>Christi</strong></span> <span class='ocrx_word' id='word_1_408' title='bbox 3223 2602 3532 2657; x_wconf 80' lang='lat' dir='ltr'><strong>amantissi-</strong></span> 
     </span>
    </p>
   </div>
   <div class='ocr_carea' id='block_1_58' title="bbox 1944 2693 3532 2765">
    <p class='ocr_par' dir='ltr' id='par_1_58' title="bbox 1944 2693 3532 2765">
     <span class='ocr_line' id='line_1_59' title="bbox 1944 2693 3532 2765; baseline 0.001 -18"><span class='ocrx_word' id='word_1_409' title='bbox 1944 2709 2034 2747; x_wconf 92' lang='lat' dir='ltr'><strong>mo</strong></span> <span class='ocrx_word' id='word_1_410' title='bbox 2060 2702 2246 2747; x_wconf 91' lang='lat' dir='ltr'><strong>nostro</strong></span> <span class='ocrx_word' id='word_1_411' title='bbox 2275 2693 2607 2762; x_wconf 85' lang='lat' dir='ltr'><strong>imperatori,</strong></span> <span class='ocrx_word' id='word_1_412' title='bbox 2634 2703 2691 2748; x_wconf 89' lang='lat' dir='ltr'><strong>et</strong></span> <span class='ocrx_word' id='word_1_413' title='bbox 2719 2694 2936 2748; x_wconf 85' lang='lat' dir='ltr'><strong>easdem</strong></span> <span class='ocrx_word' id='word_1_414' title='bbox 2966 2694 3269 2763; x_wconf 74' lang='lat' dir='ltr'><strong>arrogantia</strong></span> <span class='ocrx_word' id='word_1_415' title='bbox 3298 2704 3355 2750; x_wconf 87' lang='lat' dir='ltr'><strong>et</strong></span> <span class='ocrx_word' id='word_1_416' title='bbox 3377 2704 3532 2765; x_wconf 90' lang='lat' dir='ltr'><strong>petu-</strong></span> 
     </span>
    </p>
   </div>
   <div class='ocr_carea' id='block_1_59' title="bbox 1944 2784 3529 2856">
    <p class='ocr_par' dir='ltr' id='par_1_59' title="bbox 1944 2784 3529 2856">
     <span class='ocr_line' id='line_1_60' title="bbox 1944 2784 3529 2856; baseline 0.001 -17"><span class='ocrx_word' id='word_1_417' title='bbox 1944 2784 2107 2839; x_wconf 91' lang='lat' dir='ltr'><strong>lantia</strong></span> <span class='ocrx_word' id='word_1_418' title='bbox 2135 2785 2341 2855; x_wconf 84' lang='lat' dir='ltr'><strong>plenas,</strong></span> <span class='ocrx_word' id='word_1_419' title='bbox 2393 2800 2491 2855; x_wconf 89' lang='lat' dir='ltr'><strong>per</strong></span> <span class='ocrx_word' id='word_1_420' title='bbox 2527 2786 2707 2841; x_wconf 89' lang='lat' dir='ltr'><strong>omnia</strong></span> <span class='ocrx_word' id='word_1_421' title='bbox 2732 2785 2941 2841; x_wconf 88' lang='lat' dir='ltr'><strong>divinas</strong></span> <span class='ocrx_word' id='word_1_422' title='bbox 2969 2786 3180 2856; x_wconf 81' lang='lat' dir='ltr'><strong>regulas</strong></span> <span class='ocrx_word' id='word_1_423' title='bbox 3208 2786 3529 2842; x_wconf 72' lang='lat' dir='ltr'><strong>canonicam</strong></span> 
     </span>
    </p>
   </div>
   <div class='ocr_carea' id='block_1_60' title="bbox 1943 2890 2191 2935">
    <p class='ocr_par' dir='ltr' id='par_1_60' title="bbox 1943 2890 2191 2935">
     <span class='ocr_line' id='line_1_61' title="bbox 1943 2890 2191 2935; baseline -0.004 0"><span class='ocrx_word' id='word_1_424' title='bbox 1943 2890 2191 2935; x_wconf 86' lang='lat' dir='ltr'><strong>c0natus.</strong></span> 
     </span>
    </p>
   </div>
   <div class='ocr_carea' id='block_1_61' title="bbox 2017 2970 3531 3039">
    <p class='ocr_par' dir='ltr' id='par_1_61' title="bbox 2017 2970 3531 3039">
     <span class='ocr_line' id='line_1_62' title="bbox 2017 2970 3531 3039; baseline -0.002 -10"><span class='ocrx_word' id='word_1_425' title='bbox 2017 2976 2146 3030; x_wconf 68' lang='lat' dir='ltr'><strong>Cn.</strong></span> <span class='ocrx_word' id='word_1_426' title='bbox 2173 2970 2259 3029; x_wconf 86' lang='lat' dir='ltr'><strong>Ill.</strong></span> <span class='ocrx_word' id='word_1_427' title='bbox 2297 3004 2369 3016; x_wconf 89' lang='lat'><strong><em>—</em></strong></span> <span class='ocrx_word' id='word_1_428' title='bbox 2404 2974 2512 3030; x_wconf 89' lang='lat' dir='ltr'><strong>Sed</strong></span> <span class='ocrx_word' id='word_1_429' title='bbox 2561 2974 2644 3028; x_wconf 92' lang='lat' dir='ltr'><strong>his</strong></span> <span class='ocrx_word' id='word_1_430' title='bbox 2691 2974 2760 3027; x_wconf 86' lang='lat' dir='ltr'><strong>ita</strong></span> <span class='ocrx_word' id='word_1_431' title='bbox 2796 2972 2814 3011; x_wconf 77' lang='grc' dir='ltr'>ί</span> <span class='ocrx_word' id='word_1_432' title='bbox 2862 2973 3086 3039; x_wconf 89' lang='lat' dir='ltr'><strong>secutis,</strong></span> <span class='ocrx_word' id='word_1_433' title='bbox 3131 2974 3325 3029; x_wconf 80' lang='lat' dir='ltr'><strong>litterae</strong></span> <span class='ocrx_word' id='word_1_434' title='bbox 3372 2975 3531 3031; x_wconf 76' lang='lat' dir='ltr'><strong>nobis</strong></span> 
     </span>
    </p>
   </div>
   <div class='ocr_carea' id='block_1_62' title="bbox 1945 3065 3531 3139">
    <p class='ocr_par' dir='ltr' id='par_1_62' title="bbox 1945 3065 3531 3139">
     <span class='ocr_line' id='line_1_63' title="bbox 1945 3065 3531 3139; baseline -0.003 -18"><span class='ocrx_word' id='word_1_435' title='bbox 1945 3066 2084 3121; x_wconf 70' lang='lat' dir='ltr'><strong>datae</strong></span> <span class='ocrx_word' id='word_1_436' title='bbox 2110 3074 2238 3122; x_wconf 89' lang='lat' dir='ltr'><strong>sunt</strong></span> <span class='ocrx_word' id='word_1_437' title='bbox 2280 3075 2474 3122; x_wconf 72' lang='lat' dir='ltr'><strong>vestrm</strong></span> <span class='ocrx_word' id='word_1_438' title='bbox 2502 3065 2804 3121; x_wconf 88' lang='lat' dir='ltr'><strong>sanctitatis</strong></span> <span class='ocrx_word' id='word_1_439' title='bbox 2838 3081 2931 3133; x_wconf 90' lang='lat' dir='ltr'><strong>per</strong></span> <span class='ocrx_word' id='word_1_440' title='bbox 2956 3065 3324 3139; x_wconf 85' lang='lat' dir='ltr'><strong>admirabilem</strong></span> <span class='ocrx_word' id='word_1_441' title='bbox 3357 3068 3531 3120; x_wconf 86' lang='lat' dir='ltr'><strong>comi-</strong></span> 
     </span>
    </p>
   </div>
   <div class='ocr_carea' id='block_1_63' title="bbox 1947 3157 3531 3231">
    <p class='ocr_par' dir='ltr' id='par_1_63' title="bbox 1947 3157 3531 3231">
     <span class='ocr_line' id='line_1_64' title="bbox 1947 3157 3531 3231; baseline -0.003 -16"><span class='ocrx_word' id='word_1_442' title='bbox 1947 3170 2053 3216; x_wconf 88' lang='lat' dir='ltr'><strong>tem</strong></span> <span class='ocrx_word' id='word_1_443' title='bbox 2085 3158 2472 3231; x_wconf 83' lang='lat' dir='ltr'><strong>Pansnphium,</strong></span> <span class='ocrx_word' id='word_1_444' title='bbox 2496 3175 2593 3229; x_wconf 90' lang='lat' dir='ltr'><strong>per</strong></span> <span class='ocrx_word' id='word_1_445' title='bbox 2623 3175 2755 3229; x_wconf 87' lang='lat' dir='ltr'><strong>quas</strong></span> <span class='ocrx_word' id='word_1_446' title='bbox 2785 3174 2974 3213; x_wconf 89' lang='lat' dir='ltr'><strong>sumus</strong></span> <span class='ocrx_word' id='word_1_447' title='bbox 3004 3157 3200 3227; x_wconf 84' lang='lat' dir='ltr'><strong>edocti,</strong></span> <span class='ocrx_word' id='word_1_448' title='bbox 3234 3158 3354 3227; x_wconf 89' lang='lat' dir='ltr'><strong>quia</strong></span> <span class='ocrx_word' id='word_1_449' title='bbox 3389 3158 3531 3212; x_wconf 89' lang='lat' dir='ltr'><strong>idem</strong></span> 
     </span>
    </p>
   </div>
   <div class='ocr_carea' id='block_1_64' title="bbox 242 3248 3531 3326">
    <p class='ocr_par' dir='ltr' id='par_1_64' title="bbox 242 3248 3531 3326">
     <span class='ocr_line' id='line_1_65' title="bbox 242 3248 3531 3326; baseline -0.002 -19"><span class='ocrx_word' id='word_1_450' title='bbox 242 3254 513 3324; x_wconf 82' lang='lat' dir='ltr'><strong>prietates</strong></span> <span class='ocrx_word' id='word_1_451' title='bbox 534 3266 660 3306; x_wconf 86' lang='lat' dir='ltr'><strong>suas</strong></span> <span class='ocrx_word' id='word_1_452' title='bbox 684 3252 736 3305; x_wconf 87' lang='lat' dir='ltr'><strong>in</strong></span> <span class='ocrx_word' id='word_1_453' title='bbox 766 3252 971 3308; x_wconf 85' lang='lat' dir='ltr'><strong>unitate</strong></span> <span class='ocrx_word' id='word_1_454' title='bbox 998 3248 1257 3316; x_wconf 85' lang='lat' dir='ltr'><strong>confudit,</strong></span> <span class='ocrx_word' id='word_1_455' title='bbox 1282 3250 1376 3305; x_wconf 91' lang='lat' dir='ltr'><strong>sed</strong></span> <span class='ocrx_word' id='word_1_456' title='bbox 1407 3260 1627 3305; x_wconf 88' lang='lat' dir='ltr'><strong>manent</strong></span> <span class='ocrx_word' id='word_1_457' title='bbox 1648 3252 1698 3304; x_wconf 88' lang='lat' dir='ltr'><strong>in</strong></span> <span class='ocrx_word' id='word_1_458' title='bbox 1723 3251 1844 3305; x_wconf 87' lang='lat' dir='ltr'><strong>uni-</strong></span> <span class='ocrx_word' id='word_1_459' title='bbox 1868 3257 1913 3318; x_wconf 75' lang='grc' dir='ltr'>ο</span> <span class='ocrx_word' id='word_1_460' title='bbox 1948 3254 2217 3326; x_wconf 69' lang='lat' dir='ltr'><strong>Eutychos</strong></span> <span class='ocrx_word' id='word_1_461' title='bbox 2258 3252 2475 3309; x_wconf 86' lang='lat' dir='ltr'><strong>libellos</strong></span> <span class='ocrx_word' id='word_1_462' title='bbox 2499 3251 2700 3307; x_wconf 84' lang='lat' dir='ltr'><strong>direxit</strong></span> <span class='ocrx_word' id='word_1_463' title='bbox 2728 3250 2878 3306; x_wconf 89' lang='lat' dir='ltr'><strong>vobis</strong></span> <span class='ocrx_word' id='word_1_464' title='bbox 2916 3250 3103 3323; x_wconf 79' lang='lat' dir='ltr'><strong>plenus</strong></span> <span class='ocrx_word' id='word_1_465' title='bbox 3131 3251 3277 3304; x_wconf 87' lang='lat' dir='ltr'><strong>omni</strong></span> <span class='ocrx_word' id='word_1_466' title='bbox 3323 3249 3531 3304; x_wconf 82' lang='lat' dir='ltr'><strong>fallacia</strong></span> 
     </span>
    </p>
   </div>
   <div class='ocr_carea' id='block_1_65' title="bbox 238 3342 1842 3414">
    <p class='ocr_par' dir='ltr' id='par_1_65' title="bbox 238 3342 1842 3414">
     <span class='ocr_line' id='line_1_66' title="bbox 238 3342 1842 3414; baseline 0.001 -16"><span class='ocrx_word' id='word_1_467' title='bbox 238 3349 369 3399; x_wconf 77' lang='lat' dir='ltr'><strong>late</strong></span> <span class='ocrx_word' id='word_1_468' title='bbox 397 3342 646 3409; x_wconf 66' lang='lat' dir='ltr'><strong>perfectae</strong></span> <span class='ocrx_word' id='word_1_469' title='bbox 676 3354 987 3398; x_wconf 86' lang='lat' dir='ltr'><strong>naturarum</strong></span> <span class='ocrx_word' id='word_1_470' title='bbox 1019 3342 1396 3414; x_wconf 85' lang='lat' dir='ltr'><strong>proprietates.</strong></span> <span class='ocrx_word' id='word_1_471' title='bbox 1425 3343 1638 3413; x_wconf 86' lang='lat' dir='ltr'><strong>Adjecit</strong></span> <span class='ocrx_word' id='word_1_472' title='bbox 1661 3355 1842 3400; x_wconf 85' lang='lat' dir='ltr'><strong>autem</strong></span> 
     </span>
    </p>
   </div>
   <div class='ocr_carea' id='block_1_66' title="bbox 239 3435 1845 3508">
    <p class='ocr_par' dir='ltr' id='par_1_66' title="bbox 239 3435 1845 3508">
     <span class='ocr_line' id='line_1_67' title="bbox 239 3435 1845 3508; baseline 0.001 -17"><span class='ocrx_word' id='word_1_473' title='bbox 239 3447 302 3491; x_wconf 82' lang='lat' dir='ltr'><strong>es</strong></span> <span class='ocrx_word' id='word_1_474' title='bbox 342 3436 499 3489; x_wconf 87' lang='lat' dir='ltr'><strong>aliam</strong></span> <span class='ocrx_word' id='word_1_475' title='bbox 525 3437 876 3505; x_wconf 84' lang='lat' dir='ltr'><strong>irnpietatem,</strong></span> <span class='ocrx_word' id='word_1_476' title='bbox 901 3437 1086 3491; x_wconf 89' lang='lat' dir='ltr'><strong>dicens</strong></span> <span class='ocrx_word' id='word_1_477' title='bbox 1112 3451 1127 3489; x_wconf 89' lang='lat'><strong>:</strong></span> <span class='ocrx_word' id='word_1_478' title='bbox 1156 3444 1180 3473; x_wconf 72' lang='grc' dir='ltr'><strong>ο</strong></span> <span class='ocrx_word' id='word_1_479' title='bbox 1206 3435 1407 3505; x_wconf 84' lang='lat' dir='ltr'><strong>Corpus</strong></span> <span class='ocrx_word' id='word_1_480' title='bbox 1426 3438 1564 3508; x_wconf 84' lang='lat' dir='ltr'><strong>quod</strong></span> <span class='ocrx_word' id='word_1_481' title='bbox 1584 3454 1648 3492; x_wconf 79' lang='lat' dir='ltr'><strong>ea;</strong></span> <span class='ocrx_word' id='word_1_482' title='bbox 1674 3438 1725 3491; x_wconf 73' lang='grc' dir='ltr'><em>Μ</em></span> <span class='ocrx_word' id='word_1_483' title='bbox 1733 3438 1845 3492; x_wconf 84' lang='lat' dir='ltr'><strong>aria</strong></span> 
     </span>
    </p>
   </div>
   <div class='ocr_carea' id='block_1_67' title="bbox 240 3528 1843 3601">
    <p class='ocr_par' dir='ltr' id='par_1_67' title="bbox 240 3528 1843 3601">
     <span class='ocr_line' id='line_1_68' title="bbox 240 3528 1843 3601; baseline 0.003 -22"><span class='ocrx_word' id='word_1_484' title='bbox 240 3529 446 3597; x_wconf 74' lang='lat' dir='ltr'><strong>factum</strong></span> <span class='ocrx_word' id='word_1_485' title='bbox 473 3537 567 3594; x_wconf 81' lang='lat' dir='ltr'><strong>est,</strong></span> <span class='ocrx_word' id='word_1_486' title='bbox 600 3528 762 3599; x_wconf 80' lang='lat'><strong>790</strong></span> <span class='ocrx_word' id='word_1_487' title='bbox 788 3528 996 3582; x_wconf 79' lang='lat' dir='ltr'><strong>Domini</strong></span> <span class='ocrx_word' id='word_1_488' title='bbox 1024 3544 1127 3582; x_wconf 87' lang='lat' dir='ltr'><strong>non</strong></span> <span class='ocrx_word' id='word_1_489' title='bbox 1156 3544 1263 3582; x_wconf 83' lang='lat' dir='ltr'><strong>esse</strong></span> <span class='ocrx_word' id='word_1_490' title='bbox 1291 3541 1478 3584; x_wconf 71' lang='lat' dir='ltr'><strong>nostra</strong></span> <span class='ocrx_word' id='word_1_491' title='bbox 1522 3530 1843 3601; x_wconf 73' lang='lat' dir='ltr'><strong>substantiw,</strong></span> 
     </span>
    </p>
   </div>
   <div class='ocr_carea' id='block_1_68' title="bbox 239 3616 1849 3698">
    <p class='ocr_par' dir='ltr' id='par_1_68' title="bbox 239 3616 1849 3698">
     <span class='ocr_line' id='line_1_69' title="bbox 239 3616 1849 3698; baseline 0.004 -23"><span class='ocrx_word' id='word_1_492' title='bbox 239 3634 417 3687; x_wconf 64' lang='lat' dir='ltr'><strong>neque</strong></span> <span class='ocrx_word' id='word_1_493' title='bbox 434 3616 672 3676; x_wconf 76' lang='lat' dir='ltr'><strong>humana:</strong></span> <span class='ocrx_word' id='word_1_494' title='bbox 696 3624 1075 3695; x_wconf 78' lang='lat' dir='ltr'><strong>consparsidnis</strong></span> <span class='ocrx_word' id='word_1_495' title='bbox 1089 3639 1109 3689; x_wconf 81' lang='lat'><strong>,°</strong></span> <span class='ocrx_word' id='word_1_496' title='bbox 1134 3626 1220 3678; x_wconf 87' lang='lat' dir='ltr'><strong>sed</strong></span> <span class='ocrx_word' id='word_1_497' title='bbox 1242 3623 1524 3678; x_wconf 79' lang='lat' dir='ltr'><strong>humanum</strong></span> <span class='ocrx_word' id='word_1_498' title='bbox 1547 3625 1753 3698; x_wconf 83' lang='lat' dir='ltr'><strong>quidem</strong></span> <span class='ocrx_word' id='word_1_499' title='bbox 1780 3624 1849 3681; x_wconf 80' lang='lat' dir='ltr'><strong>il-</strong></span> 
     </span>
    </p>
   </div>
   <div class='ocr_carea' id='block_1_69' title="bbox 240 3714 1847 3788">
    <p class='ocr_par' dir='ltr' id='par_1_69' title="bbox 240 3714 1847 3788">
     <span class='ocr_line' id='line_1_70' title="bbox 240 3714 1847 3788; baseline 0.003 -21"><span class='ocrx_word' id='word_1_500' title='bbox 240 3714 347 3767; x_wconf 79' lang='lat' dir='ltr'><strong>lud</strong></span> <span class='ocrx_word' id='word_1_501' title='bbox 372 3723 538 3781; x_wconf 84' lang='lat' dir='ltr'><strong>vocat,</strong></span> <span class='ocrx_word' id='word_1_502' title='bbox 558 3730 659 3769; x_wconf 86' lang='lat' dir='ltr'><strong>non</strong></span> <span class='ocrx_word' id='word_1_503' title='bbox 684 3726 852 3769; x_wconf 87' lang='lat' dir='ltr'><strong>tamen</strong></span> <span class='ocrx_word' id='word_1_504' title='bbox 877 3715 1019 3770; x_wconf 84' lang='lat' dir='ltr'><strong>nobis</strong></span> <span class='ocrx_word' id='word_1_505' title='bbox 1042 3716 1492 3784; x_wconf 82' lang='lat' dir='ltr'><strong>eonsubstantiale,</strong></span> <span class='ocrx_word' id='word_1_506' title='bbox 1518 3734 1679 3786; x_wconf 82' lang='lat' dir='ltr'><strong>neque</strong></span> <span class='ocrx_word' id='word_1_507' title='bbox 1702 3719 1847 3788; x_wconf 81' lang='lat' dir='ltr'><strong>geni-</strong></span> 
     </span>
    </p>
   </div>
   <div class='ocr_carea' id='block_1_70' title="bbox 239 3807 1068 3877">
    <p class='ocr_par' dir='ltr' id='par_1_70' title="bbox 239 3807 1068 3877">
     <span class='ocr_line' id='line_1_71' title="bbox 239 3807 1068 3877; baseline 0.007 -19"><span class='ocrx_word' id='word_1_508' title='bbox 239 3807 371 3859; x_wconf 82' lang='lat' dir='ltr'><strong>trici</strong></span> <span class='ocrx_word' id='word_1_509' title='bbox 394 3807 507 3877; x_wconf 84' lang='lat' dir='ltr'><strong>ejus</strong></span> <span class='ocrx_word' id='word_1_510' title='bbox 534 3809 813 3862; x_wconf 85' lang='lat' dir='ltr'><strong>secundum</strong></span> <span class='ocrx_word' id='word_1_511' title='bbox 842 3824 1068 3865; x_wconf 86' lang='lat' dir='ltr'><strong>carnem.</strong></span> 
     </span>
    </p>
   </div>
   <div class='ocr_carea' id='block_1_71' title="bbox 319 3896 1847 3977">
    <p class='ocr_par' dir='ltr' id='par_1_71' title="bbox 319 3896 1847 3977">
     <span class='ocr_line' id='line_1_72' title="bbox 319 3896 1847 3977; baseline 0.005 -24"><span class='ocrx_word' id='word_1_512' title='bbox 319 3897 460 3955; x_wconf 68' lang='lat' dir='ltr'><strong>Cu.</strong></span> <span class='ocrx_word' id='word_1_513' title='bbox 495 3899 557 3955; x_wconf 84' lang='grc'><strong>11.</strong></span> <span class='ocrx_word' id='word_1_514' title='bbox 585 3932 656 3942; x_wconf 89' lang='grc'><strong><em>-</em></strong></span> <span class='ocrx_word' id='word_1_515' title='bbox 685 3901 752 3956; x_wconf 86' lang='lat' dir='ltr'><strong>Et</strong></span> <span class='ocrx_word' id='word_1_516' title='bbox 798 3896 911 3958; x_wconf 72' lang='lat' dir='ltr'><strong>lucc</strong></span> <span class='ocrx_word' id='word_1_517' title='bbox 942 3904 1143 3972; x_wconf 87' lang='lat' dir='ltr'><strong>aiebat,</strong></span> <span class='ocrx_word' id='word_1_518' title='bbox 1193 3920 1313 3959; x_wconf 91' lang='lat' dir='ltr'><strong>cum</strong></span> <span class='ocrx_word' id='word_1_519' title='bbox 1348 3906 1400 3958; x_wconf 90' lang='lat' dir='ltr'><strong>in</strong></span> <span class='ocrx_word' id='word_1_520' title='bbox 1451 3905 1617 3977; x_wconf 83' lang='lat' dir='ltr'><strong>gestis</strong></span> <span class='ocrx_word' id='word_1_521' title='bbox 1648 3905 1847 3976; x_wconf 73' lang='lat' dir='ltr'><strong>Ephesi</strong></span> 
     </span>
    </p>
   </div>
   <div class='ocr_carea' id='block_1_72' title="bbox 234 3999 1843 4075">
    <p class='ocr_par' dir='ltr' id='par_1_72' title="bbox 234 3999 1843 4075">
     <span class='ocr_line' id='line_1_73' title="bbox 234 3999 1843 4075; baseline 0.002 -20"><span class='ocrx_word' id='word_1_522' title='bbox 234 3999 455 4055; x_wconf 79' lang='lat' dir='ltr'><strong>habitis</strong></span> <span class='ocrx_word' id='word_1_523' title='bbox 498 4017 527 4054; x_wconf 92' lang='lat' dir='ltr'><strong>a</strong></span> <span class='ocrx_word' id='word_1_524' title='bbox 570 4014 756 4058; x_wconf 88' lang='lat' dir='ltr'><strong>sancto</strong></span> <span class='ocrx_word' id='word_1_525' title='bbox 783 4015 840 4058; x_wconf 88' lang='lat' dir='ltr'><strong>et</strong></span> <span class='ocrx_word' id='word_1_526' title='bbox 886 4004 1172 4059; x_wconf 86' lang='lat' dir='ltr'><strong>universali</strong></span> <span class='ocrx_word' id='word_1_527' title='bbox 1216 4006 1467 4070; x_wconf 88' lang='lat' dir='ltr'><strong>concilio,</strong></span> <span class='ocrx_word' id='word_1_528' title='bbox 1519 4007 1569 4059; x_wconf 92' lang='lat' dir='ltr'><strong>in</strong></span> <span class='ocrx_word' id='word_1_529' title='bbox 1618 4005 1843 4075; x_wconf 79' lang='lat' dir='ltr'><strong>epistola</strong></span> 
     </span>
    </p>
   </div>
   <div class='ocr_carea' id='block_1_73' title="bbox 233 4092 1843 4166">
    <p class='ocr_par' dir='ltr' id='par_1_73' title="bbox 233 4092 1843 4166">
     <span class='ocr_line' id='line_1_74' title="bbox 233 4092 1843 4166; baseline 0.001 -17"><span class='ocrx_word' id='word_1_530' title='bbox 233 4093 460 4159; x_wconf 75' lang='lat' dir='ltr'><strong>scripta</strong></span> <span class='ocrx_word' id='word_1_531' title='bbox 494 4092 557 4146; x_wconf 83' lang='lat' dir='ltr'><strong>ad</strong></span> <span class='ocrx_word' id='word_1_532' title='bbox 602 4093 822 4163; x_wconf 85' lang='lat' dir='ltr'><strong>impium</strong></span> <span class='ocrx_word' id='word_1_533' title='bbox 869 4096 1291 4166; x_wconf 88' lang='lat' dir='ltr'><strong>damnatumque</strong></span> <span class='ocrx_word' id='word_1_534' title='bbox 1322 4097 1624 4151; x_wconf 80' lang='lat' dir='ltr'><strong>Nesmrium</strong></span> <span class='ocrx_word' id='word_1_535' title='bbox 1658 4108 1843 4166; x_wconf 84' lang='lat' dir='ltr'><strong>aperte</strong></span> 
     </span>
    </p>
   </div>
   <div class='ocr_carea' id='block_1_74' title="bbox 230 4182 1841 4259">
    <p class='ocr_par' dir='ltr' id='par_1_74' title="bbox 230 4182 1841 4259">
     <span class='ocr_line' id='line_1_75' title="bbox 230 4182 1841 4259; baseline 0.002 -18"><span class='ocrx_word' id='word_1_536' title='bbox 230 4186 322 4241; x_wconf 71' lang='lat' dir='ltr'><strong>sic</strong></span> <span class='ocrx_word' id='word_1_537' title='bbox 361 4182 620 4241; x_wconf 79' lang='lat' dir='ltr'><strong>habeatur</strong></span> <span class='ocrx_word' id='word_1_538' title='bbox 643 4202 658 4241; x_wconf 87' lang='lat'>:</span> <span class='ocrx_word' id='word_1_539' title='bbox 686 4187 820 4254; x_wconf 83' lang='lat' dir='ltr'><strong>Quia</strong></span> <span class='ocrx_word' id='word_1_540' title='bbox 848 4188 1061 4243; x_wconf 73' lang='lat' dir='ltr'><strong>diversa:</strong></span> <span class='ocrx_word' id='word_1_541' title='bbox 1081 4190 1282 4259; x_wconf 86' lang='lat' dir='ltr'><strong>quidem</strong></span> <span class='ocrx_word' id='word_1_542' title='bbox 1304 4191 1371 4243; x_wconf 89' lang='lat' dir='ltr'><strong>ad</strong></span> <span class='ocrx_word' id='word_1_543' title='bbox 1400 4192 1647 4244; x_wconf 86' lang='lat' dir='ltr'><strong>unitatem</strong></span> <span class='ocrx_word' id='word_1_544' title='bbox 1674 4207 1841 4244; x_wconf 52' lang='lat' dir='ltr'><strong>varam</strong></span> 
     </span>
    </p>
   </div>
   <div class='ocr_carea' id='block_1_75' title="bbox 230 4280 1840 4347">
    <p class='ocr_par' dir='ltr' id='par_1_75' title="bbox 230 4280 1840 4347">
     <span class='ocr_line' id='line_1_76' title="bbox 230 4280 1840 4347; baseline 0.003 -15"><span class='ocrx_word' id='word_1_545' title='bbox 230 4294 562 4332; x_wconf 71' lang='lat' dir='ltr'><strong>concurrere</strong></span> <span class='ocrx_word' id='word_1_546' title='bbox 588 4288 819 4347; x_wconf 68' lang='lat' dir='ltr'><strong>naturae;</strong></span> <span class='ocrx_word' id='word_1_547' title='bbox 847 4298 977 4334; x_wconf 84' lang='lat' dir='ltr'><strong>unus</strong></span> <span class='ocrx_word' id='word_1_548' title='bbox 1006 4291 1180 4335; x_wconf 85' lang='lat' dir='ltr'><strong>autem</strong></span> <span class='ocrx_word' id='word_1_549' title='bbox 1203 4280 1223 4319; x_wconf 70' lang='grc' dir='ltr'><strong>ί</strong></span> <span class='ocrx_word' id='word_1_550' title='bbox 1255 4298 1317 4336; x_wconf 78' lang='lat' dir='ltr'><strong>ea:</strong></span> <span class='ocrx_word' id='word_1_551' title='bbox 1344 4282 1589 4336; x_wconf 85' lang='lat' dir='ltr'><strong>ambabus</strong></span> <span class='ocrx_word' id='word_1_552' title='bbox 1606 4281 1840 4337; x_wconf 77' lang='lat' dir='ltr'><strong>Christus</strong></span> 
     </span>
    </p>
   </div>
   <div class='ocr_carea' id='block_1_76' title="bbox 228 4365 1844 4442">
    <p class='ocr_par' dir='ltr' id='par_1_76' title="bbox 228 4365 1844 4442">
     <span class='ocr_line' id='line_1_77' title="bbox 228 4365 1844 4442; baseline 0.002 -18"><span class='ocrx_word' id='word_1_553' title='bbox 228 4378 283 4424; x_wconf 75' lang='lat' dir='ltr'><strong>es</strong></span> <span class='ocrx_word' id='word_1_554' title='bbox 349 4365 534 4423; x_wconf 73' lang='lat' dir='ltr'><strong>Filius</strong></span> <span class='ocrx_word' id='word_1_555' title='bbox 570 4385 590 4424; x_wconf 90' lang='lat'><strong><em>:</em></strong></span> <span class='ocrx_word' id='word_1_556' title='bbox 619 4386 721 4423; x_wconf 84' lang='lat' dir='ltr'><strong>non</strong></span> <span class='ocrx_word' id='word_1_557' title='bbox 772 4381 1034 4442; x_wconf 81' lang='lat' dir='ltr'><strong>tamquam</strong></span> <span class='ocrx_word' id='word_1_558' title='bbox 1074 4382 1378 4426; x_wconf 81' lang='lat' dir='ltr'><strong>naturarum</strong></span> <span class='ocrx_word' id='word_1_559' title='bbox 1427 4371 1721 4438; x_wconf 74' lang='lat' dir='ltr'><strong>dm‘erentia</strong></span> <span class='ocrx_word' id='word_1_560' title='bbox 1775 4374 1844 4429; x_wconf 81' lang='lat' dir='ltr'><strong>sit</strong></span> 
     </span>
    </p>
   </div>
   <div class='ocr_carea' id='block_1_77' title="bbox 230 4454 1841 4535">
    <p class='ocr_par' dir='ltr' id='par_1_77' title="bbox 230 4454 1841 4535">
     <span class='ocr_line' id='line_1_78' title="bbox 230 4454 1841 4535; baseline 0.003 -20"><span class='ocrx_word' id='word_1_561' title='bbox 230 4454 521 4534; x_wconf 59' lang='grc' dir='ltr'><strong>ρει-θηρία</strong></span> <span class='ocrx_word' id='word_1_562' title='bbox 564 4472 765 4532; x_wconf 81' lang='lat' dir='ltr'><strong>prapter</strong></span> <span class='ocrx_word' id='word_1_563' title='bbox 810 4462 1074 4530; x_wconf 87' lang='lat' dir='ltr'><strong>unitatem,</strong></span> <span class='ocrx_word' id='word_1_564' title='bbox 1102 4468 1191 4517; x_wconf 88' lang='lat' dir='ltr'><strong>sed</strong></span> <span class='ocrx_word' id='word_1_565' title='bbox 1230 4465 1401 4535; x_wconf 87' lang='lat' dir='ltr'><strong>potius</strong></span> <span class='ocrx_word' id='word_1_566' title='bbox 1445 4464 1663 4533; x_wconf 77' lang='lat' dir='ltr'><strong>e/fecerit</strong></span> <span class='ocrx_word' id='word_1_567' title='bbox 1698 4464 1841 4520; x_wconf 81' lang='lat' dir='ltr'><strong>nobis</strong></span> 
     </span>
    </p>
   </div>
   <div class='ocr_carea' id='block_1_78' title="bbox 1948 3342 3533 3419">
    <p class='ocr_par' dir='ltr' id='par_1_78' title="bbox 1948 3342 3533 3419">
     <span class='ocr_line' id='line_1_79' title="bbox 1948 3342 3533 3419; baseline -0.004 -17"><span class='ocrx_word' id='word_1_568' title='bbox 1948 3360 2107 3416; x_wconf 88' lang='lat' dir='ltr'><strong>atque</strong></span> <span class='ocrx_word' id='word_1_569' title='bbox 2139 3348 2297 3419; x_wconf 77' lang='lat'><strong>791</strong></span> <span class='ocrx_word' id='word_1_570' title='bbox 2343 3345 2657 3410; x_wconf 86' lang='lat' dir='ltr'><strong>calliditate,</strong></span> <span class='ocrx_word' id='word_1_571' title='bbox 2706 3344 2933 3399; x_wconf 87' lang='lat' dir='ltr'><strong>dicens:</strong></span> <span class='ocrx_word' id='word_1_572' title='bbox 2970 3343 3160 3397; x_wconf 84' lang='lat' dir='ltr'><strong>Jndicii</strong></span> <span class='ocrx_word' id='word_1_573' title='bbox 3196 3351 3438 3411; x_wconf 88' lang='lat' dir='ltr'><strong>tempore</strong></span> <span class='ocrx_word' id='word_1_574' title='bbox 3468 3342 3533 3395; x_wconf 90' lang='lat' dir='ltr'><strong>li-</strong></span> 
     </span>
    </p>
   </div>
   <div class='ocr_carea' id='block_1_79' title="bbox 1948 3435 3535 3508">
    <p class='ocr_par' dir='ltr' id='par_1_79' title="bbox 1948 3435 3535 3508">
     <span class='ocr_line' id='line_1_80' title="bbox 1948 3435 3535 3508; baseline -0.006 -10"><span class='ocrx_word' id='word_1_575' title='bbox 1948 3442 2117 3498; x_wconf 87' lang='lat' dir='ltr'><strong>bellos</strong></span> <span class='ocrx_word' id='word_1_576' title='bbox 2147 3454 2206 3495; x_wconf 92' lang='lat' dir='ltr'><strong>se</strong></span> <span class='ocrx_word' id='word_1_577' title='bbox 2232 3440 2446 3495; x_wconf 89' lang='lat' dir='ltr'><strong>dedisse</strong></span> <span class='ocrx_word' id='word_1_578' title='bbox 2475 3438 2852 3508; x_wconf 85' lang='lat' dir='ltr'><strong>appellationis</strong></span> <span class='ocrx_word' id='word_1_579' title='bbox 2881 3446 2936 3491; x_wconf 86' lang='lat' dir='ltr'><strong>et</strong></span> <span class='ocrx_word' id='word_1_580' title='bbox 2967 3437 3119 3490; x_wconf 89' lang='lat' dir='ltr'><strong>nobis</strong></span> <span class='ocrx_word' id='word_1_581' title='bbox 3143 3448 3196 3491; x_wconf 88' lang='lat' dir='ltr'><strong>et</strong></span> <span class='ocrx_word' id='word_1_582' title='bbox 3227 3435 3311 3490; x_wconf 84' lang='lat' dir='ltr'><strong>hic</strong></span> <span class='ocrx_word' id='word_1_583' title='bbox 3338 3449 3535 3490; x_wconf 84' lang='lat' dir='ltr'><strong>conve-</strong></span> 
     </span>
    </p>
   </div>
   <div class='ocr_carea' id='block_1_80' title="bbox 1948 3526 3534 3601">
    <p class='ocr_par' dir='ltr' id='par_1_80' title="bbox 1948 3526 3534 3601">
     <span class='ocr_line' id='line_1_81' title="bbox 1948 3526 3534 3601; baseline -0.004 -12"><span class='ocrx_word' id='word_1_584' title='bbox 1948 3526 2119 3589; x_wconf 88' lang='lat' dir='ltr'><strong>nienti</strong></span> <span class='ocrx_word' id='word_1_585' title='bbox 2145 3542 2334 3586; x_wconf 82' lang='lat' dir='ltr'><strong>sancto</strong></span> <span class='ocrx_word' id='word_1_586' title='bbox 2364 3532 2625 3599; x_wconf 86' lang='lat' dir='ltr'><strong>concilio;</strong></span> <span class='ocrx_word' id='word_1_587' title='bbox 2657 3542 2709 3586; x_wconf 91' lang='lat' dir='ltr'><strong>et</strong></span> <span class='ocrx_word' id='word_1_588' title='bbox 2741 3531 3042 3601; x_wconf 87' lang='lat' dir='ltr'><strong>appellasse</strong></span> <span class='ocrx_word' id='word_1_589' title='bbox 3068 3539 3303 3583; x_wconf 88' lang='lat' dir='ltr'><strong>vestram</strong></span> <span class='ocrx_word' id='word_1_590' title='bbox 3332 3532 3534 3584; x_wconf 87' lang='lat' dir='ltr'><strong>sancti-</strong></span> 
     </span>
    </p>
   </div>
   <div class='ocr_carea' id='block_1_81' title="bbox 1951 3626 3537 3697">
    <p class='ocr_par' dir='ltr' id='par_1_81' title="bbox 1951 3626 3537 3697">
     <span class='ocr_line' id='line_1_82' title="bbox 1951 3626 3537 3697; baseline -0.003 -14"><span class='ocrx_word' id='word_1_591' title='bbox 1951 3639 2115 3684; x_wconf 89' lang='lat' dir='ltr'><strong>tatem</strong></span> <span class='ocrx_word' id='word_1_592' title='bbox 2143 3646 2156 3682; x_wconf 90' lang='lat'><strong>:</strong></span> <span class='ocrx_word' id='word_1_593' title='bbox 2180 3627 2325 3697; x_wconf 87' lang='lat' dir='ltr'><strong>quod</strong></span> <span class='ocrx_word' id='word_1_594' title='bbox 2357 3642 2694 3697; x_wconf 86' lang='lat' dir='ltr'><strong>nequaquam</strong></span> <span class='ocrx_word' id='word_1_595' title='bbox 2736 3626 2805 3680; x_wconf 89' lang='lat' dir='ltr'><strong>ab</strong></span> <span class='ocrx_word' id='word_1_596' title='bbox 2837 3627 3029 3681; x_wconf 85' lang='lat' dir='ltr'><strong>eodem</strong></span> <span class='ocrx_word' id='word_1_597' title='bbox 3061 3628 3258 3679; x_wconf 83' lang='lat' dir='ltr'><strong>factum</strong></span> <span class='ocrx_word' id='word_1_598' title='bbox 3297 3638 3410 3690; x_wconf 87' lang='lat' dir='ltr'><strong>est;</strong></span> <span class='ocrx_word' id='word_1_599' title='bbox 3443 3626 3537 3679; x_wconf 89' lang='lat' dir='ltr'><strong>sed</strong></span> 
     </span>
    </p>
   </div>
   <div class='ocr_carea' id='block_1_82' title="bbox 1950 3715 3539 3787">
    <p class='ocr_par' dir='ltr' id='par_1_82' title="bbox 1950 3715 3539 3787">
     <span class='ocr_line' id='line_1_83' title="bbox 1950 3715 3539 3787; baseline -0.004 -10"><span class='ocrx_word' id='word_1_600' title='bbox 1950 3722 2112 3778; x_wconf 90' lang='lat' dir='ltr'><strong>etiam</strong></span> <span class='ocrx_word' id='word_1_601' title='bbox 2148 3720 2161 3772; x_wconf 87' lang='lat' dir='ltr'><strong>i</strong></span> <span class='ocrx_word' id='word_1_602' title='bbox 2222 3722 2273 3775; x_wconf 87' lang='lat' dir='ltr'><strong>in</strong></span> <span class='ocrx_word' id='word_1_603' title='bbox 2308 3720 2405 3776; x_wconf 83' lang='lat' dir='ltr'><strong>hac</strong></span> <span class='ocrx_word' id='word_1_604' title='bbox 2449 3730 2600 3787; x_wconf 88' lang='lat' dir='ltr'><strong>parte</strong></span> <span class='ocrx_word' id='word_1_605' title='bbox 2638 3719 2894 3775; x_wconf 87' lang='lat' dir='ltr'><strong>mentitus</strong></span> <span class='ocrx_word' id='word_1_606' title='bbox 2923 3724 3027 3783; x_wconf 86' lang='lat' dir='ltr'><strong>est,</strong></span> <span class='ocrx_word' id='word_1_607' title='bbox 3059 3715 3088 3755; x_wconf 69' lang='grc' dir='ltr'><strong>ι</strong></span> <span class='ocrx_word' id='word_1_608' title='bbox 3130 3726 3404 3787; x_wconf 88' lang='lat' dir='ltr'><strong>tamquam</strong></span> <span class='ocrx_word' id='word_1_609' title='bbox 3444 3732 3539 3787; x_wconf 87' lang='lat' dir='ltr'><strong>per</strong></span> 
     </span>
    </p>
   </div>
   <div class='ocr_carea' id='block_1_83' title="bbox 1950 3810 3541 3881">
    <p class='ocr_par' dir='ltr' id='par_1_83' title="bbox 1950 3810 3541 3881">
     <span class='ocr_line' id='line_1_84' title="bbox 1950 3810 3541 3881; baseline -0.003 -12"><span class='ocrx_word' id='word_1_610' title='bbox 1950 3814 2215 3870; x_wconf 84' lang='lat' dir='ltr'><strong>fallaciam</strong></span> <span class='ocrx_word' id='word_1_611' title='bbox 2246 3812 2512 3868; x_wconf 81' lang='lat' dir='ltr'><strong>mendacii</strong></span> <span class='ocrx_word' id='word_1_612' title='bbox 2538 3811 2834 3881; x_wconf 90' lang='lat' dir='ltr'><strong>subrepere</strong></span> <span class='ocrx_word' id='word_1_613' title='bbox 2859 3825 2920 3866; x_wconf 89' lang='lat' dir='ltr'><strong>se</strong></span> <span class='ocrx_word' id='word_1_614' title='bbox 2958 3812 3156 3865; x_wconf 89' lang='lat' dir='ltr'><strong>sanctis</strong></span> <span class='ocrx_word' id='word_1_615' title='bbox 3180 3810 3371 3866; x_wconf 84' lang='lat' dir='ltr'><strong>vesti-is</strong></span> <span class='ocrx_word' id='word_1_616' title='bbox 3396 3811 3541 3864; x_wconf 89' lang='lat' dir='ltr'><strong>auri-</strong></span> 
     </span>
    </p>
   </div>
   <div class='ocr_carea' id='block_1_84' title="bbox 1949 3903 3541 3975">
    <p class='ocr_par' dir='ltr' id='par_1_84' title="bbox 1949 3903 3541 3975">
     <span class='ocr_line' id='line_1_85' title="bbox 1949 3903 3541 3975; baseline -0.003 -12"><span class='ocrx_word' id='word_1_617' title='bbox 1949 3906 2050 3963; x_wconf 87' lang='lat' dir='ltr'><strong>bus</strong></span> <span class='ocrx_word' id='word_1_618' title='bbox 2098 3916 2309 3975; x_wconf 88' lang='lat' dir='ltr'><strong>putans.</strong></span> <span class='ocrx_word' id='word_1_619' title='bbox 2343 3905 2656 3959; x_wconf 83' lang='lat' dir='ltr'><strong>Commotus</strong></span> <span class='ocrx_word' id='word_1_620' title='bbox 2685 3904 2888 3974; x_wconf 80' lang='lat' dir='ltr'><strong>itaque,</strong></span> <span class='ocrx_word' id='word_1_621' title='bbox 2914 3903 3253 3957; x_wconf 87' lang='lat' dir='ltr'><strong>sanctissime</strong></span> <span class='ocrx_word' id='word_1_622' title='bbox 3281 3909 3455 3972; x_wconf 90' lang='lat' dir='ltr'><strong>pater,</strong></span> <span class='ocrx_word' id='word_1_623' title='bbox 3486 3903 3541 3958; x_wconf 90' lang='lat' dir='ltr'><strong>in</strong></span> 
     </span>
    </p>
   </div>
   <div class='ocr_carea' id='block_1_85' title="bbox 1951 3993 3541 4066">
    <p class='ocr_par' dir='ltr' id='par_1_85' title="bbox 1951 3993 3541 4066">
     <span class='ocr_line' id='line_1_86' title="bbox 1951 3993 3541 4066; baseline -0.003 -14"><span class='ocrx_word' id='word_1_624' title='bbox 1951 3999 2035 4052; x_wconf 92' lang='lat' dir='ltr'><strong>his</strong></span> <span class='ocrx_word' id='word_1_625' title='bbox 2064 3999 2313 4052; x_wconf 89' lang='lat' dir='ltr'><strong>omnibus</strong></span> <span class='ocrx_word' id='word_1_626' title='bbox 2358 4012 2477 4066; x_wconf 71' lang='lat' dir='ltr'><strong>qua:</strong></span> <span class='ocrx_word' id='word_1_627' title='bbox 2503 3998 2571 4051; x_wconf 88' lang='lat' dir='ltr'><strong>ab</strong></span> <span class='ocrx_word' id='word_1_628' title='bbox 2602 4011 2668 4050; x_wconf 91' lang='lat' dir='ltr'><strong>eo</strong></span> <span class='ocrx_word' id='word_1_629' title='bbox 2710 4006 3041 4066; x_wconf 79' lang='lat' dir='ltr'><strong>praesumpta</strong></span> <span class='ocrx_word' id='word_1_630' title='bbox 3086 4006 3233 4059; x_wconf 89' lang='lat' dir='ltr'><strong>sunt,</strong></span> <span class='ocrx_word' id='word_1_631' title='bbox 3284 4003 3340 4049; x_wconf 88' lang='lat' dir='ltr'><strong>et</strong></span> <span class='ocrx_word' id='word_1_632' title='bbox 3381 3993 3541 4053; x_wconf 89' lang='lat' dir='ltr'><strong>obea</strong></span> 
     </span>
    </p>
   </div>
   <div class='ocr_carea' id='block_1_86' title="bbox 1949 4088 3542 4162">
    <p class='ocr_par' dir='ltr' id='par_1_86' title="bbox 1949 4088 3542 4162">
     <span class='ocr_line' id='line_1_87' title="bbox 1949 4088 3542 4162; baseline 0.001 -21"><span class='ocrx_word' id='word_1_633' title='bbox 1949 4106 2067 4162; x_wconf 76' lang='lat' dir='ltr'><strong>qnze</strong></span> <span class='ocrx_word' id='word_1_634' title='bbox 2098 4090 2150 4144; x_wconf 90' lang='lat' dir='ltr'><strong>in</strong></span> <span class='ocrx_word' id='word_1_635' title='bbox 2180 4106 2277 4145; x_wconf 87' lang='lat' dir='ltr'><strong>nos</strong></span> <span class='ocrx_word' id='word_1_636' title='bbox 2306 4101 2359 4145; x_wconf 90' lang='lat' dir='ltr'><strong>et</strong></span> <span class='ocrx_word' id='word_1_637' title='bbox 2389 4090 2781 4144; x_wconf 86' lang='lat' dir='ltr'><strong>sanctissimam</strong></span> <span class='ocrx_word' id='word_1_638' title='bbox 2810 4088 3103 4144; x_wconf 76' lang='lat' dir='ltr'><strong>Ecclesium</strong></span> <span class='ocrx_word' id='word_1_639' title='bbox 3134 4088 3278 4143; x_wconf 82' lang='lat' dir='ltr'><strong>facta</strong></span> <span class='ocrx_word' id='word_1_640' title='bbox 3307 4096 3434 4143; x_wconf 90' lang='lat' dir='ltr'><strong>sunt</strong></span> <span class='ocrx_word' id='word_1_641' title='bbox 3461 4097 3542 4143; x_wconf 82' lang='lat' dir='ltr'><strong>at-</strong></span> 
     </span>
    </p>
   </div>
   <div class='ocr_carea' id='block_1_87' title="bbox 1949 4180 3541 4255">
    <p class='ocr_par' dir='ltr' id='par_1_87' title="bbox 1949 4180 3541 4255">
     <span class='ocr_line' id='line_1_88' title="bbox 1949 4180 3541 4255; baseline -0.001 -15"><span class='ocrx_word' id='word_1_642' title='bbox 1949 4201 2052 4255; x_wconf 87' lang='lat' dir='ltr'><strong>que</strong></span> <span class='ocrx_word' id='word_1_643' title='bbox 2075 4186 2228 4252; x_wconf 87' lang='lat' dir='ltr'><strong>linnt,</strong></span> <span class='ocrx_word' id='word_1_644' title='bbox 2254 4180 2274 4222; x_wconf 78' lang='grc' dir='ltr'>ι</span> <span class='ocrx_word' id='word_1_645' title='bbox 2303 4194 2561 4239; x_wconf 78' lang='lat' dir='ltr'><strong>consuete</strong></span> <span class='ocrx_word' id='word_1_646' title='bbox 2579 4183 2905 4239; x_wconf 84' lang='lat' dir='ltr'><strong>ﬁducialiter</strong></span> <span class='ocrx_word' id='word_1_647' title='bbox 2931 4200 3050 4252; x_wconf 74' lang='lat' dir='ltr'><strong>age,</strong></span> <span class='ocrx_word' id='word_1_648' title='bbox 3072 4181 3367 4237; x_wconf 89' lang='lat' dir='ltr'><strong>secundum</strong></span> <span class='ocrx_word' id='word_1_649' title='bbox 3396 4182 3541 4251; x_wconf 83' lang='lat' dir='ltr'><strong>quod</strong></span> 
     </span>
    </p>
   </div>
   <div class='ocr_carea' id='block_1_88' title="bbox 1946 4275 3541 4347">
    <p class='ocr_par' dir='ltr' id='par_1_88' title="bbox 1946 4275 3541 4347">
     <span class='ocr_line' id='line_1_89' title="bbox 1946 4275 3541 4347; baseline -0.004 -13"><span class='ocrx_word' id='word_1_650' title='bbox 1946 4278 2251 4334; x_wconf 86' lang='lat' dir='ltr'><strong>sacerdotio</strong></span> <span class='ocrx_word' id='word_1_651' title='bbox 2268 4278 2546 4347; x_wconf 88' lang='lat' dir='ltr'><strong>competit,</strong></span> <span class='ocrx_word' id='word_1_652' title='bbox 2572 4278 2949 4345; x_wconf 83' lang='lat' dir='ltr'><strong>pmpriamqne</strong></span> <span class='ocrx_word' id='word_1_653' title='bbox 2973 4275 3172 4330; x_wconf 79' lang='lat' dir='ltr'><strong>faciens</strong></span> <span class='ocrx_word' id='word_1_654' title='bbox 3194 4288 3541 4329; x_wconf 88' lang='lat' dir='ltr'><strong>communem</strong></span> 
     </span>
    </p>
   </div>
   <div class='ocr_carea' id='block_1_89' title="bbox 1949 4362 3542 4437">
    <p class='ocr_par' dir='ltr' id='par_1_89' title="bbox 1949 4362 3542 4437">
     <span class='ocr_line' id='line_1_90' title="bbox 1949 4362 3542 4437; baseline -0.006 -7"><span class='ocrx_word' id='word_1_655' title='bbox 1949 4386 2164 4430; x_wconf 86' lang='lat' dir='ltr'><strong>causam</strong></span> <span class='ocrx_word' id='word_1_656' title='bbox 2187 4381 2241 4426; x_wconf 90' lang='lat' dir='ltr'><strong>et</strong></span> <span class='ocrx_word' id='word_1_657' title='bbox 2266 4380 2573 4425; x_wconf 80' lang='lat' dir='ltr'><strong>sanctarum</strong></span> <span class='ocrx_word' id='word_1_658' title='bbox 2594 4369 2959 4423; x_wconf 83' lang='lat' dir='ltr'><strong>Ecclesiarum</strong></span> <span class='ocrx_word' id='word_1_659' title='bbox 2991 4362 3353 4437; x_wconf 82' lang='lat' dir='ltr'><strong>disciplinam,</strong></span> <span class='ocrx_word' id='word_1_660' title='bbox 3380 4365 3542 4421; x_wconf 85' lang='lat' dir='ltr'><strong>simul</strong></span> 
     </span>
    </p>
   </div>
   <div class='ocr_carea' id='block_1_90' title="bbox 1948 4462 3542 4534">
    <p class='ocr_par' dir='ltr' id='par_1_90' title="bbox 1948 4462 3542 4534">
     <span class='ocr_line' id='line_1_91' title="bbox 1948 4462 3542 4534; baseline -0.002 -13"><span class='ocrx_word' id='word_1_661' title='bbox 1948 4464 2244 4521; x_wconf 86' lang='lat' dir='ltr'><strong>decernere</strong></span> <span class='ocrx_word' id='word_1_662' title='bbox 2267 4473 2307 4501; x_wconf 76' lang='grc' dir='ltr'>ω</span> <span class='ocrx_word' id='word_1_663' title='bbox 2336 4464 2388 4518; x_wconf 92' lang='lat' dir='ltr'><strong>in</strong></span> <span class='ocrx_word' id='word_1_664' title='bbox 2411 4462 2812 4519; x_wconf 85' lang='lat' dir='ltr'><strong>damnationem</strong></span> <span class='ocrx_word' id='word_1_665' title='bbox 2842 4462 3100 4518; x_wconf 84' lang='lat' dir='ltr'><strong>adversus</strong></span> <span class='ocrx_word' id='word_1_666' title='bbox 3123 4477 3249 4517; x_wconf 91' lang='lat' dir='ltr'><strong>eum</strong></span> <span class='ocrx_word' id='word_1_667' title='bbox 3279 4462 3542 4534; x_wconf 69' lang='lat' dir='ltr'><strong>regulari-</strong></span> 
     </span>
    </p>
   </div>
   <div class='ocr_carea' id='block_1_91' title="bbox 320 4662 3543 4737">
    <p class='ocr_par' dir='ltr' id='par_1_91' title="bbox 320 4662 3543 4737">
     <span class='ocr_line' id='line_1_92' title="bbox 320 4662 3543 4737; baseline -0.001 -15"><span class='ocrx_word' id='word_1_668' title='bbox 320 4678 352 4706; x_wconf 77' lang='grc' dir='ltr'><strong>ο</strong></span> <span class='ocrx_word' id='word_1_669' title='bbox 390 4668 521 4722; x_wconf 65' lang='lat' dir='ltr'><strong>“TC</strong></span> <span class='ocrx_word' id='word_1_670' title='bbox 548 4669 723 4723; x_wconf 80' lang='lat' dir='ltr'><strong>versio</strong></span> <span class='ocrx_word' id='word_1_671' title='bbox 759 4669 811 4722; x_wconf 88' lang='lat' dir='ltr'><strong>in</strong></span> <span class='ocrx_word' id='word_1_672' title='bbox 851 4670 982 4723; x_wconf 83' lang='lat' dir='ltr'><strong>mss.</strong></span> <span class='ocrx_word' id='word_1_673' title='bbox 1016 4668 1232 4723; x_wconf 91' lang='lat' dir='ltr'><strong>collect.</strong></span> <span class='ocrx_word' id='word_1_674' title='bbox 1277 4669 1344 4723; x_wconf 75' lang='lat' dir='ltr'><strong>i7</strong></span> <span class='ocrx_word' id='word_1_675' title='bbox 1386 4669 1840 4725; x_wconf 88' lang='lat' dir='ltr'><strong>Chalcedonensis</strong></span> <span class='ocrx_word' id='word_1_676' title='bbox 1866 4672 1922 4734; x_wconf 86' lang='lat' dir='ltr'><strong>D</strong></span> <span class='ocrx_word' id='word_1_677' title='bbox 2019 4666 2041 4706; x_wconf 70' lang='grc' dir='ltr'>ί</span> <span class='ocrx_word' id='word_1_678' title='bbox 2072 4669 2149 4724; x_wconf 84' lang='lat' dir='ltr'><strong>ita</strong></span> <span class='ocrx_word' id='word_1_679' title='bbox 2180 4685 2245 4724; x_wconf 80' lang='lat' dir='ltr'><strong>ex</strong></span> <span class='ocrx_word' id='word_1_680' title='bbox 2276 4668 2651 4737; x_wconf 69' lang='lat' dir='ltr'><strong>antiqniSsimo</strong></span> <span class='ocrx_word' id='word_1_681' title='bbox 2682 4668 2955 4722; x_wconf 86' lang='lat' dir='ltr'><strong>Veronen.</strong></span> <span class='ocrx_word' id='word_1_682' title='bbox 2998 4662 3210 4722; x_wconf 89' lang='lat' dir='ltr'><strong>collect.</strong></span> <span class='ocrx_word' id='word_1_683' title='bbox 3242 4666 3333 4737; x_wconf 67' lang='lat' dir='ltr'><strong>i7.</strong></span> <span class='ocrx_word' id='word_1_684' title='bbox 3368 4666 3451 4719; x_wconf 90' lang='lat' dir='ltr'><strong>cui</strong></span> <span class='ocrx_word' id='word_1_685' title='bbox 3488 4677 3543 4720; x_wconf 88' lang='lat' dir='ltr'><strong>et</strong></span> 
     </span>
    </p>
   </div>
   <div class='ocr_carea' id='block_1_92' title="bbox 227 4740 1838 4807">
    <p class='ocr_par' dir='ltr' id='par_1_92' title="bbox 227 4740 1838 4807">
     <span class='ocr_line' id='line_1_93' title="bbox 227 4740 1838 4807; baseline -0.003 -9"><span class='ocrx_word' id='word_1_686' title='bbox 227 4744 555 4803; x_wconf 68' lang='lat' dir='ltr'><strong>invenitur,</strong></span> <span class='ocrx_word' id='word_1_687' title='bbox 608 4750 660 4794; x_wconf 91' lang='lat' dir='ltr'><strong>et</strong></span> <span class='ocrx_word' id='word_1_688' title='bbox 697 4741 887 4793; x_wconf 58' lang='lat' dir='ltr'><strong>etinde</strong></span> <span class='ocrx_word' id='word_1_689' title='bbox 917 4745 1153 4794; x_wconf 80' lang='lat' dir='ltr'><strong>manavit</strong></span> <span class='ocrx_word' id='word_1_690' title='bbox 1197 4746 1248 4794; x_wconf 89' lang='lat' dir='ltr'><strong>in</strong></span> <span class='ocrx_word' id='word_1_691' title='bbox 1296 4742 1453 4795; x_wconf 90' lang='lat' dir='ltr'><strong>codd.</strong></span> <span class='ocrx_word' id='word_1_692' title='bbox 1499 4743 1711 4795; x_wconf 84' lang='lat' dir='ltr'><strong>collect.</strong></span> <span class='ocrx_word' id='word_1_693' title='bbox 1746 4740 1838 4807; x_wconf 68' lang='lat'><strong>22,</strong></span> 
     </span>
    </p>
   </div>
   <div class='ocr_carea' id='block_1_93' title="bbox 228 4810 1846 4878">
    <p class='ocr_par' dir='ltr' id='par_1_93' title="bbox 228 4810 1846 4878">
     <span class='ocr_line' id='line_1_94' title="bbox 228 4810 1846 4878; baseline -0.001 -10"><span class='ocrx_word' id='word_1_694' title='bbox 228 4814 331 4868; x_wconf 73' lang='grc' dir='ltr'><strong>ωε</strong></span> <span class='ocrx_word' id='word_1_695' title='bbox 366 4810 621 4878; x_wconf 67' lang='lat' dir='ltr'><strong>epistola:</strong></span> <span class='ocrx_word' id='word_1_696' title='bbox 649 4811 979 4867; x_wconf 85' lang='lat' dir='ltr'><strong>collectionis</strong></span> <span class='ocrx_word' id='word_1_697' title='bbox 1004 4810 1462 4868; x_wconf 83' lang='lat' dir='ltr'><strong>Chalcedonensis</strong></span> <span class='ocrx_word' id='word_1_698' title='bbox 1503 4814 1699 4867; x_wconf 67' lang='lat' dir='ltr'><strong>addita:</strong></span> <span class='ocrx_word' id='word_1_699' title='bbox 1729 4812 1846 4867; x_wconf 87' lang='lat' dir='ltr'><strong>fue-</strong></span> 
     </span>
    </p>
   </div>
   <div class='ocr_carea' id='block_1_94' title="bbox 227 4895 410 4940">
    <p class='ocr_par' dir='ltr' id='par_1_94' title="bbox 227 4895 410 4940">
     <span class='ocr_line' id='line_1_95' title="bbox 227 4895 410 4940; baseline -0.033 0"><span class='ocrx_word' id='word_1_700' title='bbox 227 4895 410 4940; x_wconf 80' lang='lat' dir='ltr'><strong>runt.</strong></span> 
     </span>
    </p>
   </div>
   <div class='ocr_carea' id='block_1_95' title="bbox 312 4952 1847 5023">
    <p class='ocr_par' dir='ltr' id='par_1_95' title="bbox 312 4952 1847 5023">
     <span class='ocr_line' id='line_1_96' title="bbox 312 4952 1847 5023; baseline 0 -16"><span class='ocrx_word' id='word_1_701' title='bbox 312 4954 348 4993; x_wconf 69' lang='grc' dir='ltr'>δ</span> <span class='ocrx_word' id='word_1_702' title='bbox 395 4952 473 5007; x_wconf 76' lang='lat' dir='ltr'><strong>Ex</strong></span> <span class='ocrx_word' id='word_1_703' title='bbox 503 4953 700 5009; x_wconf 77' lang='lat' dir='ltr'><strong>nostris</strong></span> <span class='ocrx_word' id='word_1_704' title='bbox 732 4954 888 5008; x_wconf 90' lang='lat' dir='ltr'><strong>codd.</strong></span> <span class='ocrx_word' id='word_1_705' title='bbox 914 4961 966 5009; x_wconf 81' lang='lat' dir='ltr'><strong>et</strong></span> <span class='ocrx_word' id='word_1_706' title='bbox 1010 4953 1211 5007; x_wconf 80' lang='lat' dir='ltr'><strong>Balnzii</strong></span> <span class='ocrx_word' id='word_1_707' title='bbox 1241 4955 1608 5023; x_wconf 86' lang='lat' dir='ltr'><strong>supplevimus</strong></span> <span class='ocrx_word' id='word_1_708' title='bbox 1648 4954 1847 5021; x_wconf 88' lang='lat' dir='ltr'><strong>repeti-</strong></span> 
     </span>
    </p>
   </div>
   <div class='ocr_carea' id='block_1_96' title="bbox 228 5024 1837 5095">
    <p class='ocr_par' dir='ltr' id='par_1_96' title="bbox 228 5024 1837 5095">
     <span class='ocr_line' id='line_1_97' title="bbox 228 5024 1837 5095; baseline 0.004 -21"><span class='ocrx_word' id='word_1_709' title='bbox 228 5030 464 5089; x_wconf 70' lang='lat' dir='ltr'><strong>sim‘sem</strong></span> <span class='ocrx_word' id='word_1_710' title='bbox 496 5027 641 5078; x_wconf 79' lang='lat' dir='ltr'><strong>vocis</strong></span> <span class='ocrx_word' id='word_1_711' title='bbox 671 5024 785 5089; x_wconf 84' lang='lat' dir='ltr'><strong>iste,</strong></span> <span class='ocrx_word' id='word_1_712' title='bbox 816 5040 971 5093; x_wconf 83' lang='lat' dir='ltr'><strong>quam</strong></span> <span class='ocrx_word' id='word_1_713' title='bbox 1012 5037 1064 5079; x_wconf 88' lang='lat' dir='ltr'><strong>et</strong></span> <span class='ocrx_word' id='word_1_714' title='bbox 1095 5025 1315 5080; x_wconf 68' lang='lat' dir='ltr'><strong>Graecus</strong></span> <span class='ocrx_word' id='word_1_715' title='bbox 1346 5033 1523 5079; x_wconf 82' lang='lat' dir='ltr'><strong>textus</strong></span> <span class='ocrx_word' id='word_1_716' title='bbox 1555 5026 1837 5095; x_wconf 80' lang='lat' dir='ltr'><strong>approbat.</strong></span> 
     </span>
    </p>
   </div>
   <div class='ocr_carea' id='block_1_97' title="bbox 317 5095 1847 5168">
    <p class='ocr_par' dir='ltr' id='par_1_97' title="bbox 317 5095 1847 5168">
     <span class='ocr_line' id='line_1_98' title="bbox 317 5095 1847 5168; baseline 0 -19"><span class='ocrx_word' id='word_1_717' title='bbox 317 5108 349 5137; x_wconf 70' lang='grc' dir='ltr'><strong>ο</strong></span> <span class='ocrx_word' id='word_1_718' title='bbox 389 5095 484 5149; x_wconf 84' lang='lat' dir='ltr'><strong>Sic</strong></span> <span class='ocrx_word' id='word_1_719' title='bbox 506 5110 690 5168; x_wconf 74' lang='lat' dir='ltr'><strong>omnes</strong></span> <span class='ocrx_word' id='word_1_720' title='bbox 720 5095 953 5151; x_wconf 88' lang='lat' dir='ltr'><strong>codices.</strong></span> <span class='ocrx_word' id='word_1_721' title='bbox 992 5097 1196 5165; x_wconf 77' lang='lat' dir='ltr'><strong>Vulgali</strong></span> <span class='ocrx_word' id='word_1_722' title='bbox 1228 5098 1279 5149; x_wconf 89' lang='lat' dir='ltr'><strong>in</strong></span> <span class='ocrx_word' id='word_1_723' title='bbox 1308 5100 1566 5168; x_wconf 77' lang='lat' dir='ltr'><strong>margine,</strong></span> <span class='ocrx_word' id='word_1_724' title='bbox 1596 5106 1709 5168; x_wconf 78' lang='lat' dir='ltr'><strong>post</strong></span> <span class='ocrx_word' id='word_1_725' title='bbox 1732 5098 1847 5149; x_wconf 88' lang='lat' dir='ltr'><strong>uni-</strong></span> 
     </span>
    </p>
   </div>
   <div class='ocr_carea' id='block_1_98' title="bbox 224 5164 1847 5238">
    <p class='ocr_par' dir='ltr' id='par_1_98' title="bbox 224 5164 1847 5238">
     <span class='ocr_line' id='line_1_99' title="bbox 224 5164 1847 5238; baseline 0.002 -21"><span class='ocrx_word' id='word_1_726' title='bbox 224 5170 263 5231; x_wconf 60' lang='lat'><strong>;</strong></span> <span class='ocrx_word' id='word_1_727' title='bbox 295 5182 476 5223; x_wconf 76' lang='lat' dir='ltr'><strong>mem.</strong></span> <span class='ocrx_word' id='word_1_728' title='bbox 530 5164 792 5238; x_wconf 70' lang='lat' dir='ltr'><strong>Caeterum</strong></span> <span class='ocrx_word' id='word_1_729' title='bbox 838 5164 1112 5238; x_wconf 70' lang='lat' dir='ltr'><strong>unitatem</strong></span> <span class='ocrx_word' id='word_1_730' title='bbox 1146 5168 1343 5221; x_wconf 88' lang='lat' dir='ltr'><strong>dictum</strong></span> <span class='ocrx_word' id='word_1_731' title='bbox 1394 5164 1702 5238; x_wconf 69' lang='lat' dir='ltr'><strong>frequenter</strong></span> <span class='ocrx_word' id='word_1_732' title='bbox 1748 5181 1847 5238; x_wconf 91' lang='lat' dir='ltr'><strong>pro</strong></span> 
     </span>
    </p>
   </div>
   <div class='ocr_carea' id='block_1_99' title="bbox 222 5235 1397 5307">
    <p class='ocr_par' dir='ltr' id='par_1_99' title="bbox 222 5235 1397 5307">
     <span class='ocr_line' id='line_1_100' title="bbox 222 5235 1397 5307; baseline -0.001 -14"><span class='ocrx_word' id='word_1_733' title='bbox 222 5258 260 5300; x_wconf 73' lang='grc' dir='ltr'><strong>ιι</strong></span> <span class='ocrx_word' id='word_1_734' title='bbox 298 5244 573 5301; x_wconf 69' lang='lat' dir='ltr'><strong>titionem,</strong></span> <span class='ocrx_word' id='word_1_735' title='bbox 601 5253 718 5306; x_wconf 63' lang='lat' dir='ltr'><strong>quae</strong></span> <span class='ocrx_word' id='word_1_736' title='bbox 748 5237 800 5291; x_wconf 93' lang='lat' dir='ltr'><strong>in</strong></span> <span class='ocrx_word' id='word_1_737' title='bbox 826 5235 1016 5292; x_wconf 64' lang='lat' dir='ltr'><strong>Graeco</strong></span> <span class='ocrx_word' id='word_1_738' title='bbox 1047 5238 1397 5307; x_wconf 74' lang='lat' dir='ltr'><strong>signiﬁcatur.</strong></span> 
     </span>
    </p>
   </div>
   <div class='ocr_carea' id='block_1_100' title="bbox 308 5308 1849 5381">
    <p class='ocr_par' dir='ltr' id='par_1_100' title="bbox 308 5308 1849 5381">
     <span class='ocr_line' id='line_1_101' title="bbox 308 5308 1849 5381; baseline 0 -18"><span class='ocrx_word' id='word_1_739' title='bbox 308 5309 348 5349; x_wconf 73' lang='grc' dir='ltr'><em>δ</em></span> <span class='ocrx_word' id='word_1_740' title='bbox 374 5308 567 5381; x_wconf 67' lang='lat' dir='ltr'><strong>Locus</strong></span> <span class='ocrx_word' id='word_1_741' title='bbox 605 5324 633 5362; x_wconf 92' lang='lat' dir='ltr'><strong>a</strong></span> <span class='ocrx_word' id='word_1_742' title='bbox 675 5309 966 5375; x_wconf 76' lang='lat' dir='ltr'><strong>Quesnello</strong></span> <span class='ocrx_word' id='word_1_743' title='bbox 1015 5322 1160 5365; x_wconf 87' lang='lat' dir='ltr'><strong>recte</strong></span> <span class='ocrx_word' id='word_1_744' title='bbox 1204 5308 1520 5364; x_wconf 86' lang='lat' dir='ltr'><strong>emendatus</strong></span> <span class='ocrx_word' id='word_1_745' title='bbox 1556 5325 1622 5365; x_wconf 81' lang='lat' dir='ltr'><strong>ex</strong></span> <span class='ocrx_word' id='word_1_746' title='bbox 1662 5308 1849 5365; x_wconf 86' lang='lat' dir='ltr'><strong>codice</strong></span> 
     </span>
    </p>
   </div>
   <div class='ocr_carea' id='block_1_101' title="bbox 219 5380 1850 5450">
    <p class='ocr_par' dir='ltr' id='par_1_101' title="bbox 219 5380 1850 5450">
     <span class='ocr_line' id='line_1_102' title="bbox 219 5380 1850 5450; baseline -0.002 -11"><span class='ocrx_word' id='word_1_747' title='bbox 219 5384 257 5441; x_wconf 70' lang='grc' dir='ltr'><strong>’ἰ</strong></span> <span class='ocrx_word' id='word_1_748' title='bbox 297 5380 548 5443; x_wconf 64' lang='lat' dir='ltr'><strong>aua&#39;neo,</strong></span> <span class='ocrx_word' id='word_1_749' title='bbox 574 5380 697 5437; x_wconf 86' lang='lat' dir='ltr'><strong>cum</strong></span> <span class='ocrx_word' id='word_1_750' title='bbox 725 5392 879 5434; x_wconf 86' lang='lat' dir='ltr'><strong>antea</strong></span> <span class='ocrx_word' id='word_1_751' title='bbox 910 5382 1025 5435; x_wconf 70' lang='lat' dir='ltr'><strong>sine</strong></span> <span class='ocrx_word' id='word_1_752' title='bbox 1054 5383 1162 5435; x_wconf 79' lang='lat' dir='ltr'><strong>ullo</strong></span> <span class='ocrx_word' id='word_1_753' title='bbox 1196 5395 1357 5435; x_wconf 84' lang='lat' dir='ltr'><strong>sensu</strong></span> <span class='ocrx_word' id='word_1_754' title='bbox 1398 5381 1688 5450; x_wconf 81' lang='lat' dir='ltr'><strong>legeretur,</strong></span> <span class='ocrx_word' id='word_1_755' title='bbox 1719 5382 1850 5435; x_wconf 84' lang='lat' dir='ltr'><strong>sicut</strong></span> 
     </span>
    </p>
   </div>
   <div class='ocr_carea' id='block_1_102' title="bbox 220 5451 1851 5522">
    <p class='ocr_par' dir='ltr' id='par_1_102' title="bbox 220 5451 1851 5522">
     <span class='ocr_line' id='line_1_103' title="bbox 220 5451 1851 5522; baseline 0.002 -18"><span class='ocrx_word' id='word_1_756' title='bbox 220 5473 265 5511; x_wconf 65' lang='grc' dir='ltr'><strong>ιι</strong></span> <span class='ocrx_word' id='word_1_757' title='bbox 294 5472 353 5519; x_wconf 59' lang='grc' dir='ltr'><strong>σε</strong></span> <span class='ocrx_word' id='word_1_758' title='bbox 385 5466 449 5505; x_wconf 85' lang='lat' dir='ltr'><strong>re</strong></span> <span class='ocrx_word' id='word_1_759' title='bbox 474 5451 829 5522; x_wconf 64' lang='lat' dir='ltr'><strong>proprietates.</strong></span> <span class='ocrx_word' id='word_1_760' title='bbox 853 5451 1001 5507; x_wconf 67' lang='lat' dir='ltr'><strong>Hanc</strong></span> <span class='ocrx_word' id='word_1_761' title='bbox 1031 5453 1457 5506; x_wconf 75' lang='lat' dir='ltr'><strong>emendationem</strong></span> <span class='ocrx_word' id='word_1_762' title='bbox 1491 5470 1594 5506; x_wconf 87' lang='lat' dir='ltr'><strong>non</strong></span> <span class='ocrx_word' id='word_1_763' title='bbox 1628 5464 1731 5506; x_wconf 89' lang='lat' dir='ltr'><strong>tam</strong></span> <span class='ocrx_word' id='word_1_764' title='bbox 1759 5454 1851 5507; x_wconf 87' lang='lat' dir='ltr'><strong>Ba-</strong></span> 
     </span>
    </p>
   </div>
   <div class='ocr_carea' id='block_1_103' title="bbox 217 5522 1850 5589">
    <p class='ocr_par' dir='ltr' id='par_1_103' title="bbox 217 5522 1850 5589">
     <span class='ocr_line' id='line_1_104' title="bbox 217 5522 1850 5589; baseline -0.002 -7"><span class='ocrx_word' id='word_1_765' title='bbox 217 5527 383 5586; x_wconf 57' lang='lat' dir='ltr'><strong>lxxii</strong></span> <span class='ocrx_word' id='word_1_766' title='bbox 422 5532 480 5577; x_wconf 80' lang='lat' dir='ltr'><strong>et</strong></span> <span class='ocrx_word' id='word_1_767' title='bbox 519 5524 683 5578; x_wconf 87' lang='lat' dir='ltr'><strong>nostri</strong></span> <span class='ocrx_word' id='word_1_768' title='bbox 721 5525 959 5589; x_wconf 89' lang='lat' dir='ltr'><strong>codices,</strong></span> <span class='ocrx_word' id='word_1_769' title='bbox 1001 5539 1185 5577; x_wconf 86' lang='lat' dir='ltr'><strong>verum</strong></span> <span class='ocrx_word' id='word_1_770' title='bbox 1223 5524 1383 5577; x_wconf 87' lang='lat' dir='ltr'><strong>etiam</strong></span> <span class='ocrx_word' id='word_1_771' title='bbox 1414 5522 1633 5579; x_wconf 61' lang='lat' dir='ltr'><strong>Grascns</strong></span> <span class='ocrx_word' id='word_1_772' title='bbox 1678 5534 1850 5578; x_wconf 79' lang='lat' dir='ltr'><strong>textus</strong></span> 
     </span>
    </p>
   </div>
   <div class='ocr_carea' id='block_1_104' title="bbox 210 5594 1662 5664">
    <p class='ocr_par' dir='ltr' id='par_1_104' title="bbox 210 5594 1662 5664">
     <span class='ocr_line' id='line_1_105' title="bbox 210 5594 1662 5664; baseline -0.003 -12"><span class='ocrx_word' id='word_1_773' title='bbox 210 5596 570 5663; x_wconf 61' lang='lat' dir='ltr'><strong>(inﬁrmat.</strong></span> <span class='ocrx_word' id='word_1_774' title='bbox 605 5596 757 5657; x_wconf 82' lang='lat' dir='ltr'><strong>Dein,</strong></span> <span class='ocrx_word' id='word_1_775' title='bbox 790 5596 1065 5650; x_wconf 74' lang='lat' dir='ltr'><strong>inanitate</strong></span> <span class='ocrx_word' id='word_1_776' title='bbox 1095 5599 1339 5664; x_wconf 80' lang='lat' dir='ltr'><strong>perfecta,</strong></span> <span class='ocrx_word' id='word_1_777' title='bbox 1363 5596 1483 5648; x_wconf 86' lang='lat' dir='ltr'><strong>cod.</strong></span> <span class='ocrx_word' id='word_1_778' title='bbox 1509 5594 1662 5664; x_wconf 80' lang='lat' dir='ltr'><strong>Cltig.</strong></span> 
     </span>
    </p>
   </div>
   <div class='ocr_carea' id='block_1_105' title="bbox 313 5664 1851 5737">
    <p class='ocr_par' dir='ltr' id='par_1_105' title="bbox 313 5664 1851 5737">
     <span class='ocr_line' id='line_1_106' title="bbox 313 5664 1851 5737; baseline -0.002 -14"><span class='ocrx_word' id='word_1_779' title='bbox 313 5680 349 5708; x_wconf 76' lang='grc' dir='ltr'><strong><em>ο</em></strong></span> <span class='ocrx_word' id='word_1_780' title='bbox 386 5664 674 5737; x_wconf 83' lang='lat' dir='ltr'><strong>Siciidem</strong></span> <span class='ocrx_word' id='word_1_781' title='bbox 708 5674 929 5737; x_wconf 54' lang='lat' dir='ltr'><strong>veteres</strong></span> <span class='ocrx_word' id='word_1_782' title='bbox 957 5668 1187 5722; x_wconf 54' lang='lat' dir='ltr'><strong>codices.</strong></span> <span class='ocrx_word' id='word_1_783' title='bbox 1222 5668 1424 5737; x_wconf 49' lang='lat' dir='ltr'><strong>vulgati</strong></span> <span class='ocrx_word' id='word_1_784' title='bbox 1457 5668 1721 5720; x_wconf 84' lang='lat' dir='ltr'><strong>editorum</strong></span> <span class='ocrx_word' id='word_1_785' title='bbox 1766 5683 1851 5720; x_wconf 87' lang='lat' dir='ltr'><strong>ar-</strong></span> 
     </span>
    </p>
   </div>
   <div class='ocr_carea' id='block_1_106' title="bbox 214 5734 1848 5811">
    <p class='ocr_par' dir='ltr' id='par_1_106' title="bbox 214 5734 1848 5811">
     <span class='ocr_line' id='line_1_107' title="bbox 214 5734 1848 5811; baseline -0.004 -13"><span class='ocrx_word' id='word_1_786' title='bbox 214 5742 447 5805; x_wconf 67' lang='lat' dir='ltr'><strong>hﬂriO,</strong></span> <span class='ocrx_word' id='word_1_787' title='bbox 474 5734 675 5807; x_wconf 82' lang='lat' dir='ltr'><strong>Corpus</strong></span> <span class='ocrx_word' id='word_1_788' title='bbox 693 5734 1075 5809; x_wconf 87' lang='lat' dir='ltr'><strong>Domini,quod</strong></span> <span class='ocrx_word' id='word_1_789' title='bbox 1103 5753 1168 5792; x_wconf 77' lang='lat' dir='ltr'><strong>ea:</strong></span> <span class='ocrx_word' id='word_1_790' title='bbox 1191 5734 1357 5792; x_wconf 63' lang='lat' dir='ltr'><strong>Martii</strong></span> <span class='ocrx_word' id='word_1_791' title='bbox 1385 5738 1577 5811; x_wconf 83' lang='lat' dir='ltr'><strong>factum</strong></span> <span class='ocrx_word' id='word_1_792' title='bbox 1604 5750 1695 5803; x_wconf 84' lang='lat' dir='ltr'><strong>est,</strong></span> <span class='ocrx_word' id='word_1_793' title='bbox 1727 5755 1848 5805; x_wconf 89' lang='lat' dir='ltr'><strong>non,</strong></span> 
     </span>
    </p>
   </div>
   <div class='ocr_carea' id='block_1_107' title="bbox 216 5810 1855 5887">
    <p class='ocr_par' dir='ltr' id='par_1_107' title="bbox 216 5810 1855 5887">
     <span class='ocr_line' id='line_1_108' title="bbox 216 5810 1855 5887; baseline -0.001 -20"><span class='ocrx_word' id='word_1_794' title='bbox 216 5826 403 5880; x_wconf 62' lang='grc' dir='ltr'><strong>θεας</strong></span> <span class='ocrx_word' id='word_1_795' title='bbox 446 5825 529 5887; x_wconf 35' lang='grc' dir='ltr'><strong>με,</strong></span> <span class='ocrx_word' id='word_1_796' title='bbox 570 5827 732 5887; x_wconf 51' lang='lat' dir='ltr'><strong>mos,</strong></span> <span class='ocrx_word' id='word_1_797' title='bbox 782 5810 1174 5882; x_wconf 79' lang='lat' dir='ltr'><strong>conspersionis.</strong></span> <span class='ocrx_word' id='word_1_798' title='bbox 1222 5810 1510 5881; x_wconf 83' lang='lat' dir='ltr'><strong>Antiquam</strong></span> <span class='ocrx_word' id='word_1_799' title='bbox 1569 5811 1855 5866; x_wconf 87' lang='lat' dir='ltr'><strong>lectionem</strong></span> 
     </span>
    </p>
   </div>
   <div class='ocr_carea' id='block_1_108' title="bbox 215 5882 879 5951">
    <p class='ocr_par' dir='ltr' id='par_1_108' title="bbox 215 5882 879 5951">
     <span class='ocr_line' id='line_1_109' title="bbox 215 5882 879 5951; baseline -0.012 -7"><span class='ocrx_word' id='word_1_800' title='bbox 215 5882 557 5951; x_wconf 46' lang='lat' dir='ltr'><strong>“endure</strong></span> <span class='ocrx_word' id='word_1_801' title='bbox 588 5882 879 5938; x_wconf 82' lang='lat' dir='ltr'><strong>noluimus.</strong></span> 
     </span>
    </p>
   </div>
   <div class='ocr_carea' id='block_1_109' title="bbox 1948 4736 3543 4808">
    <p class='ocr_par' dir='ltr' id='par_1_109' title="bbox 1948 4736 3543 4808">
     <span class='ocr_line' id='line_1_110' title="bbox 1948 4736 3543 4808; baseline -0.004 -11"><span class='ocrx_word' id='word_1_802' title='bbox 1948 4739 2169 4797; x_wconf 71' lang='lat' dir='ltr'><strong>Gnaeus</strong></span> <span class='ocrx_word' id='word_1_803' title='bbox 2202 4749 2378 4793; x_wconf 77' lang='lat' dir='ltr'><strong>textus</strong></span> <span class='ocrx_word' id='word_1_804' title='bbox 2410 4736 2717 4808; x_wconf 44' lang='lat' dir='ltr'><strong>respondet.</strong></span> <span class='ocrx_word' id='word_1_805' title='bbox 2750 4740 2851 4794; x_wconf 78' lang='lat' dir='ltr'><strong>Alii</strong></span> <span class='ocrx_word' id='word_1_806' title='bbox 2886 4737 3043 4791; x_wconf 73' lang='lat' dir='ltr'><strong>codd.</strong></span> <span class='ocrx_word' id='word_1_807' title='bbox 3064 4753 3192 4808; x_wconf 73' lang='lat' dir='ltr'><strong>cum</strong></span> <span class='ocrx_word' id='word_1_808' title='bbox 3220 4736 3447 4804; x_wconf 70' lang='lat' dir='ltr'><strong>Qui-sm,</strong></span> <span class='ocrx_word' id='word_1_809' title='bbox 3479 4753 3543 4791; x_wconf 79' lang='lat' dir='ltr'><strong>ea:</strong></span> 
     </span>
    </p>
   </div>
   <div class='ocr_carea' id='block_1_110' title="bbox 1949 4807 3543 4871">
    <p class='ocr_par' dir='ltr' id='par_1_110' title="bbox 1949 4807 3543 4871">
     <span class='ocr_line' id='line_1_111' title="bbox 1949 4807 3543 4871; baseline -0.003 -6"><span class='ocrx_word' id='word_1_810' title='bbox 1949 4814 2192 4865; x_wconf 82' lang='lat' dir='ltr'><strong>ambobus</strong></span> <span class='ocrx_word' id='word_1_811' title='bbox 2225 4809 2462 4867; x_wconf 84' lang='lat' dir='ltr'><strong>Christus</strong></span> <span class='ocrx_word' id='word_1_812' title='bbox 2500 4807 2588 4862; x_wconf 82' lang='lat' dir='ltr'><strong>Dei</strong></span> <span class='ocrx_word' id='word_1_813' title='bbox 2628 4808 2819 4864; x_wconf 81' lang='lat' dir='ltr'><strong>Filius.</strong></span> <span class='ocrx_word' id='word_1_814' title='bbox 2853 4809 2911 4865; x_wconf 83' lang='lat' dir='ltr'><strong>In</strong></span> <span class='ocrx_word' id='word_1_815' title='bbox 2944 4808 3102 4865; x_wconf 87' lang='lat' dir='ltr'><strong>editis</strong></span> <span class='ocrx_word' id='word_1_816' title='bbox 3135 4807 3452 4871; x_wconf 55' lang='lat' dir='ltr'><strong>Conciliat,</strong></span> <span class='ocrx_word' id='word_1_817' title='bbox 3481 4823 3543 4861; x_wconf 81' lang='lat' dir='ltr'><strong>ea:</strong></span> 
     </span>
    </p>
   </div>
   <div class='ocr_carea' id='block_1_111' title="bbox 1949 4879 2798 4937">
    <p class='ocr_par' dir='ltr' id='par_1_111' title="bbox 1949 4879 2798 4937">
     <span class='ocr_line' id='line_1_112' title="bbox 1949 4879 2798 4937; baseline -0.002 -1"><span class='ocrx_word' id='word_1_818' title='bbox 1949 4886 2191 4937; x_wconf 80' lang='lat' dir='ltr'><strong>ambabus</strong></span> <span class='ocrx_word' id='word_1_819' title='bbox 2219 4882 2450 4937; x_wconf 83' lang='lat' dir='ltr'><strong>Christus</strong></span> <span class='ocrx_word' id='word_1_820' title='bbox 2478 4880 2575 4935; x_wconf 89' lang='lat' dir='ltr'><strong>Dei</strong></span> <span class='ocrx_word' id='word_1_821' title='bbox 2606 4879 2798 4935; x_wconf 81' lang='lat' dir='ltr'><strong>Filius.</strong></span> 
     </span>
    </p>
   </div>
   <div class='ocr_carea' id='block_1_112' title="bbox 2024 4949 3541 5022">
    <p class='ocr_par' dir='ltr' id='par_1_112' title="bbox 2024 4949 3541 5022">
     <span class='ocr_line' id='line_1_113' title="bbox 2024 4949 3541 5022; baseline 0 -19"><span class='ocrx_word' id='word_1_822' title='bbox 2024 4963 2048 5001; x_wconf 70' lang='grc' dir='ltr'><strong><em>Β</em></strong></span> <span class='ocrx_word' id='word_1_823' title='bbox 2078 4954 2591 5018; x_wconf 54' lang='lat' dir='ltr'><strong>Quesnellnsninisit</strong></span> <span class='ocrx_word' id='word_1_824' title='bbox 2612 4969 2733 5022; x_wconf 85' lang='lat' dir='ltr'><strong>per;</strong></span> <span class='ocrx_word' id='word_1_825' title='bbox 2759 4955 2811 5006; x_wconf 91' lang='lat' dir='ltr'><strong>in</strong></span> <span class='ocrx_word' id='word_1_826' title='bbox 2828 4951 3080 5006; x_wconf 86' lang='lat' dir='ltr'><strong>omnibus</strong></span> <span class='ocrx_word' id='word_1_827' title='bbox 3102 4960 3279 5005; x_wconf 88' lang='lat' dir='ltr'><strong>autem</strong></span> <span class='ocrx_word' id='word_1_828' title='bbox 3304 4949 3541 5018; x_wconf 84' lang='lat' dir='ltr'><strong>quinque</strong></span> 
     </span>
    </p>
   </div>
   <div class='ocr_carea' id='block_1_113' title="bbox 1952 5025 2583 5092">
    <p class='ocr_par' dir='ltr' id='par_1_113' title="bbox 1952 5025 2583 5092">
     <span class='ocr_line' id='line_1_114' title="bbox 1952 5025 2583 5092; baseline -0.006 -13"><span class='ocrx_word' id='word_1_829' title='bbox 1952 5035 2151 5079; x_wconf 83' lang='lat' dir='ltr'><strong>nostris</strong></span> <span class='ocrx_word' id='word_1_830' title='bbox 2181 5025 2338 5079; x_wconf 88' lang='lat' dir='ltr'><strong>codd.</strong></span> <span class='ocrx_word' id='word_1_831' title='bbox 2372 5026 2583 5092; x_wconf 78' lang='lat' dir='ltr'><strong>legitur.</strong></span> 
     </span>
    </p>
   </div>
   <div class='ocr_carea' id='block_1_114' title="bbox 2024 5091 3033 5157">
    <p class='ocr_par' dir='ltr' id='par_1_114' title="bbox 2024 5091 3033 5157">
     <span class='ocr_line' id='line_1_115' title="bbox 2024 5091 3033 5157; baseline -0.002 -9"><span class='ocrx_word' id='word_1_832' title='bbox 2024 5092 2051 5131; x_wconf 68' lang='grc' dir='ltr'>δ</span> <span class='ocrx_word' id='word_1_833' title='bbox 2075 5094 2205 5149; x_wconf 79' lang='lat' dir='ltr'><strong>Cod.</strong></span> <span class='ocrx_word' id='word_1_834' title='bbox 2243 5091 2463 5157; x_wconf 81' lang='lat' dir='ltr'><strong>Veron.,</strong></span> <span class='ocrx_word' id='word_1_835' title='bbox 2497 5106 2541 5147; x_wconf 92' lang='lat' dir='ltr'><strong>et</strong></span> <span class='ocrx_word' id='word_1_836' title='bbox 2570 5091 3033 5148; x_wconf 63' lang='lat' dir='ltr'><strong>Christianissimo.</strong></span> 
     </span>
    </p>
   </div>
   <div class='ocr_carea' id='block_1_115' title="bbox 1980 5162 3543 5236">
    <p class='ocr_par' dir='ltr' id='par_1_115' title="bbox 1980 5162 3543 5236">
     <span class='ocr_line' id='line_1_116' title="bbox 1980 5162 3543 5236; baseline -0.005 -17"><span class='ocrx_word' id='word_1_837' title='bbox 1980 5224 1983 5227; x_wconf 21' lang='grc' dir='ltr'>ι</span> <span class='ocrx_word' id='word_1_838' title='bbox 2027 5164 2045 5202; x_wconf 76' lang='grc' dir='ltr'>ί</span> <span class='ocrx_word' id='word_1_839' title='bbox 2077 5168 2331 5233; x_wconf 81' lang='lat' dir='ltr'><strong>Quesnel.</strong></span> <span class='ocrx_word' id='word_1_840' title='bbox 2364 5182 2485 5221; x_wconf 90' lang='lat' dir='ltr'><strong>cum</strong></span> <span class='ocrx_word' id='word_1_841' title='bbox 2527 5166 2657 5221; x_wconf 89' lang='lat' dir='ltr'><strong>edit.</strong></span> <span class='ocrx_word' id='word_1_842' title='bbox 2699 5164 3237 5236; x_wconf 63' lang='lat' dir='ltr'><strong>Cunéilior.._gestis,</strong></span> <span class='ocrx_word' id='word_1_843' title='bbox 3272 5162 3462 5218; x_wconf 87' lang='lat' dir='ltr'><strong>Omnia</strong></span> <span class='ocrx_word' id='word_1_844' title='bbox 3491 5173 3543 5214; x_wconf 87' lang='lat' dir='ltr'><strong>et.</strong></span> 
     </span>
    </p>
   </div>
   <div class='ocr_carea' id='block_1_116' title="bbox 1951 5235 3185 5307">
    <p class='ocr_par' dir='ltr' id='par_1_116' title="bbox 1951 5235 3185 5307">
     <span class='ocr_line' id='line_1_117' title="bbox 1951 5235 3185 5307; baseline -0.002 -16"><span class='ocrx_word' id='word_1_845' title='bbox 1951 5248 2131 5292; x_wconf 81' lang='lat' dir='ltr'><strong>nostra</strong></span> <span class='ocrx_word' id='word_1_846' title='bbox 2166 5246 2220 5293; x_wconf 80' lang='lat' dir='ltr'><strong>et</strong></span> <span class='ocrx_word' id='word_1_847' title='bbox 2248 5237 2445 5292; x_wconf 81' lang='lat' dir='ltr'><strong>Baluzii</strong></span> <span class='ocrx_word' id='word_1_848' title='bbox 2472 5237 2798 5305; x_wconf 70' lang='lat' dir='ltr'><strong>exemplaria</strong></span> <span class='ocrx_word' id='word_1_849' title='bbox 2836 5235 3185 5307; x_wconf 72' lang='lat' dir='ltr'><strong>praetulintus.</strong></span> 
     </span>
    </p>
   </div>
   <div class='ocr_carea' id='block_1_117' title="bbox 2027 5306 3545 5376">
    <p class='ocr_par' dir='ltr' id='par_1_117' title="bbox 2027 5306 3545 5376">
     <span class='ocr_line' id='line_1_118' title="bbox 2027 5306 3545 5376; baseline -0.002 -17"><span class='ocrx_word' id='word_1_850' title='bbox 2027 5308 2042 5359; x_wconf 87' lang='lat' dir='ltr'><strong>l</strong></span> <span class='ocrx_word' id='word_1_851' title='bbox 2081 5309 2309 5375; x_wconf 81' lang='lat' dir='ltr'><strong>Quidam</strong></span> <span class='ocrx_word' id='word_1_852' title='bbox 2340 5308 2499 5364; x_wconf 89' lang='lat' dir='ltr'><strong>codd.</strong></span> <span class='ocrx_word' id='word_1_853' title='bbox 2522 5320 2576 5364; x_wconf 87' lang='lat' dir='ltr'><strong>et</strong></span> <span class='ocrx_word' id='word_1_854' title='bbox 2605 5312 2732 5363; x_wconf 90' lang='lat' dir='ltr'><strong>editi</strong></span> <span class='ocrx_word' id='word_1_855' title='bbox 2767 5306 2891 5363; x_wconf 85' lang='lat' dir='ltr'><strong>ante</strong></span> <span class='ocrx_word' id='word_1_856' title='bbox 2907 5306 3251 5376; x_wconf 84' lang='lat' dir='ltr'><strong>Quesn.post</strong></span> <span class='ocrx_word' id='word_1_857' title='bbox 3278 5306 3434 5359; x_wconf 87' lang='lat' dir='ltr'><strong>etiam</strong></span> <span class='ocrx_word' id='word_1_858' title='bbox 3452 5306 3545 5356; x_wconf 60' lang='lat' dir='ltr'><strong>ad»-</strong></span> 
     </span>
    </p>
   </div>
   <div class='ocr_carea' id='block_1_118' title="bbox 1952 5380 2899 5435">
    <p class='ocr_par' dir='ltr' id='par_1_118' title="bbox 1952 5380 2899 5435">
     <span class='ocr_line' id='line_1_119' title="bbox 1952 5380 2899 5435; baseline -0.002 0"><span class='ocrx_word' id='word_1_859' title='bbox 1952 5380 2180 5435; x_wconf 73' lang='lat' dir='ltr'><strong>dunteL</strong></span> <span class='ocrx_word' id='word_1_860' title='bbox 2896 5428 2899 5433; x_wconf 96' lang='lat'><strong>.</strong></span> 
     </span>
    </p>
   </div>
   <div class='ocr_carea' id='block_1_119' title="bbox 1976 5440 3542 5521">
    <p class='ocr_par' dir='ltr' id='par_1_119' title="bbox 1976 5440 3542 5521">
     <span class='ocr_line' id='line_1_120' title="bbox 1976 5440 3542 5521; baseline -0.003 -12"><span class='ocrx_word' id='word_1_861' title='bbox 1976 5506 1977 5509; x_wconf 44' lang='grc' dir='ltr'><strong>η</strong></span> <span class='ocrx_word' id='word_1_862' title='bbox 2026 5449 2054 5489; x_wconf 64' lang='grc' dir='ltr'><em>κ</em></span> <span class='ocrx_word' id='word_1_863' title='bbox 2092 5451 2330 5521; x_wconf 83' lang='lat' dir='ltr'><strong>Legebat</strong></span> <span class='ocrx_word' id='word_1_864' title='bbox 2376 5450 2668 5521; x_wconf 75' lang='lat' dir='ltr'><strong>interpres,</strong></span> <span class='ocrx_word' id='word_1_865' title='bbox 2717 5440 2797 5507; x_wconf 72' lang='grc' dir='ltr'><strong>οἷα</strong></span> <span class='ocrx_word' id='word_1_866' title='bbox 2836 5450 3112 5521; x_wconf 64' lang='grc' dir='ltr'><strong>δι’ἀπάτῃς</strong></span> <span class='ocrx_word' id='word_1_867' title='bbox 3154 5456 3246 5506; x_wconf 79' lang='grc' dir='ltr'><strong>τοῦ</strong></span> <span class='ocrx_word' id='word_1_868' title='bbox 3291 5447 3542 5521; x_wconf 59' lang='grc' dir='ltr'><strong>ψεύδους.</strong></span> 
     </span>
    </p>
   </div>
   <div class='ocr_carea' id='block_1_120' title="bbox 1955 5518 3540 5595">
    <p class='ocr_par' dir='ltr' id='par_1_120' title="bbox 1955 5518 3540 5595">
     <span class='ocr_line' id='line_1_121' title="bbox 1955 5518 3540 5595; baseline 0 -20"><span class='ocrx_word' id='word_1_869' title='bbox 1955 5538 2079 5595; x_wconf 72' lang='lat' dir='ltr'><strong>cum</strong></span> <span class='ocrx_word' id='word_1_870' title='bbox 2108 5518 2192 5577; x_wconf 48' lang='lat' dir='ltr'><strong>sit&#39;</strong></span> <span class='ocrx_word' id='word_1_871' title='bbox 2210 5524 2260 5576; x_wconf 85' lang='lat' dir='ltr'><strong>in</strong></span> <span class='ocrx_word' id='word_1_872' title='bbox 2288 5531 2433 5575; x_wconf 69' lang='lat' dir='ltr'><strong>textu</strong></span> <span class='ocrx_word' id='word_1_873' title='bbox 2465 5518 2547 5578; x_wconf 83' lang='grc' dir='ltr'><strong>οἷα</strong></span> <span class='ocrx_word' id='word_1_874' title='bbox 2578 5524 2698 5592; x_wconf 74' lang='lat' dir='ltr'><strong>(nos</strong></span> <span class='ocrx_word' id='word_1_875' title='bbox 2726 5525 3019 5595; x_wconf 78' lang='lat' dir='ltr'><strong>adjecitnus</strong></span> <span class='ocrx_word' id='word_1_876' title='bbox 3040 5520 3125 5589; x_wconf 71' lang='grc' dir='ltr'><strong>διὸ)</strong></span> <span class='ocrx_word' id='word_1_877' title='bbox 3353 5519 3424 5595; x_wconf 64' lang='lat' dir='ltr'><strong>«iis</strong></span> <span class='ocrx_word' id='word_1_878' title='bbox 3448 5524 3540 5575; x_wconf 77' lang='grc' dir='ltr'><strong>τοῦ</strong></span> 
     </span>
    </p>
   </div>
   <div class='ocr_carea' id='block_1_121' title="bbox 1955 5592 3545 5720">
    <p class='ocr_par' dir='ltr' id='par_1_121' title="bbox 1955 5592 3545 5720">
     <span class='ocr_line' id='line_1_122' title="bbox 1955 5592 3545 5720; baseline -0.004 -72"><span class='ocrx_word' id='word_1_879' title='bbox 1955 5592 2213 5720; x_wconf 38' lang='grc' dir='ltr'><strong>ψεύδους,</strong></span> <span class='ocrx_word' id='word_1_880' title='bbox 2262 5596 2400 5649; x_wconf 70' lang='lat' dir='ltr'><strong>velut</strong></span> <span class='ocrx_word' id='word_1_881' title='bbox 2446 5604 2591 5666; x_wconf 81' lang='lat' dir='ltr'><strong>pater</strong></span> <span class='ocrx_word' id='word_1_882' title='bbox 2638 5592 2891 5648; x_wconf 82' lang='lat' dir='ltr'><strong>mendacii</strong></span> <span class='ocrx_word' id='word_1_883' title='bbox 2934 5595 3171 5646; x_wconf 67' lang='lat' dir='ltr'><strong>resistens.</strong></span> <span class='ocrx_word' id='word_1_884' title='bbox 3224 5592 3350 5645; x_wconf 59' lang='lat' dir='ltr'><strong>Huic</strong></span> <span class='ocrx_word' id='word_1_885' title='bbox 3388 5592 3545 5645; x_wconf 71' lang='lat' dir='ltr'><strong>Cute~</strong></span> 
     </span>
     <span class='ocr_line' id='line_1_123' title="bbox 1981 5680 3423 5720; baseline -0.001 0"><span class='ocrx_word' id='word_1_886' title='bbox 1981 5680 2150 5720; x_wconf 82' lang='lat' dir='ltr'><strong>crtus.</strong></span> <span class='ocrx_word' id='word_1_887' title='bbox 3418 5698 3423 5705; x_wconf 61' lang='grc' dir='ltr'><strong>ι</strong></span> 
     </span>
    </p>
   </div>
   <div class='ocr_carea' id='block_1_122' title="bbox 1981 5680 3423 5723">
    <p class='ocr_par' dir='ltr' id='par_1_122' title="bbox 1981 5680 3423 5723">
     <span class='ocr_line' id='line_1_124' title="bbox 1981 5680 3423 5723; baseline 0.001 -3"><span class='ocrx_word' id='word_1_888' title='bbox 1981 5680 2150 5723; x_wconf 79' lang='lat' dir='ltr'><strong>crtus.</strong></span> <span class='ocrx_word' id='word_1_889' title='bbox 3418 5698 3423 5705; x_wconf 53' lang='grc' dir='ltr'><strong>λ</strong></span> 
     </span>
    </p>
   </div>
   <div class='ocr_carea' id='block_1_123' title="bbox 2038 5733 3539 5803">
    <p class='ocr_par' dir='ltr' id='par_1_123' title="bbox 2038 5733 3539 5803">
     <span class='ocr_line' id='line_1_125' title="bbox 2038 5733 3539 5803; baseline -0.004 -11"><span class='ocrx_word' id='word_1_890' title='bbox 2038 5734 2057 5775; x_wconf 82' lang='lat'>1</span> <span class='ocrx_word' id='word_1_891' title='bbox 2092 5737 2169 5792; x_wconf 89' lang='lat' dir='ltr'><strong>lta</strong></span> <span class='ocrx_word' id='word_1_892' title='bbox 2198 5752 2387 5793; x_wconf 80' lang='lat' dir='ltr'><strong>omnes</strong></span> <span class='ocrx_word' id='word_1_893' title='bbox 2428 5736 2585 5792; x_wconf 79' lang='lat' dir='ltr'><strong>codd.</strong></span> <span class='ocrx_word' id='word_1_894' title='bbox 2619 5738 2817 5803; x_wconf 85' lang='lat' dir='ltr'><strong>Quesn.</strong></span> <span class='ocrx_word' id='word_1_895' title='bbox 2848 5750 2981 5799; x_wconf 87' lang='lat' dir='ltr'><strong>cum</strong></span> <span class='ocrx_word' id='word_1_896' title='bbox 3028 5734 3191 5789; x_wconf 67' lang='lat' dir='ltr'><strong>editis</strong></span> <span class='ocrx_word' id='word_1_897' title='bbox 3219 5733 3539 5800; x_wconf 64' lang='lat' dir='ltr'><strong>Concilium,</strong></span> 
     </span>
    </p>
   </div>
   <div class='ocr_carea' id='block_1_124' title="bbox 1963 5806 3014 5879">
    <p class='ocr_par' dir='ltr' id='par_1_124' title="bbox 1963 5806 3014 5879">
     <span class='ocr_line' id='line_1_126' title="bbox 1963 5806 3014 5879; baseline -0.004 -16"><span class='ocrx_word' id='word_1_898' title='bbox 1963 5825 2056 5879; x_wconf 80' lang='lat' dir='ltr'><strong>pro</strong></span> <span class='ocrx_word' id='word_1_899' title='bbox 2082 5825 2321 5863; x_wconf 80' lang='lat' dir='ltr'><strong>consueta</strong></span> <span class='ocrx_word' id='word_1_900' title='bbox 2348 5806 2542 5878; x_wconf 77' lang='lat' dir='ltr'><strong>ﬁducia</strong></span> <span class='ocrx_word' id='word_1_901' title='bbox 2564 5808 2873 5879; x_wconf 69' lang='lat' dir='ltr'><strong>ﬁducialiter</strong></span> <span class='ocrx_word' id='word_1_902' title='bbox 2899 5823 3014 5879; x_wconf 84' lang='lat' dir='ltr'><strong>age.</strong></span> 
     </span>
    </p>
   </div>
   <div class='ocr_carea' id='block_1_125' title="bbox 2037 5870 3553 5950">
    <p class='ocr_par' dir='ltr' id='par_1_125' title="bbox 2037 5870 3553 5950">
     <span class='ocr_line' id='line_1_127' title="bbox 2037 5870 3553 5950; baseline -0.004 -13"><span class='ocrx_word' id='word_1_903' title='bbox 2037 5888 2077 5917; x_wconf 70' lang='grc'><strong>³³</strong></span> <span class='ocrx_word' id='word_1_904' title='bbox 2104 5880 2238 5937; x_wconf 88' lang='lat' dir='ltr'><strong>Cod.</strong></span> <span class='ocrx_word' id='word_1_905' title='bbox 2282 5870 2439 5950; x_wconf 76' lang='lat' dir='ltr'><strong>Chig.</strong></span> <span class='ocrx_word' id='word_1_906' title='bbox 2482 5890 2537 5934; x_wconf 90' lang='lat' dir='ltr'><strong>et</strong></span> <span class='ocrx_word' id='word_1_907' title='bbox 2564 5870 2625 5934; x_wconf 82' lang='lat' dir='ltr'><strong>in</strong></span> <span class='ocrx_word' id='word_1_908' title='bbox 2674 5870 3086 5947; x_wconf 60' lang='lat' dir='ltr'><strong>margine&#39;edit.</strong></span> <span class='ocrx_word' id='word_1_909' title='bbox 3136 5870 3456 5947; x_wconf 87' lang='lat' dir='ltr'><strong>Concilior.,</strong></span> <span class='ocrx_word' id='word_1_910' title='bbox 3499 5878 3553 5944; x_wconf 61' lang='lat' dir='ltr'><strong>in</strong></span> 
     </span>
    </p>
   </div>
  </div>
