4020 6352
535 367 629 420 731
1677 356 1732 410 S.
1774 356 2015 413 LEONIS
2054 355 2268 413 MAGNI
2304 352 2679 415 EPISTOLAZ.

3697 352 3799 418 15%

535 490 613 534 ter
637 481 851 548 factam,
882 488 937 533 et
957 492 1052 547 per
1074 476 1284 545 propria
1308 472 1506 543 scripta
1528 439 1781 541 dignare;
1806 472 2112 527 confortare
2137 471 2188 535 A
2216 474 2447 544 primum
2478 471 2746 529 venientis
2775 470 2869 527 lilii
2899 471 3067 527 nostri
3112 471 3441 529 honorabilis
3459 470 3562 529 viri
3589 471 3797 533 Rodani

532 582 712 627 autem
742 581 796 628 et
818 568 1038 639 piissimi
1060 574 1117 622 et
1135 566 1347 621 Christo
1371 564 1727 619 amantissimi
1750 564 1919 618 nostri
1943 565 2111 634 impe-

530 665 727 720 ratoris
770 661 951 715 ﬁdem.
993 657 1165 713 Causa
1202 659 1344 713 enim
1390 666 1511 727 eget
1556 656 1893 711 solummodo
1930 664 2112 710 vestro

528 758 723 812 solatio
748 763 907 823 atque
934 751 1271 818 defensione,
1299 767 1400 821 qua
1434 750 1674 806 debeatis
1696 763 1963 805 consensu
1990 763 2112 819 pro-

527 850 650 917 prio
678 848 746 902 ad
774 848 1212 917 tranquillitatem
1246 856 1299 901 et
1346 860 1529 913 pacem
1560 854 1749 899 cuncta
1792 845 2106 911 perducere.

527 940 615 997 Sic
627 943 769 997 enim
785 940 1139 1010 hmresisqum
1169 939 1418 1003 surrexit,
1444 947 1500 993 et
1519 937 1689 992 turba:
1708 951 1825 1006 qua:
1843 945 1868 972 ⁸
1892 943 2110 1005 propter

526 1050 643 1088 eam
690 1036 838 1088 factm
870 1044 1014 1099 sunt,
1070 1033 1323 1088 facillime
1352 1031 1715 1094 deStruentur,
1767 1030 1879 1084 Deo
1908 1043 2106 1097 coope-

525 1135 678 1180 rante
699 1140 795 1195 per
824 1136 1030 1181 vestras
1057 1126 1448 1180 sacratissimas
1471 1125 1694 1178 litteras.
1728 1122 2109 1177 Removebitur

524 1233 705 1280 autem
738 1232 790 1278 et
830 1223 1117 1279 concilium
1150 1221 1290 1291 quod
1322 1221 1437 1275 ﬁeri
1478 1220 1776 1287 divn’gatur
1801 1234 1815 1270 :
1845 1224 2108 1285 quatenus

525 1330 858 1385 nequaquam
900 1313 1095 1381 ubique
1139 1311 1489 1366 sanctissimae
1520 1310 1801 1363 turbentur
1825 1306 2103 1361 Ecclesim.

522 1410 746 1464 Omnem
778 1422 897 1478 quas
927 1406 1202 1459 vobiscum
1250 1413 1334 1458 est
1373 1401 1757 1456 fraternitatem
1786 1415 1886 1469 ego
1926 1409 1981 1453 et
2016 1399 2105 1469 qui

522 1516 732 1555 mecum
756 1510 881 1553 sunt
901 1498 1212 1552 salutamus.
1228 1494 1519 1549 Incolumis
1542 1495 1593 1547 in
1608 1493 1855 1559 Domino,
1873 1502 1927 1547 et
1945 1506 2105 1546 orans

519 1609 615 1661 pro
649 1592 823 1657 nobis,
857 1590 1073 1645 doneris
1099 1588 1277 1655 nobis,
1311 1587 1712 1658 religiosissime
1742 1594 1795 1641 et
1820 1585 2101 1641 sanctissi-

518 1698 605 1738 me
629 1692 803 1755 pater.

886 1754 1045 1824 792
1085 1750 1419 1805 EPISTOLA
1448 1748 1476 1788 ιι
1506 1749 1719 1804 xxvu.

572 1838 593 1863 (⁵
626 1842 694 1880 AD
719 1839 1020 1879 ηΑνιΑΝωί
1049 1837 1335 1877 EPISCOPUM
1360 1836 2042 1877 οοΝετΑΝτιΝοΡοιιτΑΝυιί.

517 1920 788 1975 SYNOPSIS.
811 1948 881 1959 —-
900 1916 1209 1972 Flavianum
1238 1915 1534 1986 deireceptis
1556 1918 1669 1986 ejus
1691 1916 1875 1969 litteris
1896 1921 2063 1986 monet
2077 1930 2099 1979 ;

586 2002 727 2061 gesta
751 2007 839 2061 per
862 2006 976 2042 eum
999 1990 1244 2041 adversus
1269 1985 1558 2057 Eutychem
1578 1984 1796 2051 laudat;
1844 1984 2096 2041 sollicitu-

2216 568 2675 639 opportunitatem
2720 565 3046 637 reperimus,
3080 566 3412 623 indicamus:
3454 582 3573 633 quae
3603 584 3699 624 nos
3730 570 3799 627 de

2214 677 2374 717 causa
2401 662 2639 717 facerent
2662 661 2942 727 certiores,
2969 675 3128 730 quam
3155 660 3297 729 apud
3325 676 3421 719 vos
3445 676 3615 735 pravo
3644 661 3796 718 dole-

2214 771 2330 810 mus
2357 770 2540 811 errore
2566 765 2910 809 commotam.
2946 752 3209 820 Quoniam
3238 754 3393 809 aliter
3419 755 3486 810 de
3512 755 3619 810 fide
3639 771 3797 826 quam

2212 848 2462 904 convenit
2492 847 2579 903 hic
2605 848 2695 918 qui
2727 847 2929 901 dudum
2961 847 3197 916 religiosi
3227 847 3509 903 videbatur
3541 848 3797 919 propositi

2189 988 2192 992 .
2211 959 2333 1000 esse
2360 945 2604 1009 sentiret,
2624 957 2781 1012 quem
2804 956 2834 995 a
2855 940 3144 997 traditione
3166 941 3433 997 catholica
3466 957 3575 997 non
3601 941 3797 997 decue-

2212 1046 2295 1090 rat
2322 1036 2556 1103 deviare,
2607 1035 2699 1089 sed
2744 1035 2793 1088 in
2827 1033 3014 1088 eadem
3047 1049 3167 1103 qua:
3200 1043 3413 1088 tenetur
3441 1034 3511 1088 ab
3546 1034 3796 1089 omnibus

2210 1128 2530 1183 credulitate
2554 1127 2865 1196 persistere.
2894 1125 3090 1180 Verum
3117 1124 3184 1179 de
3212 1125 3312 1179 hac
3336 1140 3393 1180 re
3413 1134 3437 1162 ο
3470 1125 3678 1194 plenius
3698 1140 3796 1196 per

2211 1234 2333 1275 eum
2358 1218 2448 1287 qui
2470 1218 2536 1271 ad
2570 1232 2666 1271 nos
2696 1224 2803 1271 tuae
2831 1216 3133 1270 dilectionis
3165 1217 3397 1285 portavit
3424 1217 3678 1286 epistolas
3706 1232 3795 1272 re-

2209 1311 2495 1367 scribimus
2524 1326 2536 1362 :
2570 1316 2631 1363 ut
2660 1308 3046 1363 fraternitatem
3080 1316 3222 1362 tuam
3246 1307 3371 1378 quid
3397 1305 3464 1362 de
3497 1318 3606 1362 tota
3628 1321 3794 1363 causa

2209 1402 2461 1458 constitui
2492 1400 2687 1457 debeat
2717 1402 3065 1454 instruamus.
3097 1398 3212 1453 Non
3251 1399 3395 1455 enim
3438 1399 3670 1468 patimur
3701 1407 3797 1453 aut

2209 1497 2357 1551 illum
2404 1495 2458 1549 in
2488 1508 2601 1549 sum
2637 1493 2998 1563 persuasionis
3037 1492 3301 1561 pravitate
3346 1490 3653 1561 persistere,
3699 1498 3796 1545 aut

2206 1589 2552 1644 dilectionem
2602 1596 2769 1652 tuam,
2818 1601 2936 1655 quae
2974 1584 3094 1639 zelo
3136 1584 3282 1651 ﬁdei,
3333 1597 3501 1653 pravo
3544 1593 3598 1638 et
3627 1583 3796 1637 stulto

2208 1682 2408 1737 resistit
2435 1680 2629 1747 errori,
2678 1678 2881 1733 diutina
2919 1678 3158 1732 adversae
3194 1680 3365 1746 partis
3392 1675 3795 1746 impugnatione

2208 1773 2433 1829 turbari.
2462 1771 2839 1841 Supradictum
2867 1786 2998 1825 vero
3027 1770 3191 1824 ﬁlium
3221 1778 3483 1831 nostrum,
3512 1784 3607 1837 per
3627 1783 3794 1838 quem

2130 1863 2178 1922 B
2206 1866 2303 1922 has
2332 1866 2589 1935 epistolas
2625 1864 2893 1931 dedimus,
2928 1865 3028 1918 hac
3054 1862 3302 1918 volumus
3332 1877 3433 1932 qua
3465 1861 3683 1931 dignum
3705 1869 3793 1915 est

2206 1958 2486 2014 aﬁ‘ectione
2516 1958 2798 2026 suscipias,
2823 1967 2960 2011 eteo
2981 1956 3048 2010 ad
3076 1969 3174 2009 nos
3196 1962 3467 2009 remeante
3495 1953 3790 2009 rescribas.

586 2047 760 2115 itinem'
779 2076 927 2114 suam
946 2061 1183 2126 spondet.
1378 2047 1401 2057 ”
1775 2047 1785 2051 ⁷
2206 2051 2338 2105 Data
2366 2051 2688 2106 duodecimo
2736 2048 2997 2105 kalendas
3033 2048 3222 2104 Junias
3248 2048 3465 2104 Asturio
3502 2054 3558 2104 et
3599 2047 3794 2102 Proteo

630 2153 743 2207 Leo
773 2151 1045 2206 FLAVIANO
1073 2151 1329 2220 episcopo
1357 2149 1969 2220 Constantinopolitano.
2204 2158 2340 2216 geue
2367 2159 2511 2201 coss.

582 2243 896 2299 Pervenisse
941 2243 1008 2297 ad
1055 2257 1153 2296 nos
1183 2250 1288 2296 tuae
1330 2241 1681 2297 dilectionis‘1
1714 2243 1989 2313 epistolas,
2040 2252 2099 2299 ut

514 2382 837 2463 damnatione
864 2381 1247 2463 adversuseum
1272 2381 1572 2463 regulariter
1602 2384 1759 2463 facta.
1792 2378 1931 2434 Edit.
1954 2377 2092 2433 Con-
2203 2376 2495 2463 polluimus:

2266 2446 2294 2485 ἀ
2338 2445 2587 2516 lntelligit
2630 2443 2909 2514 epistolam
2954 2442 3057 2511 22,
3097 2455 3264 2516 quam
3303 2441 3479 2516 primo
3526 2442 3790 2512 scriptam

2199 2534 2228 2571 a
2260 2514 2532 2572 Flaviano“
2560 2520 2613 2571 in
2653 2516 3021 2571 admonitione
3060 2514 3235 2569 eidem
3279 2514 3555 2583 praemissa
3595 2526 3791 2570 osten-

2200 2589 2587 2714 dl{uigimirum
2616 2657 2861 2728 sequenti
2889 2656 3115 2728 epistola
3142 2654 3234 2710 28.
3265 2656 3392 2728 Post
3425 2671 3589 2726 pauca
3610 2658 3793 2723 Ques-

2202 2730 2399 2796 nellus,
2429 2727 2705 2801 patiemur.
2738 2731 2807 2783 At
2834 2729 3005 2783 codex
3047 2727 3406 2801 Grimanjcus,
3436 2742 3502 2801 ex
3532 2744 3638 2798 quo
3672 2743 3793 2782 uno

2203 2804 2342 2856 hanc
2371 2796 2652 2869 epistolam
2681 2800 2960 2865 habemus,
2990 2808 3127 2854 teste
3152 2799 3212 2853 P.
3239 2796 3793 2870 Cacciario,‘praelert

2199 2874 2441 2944 patimur.

512 2453 624 2515 ril.,
659 2453 1055 2516 damnationem,
1083 2453 1201 2506 sine
1232 2453 1613 2521 praepositione
1641 2453 1715 2504 in.

586 2532 610 2558 ⁸
640 2522 781 2576 Editi
812 2532 865 2575 et
893 2523 1132 2590 plerique
1152 2519 1573 2591 codd.,'pr0pter
1603 2538 1733 2576 eum.
1766 2519 2088 2591 Emendavi-

511 2607 631 2646 mus
659 2608 725 2646 ex
766 2594 1137 2661 antiquissimo
1179 2607 1280 2647 ms.
1328 2592 1620 2659 Veroneu.,
1660 2592 1747 2646 cui
1792 2601 1846 2646 et
1874 2590 2093 2647 Graecus

510 2674 687 2716 textus
719 2666 976 2717 coliteret.

579 2734 604 2770 δ
637 2734 717 2787 Al.
754 2734 844 2788 22.
892 2735 1023 2801 Qua:
1072 2743 1253 2787 autem
1301 2744 1458 2789 antea
1502 2735 1571 2788 Ἦ
1619 2742 1755 2798 erat,
1801 2745 1943 2787 nunc
1997 2730 2088 2786 51.

508 2804 718 2868 Scripta
750 2802 816 2857 21
842 2805 960 2858 Maii
992 2820 1079 2858 an.
1116 2806 1239 2859 449.

582 2886 602 2911 ε
638 2875 789 2928 Edita
841 2876 941 2929 fuit
976 2875 1089 2929 haec
1138 2876 1365 2942 epistola
1395 2891 1424 2929 a
1462 2876 1750 2942 Quesnello
1795 2891 1863 2931 ex
1903 2874 2092 2929 codice

508 2946 837 3014 Grimanico,
862 2962 1089 3015 eamque
1132 2947 1319 3001 nullibi
1363 2948 1415 3000 in
1445 2948 1644 3002 nostris
1685 2962 1815 3001 mss.
1850 2948 2093 3013 reperire

2175 3054 3792 3080 Μ

1336 3135 1787 3196 ADMONITIO
1831 3136 1912 3196 ΙΝ
1957 3136 2413 3197 EPISTOLAM
2456 3135 2959 3210 SEQUENTEM.

575 3240 627 3291 l.
661 3238 803 3292 Inter
828 3237 1004 3290 omnia
1040 3236 1405 3291 Romanorum
1430 3238 1746 3305 pontilicum
1792 3236 2008 3292 decreta
2061 3236 2206 3302 ﬁdei,
2240 3236 2595 3291 celeberrima
2634 3243 2719 3289 est
2759 3249 2989 3304 sequens
3031 3236 3086 3289 S.
3131 3234 3331 3291 Leonis
3361 3236 3427 3290 ad
3460 3235 3792 3297 Flavianum

505 3310 755 3383 epistola,
780 3324 887 3383 qua
911 3316 1020 3363 tota
1050 3307 1117 3361 de
1136 3307 1510 3383 lnrarnatione
1540 3311 1909 3383 controversia
1938 3317 2125 3383 exacte
2154 3308 2397 3362 discussa
2426 3321 2486 3383 ac
2522 3307 2763 3371 definita,
2796 3307 3188 3383 contrariisque
3232 3306 3464 3383 Nestorii
3506 3319 3562 3383 et
3603 3310 3788 3383 Euty-

504 3379 676 3435 chetis
704 3380 974 3434 erroribus
1004 3379 1342 3447 proscriptis,
1373 3380 1641 3433 catholica
1669 3378 1910 3432 doctrina
1942 3382 2013 3431 ita
2063 3387 2313 3433 accurate
2343 3378 2541 3431 nedum
2582 3378 2899 3443 sententiis,
2936 3378 3028 3431 sed
3053 3380 3214 3432 etiam
3244 3379 3469 3432 vocibus
3496 3378 3786 3439 declarata

504 3452 795 3524 invenitur,
821 3458 881 3503 ut
903 3450 1152 3524 quidquid
1171 3450 1226 3502 in
1246 3466 1305 3524 ea
1332 3449 1574 3517 scriptum
1593 3458 1685 3515 est,
1709 3464 1773 3503 ea:
1792 3450 2075 3524 apostolica
2094 3460 2142 3524 et
2168 3450 2454 3524 euangelica
2472 3450 2709 3520 probetur
2726 3458 2984 3516 sumptum
3007 3464 3114 3501 esse
3137 3449 3589 3524 doctrina_(Epis_t.
3619 3453 3783 3524 152).

504 3522 617 3577 lam
650 3522 707 3576 S.
742 3518 1047 3585 Flavianus,
1072 3521 1155 3573 cui
1186 3521 1465 3591 explorata
1496 3530 1610 3574 erat
1657 3521 1967 3588 apostolica:
2012 3521 2159 3574 sedis
2206 3518 2518 3581 auctoritas,
2551 3531 2967 3591 prmmouuerat,
3002 3535 3115 3574 rem
3156 3518 3337 3591 hanc,
3366 3520 3612 3591 Eutyche
3647 3518 3787 3589 post

504 3591 1151 3658 Constantinopolitanum
1177 3590 1437 3659 judicium
1470 3593 1653 3645 tttrbas
1672 3600 2067 3654 commovente,
2094 3591 2204 3644 solo
2224 3592 2455 3661 indigere
2481 3589 2753 3659 pontiﬁcio
2782 3592 3007 3659 impulsu
3028 3601 3178 3660 atque
3199 3589 3427 3644 subsidio
3452 3589 3556 3656 quo
3582 3606 3789 3651 cuncta

504 3665 571 3717 ad
602 3663 1020 3728 tranquillitatem
1060 3671 1105 3715 et
1130 3677 1307 3729 pacem
1346 3663 1517 3734 statim
1546 3666 1941 3734 transferrentur
1983 3661 2181 3731 (Epist.
2209 3661 2323 3731 ‘26).
2356 3662 2642 3715 Enimvero
2677 3671 2728 3714 ut
2764 3663 2993 3734 primum
3032 3664 3345 3734 transmissa
3376 3664 3427 3715 in
3459 3662 3779 3734 Orientem,

504 3743 628 3803 post
655 3734 978 3801 Ephestnum
1001 3734 1359 3805 latrocinium,
1386 3733 1440 3785 in
1467 3749 1575 3800 quo
1604 3750 1697 3805 per
1727 3732 1969 3787 fraudem
2000 3742 2053 3787 et
2078 3734 2187 3805 vim
2212 3747 2503 3805 suppressa
2552 3736 2721 3785 luerat
2751 3748 2815 3784 ne
2849 3732 3164 3805 legeretur,_
3187 3733 3444 3805 inlucem
3483 3734 3624 3788 edita
3657 3732 3783 3805 est,

509 3802 631 3857 mox
661 3815 902 3871 suscepta
925 3810 980 3857 et
1009 3804 1306 3875 subscripta
1335 3806 1430 3858 fuit
1450 3806 1517 3858 ab
1537 3804 1807 3869 omnibus,
1836 3804 1910 3857 ita
1933 3813 1988 3856 ut
2017 3804 2303 3856 haberetur
2326 3804 2617 3856 universim
2640 3810 2907 3875 tamquam
2932 3804 3111 3875 regula
3139 3802 3283 3875 fidei.
3308 3818 3370 3857 ac
3399 3805 3556 3857 veluti
3582 3802 3786 3875 lydius

505 3878 638 3944 lapis
682 3890 747 3927 ex
787 3891 892 3942 quo
931 3874 1178 3927 catholici
1211 3876 1275 3928 ab
1307 3875 1571 3929 haereticis
1611 3876 2061 3929 discernerentur.
2106 3876 2178 3927 lta
2224 3890 2387 3942 porro
2415 3874 2675 3944 apparuit
2708 3873 3033 3942 pontiﬁciain
3067 3872 3441 3928 deﬁnitionem
3476 3872 3773 3943 sul'lieere,

507 3943 604 3999 nec
633 3960 764 4014 opus
782 3959 901 3999 esse
923 3946 1158 4012 generali
1186 3947 1436 4011 concilio,
1466 3956 1522 3999 ιιι
1548 3946 1836 4000 Flavianus
1866 3944 2028 4000 etiam
2064 3955 2343 3998 monuerat
2374 3943 2570 4014 (Epist.
2601 3946 2715 4006 26),
2747 3959 2867 3997 cum
2897 3947 3063 3997 etiam
3093 3946 3209 3998 sine
3230 3945 3480 4010 concilio,
3525 3958 3582 4001 et
3612 3960 3787 4004 ante-

502 4032 663 4085 quam
691 4016 974 4069 haberetur
1002 4014 1242 4086 synodus
1279 4016 1732 4071 Chalcedonensis
1754 4058 1768 4080 ,
1801 4025 1911 4069 tota
1958 4016 2195 4069 Ecclesia
2220 4015 2366 4068 illam
2416 4018 2732 4081 susceperit,
2762 4016 3045 4086 eidemque
3080 4016 3319 4083 episcopi
3361 4032 3485 4070 suas
3523 4017 3787 4075 subscri-

502 4088 715 4153 ptiones
741 4085 1107 4154 apposuerint,
1138 4101 1244 4140 tton
1277 4097 1333 4139 ut
1357 4089 1464 4140 vim
1504 4097 1556 4141 et
1606 4088 1978 4142 auctoritatem
2025 4086 2097 4140 illi
2126 4086 2443 4151 adjicerent,
2476 4087 2573 4140 sed
2606 4096 2661 4138 ut
2703 4100 2761 4139 se
2806 4085 3101 4139 catholicos
3150 4088 3458 4152 probarent,
3490 4096 3544 4141 et
3590 4104 3683 4154 ne,
3723 4095 3785 4147 si

501 4158 1073 4228 renuerenttltznretici
1104 4156 1447 4211 haberentur.
1475 4156 1591 4211 Jam
1614 4160 1756 4212 enim
1780 4160 2048 4226 vulgatum
2080 4158 2273 4219 fuerat,
2304 4157 2442 4221 quod
2470 4167 2651 4223 postea
2678 4171 2868 4209 omnes
2890 4156 3292 4228 reverendissimj
3313 4159 3535 4228 episcOpi
3556 4158 3780 4215 clama-

499 4238 677 4281 verunt
714 4229 766 4281 in
802 4226 1249 4285 Chalcedonensi.
1292 4237 1400 4282 act.
1437 4229 1489 4293 4,
1523 4243 1641 4296 pag.
1675 4228 1814 4285 Μυῒ)
1841 4246 1854 4281 :
1892 4229 1993 4294 Qui
2020 4243 2125 4279 non
2146 4230 2391 4281 consentit
2419 4228 2647 4293 epistola:
2675 4228 2977 4279 sanctissimi
3003 4228 3226 4298 episcopi
3253 4226 3457 4292 Leonis,
3482 4226 3787 4289 ‘hiereticu;

498 4310 592 4371 est.
628 4300 795 4371 Porro
818 4300 869 4351 in
892 4299 1079 4371 eodem
1101 4299 1349 4361 concilio,
1372 4315 1476 4367 quo
1502 4300 1757 4365 Ephesini
1784 4298 2214 4371 latrociniigesta
2239 4298 2590 4371 rescindenda
2614 4308 2793 4371 erant,
2813 4298 3054 4351 maximis
3076 4314 3197 4353 cum
3226 4299 3472 4371 laudibus
3503 4314 3783 4371 suscepta

497 4370 596 4422 fuit
622 4379 726 4421 act.
758 4369 793 4421 2
822 4378 874 4423 et
899 4369 956 4433 4,
987 4384 1158 4438 eoque
1200 4372 1401 4423 honore
1447 4372 1622 4423 habita
1654 4384 1714 4424 ac
1743 4371 1788 4425 si
1820 4372 1885 4423 ab
1910 4371 2025 4436 ipso
2052 4369 2210 4423 Petro
2243 4370 2384 4422 edita
2406 4368 2621 4423 fuisset:
2657 4369 2796 4437 quod
2830 4379 2884 4423 et
2916 4380 3204 4437 antequam
3236 4369 3489 4424 ederetur
3510 4412 3525 4430 ,
3562 4368 3785 4429 Petrus

496 4438 857 4510 Chrysologus
887 4440 1192 4507 apostolicae
1222 4441 1554 4494 auctoritatis
1581 4442 2015 4503 callentissimns,
2061 4440 2454 4493 observandum
2486 4456 2548 4493 ac
2590 4440 2876 4493 tenendum
2910 4440 3230 4507 prmdixerat
3261 4442 3418 4507 epist.
3469 4440 3559 4495 25.
3608 4442 3785 4501 Nihil

499 4526 595 4578 pro
624 4511 1044 4581 apostolicarum
1086 4510 1453 4564 delinitionum
1494 4513 1808 4565 auctoritate
1845 4510 2101 4564 illustrius
2142 4511 2243 4564 hoc
2286 4513 2446 4563 totius
2481 4511 2735 4564 Ecclesia:
2780 4526 2842 4564 ac
2869 4514 3136 4576 generalis
3175 4512 3366 4581 synodi
3404 4513 3764 4580 testimonio.

494 4580 638 4651 quod
661 4580 869 4634 Petrum
896 4580 945 4633 in
971 4584 1371 4635 successoribus
1398 4583 1663 4636 viventem
1695 4592 1749 4635 et
1776 4583 2078 4650 loquentem
2108 4582 2369 4649 agnoscit.
2398 4581 2451 4633 ln
2472 4583 2710 4634 Romana
2730 4582 2935 4651 synodo
2962 4583 3060 4636 sub
3088 4580 3305 4636 Gelasio
3338 4585 3774 4648 pronuntiatum

495 4650 593 4705 fuit
620 4651 922 4717 anathema,
962 4650 1019 4705 Si
1050 4652 1310 4719 quispiam
1332 4652 1399 4706 de
1422 4653 1578 4717 hujus
1601 4652 1841 4719 epistolas
1871 4660 2025 4705 textu
2056 4667 2211 4717 usque
2242 4652 2308 4703 ad
2346 4668 2505 4705 unum
2549 4653 2654 4705 iota
2682 4650 3037 4721 disputaverit,
3080 4661 3127 4706 et
3152 4668 3255 4705 non
3284 4669 3396 4706 eam
3422 4654 3475 4705 in
3503 4656 3770 4713 omnibus

493 4722 838 4795 venerabiliter
890 4722 1130 4790 receperit
1161 4721 1331 4795 (Tom.
1382 4723 1417 4774 V
1461 4721 1658 4795 Concil.
1698 4722 1825 4775 Ven.
1860 4722 1983 4776 edit.
2031 4738 2152 4791 pag.
2204 4722 2353 4789 387).
2408 4722 2474 4795 Et
2511 4722 2575 4795 S.
2603 4722 2913 4792 Gregorius,
2964 4722 3059 4776 lib.
3113 4738 3186 4787 vr,
3227 4726 3385 4791 epist.
3416 4724 3450 4777 2
3488 4742 3503 4795 γε
3541 4724 3604 4777 Si
3629 4730 3781 4795 quis

491 4793 879 4865 contraharum
916 4804 1133 4859 quatuor
1158 4793 1467 4862 synodorum
1505 4793 1678 4862 ﬁdem,
1728 4801 1775 4845 et
1806 4802 1985 4845 contra
2020 4801 2207 4845 sancta:
2253 4794 2505 4847 memoria:
2544 4792 2729 4847 Leonis
2767 4811 2915 4865 papa:
2959 4804 3151 4847 tomum
3198 4803 3351 4863 atque
3396 4792 3791 4863 deﬁnitione":

489 4862 684 4933 aliquid
706 4879 950 4933 umquam
981 4864 1115 4931 loqui
1141 4866 1418 4933 praesumit,
1449 4866 1719 4917 anathema
1743 4865 1827 4916 sit.

563 4931 616 5004 “2.
657 4931 788 4985 llinc
814 4948 865 4985 tn
890 4932 1009 5004 ﬁdei
1039 4931 1459 4998 professionibus
1496 4934 1626 4988 nihil
1668 4934 1999 5002 frequentius
2028 4948 2187 5004 quam
2222 4944 2339 5001 post
2368 4935 2638 5004 generalia
2678 4935 2905 4989 concilia
2947 4935 3107 5004 hujus
3152 4936 3393 5001 epistolte
3433 4936 3777 4995 doctrinam

488 5003 749 5067 proﬁteri.
774 5003 927 5071 Apud
970 5004 1288 5071 Orientales,
1342 5005 1427 5057 ubi
1474 5004 1731 5075 Entychis
1760 5006 1981 5058 haeresis
2020 5003 2202 5058 turbas
2233 5003 2581 5071 excitaverat,
2632 5008 2744 5059 hrec
2782 5008 3114 5059 consuetudo
3146 5008 3372 5072 primum
3401 5006 3645 5072 inducta,
3688 5024 3785 5065 ιιι

486 5076 654 5141 liquet
683 5076 820 5127 inter
851 5084 1039 5128 caatera
1065 5090 1127 5128 ex
1160 5076 1360 5142 aliquot
1384 5076 1626 5144 epistolis
1668 5076 1987 5137 Hormisdm,
2020 5091 2085 5128 ex
2133 5076 2357 5143 epistola
2400 5077 2540 5130 Petri
2588 5076 2796 5130 diaconi
2829 5077 2895 5129 ad
2940 5076 3300 5144 Fulgentium,
3332 5086 3386 5130 et
3418 5094 3480 5130 ex
3510 5078 3793 5136 concilio

487 5144 776 5211 Apamensi
807 5160 893 5197 an.
938 5146 1062 5199 5‘55.
1094 5144 1253 5215 idem
1298 5161 1413 5198 mos
1466 5146 1628 5199 etiam
1672 5146 1738 5199 ad
1782 5146 2155 5200 Occidentales
2204 5148 2467 5211 transivit,
2512 5154 2565 5201 et
2592 5146 2680 5200 (litt
2714 5146 2873 5201 etiam
2900 5148 3151 5201 obtinuit.
3178 5146 3314 5201 Vide
3346 5147 3793 5215 professionem

485 5216 1023 5281 Adelberti-episcOpi
1060 5214 1379 5268 Morinensis
1400 5215 1465 5269 ad
1494 5217 1835 5269 Hinemarum
1882 5218 2203 5272 Remensem
2242 5232 2307 5270 ex
2341 5217 2625 5273 Sirmondo
2663 5218 2861 5271 editam
2902 5228 3031 5269 tom.
3063 5218 3100 5270 X
3126 5214 3590 5274 Concil.'Venet:e
3628 5221 3795 5275 edi-

487 5287 647 5340 tionis
670 5302 722 5356 p.
751 5287 908 5350 1588,
931 5295 983 5357 et
1008 5286 1349 5357 sponsionem
1378 5288 1749 5353 episcoporum
1773 5287 2066 5357 provinciae
2088 5287 2443 5356 Aquileiensis
2467 5288 2532 5341 ad
2560 5288 2838 5342 Paulinum
2866 5288 3223 5355 patriareham
3254 5304 3283 5342 e
3309 5303 3406 5342 ms.
3440 5286 3566 5343 Vat.
3604 5290 3796 5347 £522

484 5356 681 5409 editam
709 5372 735 5408 a
768 5357 921 5409 Patre
945 5356 1213 5408 Bernardo
1238 5356 1304 5409 de
1323 5356 1523 5410 Rubeis
1551 5360 1603 5411 in
1627 5358 1982 5412 Monumentis
2008 5359 2255 5411 Ecclesia:
2289 5360 2587 5427 Aquileien.
2612 5362 2675 5411 ad
2696 5374 2781 5412 an.
2813 5358 2937 5425 801,
2973 5374 3093 5427 pag.
3122 5361 3245 5414 580.
3277 5357 3412 5414 Cum
3440 5358 3499 5414 S.
3518 5362 3793 5418 Amatus

483 5428 649 5500 abbas
676 5428 785 5497 jam
815 5427 1507 5500 moriturusprofessionem
1540 5430 1658 5483 lidei
1690 5430 1853 5484 edere
1882 5429 2061 5491 vellet,
2092 5430 2227 5500 hanc
2256 5432 2533 5497 epistolam
2559 5430 2622 5482 ad
2650 5445 2707 5483 se
2736 5428 2935 5493 afferri,
2964 5439 3018 5483 et
3040 5430 3140 5483 sibi
3166 5430 3266 5500 legi
3287 5430 3471 5499 jussit,
3498 5430 3799 5499 ᾳαοηὶαηι

481 5497 535 5550 in
563 5496 1152 5571 ipsa'plenissiniaratio
1176 5496 1597 5571 ﬁdeieatholicte
1623 5501 1926 5569 continetur,
1974 5499 2423 5570 quemadmodum
2465 5501 2627 5555 tradit
2668 5501 2784 5570 ejus
2814 5500 2951 5555 Vita:
2995 5496 3308 5567 auctorfn.
3352 5500 3447 5567 24,
3501 5496 3631 5555 tom.
3685 5501 3796 5571 ll,

483 5572 665 5626 saecul.
696 5569 1094 5633 Benedictinilt,
1119 5584 1238 5638 pag.
1271 5568 1393 5626 £96.

551 5642 606 5695 5.
631 5640 1181 5713 lnterrdivinagoflicia
1206 5639 1333 5693 olim
1362 5640 1677 5713 iniliomana
1729 5642 1972 5698 Ecclesia
2013 5650 2251 5709 tempore
2296 5642 2567 5697 Adventus
2616 5642 2830 5711 publice
2874 5643 3149 5713 legebatur
3180 5642 3293 5697 haec
3321 5642 3571 5711 epistola,
3597 5644 3805 5703 unde

481 5724 600 5764 eam
623 5712 948 5780 descriptam
990 5711 1292 5767 invenimus
1327 5716 1378 5765 in
1406 5712 1759 5767 Lectionariis
1786 5729 1903 5782 quae
1940 5714 2059 5767 usui
2093 5722 2245 5766 erant
2270 5713 2504 5767 basilica:
2552 5713 2841 5777 Vaticanm,
2878 5711 2977 5769 nec
3007 5731 3113 5768 non
3155 5715 3207 5768 in
3237 5714 3341 5767 alio
3366 5713 3810 5774 vetustissimo

482 5782 621 5855 quod
654 5783 719 5855 ad
742 5782 840 5855 SS.
872 5782 1095 5855 Philippi
1124 5795 1178 5838 et
1197 5783 1380 5838 Jacobi
1411 5783 1683 5838 basilicam
1712 5785 2032 5855 pertinebat.
2064 5783 2198 5837 llinc
2237 5784 2288 5838 in
2326 5784 2526 5838 Urdine
2552 5783 2794 5855 Romano
2823 5802 2897 5851 XI,
2922 5785 3063 5855 apud
3091 5785 3458 5840 Mabillonium
3489 5783 3691 5851 (Tam.
3726 5782 3807 5846 ιι

484 5850 622 5947 llus.
650 5851 818 5907 Italic.
843 5872 900 5921 p.
934 5853 1080 5923 123),
1115 5856 1200 5925 qui
1239 5871 1266 5911 a
1306 5855 1589 5913 Benedicto
1624 5856 1881 5913 canonico
1924 5854 2157 5929 basilica:
2188 5855 2247 5913 S.
2290 5855 2452 5924 Petri,
2488 5854 2686 5912 saeculo
2718 5871 2811 5925 xu,
2856 5850 3087 5929 scriptus
3128 5854 3245 5925 fuit,
3292 5857 3349 5917 in
3396 5855 3699 5919 Dominica
3750 5861 3808 5921 3
