4020 6352
526 361 623 416 ῗὸθ

1579 350 1639 406 S.
1678 348 1924 405 LEONIS
1960 347 2173 405 MAGNI
2210 348 2564 405 EPISTOLIE

3685 350 3782 407 760

517 491 645 542 nus;
677 491 781 530 non
809 471 1076 544 posterior
1102 481 1366 539 tempore,
1399 482 1505 522 non
1547 466 1771 521 inferior
1801 474 2079 537 potestate,

2199 467 2215 498 ¹
2243 469 2302 523 οὐ
2332 469 2758 545 μεταγενέστερος
2787 469 2985 545 χρόνῳ,
3026 472 3119 524 οὐκ
3171 470 3398 524 ἐλάσσων
3428 466 3659 540 δυνάμει.
3692 473 3781 527 οὐκ

513 581 621 621 non
647 564 923 621 dissimilis
942 561 1135 631 gloria,
1162 574 1265 613 non
1287 557 1490 613 divisus
1510 559 1742 613 essentia
1767 576 1780 611 :
1808 558 1946 613 idem
1968 573 2097 613 vero

512 657 826 727 sempiterni
868 652 1126 724 genitoris
1182 651 1485 721 unigenitus
1539 650 1897 719 sempiternus
1939 659 2097 705 natus

510 757 594 803 est
617 748 684 803 de
712 746 918 815 Spiritu
945 751 1131 798 sancto
1150 742 1386 797 etMaria
1423 740 1662 811 Virgine.
1694 742 1825 808 Quae
1844 743 2096 796 nativitas

510 838 821 908 temporalis
856 835 932 890 illi
962 834 1225 889 nativitati
1257 834 1454 889 divinae
1488 844 1543 889 et
1582 836 1925 906 sempiternae
1961 834 2094 890 nihil

508 930 722 995 minuit,
754 928 888 982 nihil
914 927 1167 991 contulit,
1196 925 1292 981 sed
1320 935 1346 963 ι
1378 936 1540 981 totam
1570 941 1628 982 se
1656 927 1956 997 reparando
1997 928 2096 983 ho-

507 1024 663 1090 mini,
707 1023 797 1093 qui
840 1030 957 1076 erat
996 1020 1279 1090 deceptus,
1331 1020 1629 1088 impendit;
1673 1030 1729 1075 ut
1769 1031 1823 1077 et
1864 1032 2091 1077 mortem

507 1118 768 1181 vinceret,
805 1126 858 1171 et
886 1115 1183 1180 diabolum,
1213 1114 1301 1184 qui
1334 1115 1521 1169 mortis
1549 1114 1780 1169 habebat
1802 1117 1964 1188 807
1994 1116 2089 1170 im-

506 1211 738 1280 perium,
784 1225 879 1265 sua
909 1208 1107 1264 virtute
1148 1209 1471 1264 destrueret.
1512 1209 1627 1264 Non
1660 1211 1803 1264 enim
1832 1227 2091 1280 superare

507 1318 787 1374 possemus
826 1302 1032 1372 peccati
1062 1310 1116 1357 et
1142 1304 1335 1357 mortis
1364 1310 1664 1368 auctorem,
1708 1303 1808 1357 nisi
1844 1314 2088 1358 naturam

506 1408 744 1453 nostram
776 1398 865 1451 ille
898 1397 1231 1463 susciperet,
1267 1406 1322 1451 et
1356 1410 1507 1449 suam
1540 1394 1770 1462 faceret,
1805 1411 1964 1465 quem
1990 1410 2089 1453 nec

505 1499 785 1559 peccatum
828 1488 1214 1553 contaminare,
1264 1502 1364 1541 nec
1406 1502 1553 1542 mors
1600 1489 1773 1556 potuit
1819 1488 2083 1545 detinere.

505 1584 809 1652 Conceptus
837 1584 1033 1653 quippe
1056 1590 1140 1637 est
1164 1582 1231 1635 de
1250 1582 1451 1650 Spiritu
1483 1590 1671 1636 sancto
1705 1583 1846 1635 intra
1874 1593 2085 1637 uterum

503 1675 691 1728 matris
722 1672 975 1743 Virginis,
1002 1688 1120 1742 quae
1152 1671 1301 1725 illum
1343 1670 1416 1725 ita
1449 1672 1593 1727 salva
1634 1672 1939 1743 virginitate
1968 1673 2085 1728 edi-

502 1767 603 1832 dit,
629 1766 1077 1836 quemadmodum
1102 1765 1250 1820 salva
1277 1764 1591 1834 virginitate,
1613 1766 1880 1835 concepit.

2199 563 2422 633 ἀνόμοιος
2450 562 2600 638 δόξῃ,
2628 565 2686 617 οὐ
2725 564 3107 638 κεχωρισμένος
3133 564 3298 637 οὐσίᾳ.
3330 572 3384 616 '0
3417 560 3471 617 δέ
3506 560 3656 622 αὐτός
3692 572 3777 619 τοῦ

2197 653 2363 710 ἀϊδίου
2406 656 2604 728 πατρὸς
2646 660 2912 726 μονογενὴς
2957 653 3118 715 ἀΐδιος
3164 656 3348 726 ἐτέχθη
3395 656 3452 708 ἐκ
3491 653 3780 727 Πνεύματος

2196 746 2365 819 ἁγίου,
2385 750 2469 803 καὶ
2500 752 2696 824 Μαρίας
2723 755 2812 809 τῆς
2839 749 3111 821 παρθίνου·
3145 748 3179 805 ἧ
3201 769 3280 808 τις
3306 748 3537 819 γέννησις
3567 754 3780 824 χρονική

2194 849 2286 901 τῆς
2322 842 2457 901 θείας
2500 842 2687 904 αὐτοῦ,
2719 842 2802 894 καί
2835 840 2855 870 ⁸
2894 838 3057 894 ἀῖδίου
3095 842 3371 913 γεννήσεως
3408 836 3523 893 οὔτε
3565 862 3615 894 τι
3652 841 3780 896 ἀπε-

2192 935 2425 1004 μείωσεν,
2452 929 2567 987 οὔτε
2595 935 2692 1002 μήν
2714 953 2765 986 τι
2792 933 2953 1006 ταύτῃ
2982 932 3313 1007 προσέθηκεν·
3337 930 3442 986 ἀλλ’
3455 930 3569 991 ὃλην
3596 932 3780 992 ἑαυτὴν

2192 1027 2265 1085 εἰς
2291 1025 2352 1080 τὸ
2379 1031 2544 1081 σῶσαι
2569 1026 2655 1079 τὸν
2684 1020 2944 1098 ἄνθρωπον
2986 1023 3362 1093 πεπλανημένον
3405 1025 3645 1079 ἐκένωσεν
3693 1026 3781 1081 ἶνα

2193 1120 2280 1171 καί
2305 1119 2390 1173 τὸν
2416 1119 2625 1173 θάνατον
2650 1120 2829 1187 νικήσῃ
2847 1157 2861 1179 ,
2888 1119 2973 1171 καί
3004 1118 3091 1171 τὸν
3126 1115 3356 1171 διάϐολον
3379 1118 3467 1171 τὸν
3509 1118 3678 1188 808
3723 1120 3783 1174 τὸ

2192 1208 2378 1284 κράτος
2400 1207 2601 1280 ἔχοντα
2619 1215 2713 1265 τοῦ
2734 1210 2975 1271 θανάτου,
2997 1216 3060 1281 τῇ
3081 1210 3236 1283 οἰκείᾳ
3258 1209 3524 1283 καταϐάλῃ
3550 1208 3777 1282 δυνάμει·

2191 1300 2307 1356 οὐδὲ
2341 1304 2440 1376 γὰρ
2478 1296 2537 1355 ἂν
2572 1301 2881 1374 ἠδυνήθημεν
2907 1309 3112 1360 νικῆσαι
3146 1309 3239 1364 τῆς
3267 1299 3547 1374 ἁμαρτίας,
3577 1305 3663 1357 καί
3687 1310 3780 1359 τοῦ

2189 1396 2409 1449 Θανάτου
2438 1395 2524 1449 τὸν
2553 1395 2814 1470 ἀρχηγὸν,
2848 1396 2891 1449 εί
2932 1399 3001 1465 μή
3028 1398 3119 1453 τήν
3156 1395 3402 1467 ἡμετέραν
3447 1395 3600 1455 αὐτὸς
3629 1397 3782 1467 φύσιν

2191 1488 2415 1550 ἀνέλαϐε,
2450 1490 2536 1541 καί
2580 1488 2763 1541 οἰκείαν
2800 1488 3094 1562 εἰργάσατο*
3127 1483 3179 1541 ὃν
3215 1484 3332 1541 οὔτε
3370 1486 3598 1563 ἁμαρτία
3625 1489 3781 1558 μολῦ-

2188 1600 2300 1639 ναι,
2330 1575 2443 1632 οὔτε
2473 1579 2683 1638 θάνατος
2726 1585 3016 1647 κατασχεῖν
3046 1576 3067 1607 ³
3106 1577 3345 1637 ἠδυνήθη.
3376 1578 3646 1651 Συνελήφθη
3688 1580 3780 1650 μέν

2189 1664 2274 1724 οὖν
2300 1659 2525 1728 δηλονότι
2556 1672 2608 1724 ἐκ
2638 1671 2929 1739 Πνεύματος
2950 1669 3098 1742 ἁγίου
3128 1670 3177 1722 ἐν
3197 1673 3386 1743 γαστρὶ
3412 1678 3503 1730 τῆς
3528 1673 3782 1741 παρθένου

2188 1766 2398 1837 Μαρίας
2426 1761 2449 1793 ⁸
2476 1762 2686 1838 μητρός.
2716 1760 2780 1817 Ἠ
2818 1785 2897 1824 τις
2925 1761 3061 1818 οὕτω
3100 1762 3448 1835 φυλαχθείσης
3473 1772 3564 1824 τῆς
3590 1767 3780 1839 παρθε-

576 1860 681 1916 Sed
712 1861 755 1913 si
791 1860 858 1914 de
900 1858 1002 1913 hoc
1046 1856 1351 1912 christiana:
1398 1856 1521 1913 ﬁdei
1562 1858 1710 1913 fonte
1738 1857 1765 1897 ι)
1798 1859 2079 1922 purissimo

2199 1856 2294 1915 νίας
2321 1856 2466 1911 αὐτὸν
2504 1857 2820 1919 ἀπεκύησεν,
2854 1856 3029 1928 ὥσπερ
3059 1850 3146 1908 οὖν
3175 1858 3261 1909 καί
3290 1855 3310 1884 ⁵
3343 1857 3581 1933 ἀκεραίου
3610 1858 3784 1927 μεινά-

504 1952 775 2006 sincerum
827 1949 1159 2004 intellectum
1222 1948 1439 2001 haurire
1494 1964 1599 2003 non
1655 1958 1898 2017 poterat,
1960 1951 2086 2023 quia

503 2043 849 2112 Splendorem
904 2040 1210 2110 perspicua:
1263 2039 1506 2093 veritatis
1561 2040 1928 2096 obcarcatione
1981 2042 2092 2097 sibi

500 2136 719 2207 propria
763 2136 1108 2198 tenebrarat;
1151 2133 1411 2187 doctrina:
1438 2149 1497 2185 se
1525 2134 1848 2201 evangelica)
1897 2135 2083 2189 subdi-

502 2231 695 2286 disset.
721 2240 743 2267 ε
774 2231 837 2282 Et
860 2230 1072 2283 dicente
1102 2226 1387 2281 Matthmo:
1424 2226 1574 2280 Liber
1600 2228 1941 2296 generationis
1962 2226 2088 2283 Iesu

504 2320 695 2375 Christi
718 2321 814 2386 ﬁlii
852 2320 1019 2373 David
1042 2360 1056 2382 ,
1088 2319 1187 2386 ﬁlii
1210 2317 1466 2372 Abraham
1494 2317 1717 2389 (Matth.
1748 2334 1797 2384 l,
1829 2318 1923 2389 i);
1956 2336 2087 2387 apo-

501 2414 708 2469 stolicae
735 2428 946 2479 quoque
977 2412 1381 2482 praedicationis
1413 2414 1708 2481 expetisset
1736 2411 2080 2467 instructum.

500 2508 567 2562 Et
588 2509 771 2577 legens
790 2509 841 2561 iu
866 2506 1100 2575 Epistula
1118 2506 1185 2559 ad
1207 2504 1481 2559 Romanos
1507 2523 1518 2557 :
1549 2504 1747 2557 Paulus
1773 2505 2085 2561 servuersu

502 2600 712 2666 Christi,
740 2612 945 2653 rocatus
974 2600 1257 2671 apostolus,
1283 2608 1578 2669 segregatus
1599 2594 1627 2634 ἀ
1653 2599 1709 2652 in
1741 2597 2084 2671 Evangelium

502 2692 624 2757 Dei,
644 2695 781 2763 quod
808 2702 923 2745 ante
955 2692 1258 2761 promiserat
1286 2707 1376 2755 per
1408 2690 1682 2761 praphetas
1719 2707 1838 2743 suos
1860 2692 1914 2743 in
1940 2690 2086 2745 Scri-

503 2786 665 2855 pturis
694 2784 887 2837 sanctis
917 2783 979 2835 de
1006 2779 1145 2836 Filio
1174 2798 1267 2835 suo
1286 2822 1300 2843 ,
1330 2784 1420 2852 qui
1444 2781 1611 2849 factus
1634 2791 1706 2834 est
1735 2781 1781 2834 ei
1808 2798 1870 2835 ex
1898 2783 2087 2835 semine

504 2879 672 2933 David
712 2880 992 2933 secundum
1028 2894 1231 2931 carnem
1265 2876 1454 2948 (Rom.
1488 2894 1535 2943 ι,
1572 2877 1673 2944 1);
1713 2878 1778 2930 ad
1811 2877 2086 2947 propheti-

500 2988 594 3029 cas
626 2982 649 3011 ο
682 2974 901 3044 paginas
933 2974 1072 3041 piam
1103 2970 1517 3026 sollicitudinem
1545 2972 1712 3042 809
1741 2971 2079 3026 contulisset.

573 3099 598 3126 ι
630 3090 879 3159 Plerique
900 3097 956 3142 et
983 3088 1326 3144 vetustissimi
1356 3089 1571 3153 quidem
1612 3090 1849 3151 codices,
1872 3097 2036 3143 totum
2060 3134 2073 3157 ,

499 3161 748 3215 nimirum
778 3172 888 3214 tres
918 3159 1114 3213 Veron.
1147 3160 1263 3213 Vat.
1295 3160 1509 3213 collem.
1534 3161 1597 3222 5,
1624 3164 1748 3215 item
1780 3160 1899 3214 Vat.
1926 3162 2075 3225 Hisp.

498 3240 661 3298 atque
681 3231 832 3292 Isid”
865 3232 1001 3284 alius
1032 3230 1153 3283 Vat.
1182 3231 1394 3283 collect.
1431 3231 1491 3284 11
1524 3232 1761 3285 secundo
1792 3234 1938 3291 loco,
1973 3231 2080 3285 Ra-

2195 1968 2294 2007 σης
2338 1955 2431 2005 τῆς
2472 1948 2744 2020 παρθενίας
2782 1946 3071 1999 συνέλαϐεν.
3117 1943 3240 2000 Ἀλλ’
3264 1945 3407 2019 εἴπερ
3449 1948 3503 2000 ἐκ
3534 1947 3554 1977 ⁸
3581 1950 3782 2010 ταύτης

2193 2046 2284 2097 τῆς
2328 2039 2376 2090 ἐν
2410 2046 2473 2113 τῇ
2510 2039 2683 2092 πίστει
2729 2046 2828 2093 τῶν
2874 2045 3182 2112 Χριστιανῶν
3229 2040 3577 2111 εὐαγεστάτης
3611 2048 3784 2110 πηγῆς

2192 2132 2411 2207 καθαρὰν
2432 2131 2451 2161 ’⁷
2484 2128 2785 2207 ἀρύσασθαι
2814 2129 3038 2185 διάνοιαν
3065 2132 3153 2183 οὐκ
3179 2128 3416 2194 ἠδύνατο,
3449 2131 3470 2162 ⁸
3496 2129 3577 2185 διὰ
3601 2132 3657 2186 τὸ
3685 2140 3782 2193 τῆς

2192 2226 2475 2296 τηλαυγοῦς
2505 2225 2732 2285 ἀληθείας
2751 2226 2895 2278 αὐτὸν
2921 2225 3087 2296 έαυτῷ
3109 2225 3166 2278 τὸ
3189 2227 3367 2297 φέγγος
3397 2227 3452 2279 ἐκ
3476 2232 3567 2285 τῆς
3592 2228 3784 2287 οἰκείας

2192 2321 2521 2382 ἓπισκοτίζειν
2567 2318 2905 2390 τυφλώσεως,
2944 2326 3007 2389 τῇ
3052 2316 3356 2392 διδασκαλίᾳ
3399 2325 3520 2391 γοῦν
3566 2327 3629 2393 τῇ
3677 2328 3785 2374 τῶν

2190 2410 2490 2483 εὐαγγελίων
2521 2410 2694 2465 ἑαυτὸν
2722 2412 2983 2482 ὑπήγαγεν
3013 2404 3091 2463 ἀν’
3134 2413 3217 2464 καὶ
3243 2411 3472 2480 λέγοντος
3501 2414 3782 2466 Ματθαίου⁹

2192 2504 2364 2564 Βίϐλος
2413 2505 2653 2576 γενέσεως
2708 2504 2878 2560 Ἰησοῦ
2934 2509 3190 2577 Χριστοῦ.
3252 2503 3368 2556 υίοῦ
3424 2501 3613 2569 Δαϐὶδ,
3665 2506 3787 2560 υίοῦ

2190 2594 2437 2669 ’Δϐραάμ’
2470 2598 2551 2649 καί
2578 2601 2670 2650 τοῦ
2695 2594 3035 2649 ἀποστολικοῦ
3067 2592 3120 2648 δέ
3150 2596 3470 2669 κηρύγματος
3499 2600 3587 2654 τὴν
3605 2598 3792 2657 οεἰειίιᾶο

2191 2710 2341 2759 γησιν
2372 2682 2433 2741 ἂν
2474 2687 2769 2752 ἐπεζήτησε·
2804 2691 2885 2741 καί
2915 2686 2955 2716 ²⁰
2987 2688 3335 2760 ἀναγινώσκων
3368 2688 3406 2717 ¹¹
3441 2689 3489 2739 ἐν
3538 2696 3599 2762 τῇ
3646 2690 3791 2765 πρὸς

2193 2781 2468 2851 Ῥωμαίους
2500 2781 2757 2855 ἐπιστολῇ·
2781 2780 2972 2841 Παῦλος
3002 2775 3183 2839 δοῦλος
3212 2777 3378 2837 ἰησοῦ
3406 2788 3629 2850 Χριστοῦ
3660 2783 3794 2840 κλη-

2190 2875 2278 2933 τὸς
2321 2873 2643 2939 ἀπόστολος,
2691 2872 3039 2948 ἀφωρισμένος
3088 2876 3159 2931 εἰς
3207 2872 3500 2943 Εὐαγγέλιον
3547 2880 3677 2927 Θεοῦ
3704 2913 3720 2936 ,
3766 2872 3795 2927 ὁ

2190 2968 2625 3043 προεπηγγείλατο
2673 2965 2757 3021 διὰ
2799 2974 2898 3021 τῶν
2943 2971 3212 3039 πφοφητῶν
3256 2966 3411 3021 αὐτοῦ
3455 2966 3504 3018 ἐν
3550 2974 3794 3041 Γραφαῑς

2180 3087 2367 3139 venire.
2401 3084 2609 3152 Vulgati
2642 3094 2765 3136 ante
2797 3084 2996 3149 Qut-sn.
3035 3097 3157 3137 cum
3193 3097 3324 3137 mss.
3359 3082 3572 3138 collect.
3606 3083 3688 3137 24
3728 3096 3789 3141 et

2184 3158 2289 3211 alio
2320 3156 2531 3209 Collect.
2559 3156 2651 3221 21,
2677 3165 2724 3209 et
2750 3155 3039 3209 inuenisset.

2258 3229 2274 3258 ¹
2317 3233 2503 3301 Antea
2530 3237 2645 3301 erat
2688 3225 2805 3301 οὔτε
2838 3226 3302 3301 μεταγενέστερρς,
3343 3225 3483 3301 quod
3516 3241 3618 3279 “0"
3653 3228 3798 3282 Clli-

500 3295 627 3370 tisp.
673 3302 883 3356 collect.
928 3302 994 3355 19
1020 3310 1077 3354 et
1114 3316 1301 3355 omnes
1336 3301 1538 3355 Latina:
1568 3302 1897 3355 collectionis
1923 3302 2080 3357 Cltnl—
2108 3295 2153 3358 C
2185 3313 2289 3366 que
2323 3298 2655 3366 probabitur.
2691 3295 2880 3349 Melius
2907 3295 3054 3370 certe
3084 3295 3225 3363 quo'd
3267 3296 3543 3370 posuimus
3576 3313 3646 3351 ex
3678 3314 3793 3352 ms.

498 3374 640 3434 ced.,
670 3384 778 3425 ttun
807 3372 1007 3436 nostri,
1057 3380 1167 3425 tum
1217 3372 1451 3437 Baluzni,
1496 3387 1600 3425 uno
1644 3372 1951 3427 Divionensi
1984 3390 2079 3427 ex-

497 3453 678 3507 cepto,
708 3444 760 3495 in
788 3457 895 3512 quo
919 3444 1085 3510 prima
1119 3458 1276 3495 manu
1305 3444 1561 3510 scriptum
1588 3443 1937 3496 nihilominus
1966 3443 2081 3500 fue-

496 3523 583 3567 rat
620 3521 813 3579 totam,
857 3521 912 3565 at
951 3513 1185 3568 secunda
1232 3522 1411 3567 totum.
1442 3513 1783 3568 Retinuintus
1808 3516 2077 3580 vulgatam

497 3584 786 3640 lectionem
818 3592 995 3648 totam,
1031 3585 1230 3650 quippe
1258 3601 1417 3651 quam
1450 3600 1554 3639 non
1584 3585 1754 3639 solum
1786 3588 1953 3639 nostri
1982 3600 2074 3640 eo-

496 3656 645 3710 dices
671 3654 883 3708 collect.
916 3655 968 3720 1,
1000 3656 1051 3720 5,
1085 3654 1139 3721 8,
1172 3654 1475 3709 Vindebnn.
1504 3655 1676 3720 Hisp.,
1713 3655 1831 3710 Vat.
1856 3657 2074 3710 collect.

498 3724 587 3788 11,
625 3726 797 3790 primo
827 3727 977 3783 loco.
1008 3740 1139 3778 mss.
1169 3726 1381 3782 collect.
1407 3727 1470 3780 2|
1499 3736 1553 3779 et
1575 3724 1669 3785 24,
1716 3741 1813 3779 uec
1846 3742 1949 3780 non
1989 3742 2081 3781 ve-

495 3797 845 3849 tustissimum
893 3795 1289 3850 Lectionarium
1335 3797 1595 3850 Romanae
1642 3796 1897 3850 Ecclesize
1945 3795 2069 3851 Vat.

494 3866 667 3934 3836,
701 3881 820 3919 cum
850 3866 1246 3934 exemplaribus
1287 3869 1473 3934 prima:
1504 3867 1789 3928 editionis,
1823 3868 2073 3933 Merlini,

497 3946 656 4004 atque
684 3936 959 3999 Sichardi,
1009 3938 1103 3992 sed
1144 3936 1331 3993 Grmca
1359 3952 1572 4006 quoque
1603 3939 1978 4001 interpretatio
2025 3940 2078 3993 in

495 4006 919 4061 Chalcedonensi
953 4009 1184 4062 concilio
1211 4010 1349 4063 lecta
1383 4008 1704 4077 approbant.
1735 4007 1900 4063 Paulo
1934 4018 2075 4078 post,

492 4087 541 4132 et
558 4081 651 4149 jus
674 4078 889 4146 diaboli,
928 4079 979 4132 in
1012 4080 1181 4146 prima
1210 4079 1476 4144 editione,
1502 4091 1555 4133 et
1581 4080 1719 4146 apud
1750 4079 1993 4134 Vossium
2026 4080 2080 4135 in

490 4151 764 4215 margine;
812 4164 875 4202 ac
911 4149 1034 4203 dein
1069 4150 1285 4219 quidam
1319 4150 1536 4205 codices
1584 4159 1639 4203 et
1677 4149 1868 4205 eadem
1915 4151 2081 4207 editio

491 4220 692 4274 addunt
721 4237 810 4273 nos
837 4230 960 4273 ante
986 4221 1070 4274 vel
1098 4232 1215 4289 post
1246 4222 1470 4275 verbum
1498 4237 1764 4287 superare.

562 4289 590 4328 δ
622 4292 854 4356 R2tisp.,
878 4291 1209 4361 purissimum
1232 4293 1492 4345 sincerum
1522 4292 1854 4345 intellectum.
1888 4292 2078 4347 Melius

490 4362 543 4415 in
572 4361 688 4416 Vat.
714 4363 932 4416 collect.
966 4362 1055 4427 11,
1087 4364 1327 4417 secundo
1355 4362 1495 4420 loco.
1527 4364 1893 4430 purissimum,
1918 4365 2081 4417 since-

489 4448 701 4501 rumque
722 4432 1053 4486 intellectum.
1081 4430 1298 4499 Postea,
1330 4436 1530 4486 sibimet
1562 4435 1773 4501 propria
1801 4434 1851 4486 iit
1875 4433 2077 4490 Veron.

488 4504 578 4567 58,
610 4512 656 4556 et
681 4504 964 4557 tenebrabat
995 4504 1045 4556 in
1075 4502 1279 4557 Veron.
1307 4504 1376 4557 57
1407 4514 1462 4557 et
1485 4502 1786 4558 Viudebon.
1818 4503 1971 4571 Hisp.

562 4582 585 4610 ο
624 4574 938 4627 Addidimus
972 4571 1035 4625 Et
1066 4584 1267 4627 mutata
1306 4573 1775 4640 interpunCIioite,
1813 4588 1933 4641 quae
1964 4589 2079 4628 me-

488 4643 677 4697 liorem
708 4658 924 4697 sensum
956 4642 1187 4711 parit,ex
1216 4644 1519 4698 Vindebou.
1546 4643 1759 4698 collect.
1786 4642 1840 4709 5,
1868 4644 2072 4711 Ratisp.

488 4724 541 4767 et
575 4712 692 4766 Vat.
726 4715 940 4767 collect.
975 4712 1033 4767 11
1065 4754 1079 4775 ,
1135 4716 1308 4781 primo
1346 4714 1500 4779 loco;
1544 4714 1739 4783 quibus
1769 4714 1944 4768 allinis
1992 4726 2075 4770 est

487 4784 672 4838 Graeca
725 4787 923 4839 versio.
958 4782 1138 4838 Facile
1183 4794 1365 4838 autem
1408 4784 1523 4838 ιιωο
1562 4782 1834 4852 particula
1875 4786 2077 4840 excidit

486 4855 556 4907 ob
582 4869 903 4907 concursum
946 4854 1257 4908 earumdem
1306 4852 1604 4908 litterarum
1634 4864 1680 4908 et
1710 4858 1760 4908 in
1792 4856 1897 4909 line
1926 4857 2073 4912 vocis

487 4924 874 4989 praecedentis;
922 4926 1065 4993 quod
1109 4927 1345 4993 antiquis
1392 4925 1630 4980 librariis
1674 4926 1936 4981 familiare
1965 4939 2068 4981 εει.

486 4996 613 5050 Post
645 5010 806 5061 pauca
842 4995 1235 5049 instrumentum
1282 5010 1380 5064 pro
1429 4998 1737 5050 instructum
1780 4997 1833 5050 in
1880 4998 2070 5052 eodem

484 5065 605 5119 Val.
640 5065 855 5121 collect.
890 5067 987 5130 11,
1016 5068 1251 5121 secundo
1283 5066 1421 5121 loco.
1453 5066 1587 5121 Vide
1614 5077 1727 5121 not.
1768 5067 1836 5122 10
1866 5067 2069 5135 Quesn.

554 5135 581 5173 ἀ
614 5136 745 5190 Cod.
782 5135 984 5191 Veron.
1015 5138 1106 5202 58,
1141 5147 1195 5192 et
1228 5136 1335 5193 duo
1365 5138 1571 5193 Baluzii
1597 5138 1841 5195 Colbert.
1878 5154 1943 5194 ac
1980 5140 2073 5194 Di-

482 5208 652 5270 vion.,
684 5209 737 5260 in
758 5205 1066 5279 Evangelia.

559 5289 581 5316 ε
612 5278 932 5344 Quesoellus
959 5294 1082 5333 cum
1107 5278 1267 5333 editis
1308 5279 1505 5336 Leonis
1528 5290 1583 5336 et
1608 5281 1878 5336 nonnullis
1906 5280 2065 5337 codd.

483 5350 710 5405 inseruit
736 5364 953 5419 quoque.
986 5350 1358 5419 Expunximus
1387 5364 1568 5406 autem
1600 5353 1920 5408 auctoritate
1950 5354 2071 5421 plu-

482 5423 619 5473 rium
670 5430 722 5475 et
775 5423 1045 5493 potiorum
1099 5429 1408 5493 nostrorum
1447 5423 1870 5493 exemplarium,
1928 5424 2068 5478 inter

483 5506 604 5560 quae
633 5492 903 5560 praecipua
930 5500 1057 5545 sunt
1085 5491 1186 5545 tria
1229 5491 1857 5561 antiquissima‘Veron”
1900 5510 2065 5548 unum

487 5561 786 5617 Vindebon.
836 5561 1055 5617 collect.
1100 5562 1134 5618 5
1178 5570 1236 5617 et
1282 5563 1491 5632 Ratisp.
1542 5564 1621 5617 lla
1661 5565 1822 5619 etiam
1864 5565 2066 5619 Baluzii

483 5633 640 5686 codd.
671 5647 791 5687 cum
832 5634 992 5688 editis
1020 5633 1396 5688 cunciliorum.
1429 5636 1549 5688 Mox
1587 5635 1806 5702 quidam
1834 5650 1965 5691 mss.
2000 5636 2067 5689 li-

484 5704 564 5756 bri
604 5704 741 5772 apud
772 5703 974 5769 Quesn.
1016 5714 1127 5759 not.
1165 5704 1227 5759 11
1254 5746 1269 5771 ,
1315 5705 1400 5773 pia
1428 5706 1774 5759 sollicitudine
1806 5723 1859 5760 se
1889 5717 2067 5759 contu-

483 5774 639 5828 lisset.
664 5774 795 5828 Dein
827 5774 943 5829 Vat.
980 5774 1121 5830 1522
1150 5790 1270 5829 cuut
1302 5777 1470 5845 prima
1503 5776 1737 5832 editione
1760 5818 1774 5843 ,
1807 5786 1851 5830 et
1873 5778 2066 5833 inveni-

484 5853 591 5909 ret;
619 5846 772 5911 cujus
800 5846 937 5913 loco,
970 5848 1169 5903 omissa
1197 5846 1373 5903 littera
1404 5855 1442 5915 t,
1474 5847 1525 5903 in
1553 5846 1746 5904 Veron.
1781 5848 1870 5917 58,
1902 5858 1947 5901 et
1992 5850 2074 5905 in-

2187 3370 2375 3430 Basil.,
2413 3372 2471 3444 ob
2502 3370 2941 3444 μεταγενέστερος.
2994 3366 3135 3435 Lege
3171 3375 3339 3421 totam
3387 3369 3688 3437 pericopen
3737 3378 3803 3425 et

2182 3449 2392 3494 textum
2423 3441 2691 3493 Latinum.

2253 3514 2273 3542 ²
2316 3512 2417 3566 Ms.
2440 3513 2583 3583 Bas..
2614 3510 2780 3567 ἀϊδίου
2810 3512 3010 3583 φύσεως
3046 3526 3059 3562 :
3086 3522 3242 3576 quam
3257 3508 3556 3583 lectionem
3584 3508 3801 3566 luben-

2182 3581 2389 3635 tissime
2420 3578 2863 3645 adoptassemus',
2910 3583 3011 3633 nisi
3052 3590 3228 3633 textus
3255 3578 3477 3633 Latinus
3506 3580 3801 3637 oltsmret.

2180 3654 2437 3717 Sequitur
2459 3653 2617 3715 paulo
2645 3664 2761 3715 post
2806 3652 2859 3705 in
2894 3653 3082 3706 eodem
3125 3665 3225 3703 ms.
3268 3666 3282 3705 :
3314 3650 3419 3705 ἀλλ’
3451 3648 3561 3705 ὅλον
3594 3652 3806 3709 ἑαυτὸν

2181 3725 2415 3796 ἐκένωσεν
2445 3726 2517 3783 εἰς
2544 3725 2601 3796 τὸ
2630 3731 2797 3779 σῶσαι
2823 3724 2910 3796 τὸν
2929 3722 3323 3796 Δπεπλανημένον
3352 3719 3637 3796 ἄνθρωπον.
3682 3722 3802 3778 Lc-

2181 3798 2289 3849 Clio
2318 3806 2373 3849 et
2404 3794 2518 3848 haec
2549 3795 2687 3847 haud
2730 3794 2882 3848 nihili
2920 3792 3191 3847 facienda;
3224 3792 3303 3847 Ad
3335 3792 3557 3846 verbum
3595 3796 3804 3849 ἐκένω·

2183 3887 2271 3920 σεν
2313 3864 2364 3917 iu
2414 3880 2584 3933 marg.
2630 3864 2759 3919 edit.
2792 3864 2949 3918 Rom.
2981 3873 3275 3917 annotatur
3300 3862 3533 3919 ἐνέδωκεν
3562 3881 3575 3916 :
3614 3866 3806 3919 lectio

2183 3935 2398 4005 quidem
2426 3936 2649 4003 optima,
2678 3944 2733 3988 et
2754 3936 2944 3989 Latino
2974 3936 3221 4005 impendit
3246 3951 3403 4004 quam
3427 3935 3678 3990 maxime
3704 3953 3807 3993 re-

2182 4007 2477 4075 Spoudens,
2503 4006 2596 4061 sed
2630 4008 2893 4061 incertum
2920 4006 3061 4058 unde
3092 4018 3265 4058 eruta.

2253 4077 2273 4108 ³
2315 4078 2412 4131 Ms.
2448 4078 2581 4131 Ven.
2630 4079 2858 4145 primum
2883 4120 2897 4143 ,
2936 4075 3160 4135 ἐδυνήθη.
3198 4075 3349 4143 Quod
3382 4084 3466 4130 est
3498 4075 3554 4130 in
3589 4086 3768 4134 textu
3790 4120 3809 4146 ,

2182 4146 2455 4213 Atticum;
2492 4147 2594 4202 hoc
2616 4163 2923 4201 commune.
2958 4147 3099 4201 Nihil
3130 4159 3419 4201 mutamus.

2252 4218 2276 4249 ⁸
2318 4219 2479 4295 Deest
2523 4220 2716 4295 μητρός
2748 4218 2801 4272 in
2841 4233 2972 4272 mss.
3016 4218 3216 4295 Venet._
3240 4217 3486 4273 omnibus
3545 4228 3600 4295 et
3660 4219 3811 4295 Bas.

2182 4287 2292 4345 Nec
2320 4292 2482 4359 plane
2511 4287 2768 4344 vox'hzec
2815 4299 2900 4344 est
2944 4289 3289 4353 ttecessaria;
3325 4305 3430 4343 non
3469 4292 3814 4349 omittenda

2180 4366 2384 4427 tamen,
2412 4362 2454 4413 si
2487 4370 2688 4414 textum
2718 4360 2964 4415 Latinum
2998 4360 3277 4425 respicias.

2254 4431 2275 4509 '_'
2315 4431 2389 4484 lta
2420 4432 2809 4509 restituimuse
2833 4445 2964 4509 mss.
2996 4429 3406 4509 Venl'omnibus
3438 4449 3451 4485 :
3485 4444 3618 4484 nam
3652 4435 3818 4509 ἀμι-

2216 4506 2364 4572 αίου,
2399 4512 2456 4554 ιιι
2505 4501 2728 4557 habetur
2757 4503 2810 4557 in
2838 4502 3075 4557 editione
3118 4500 3352 4567 Veneta,
3403 4516 3509 4557 vox
3553 4500 3821 4572 penitus

2178 4522 2364 4627 ἕρπον..
2399 4522 2456 4584 ιιι
2505 4522 2606 4556 Ili")

2234 4588 2385 4627 rancus
2406 4583 2606 4641 ignota.

2254 4643 2275 4673 °
2319 4642 2626 4697 Lectionem
2656 4641 2816 4705 hanc,
2846 4658 2967 4711 quae
2996 4657 3121 4697 vera
3144 4654 3245 4709 est,
3270 4642 3704 4711 desumpsimus
3735 4664 3820 4704 ex

2182 4728 2282 4767 ms.
2321 4712 2439 4767 Bas.
2474 4726 2525 4767 et
2559 4713 2693 4767 Ven.
2724 4716 2962 4768 secundo
3011 4716 3296 4780 utrobique
3338 4733 3351 4767 :
3387 4724 3549 4783 atque
3586 4719 3682 4772 ita
3722 4718 3827 4774 le-

2177 4784 2409 4851 gendum
2443 4784 2689 4837 viderunt
2719 4784 2877 4837 etiam
2907 4785 3142 4838 editores
3174 4786 3419 4845 Romani.
3452 4795 3508 4839 ut
3539 4800 3831 4855 apparet

2178 4870 2241 4925 ex
2296 4855 2643 4908 annotatione
2689 4855 2915 4921 quadam
2955 4856 3021 4907 ad
3065 4858 3357 4916 marginem
3389 4859 3689 4925 apposita.
3756 4861 3831 4916 In

2176 4924 2333 5003 edit._,
2365 4927 2422 5003 ἐκ
2446 4928 2639 5003 ταύτης
2667 4928 2781 4980 τινὰ
2809 4928 2896 4980 καί
2922 4934 3013 4986 τῆς
3044 4928 3405 5003 ἕκτῇ-πίστει.

2247 4996 2268 5027 ⁷
2310 4996 2387 5050 Ita
2414 4997 2693 5064 legendum
2727 5011 2757 5048 e
2784 5011 2887 5051 ms.
2918 4996 3313 5051 secundo'Ven.
3342 4997 3513 5061 primo
3536 4998 3724 5060 lncn,
3766 5014 3839 5060 ει

2175 5064 2323 5127 Bas.,
2349 5066 2490 5144 quod
2520 5069 2692 5144 locum
2717 5064 2953 5144 hunc-ita
2982 5069 3199 5144 exhibet
3234 5089 3247 5124 :
3277 5072 3502 5144 καθαρὰν
3532 5076 3653 5130 τήν
3695 5073 3837 5132 διά-

2173 5158 2310 5213 νοιαν
2350 5139 2645 5213 ἀρύσασθαι
2684 5143 2753 5209 μή
2800 5136 3031 5213 έδύνατο.
3081 5138 3221 5213 Lege
3262 5136 3460 5213 textum
3511 5146 3843 5213 primige-

2180 5211 2323 5261 nium
2357 5209 2577 5262 Leonis.
2622 5209 2679 5261 ln
2726 5209 2915 5262 eodem
2946 5210 3183 5264 secundo
3224 5226 3322 5264 rus.
3358 5210 3489 5263 Ven.
3522 5209 3843 5271 δεταιιίἀο

2172 5277 2293 5331 loco
2314 5318 2328 5342 ,
2379 5280 2741 5355 ἀρρύσασθαι,
2770 5280 2822 5333 in
2852 5280 2982 5333 edit.
3022 5281 3153 5338 Ven.
3186 5282 3469 5337 ἁνύσασθαι
3488 5320 3502 5347 ,
3536 5298 3795 5343 errore
3824 5333 3843 5355 ,

2172 5358 2231 5401 ιιι
2260 5359 2529 5417 putamus,
2564 5365 2873 5420 operarum.

2245 5421 2265 5450 ⁸
2307 5420 2409 5499 liis.
2438 5419 2640 5499 BasiL,
2670 5419 2768 5499 die:
2796 5429 2886 5481 τῆς
2915 5423 3200 5499 τηλαυγοῦς
3222 5424 3462 5499 ἀληθείας
3492 5425 3731 5499 φέγγος
3774 5432 3847 5485 ἐκ

2170 5494 2475 5567 τῆςοίκείας
2504 5492 2690 5567 ἑαυτοῦ
2722 5494 3050 5567 έπισκοτίζειν
3072 5492 3403 5567 τυφλώσεως,
3419 5492 3587 5567 (19ίὲςῖ
3614 5492 3850 5560 ίθιῑιιί

2171 5560 2364 5617 Latino
2392 5564 2561 5632 magis
2592 5562 2922 5631 respondere
2958 5564 3113 5618 nobis
3142 5560 3387 5633 videtur;
3415 5560 3557 5619 nihil
3607 5579 3847 5631 tamen

2171 5643 2458 5687 mutamus.

2241 5708 2277 5777 ‘7’?
2300 5705 2395 5777 Ms.
2428 5705 2574 5771 ΒΜ»,
2604 5709 2870 5777 εἰσήγησιν
2900 5709 3228 5771 ἐπεζήτησεν.

2324 5776 2379 5853 ξι]
2406 5792 2590 5853 marg.
2607 5776 2826 5853 edition.
2859 5777 3043 5853 ίὶοιιι.ἱ
3062 5780 3319 5853 azymon.

2242 5847 2279 5877 ¹¹
2324 5846 2419 5901 Ms.
2454 5846 2612 5903 Basil.
2637 5890 2649 5913 ,
2683 5849 2731 5901 ἐν
2760 5856 2821 5917 τῇ
2854 5850 3091 5921 ἐπιστολῇ
3122 5846 3183 5921 τῇ
3214 5852 3344 5920 πρὸς
3371 5848 3748 5922 Ῥωμαίους.
