4020 6352
292 346 379 403 261

1648 340 1976 396 EPISTULA
2014 339 2111 395 XX
2124 340 2245 396 VIII.

3452 330 3575 405 ηδε

285 464 343 520 Et
371 462 654 516 inveniens
693 457 1106 528 promissionem
1138 457 1233 513 Dei
1263 456 1329 511 ad
1362 455 1630 512 Abraham
1675 457 1856 512 dicen-
1884 510 1890 519 α

1997 460 2150 529 γίαις.
2183 461 2303 534 περὶ
2332 466 2425 513 τοῦ
2464 460 2583 515 Υίοῦ
2626 463 2787 517 αὐτοῦ
2817 470 2911 519 τοῦ
2941 464 3208 536 γενομένου
3239 463 3291 516 ἐκ
3321 465 3577 539 σπέρμα-’

283 557 343 611 tis
375 572 389 608 :
422 552 491 607 In
531 553 722 607 semine
755 562 843 605 tuo
871 552 1228 605 benedicentur
1268 567 1440 605 onmes
1482 560 1651 622 gentes
1698 550 1860 623 (Gen.

282 659 383 712 xu,
426 644 484 710 3,
516 652 563 697 et
594 659 743 707 uti,
775 643 842 698 18
862 646 916 713 );
953 652 977 680 ι
1001 659 1070 698 ne
1096 644 1163 698 de
1193 642 1353 712 hujus
1380 645 1602 698 seminis
1627 645 1867 715 proprie-

283 747 389 791 tate
417 735 713 804 dubitaret,
746 744 961 789 secutus
992 734 1183 790 fuisset
1206 735 1524 808 Apostolum
1546 737 1817 793 dicentem
1848 755 1861 791 :

282 827 500 885 Abrahae
542 827 694 883 dieue
718 839 832 882 sunt
868 829 1263 898 promissiones,
1298 838 1343 883 et
1374 831 1554 884 semini
1582 832 1712 902 ejus.
1745 830 1870 887 Non

282 920 425 988 dicit,
456 920 528 973 Et
556 920 853 984 seminibus,
884 922 1032 990 quasi
1062 923 1114 973 in
1142 920 1347 987 multis,
1371 923 1462 977 sed
1489 924 1637 992 quasi
1658 923 1712 977 in
1732 940 1865 993 uno,

288 1012 350 1068 Et
373 1013 556 1067 semini
576 1022 683 1079 tuo,
706 1013 842 1083 quod
869 1023 945 1067 est
968 1012 1200 1069 Christus
1227 1013 1435 1086 (Galat.
1464 1032 1557 1083 Ill,
1587 1016 1677 1088 8).
1716 1018 1870 1074 Isaiae

288 1123 501 1178 quoque
542 1108 981 1179 pra-dicationem
1020 1108 1278 1163 interiore
1308 1110 1751 1179 apprehendisset
1777 1125 1871 1165 au-

286 1202 394 1257 ditu
426 1201 661 1258 dicentis
688 1219 703 1255 :
734 1200 868 1255 Ecce
889 1202 1031 1272 virgo
1068 1203 1122 1255 in
1148 1211 1294 1255 utero
1321 1200 1349 1240 ι)
1377 1202 1591 1274 accipiet
1628 1211 1675 1257 et
1706 1204 1871 1274 pariet

288 1296 471 1365 ﬁlium,
503 1305 551 1350 et
576 1297 826 1350 vocabunt
852 1311 1036 1349 nomen
1075 1297 1187 1365 ejus
1228 1294 1566 1364 Emmanuel,
1608 1299 1748 1368 quod
1789 1308 1873 1354 est

286 1387 725 1455 interpretatum,
754 1385 1036 1441 Nobiscum
1058 1386 1196 1442 Deus
1221 1387 1388 1459 (lsai.
1416 1404 1513 1459 vn,
1546 1391 1641 1457 Ib;
1676 1391 1867 1447 Matth.

287 1495 335 1547 I,
379 1479 517 1551 25).
564 1479 933 1549 Ejusdemque
961 1480 1233 1550 prOphetae
1266 1480 1494 1538 ﬁdeliter
1526 1485 1687 1539 verba
1716 1486 1876 1554 legis-

283 1580 365 1626 set
398 1589 411 1623 :
449 1570 591 1625 Puer
616 1582 767 1626 natus
794 1581 866 1625 est
900 1573 1043 1626 nobis
1069 1618 1082 1641 ,
1140 1583 1162 1611 ο
1201 1572 1341 1643 ﬁlius
1382 1576 1534 1629 datus
1571 1585 1643 1630 est
1687 1577 1832 1631 nobis
1858 1619 1872 1644 ,

286 1668 433 1735 cujus
460 1675 687 1735 potestas
711 1681 862 1734 super
889 1666 1157 1720 humerum
1179 1668 1315 1738 ejus,
1345 1676 1391 1721 et
1415 1669 1664 1723 vocabunt
1691 1687 1872 1725 nomen

286 1759 419 1827 ejus,
446 1759 621 1829 magni
656 1758 855 1812 consilii
885 1760 1143 1830 Angelus,
1175 1757 1203 1797 ἀ
1228 1761 1593 1828 Admirabilis,
1624 1763 1877 1818 Consilia-

1967 573 2055 611 τος
2084 550 2236 606 Δαυὶδ
2266 552 2281 581 ¹
2312 553 2370 607 τὸ
2398 555 2529 608 κατὰ
2565 556 2755 631 σάρκα·
2799 558 2886 611 ἐπὶ
2913 558 3005 618 τάς
3034 557 3344 629 προφητικάς
3398 556 3559 618 οὕτως

1967 639 2025 699 ἃν
2242 646 2451 717 βίϐλους
2499 652 2588 705 τήν
2635 649 2818 707 εὐσεϐῆ
2848 650 2869 679 ³
2898 648 3139 724 φροντίδα
3174 653 3451 721 μετήγαγε,
3478 654 3560 705 καί

1970 738 1990 769 ³
2020 740 2269 812 εὑρίσκων
2303 744 2393 797 τὴν
2438 740 2740 813 ἐπαγγελίαν
2776 747 2867 797 τοῦ
2898 749 3025 797 Θεοῦ
3068 742 3198 816 πρὸς
3225 743 3311 795 τὸν
3338 743 3562 813 Ἀϐραὰμ

1966 831 2213 905 λέγοντος·
2236 840 2311 885 Ἐν
2338 838 2412 903 τῷ
2442 833 2703 907 σπέρματί
2728 854 2824 888 σου
2852 831 2873 863 ⁵
2904 834 3372 908 ἐνευλογηθήσονται
3397 835 3564 890 πάντα

1968 925 2036 979 τά
2080 920 2219 981 ἔθνη⁹
2267 922 2287 952 ⁵
2336 919 2475 983 ὅπως
2513 920 2574 978 ἂν
2603 927 2722 999 περὶ
2765 932 2856 985 τῆς
2890 923 3188 1001 κυριότητος
3235 928 3416 980 τούτου
3449 925 3469 955 ⁸
3493 930 3563 996 μή

1971 1016 2227 1090 ἀμφιϐάλῃ
2262 1021 2354 1070 τοῦ
2401 1017 2721 1092 σπέρματος,
2751 1014 3081 1075 ἠκολούθησεν
3114 1011 3171 1071 ἂν
3198 1019 3285 1070 καί
3319 1023 3392 1087 τῷ
3422 1026 3563 1070 Ἀπο-

1971 1108 2138 1182 στόλῳ
2171 1111 2380 1184 λέγοντι’
2412 1118 2493 1181 Τῷ
2523 1108 2575 1165 δέ
2613 1110 2842 1181 Ἀϐραάμ
2879 1112 3146 1188 ἐρρέθησαν
3174 1111 3226 1163 αἱ
3255 1110 3560 1181 ἐπαγγελίαι,

1972 1205 2150 1273 καὶτῷ
2171 1204 2429 1277 σπέρματι
2456 1204 2631 1258 αὐτοῦ’
2658 1206 2743 1257 οὒκ
2767 1198 2897 1257 εἷπε·
2923 1206 3009 1256 καὶ
3033 1210 3141 1262 τοῖς
3168 1203 3479 1275 σπέρμασιν,
3500 1202 3567 1262 ὡς

1974 1298 2059 1352 ἐπὶ
2096 1297 2320 1362 πολλῶν,
2352 1297 2535 1357 ἀλλ’ὡς
2568 1296 2587 1326 ⁷
2620 1296 2690 1370 ἐφ’
2714 1297 2842 1364 ένὸς,
2876 1300 2967 1352 Καὶ
3007 1305 3080 1369 τῷ
3120 1299 3385 1373 σπέρματί
3432 1317 3522 1350 σου
3553 1336 3566 1359 ,

1974 1388 1997 1419 ⁸
2024 1386 2147 1462 ὅπερ
2182 1391 2295 1445 ἐστι
2319 1389 2560 1466 Χριστὸς.
2590 1393 2682 1444 Καὶ
2708 1391 2766 1445 τὸ
2796 1389 3001 1444 Ἡσαΐου
3032 1388 3085 1444 δέ
3110 1393 3345 1463 κήρυγμα
3370 1386 3451 1442 διὰ
3477 1397 3569 1448 τῆς

1975 1478 2239 1554 ἰνδοτέρας
2286 1483 2542 1553 κατέσχεν
2595 1476 2653 1536 ἂν
2692 1483 3016 1560 ἀκροάσεως,
3065 1482 3312 1554 λέγοντος*
3360 1478 3504 1545 Ἰδοὺ,
3537 1480 3567 1537 ἡ

1975 1575 2221 1644 παρθένος
2250 1575 2269 1606 ⁸
2294 1574 2342 1627 ἐν
2371 1578 2561 1649 γαστρὶ
2584 1574 2826 1646 λήψεται,
2861 1577 2948 1629 καὶ
2974 1576 3172 1639 τέξεται
3199 1574 3327 1638 υίὸν,
3361 1576 3446 1627 καὶ
3472 1595 3567 1627 κα-

1977 1666 2183 1722 λέσουσι
2210 1669 2267 1723 τὸ
2295 1665 2453 1740 ὄνομα
2480 1670 2637 1724 αὐτοῦ
2666 1669 3000 1739 Ἐμμανουὴλ’
3037 1668 3079 1698 ¹⁰
3112 1666 3236 1740 ὅπερ
3264 1665 3374 1721 ἐστὶ
3403 1666 3571 1740 μεθερ-

1977 1763 2324 1836 μηνευόμενον,
2354 1762 2469 1817 Μεθ’
2491 1765 2629 1835 ἡμῶν
2658 1762 2684 1818 ὸ
2713 1763 2862 1824 Θεὸς.
2905 1764 2995 1816 Καὶ
3030 1769 3121 1817 τοῦ
3160 1764 3315 1815 αὐτοῦ
3354 1759 3406 1814 δὲ
3444 1779 3573 1833 προ-

288 1852 425 1918 rius,
465 1850 607 1906 Deus
637 1852 817 1921 fortis,
843 1850 1092 1924 Princeps
1120 1854 1294 1925 pacis,
1329 1853 1487 1909 Pater
1509 1856 1673 1925 futuri
1702 1857 1875 1911 δίει-ιιιὶ

1997 1858 2133 1924 ρήτου
2153 1861 2354 1915 πιστῶς
2379 1848 2436 1908 ἂν
2455 1855 2718 1928 ὑπανέγνω
2736 1857 2803 1910 τά
2824 1854 3046 1928 ῥήματα·
3070 1853 3108 1883 ¹¹
3130 1851 3323 1907 Παιδίον
3349 1853 3572 1922 ἐγεννήθη

289 1943 462 2012 (Isai.
493 1958 569 2006 ix,
599 1940 685 2015 6).
718 1942 827 1999 Nec
860 1953 883 1980 θ
910 1941 1251 2000 frustratorie
1273 1945 1521 2016 loquens,
1552 1948 1622 2001 ita
1646 1947 1876 2003 Verbum

291 2031 497 2090 diceret
523 2049 744 2089 carnem
770 2033 993 2099 factum,
1026 2044 1084 2089 ut
1104 2035 1281 2091 editus
1303 2045 1457 2092 utero
1482 2037 1700 2108 virginis
1716 2038 1875 2093 Chri-

292 2137 406 2182 stus
436 2126 664 2182 haberet
688 2125 915 2180 formam
948 2124 1216 2197 hominis,
1265 2137 1322 2183 et
1367 2143 1471 2183 non
1513 2128 1738 2184 haberet
1764 2145 1879 2186 ma-

293 2222 432 2277 terni
462 2221 705 2291 corporis
732 2221 1033 2276 veritatem.
1055 2224 1136 2276 An
1162 2225 1323 2295 811
1356 2222 1495 2278 forte
1524 2224 1645 2279 ideo
1676 2224 1880 2293 putavit

294 2316 581 2370 Dominum
600 2313 618 2352 τ
638 2324 878 2370 nostrum
901 2314 1084 2370 lesum
1108 2314 1383 2371 Christum
1410 2331 1515 2371 non
1537 2328 1737 2371 nostrae
1757 2332 1878 2372 esse

291 2416 532 2473 naturae,
573 2407 696 2478 quia
727 2409 923 2461 missus
948 2408 1014 2461 ad
1045 2409 1255 2462 beatam
1282 2409 1501 2463 Mariam
1534 2424 1748 2478 semper
1777 2409 1886 2463 vir-

291 2502 471 2571 ginem
501 2501 724 2570 angelus
746 2501 858 2555 ait:
891 2500 1121 2571 Spiritus
1143 2512 1350 2556 sanctus
1375 2503 1688 2573 superveniet
1721 2503 1775 2556 in
1807 2511 1884 2570 te,

293 2606 342 2648 et
364 2595 525 2649 virtus
559 2594 808 2649 Altissimi
840 2594 1155 2649 obumbrabit
1198 2596 1324 2662 tibi;
1366 2595 1579 2665 ideoque
1610 2605 1635 2643 8
1660 2606 1708 2651 et
1747 2599 1886 2668 quod

297 2694 539 2741 nascetur
577 2703 639 2740 ea:
676 2696 722 2740 te
756 2695 1011 2754 sanctum,
1046 2687 1305 2741 vocabitur
1334 2686 1506 2742 Filius
1528 2686 1625 2743 Dei
1648 2689 1887 2759 (Luc.t,

296 2777 406 2848 35)
434 2778 460 2831 ?
502 2789 560 2834 ut
605 2779 729 2850 quia
760 2790 1052 2851 conceptus
1082 2782 1307 2851 virginis
1347 2781 1512 2837 divini
1541 2781 1639 2837 fuit
1668 2782 1848 2852 operis
1869 2827 1882 2851 ,

299 2887 406 2926 non
437 2872 505 2928 de
529 2884 717 2927 natura
744 2874 1098 2943 concipientis
1129 2873 1293 2930 fuerit
1324 2890 1453 2931 caro
1480 2876 1751 2943 concepti.
1776 2875 1883 2931 Sed

297 2983 405 3025 non
437 2969 510 3024 ita
539 2966 570 3005 ιι
600 2968 948 3040 intelligenda
985 2977 1069 3025 est
1111 2969 1199 3025 illa
1231 2971 1508 3040 generatio
1540 2970 1882 3040 singulariter

373 3126 397 3152 ³
428 3116 630 3170 Omnes
660 3113 789 3168 editi
818 3129 938 3169 cum
966 3114 1234 3182 plerisque
1264 3113 1557 3168 codicibus.
1586 3119 1784 3177 puncto
1812 3110 1890 3165 af-

300 3189 411 3242 ﬁxo
457 3193 579 3255 post
605 3200 793 3239 vocem
822 3194 1014 3255 gentes,
1049 3186 1263 3252 habent,
1313 3184 1379 3238 Et
1410 3201 1491 3239 ne.
1530 3183 1635 3239 Sed
1666 3184 1890 3255 hac_ra-

300 3253 838 3313 tione—nominativus
858 3257 1114 3310 inveniens
1136 3271 1427 3323 suspensus
1453 3264 1720 3311 maneret.
1751 3253 1885 3308 Hinc

304 3332 359 3384 in
390 3329 658 3398 aliquibus
678 3343 806 3382 mss.
840 3336 995 3398 antea
1022 3327 1361 3381 emendatum
1392 3326 1491 3379 fuit
1515 3326 1778 3387 inveniret,
1806 3326 1889 3398 vel

300 3396 597 3455 inuenisset.
629 3396 764 3453 Cum
796 3412 927 3451 vero
955 3397 1064 3452 fere
1091 3400 1268 3452 omnia
1309 3398 1527 3464 antiqua
1560 3396 1888 3459 exemplaria

306 3473 542 3527 habeant
570 3471 847 3527 inveniens.
897 3469 1270 3523 emendatione
1300 3470 1571 3537 indigebat
1601 3469 1686 3521 hic
1717 3467 1888 3529 locus,

305 3557 535 3610 eamque
565 3543 922 3595 ilerivavitnus
966 3556 1033 3595 ex
1061 3540 1259 3595 Veron.
1300 3540 1332 3594 8
1363 3552 1521 3608 atque
1562 3538 1793 3610 Ratisp.,
1839 3538 1893 3593 in

303 3609 500 3685 quibus
524 3613 676 3685 deest
706 3611 963 3679 particula
994 3621 1061 3672 et,
1090 3627 1207 3685 qu_:n
1234 3612 1395 3685 etiam
1427 3609 1788 3685 in_vetustiori
1832 3624 1894 3664 ac

306 3680 665 3741 émendatiori
705 3684 907 3738 Graiae
937 3680 1201 3738 versiOnis
1247 3682 1432 3737 codice
1472 3680 1742 3735 Basiliano
1786 3694 1895 3735 non

492 3767 549 3808 3|.

307 3772 585 3881 ἓνίικῗίὶιίίίιὶ
606 3826 935 3887 vulgatiores
964 3840 1083 3877 cum
1105 3822 1344 3879 Colbert.
1373 3822 1595 3888 Baluzii,
1621 3822 1892 3893 concipiet.

314 3898 446 3952 Vide
468 3906 582 3953 not.
600 3897 669 3952 15
686 3897 911 3965 Quesn.,
935 3895 1025 3965 qui
1047 3910 1109 3949 ex
1133 3896 1244 3950 suis
1265 3894 1539 3949 codicibus
1567 3894 1892 3965 emendavit,

312 3971 389 4024 uti
421 3970 580 4023 etiam
621 3970 671 4021 in
713 3963 912 4021 nostris
955 3963 1019 4021 ac
1066 3966 1120 4020 in
1151 3968 1397 4031 exemplo
1427 3967 1614 4034 prima:
1650 3963 1897 4017 editionis

312 4040 525 4110 legitur.
550 4038 670 4093 Mox
688 4039 848 4092 iidem
875 4038 1025 4101 editi,
1051 4047 1099 4090 et
1120 4036 1413 4110 vocabitur,-
1433 4049 1493 4110 at
1519 4035 1897 4110 omne_s_no_stri

311 4104 663 4179 et'Quesnelli
691 4109 923 4171 codices,
975 4117 1022 4162 et
1045 4106 1482 4179 vocabunt.__Vidt_a
1523 4115 1635 4160 not.
1668 4104 1736 4179 l4
1757 4105 1900 4179 ejus-

310 4176 462 4237 dem.
490 4181 648 4247 Dein,
666 4180 803 4251 quod
833 4180 1215 4251 interpretatur,
1232 4178 1284 4232 in
1304 4176 1427 4251 Vat.
1452 4176 1586 4247 Reg.
1605 4176 1818 4251 collect.
1844 4176 1897 4230 1.

390 4264 410 4290 ε
441 4252 612 4306 Codd.
644 4248 843 4306 Veron.
874 4248 975 4312 57,
1006 4250 1210 4317 Ratisp.
1244 4258 1298 4305 et
1340 4249 1447 4302 duo
1489 4250 1657 4301 nostri
1687 4248 1898 4300 collect.

315 4321 601 4388 Chalced.,
651 4337 714 4376 ac
751 4334 977 4388 quatuor
1020 4321 1221 4375 Baluzii
1252 4336 1372 4373 cum
1415 4319 1577 4374 editis
1610 4317 1899 4372 Concilior.

314 4404 373 4449 et
402 4396 574 4463 prima
610 4392 864 4455 editione,
900 4400 945 4446 et
970 4391 1142 4463 ﬁlius.
1177 4391 1313 4463 Dein
1341 4390 1499 4463 iidem
1535 4389 1749 4463 codices
1779 4404 1901 4443 cum

316 4460 530 4519 duobus
558 4465 679 4519 aliis
720 4463 841 4518 Vat.
864 4478 927 4515 ac
951 4462 1156 4517 duobus
1185 4462 1505 4525 Vindebnn.,
1532 4460 1701 4530 Super
1729 4461 1903 4513 hume-

314 4552 426 4600 ros,
477 4536 551 4590 u‘ti
581 4535 744 4590 etiam
776 4534 1067 4603 praeferunt
1106 4533 1319 4602 quidam
1351 4533 1508 4587 codd.
1556 4550 1584 4585 a
1617 4531 1904 4597 Quesnello

315 4606 521 4661 laudati
558 4614 671 4661 not.
701 4607 789 4660 15.
821 4604 963 4667 Mox,
994 4614 1042 4659 et
1080 4604 1340 4657 vocabitur
1372 4605 1422 4655 in
1456 4603 1665 4657 duobus
1706 4603 1905 4655 nostris

318 4679 589 4804 coddiset
652 4675 811 4732 editis
858 4688 983 4731 ante
1030 4675 1411 4743 Quesnellum;
1476 4674 1665 4728 confer
1722 4684 1903 4727 n0tam

318 4764 439 4804 eius
539 4787 555 4802 .

318 4764 439 4817 ejus
470 4764 555 4804 ιο.

390 4817 419 4857 ἀ
447 4819 618 4873 Voces
647 4816 999 4881 Admirabilis,
1018 4813 1378 4877 Consiliarius,
1404 4814 1599 4870 desunt
1626 4814 1676 4867 in
1700 4813 1901 4868 Veron.
1930 4804 1984 4865 D

317 4890 377 4953 8,
404 4890 641 4957 Ratisp.,
683 4888 981 4943 Vindebon.
1029 4888 1240 4941 collect.
1272 4887 1304 4941 5
1335 4886 1623 4957 etiduobus
1653 4883 1773 4957 Vat.
1802 4884 1902 4957 Ba-

319 4963 493 5016 luzius
522 4955 723 5013 nutavit
750 4962 937 5013 abesse
966 4960 1165 5027 pariter
1192 4974 1222 5010 a
1251 4971 1353 5010 ms.
1384 4955 1696 5020 Parisiensi,
1728 4966 1782 5009 et
1810 4955 1902 5010 de-

318 5033 489 5087 fuisse
514 5033 639 5085 olim
668 5031 720 5084 in
751 5026 1081 5095 Divione’nsi,
1108 5029 1194 5083 ubi
1224 5043 1384 5097 supra
1418 5027 1609 5097 lineam
1634 5026 1901 5094 posterius

317 5103 517 5157 additae
560 5102 825 5169 leguntur.
865 5100 921 5154 In
969 5099 1153 5155 Grauia
1203 5096 1413 5169 qunque
1448 5096 1903 5169 interpretatione

320 5168 717 5228 desiderantur.
755 5174 982 5225 Econtra
1014 5170 1068 5224 in
1106 5169 1300 5224 Veron.
1331 5168 1400 5223 58
1430 5168 1548 5221 duae
1578 5172 1698 5221 alite
1745 5183 1902 5223 voces

321 5253 585 5313 prmterea
634 5243 958 5312 adjiciuntur
998 5240 1077 5295 sic
1104 5258 1118 5294 :
1148 5238 1501 5306 Admirabilis,
1542 5236 1901 5305 Consiliarius,

323 5314 425 5369 Dei
456 5314 615 5383 ﬁlius,
654 5314 789 5368 Deus
818 5314 984 5383 fortis.

400 5394 426 5423 ο
456 5377 694 5454 Quatuor
706 5377 981 5452 Que'snell't
1004 5398 1135 5437 mss.
1150 5380 1495 5454 librilafudati
1515 5380 1582 5434 ab
1594 5393 1661 5434 eo
1682 5388 1795 5454 not.
1816 5377 1903 5454 17,

328 5451 659 5525 frustratui-ia
697 5451 955 5525 eloquens.
1006 5454 1185 5509 Prima
1228 5452 1414 5517 editio,
1465 5451 1788 5521 frustratorie
1836 5452 1909 5503 ita

329 5530 562 5600 loquens,
589 5527 829 5600 Verbum.

409 5599 428 5638 ί
463 5590 558 5653 Ms;
590 5598 792 5654 Veron.
825 5595 912 5663 57,
954 5594 1252 5650 Vindebon.
1288 5595 1495 5650 collect.
1542 5590 1574 5644 5
1612 5607 1673 5646 ac
1700 5592 1906 5660 Ratisp.

330 5673 581 5727 omittunt
630 5678 879 5722 nostrum.
931 5667 1070 5733 Mox,
1104 5677 1287 5720 nostra:
1326 5683 1427 5719 non
1472 5680 1576 5718 esse
1620 5673 1814 5716 natura:
1860 5666 1910 5717 in

332 5751 564 5813 quatuor
608 5738 1069 5813 antiquisnostris
1096 5737 1524 5813 exemplaribus.
1547 5734 1910 5813 Dein__Ve_ron.

336 5804 425 5880 38,
459 5828 577 5868 cum
607 5804 779 5882 prima
800 5808 1058 5882 editione,
1082 5809 1147 5861 ad
1179 5804 1377 5882 beatam
1400 5807 1642 5882 virginem
1665 5804 1910 5861 Mariam.

334 5878 445 5941 Alii
476 5884 581 5943 duo
608 5878 775 5940 codd.
828 5879 1022 5938 Veron.
1071 5894 1133 5935 ac
1172 5880 1277 5935 duo
1320 5878 1619 5934 Vindehon.
1669 5892 1765 5933 nec
1810 5894 1917 5936 non

1983 1946 2122 2017 ἡμῖν,
2153 1946 2262 2005 υίὸς
2309 1948 2394 2001 καί
2441 1944 2584 2003 ἐδόθη
2633 1947 2768 2015 ἡμῖν,
2804 1946 2843 1975 ¹²
2878 1941 2936 1997 οὗ
2985 1946 3128 2017 ἀρχὴ
3172 1944 3255 1997 ἐπὶ
3300 1948 3389 1996 τοῦ
3436 1942 3573 2014 ὤμου

1983 2039 2161 2103 αὐτοῦ,
2189 2036 2232 2067 ¹³
2261 2041 2346 2092 καί
2386 2037 2607 2092 καλεῖται
2635 2038 2692 2091 τὸ
2722 2033 2878 2105 ὄνομα
2907 2036 3064 2090 αὐτοῦ
3083 2074 3098 2101 ,
3130 2033 3348 2107 μεγάλης
3396 2032 3577 2103 βουλῆς

1986 2131 2028 2163 ⁸⁸
2051 2129 2281 2205 ἅγγελος,
2308 2133 2428 2191 Θεὸς
2460 2132 2709 2207 ἰσχυρὸς,
2754 2131 3109 2193 ἐξουσιαστὴς»
3142 2124 3325 2202 ἄρχων
3357 2128 3576 2201 εἰρήνης,

1983 2232 2156 2302 πατὴρ
2212 2234 2303 2282 τοῦ
2362 2225 2627 2296 μέλλοντος
2683 2226 2882 2284 αἰῶνος.
2940 2221 3070 2277 Οὐδὲ
3121 2224 3351 2294 ματαίως
3397 2218 3577 2282 λαλῶν,

1983 2320 2146 2381 οὕτως
2177 2316 2236 2375 ἂν
2265 2315 2373 2374 εἶπε
2405 2320 2573 2393 σάρκα
2599 2320 2899 2391 γεγενῆσθαι
2927 2318 3012 2372 τὸν
3038 2316 3187 2387 λόγον
3211 2356 3223 2378 ,
3255 2316 3321 2374 ὡς
3347 2310 3524 2384 ὅτιπερ
3554 2310 3580 2365 ὸ

1989 2416 2192 2486 τεχθείς
2223 2414 2322 2468 ἀπὸ
2342 2421 2433 2474 τῆς
2456 2413 2702 2487 παρθένου
2744 2411 2985 2486 Χριστὸς,
3038 2403 3151 2479 εἶχε
3197 2410 3285 2481 μέν
3318 2406 3579 2481 ἀνθρώπου

2177 2512 2387 2579 μορφήν,
2425 2507 2515 2560 οὐκ
2546 2499 2657 2575 εἶχε
2685 2502 2737 2558 δέ
2765 2508 2856 2558 τοῦ
2888 2502 2931 2532 ιε

1989 2600 2231 2658 ἀλήθειαν’
2259 2598 2301 2628 ²⁶
2320 2596 2350 2656 ἦ
2379 2599 2531 2668 τάχα
2559 2596 2642 2652 διὰ
2669 2602 2822 2651 τοῦτο
2848 2595 2935 2649 τὸν
2970 2591 3221 2648 δεσπότην
3248 2590 3465 2665 Χριστὸν
3495 2588 3582 2641 οὐκ

2963 2504 3199 2578 μητρῴου
3231 2501 3466 2569 σώματος
3492 2501 3583 2554 την

1990 2688 2118 2746 εἶναι
2145 2700 2235 2751 τῆς
2266 2692 2514 2764 ἡμετέρας
2543 2690 2739 2760 ἐνόμισε
2771 2689 2992 2761 φύσεως,
3028 2685 3069 2715 ¹⁷
3103 2681 3180 2738 ὅτι
3213 2683 3338 2758 πρὸς
3368 2685 3455 2739 τήν
3485 2702 3583 2749 μα·

1991 2790 2169 2860 καρίαν
2197 2785 2392 2857 Μαρίαν
2423 2782 2448 2837 ὸ
2484 2784 2722 2855 πεμφθεὶς
2772 2776 2981 2852 ἅγγελος
3026 2771 3155 2831 εἶπε⁶
3206 2780 3407 2844 Πνεῦμα
3444 2769 3585 2843 ἅγιον

1993 2878 2322 2932 ἐπελεύσεται
2349 2877 2432 2930 ἐπὶ
2462 2877 2543 2939 σὲ,
2574 2877 2653 2928 καί
2680 2872 2891 2943 δύναμις
2914 2869 3137 2941 ὑψίστου
3168 2866 3457 2921 ἐπισκιάσει
3479 2877 3583 2918 σοι·

1989 2968 2066 3025 διὸ
2094 2971 2260 3026 καὶτὸ
2303 2971 2601 3043 γεννώμενον
2634 2968 2676 2999 ¹⁸
2714 2969 2769 3021 ἐκ
2812 2973 2904 3021 σοῦ
2946 2963 3109 3037 ἅγιον,
3142 2962 3435 3019 κληθήσεται
3478 2958 3585 3017 υίὸς

1992 3110 2199 3178 Ratisp.
2244 3117 2297 3162 et
2333 3116 2563 3175 quatuor
2614 3107 2733 3160 Vat.
2767 3120 2888 3159 cuin
2928 3102 3089 3158 editis
3127 3099 3489 3155 Concilinrum
3516 3104 3586 3178 _et

1992 3183 2175 3237 Graeca
2208 3180 2652 3249 interpretatione
2690 3184 3018 3246 prtetereunt
3064 3186 3227 3227 voces
3257 3184 3453 3237 semper
3480 3183 3585 3222 vir-

2029 3268 2184 3305 tnem.
3514 3263 3526 3272 ’

1992 3270 2241 3376 gmsmliuo
2272 3322 2430 3376 codd.
2478 3320 2704 3387 Veron.,
2750 3333 2889 3373 unus
2926 3314 3230 3371 Vindebon.
3277 3308 3490 3365 collect.
3529 3308 3584 3375 5,

1996 3392 2205 3463 Ratisn.
2235 3402 2286 3447 et
2318 3407 2455 3445 unus
2484 3391 2603 3444 Vat.
2635 3392 2825 3463 delent
2841 3400 2907 3443 et.
2957 3459 2967 3463 _
3127 3455 3171 3463 Η

2070 3462 2101 3501 h
2127 3452 2447 3530 Quesnellus
2477 3478 2598 3518 cum
2628 3462 2785 3516 editis
2808 3459 3023 3530 Leonis,
3054 3455 3196 3530 nobis
3232 3452 3586 3530 intelligenda,

1997 3544 2058 3590 ut
2080 3524 2367 3601 ἱιιῖιὶίηιιοι
2402 3550 2531 3587 mss.
2567 3533 2887 3599 reperimus.
2923 3529 3027 3586 Sed
3060 3524 3586 3601 primametconci-

1998 3606 2191 3661 liorum
2238 3596 2499 3659 editiones
2530 3596 2722 3667 secuti,
2777 3616 3073 3670 pronomen
3106 3597 3247 3651 nobis
3288 3596 3585 3670 delevirnus

1998 3678 2267 3747 potiorum
2299 3677 2544 3730 codicum
2592 3665 2937 3747 auctoritate,
2983 3670 3231 3747 nimirum
3283 3668 3440 3747 trium
3480 3665 3588 3747 Ve-

1999 3738 2148 3813 i‘on.,
2181 3747 2483 3803 Vindebon.
2532 3747 2753 3801 collect.
2792 3746 2849 3811 5,
2900 3742 3019 3796 Vat.
3051 3741 3263 3796 collect.
3307 3738 3366 3791 11
3391 3738 3589 3861 Ιρὲἓοο

3413 3826 3441 3861 0
3532 3849 3547 3861 .

3413 3822 3510 3864 oco
3532 3849 3547 3873 ,

2077 3890 2094 3921 ί
2134 3889 2295 3944 Deest
2322 3891 2381 3945 τὸ
2412 3891 2464 3943 in
2495 3902 2596 3941 ms.
2631 3887 2798 3941 Basil.

2073 3962 2093 4036 ἶ
2126 3961 2227 4036 Ms-
2261 3961 2404 4025 338.,
2440 3958 2679 4036 φροντίδα
2707 3961 2980 4036 ἐπήγαγεν.

2074 4031 2095 4103 _'
2126 4031 2182 4103 In
2220 4047 2387 4103 marg.
2421 4026 2551 4084 e'dtt.
2588 4030 2768 4092 an.,
2800 4026 2916 4103 εὗρε
2946 4030 3056 4084 τήν.

2074 4101 2095 4174 ξ
2125 4102 2221 4174 Ms.
2252 4101 2400 4174 Bas,
2425 4101 2877 4174 εὐλογηθήσονταιέ
3114 4161 3139 4174 ν
3330 4160 3335 4165 ,

2073 4172 2095 4203 ⁸
2122 4172 2198 4225 Ita
2246 4188 2343 4226 ms.
2388 4161 2505 4226 Bas.
2548 4161 2606 4226 In
2654 4172 2805 4229 edit.,
2847 4168 2991 4227 ὅπως
3029 4161 3379 4232 “diuquam
3413 4169 3585 4216 tamen

2003 4244 2290 4297 lectionem
2322 4259 2427 4296 non
2458 4243 2843 4312 improbamus,
2888 4254 3009 4293 cum
3040 4239 3089 4289 in
3124 4234 3313 4312 Grch
3339 4246 3588 4312 sermone

2004 4315 2264 4384 particula
2303 4319 2358 4371 τέ
2397 4304 2551 4384 δίεφθ’
2584 4314 2753 4367 otiosa
2801 4304 2901 4384 sit,
2950 4320 3021 4384 e_t_
3053 4304 3336 4384 euphonqu
3380 4310 3586 4384 tantum

2006 4372 2281 4454 ciijiistlam
2309 4372 2490 4454 gratia.
2509 4396 2755 4451 ponatur.
2788 4372 2947 4454 Certo
2971 4379 3057 4433 hic
3083 4376 3182 4454 loci
3212 4373 3340 4454 nihil
3369 4373 3495 4441 agit.
3531 4372 3588 4425 In

2006 4446 2253 4527 originali
2272 4446 2465 4511 Latino
2492 4446 3005 4527 correSpOiidentem
3032 4446 3342 4527 particulam
3371 4455 3439 4509 ει,
3470 4458 3591 4527 qua?

2006 4516 2125 4582 eravt
2180 4528 2233 4583 in
2282 4532 2531 4597 vulgatis,
2566 4516 2983 4595 expungendatn
3036 4516 3376 4574 ostendimus
3419 4520 3532 4568 not.
3560 4522 3586 4549 ἰ

2009 4598 2210 4670 (Supra
2231 4617 2283 4653 η.
2304 4600 2377 4669 ι).

2080 4670 2101 4743 ξ
2132 4670 2229 4743 bis.
2252 4668 2409 4743 βπ,
2442 4676 2511 4743 μὴ
2541 4668 2859 4743 άμφιϐάλλοι.

2082 4741 2102 4771 ⁷
2135 4741 2231 4793 Ms.
2251 4727 2663 4810 Ven/prinum},
2682 4751 2734 4791 et
2758 4734 3048 4810 secundum
3075 4733 3247 4801 primo
3270 4729 3411 4797 loco,
3435 4730 3482 4784 ἐν
3504 4727 3592 4783 ivi.

2083 4812 2106 4843 ⁸
2133 4812 2228 4882 Ills.
2266 4807 2453 4875 BasiII,
2482 4813 2749 4867 τουτέστιν
2781 4807 3026 4882 χριστᾷςε

2082 4884 2103 4913 ⁹
2133 4881 2228 4934 Ms.
2267 4882 2397 4936 Ven.
2430 4882 2683 4953 primum,
2713 4882 2761 4932 ἐν
2782 4877 2979 4953 ’γαστρὶ
3006 4877 3124 4953 ἔξει..

2084 4952 2126 5026 f9
2290 4943 2445 5026 βῆς»,
2469 4950 2595 5026 ᾇπερ
2617 4943 2775 5026 ἐστὶν,
2798 4943 2909 5026 μεθ’
2928 4943 3066 5026 ημῶν
3097 4945 3122 5001 ὸ
3144 4943 3292 5004 Θεὸς.

2084 5022 2124 5054 ¹¹
2156 5023 2255 5079 Ms.
2289 5023 2432 5087 Bas.,
2462 5021 2539 5078 ὅτι
2565 5021 2765 5077 παιδίον
2793 5021 3041 5093 ἐγεννήθης

2084 5093 2126 5125 ¹²
2159 5093 2259 5147 Ms.
2289 5081 2431 5147 Ven;
2459 5094 2750 5146 secundum
2777 5081 3002 5156 ut'roque
3033 5087 3173 5144 loco.
3205 5081 3264 5138 οὗ
3288 5084 3318 5141 ἡ
3341 5085 3509 5157 ἀρχή·

2087 5164 2131 5194 ¹³
2162 5164 2303 5218 Idem
2327 5179 2429 5218 ms.
2458 5163 2589 5217 Ven.
2618 5163 2792 5231 primo
2819 5162 2958 5223 Ioco,
2982 5163 3067 5213 καί
3091 5158 3373 5214 καλησουσι
3402 5169 3414 5203 :
3441 5163 3601 5217 atque

2014 5236 2087 5290 ita
2115 5238 2276 5288 etiam
2306 5238 2357 5289 in
2386 5250 2552 5301 marg.
2591 5234 2719 5287 edit.
2748 5232 2905 5286 Rom.

2089 5305 2131 5336 “
2160 5307 2304 5360 Idem
2329 5320 2430 5359 ms.
2456 5292 2584 5358 νιῖιι.
2602 5305 2839 5359 secundo
2866 5298 3248 5372 Ιυοο,ἅγγελος,
3279 5292 3601 5362 Θαυμαστὸς.

2014 5378 2330 5445 σύμϐουλος,
2358 5378 2481 5437 Θεὸς
2512 5378 2753 5451 ἰσχυρὸς,

2164 5447 2461 5522 Μεκβθδιρ,
2480 5449 2726 5522 ἡμετέρου
2756 5448 3016 5522 σώματος.

2091 5519 2132 5549 ¹⁶
2164 5519 2236 5572 Ita
2270 5518 2396 5571 Mss.
2424 5502 2553 5571 Veii.
2587 5502 2765 5580 ambo,
2799 5502 2851 5569 ei
2888 5502 3008 5570 llas.
3034 5512 3183 5579 juxta
3210 5506 3477 5567 Latinum,
3514 5502 3590 5555 An

2022 5596 2151 5661 forte
2177 5589 2308 5661 ideo.
2342 5588 2395 5642 In
2425 5588 2685 5661 editudia‘z
2712 5595 2860 5661 τοῦτο
2884 5582 3240 5661 desideratur.

2095 5662 2134 5691 ³⁷
2160 5662 2256 5714 Ms.
2290 5660 2438 5733 Bas.,
2469 5660 2741 5733 ἐπειδήπερ
2762 5658 2897 5733 πρὸς
2926 5658 3033 5733 τήν.
3079 5729 3098 5733 _
3158 5719 3171 5733 _
3238 5721 3273 5733 Π
3343 5718 3352 5728 ⁸

2098 5734 2139 5765 ’⁸
2165 5734 2217 5785 In
2233 5732 2353 5785 cod.
2390 5718 2519 5785 νὀη,
2548 5718 2721 5800 printd
2743 5718 2910 5789 ἀείδει,
2931 5727 2983 5778 ἐκ
3001 5729 3122 5800 σοῦ.
3158 5719 3211 5775 In
3237 5718 3397 5773 Basil.
3423 5725 3600 5800 autem

2023 5804 2203 5857 statim
2255 5810 2375 5870 post
2421 5788 2611 5872 Iegilitt'
2661 5800 2801 5870 ἅγιος
2850 5788 2945 5865 pl‘O
2991 5794 3132 5867 ἅγιον
3168 5810 3179 5845 :
3215 5805 3409 5860 nempe
3461 5788 3603 5861 ἅγιος

2024 5876 2345 5937 κληθήσεται.
