4020 6352
543 385 641 441 767

1630 379 1688 434 S.
1728 376 1971 432 LEONIS
2008 376 2223 433 MAGNI
2263 376 2639 435 EPISTUL/E.

3705 387 3805 445 768

537 514 666 570 pora
709 511 937 556 manens
971 511 1092 555 esse
1119 496 1285 564 coepit
1309 509 1378 551 ex
1408 500 1656 563 tempore
1689 509 1704 559 ;
1746 492 2102 549 universitatis

2219 517 2301 550 ναι
2330 496 2516 569 ἤρξατο
2544 497 2645 551 ἀπὸ
2667 498 2885 573 χρόνου,
2902 502 2986 555 καὶ
3010 505 3100 555 τοῦ
3122 501 3315 565 παντὸς
3338 499 3403 556 ὧν
3421 501 3698 569 δεσπότης.
3720 512 3806 567 τόν

536 592 796 648 Dominus
843 591 1093 647 servilem
1137 589 1396 657 formam,
1438 586 1759 642 obumbrata
1816 585 2115 655 majestatis

536 702 649 742 suae
679 686 1068 749 immensitate,
1104 681 1343 753 suscepit
1375 698 1391 748 ;
1438 681 1783 750 impassibilis
1824 680 1968 735 Deus
2005 695 2115 735 non

536 778 850 847 dedignatus
876 784 959 831 est
984 774 1147 830 homo
1191 789 1312 830 esse
1340 774 1645 845 passibilis,
1696 783 1751 829 et
1797 774 2115 830 immortalis

534 869 724 925 mortis
753 868 959 939 legibus
986 867 1287 937 subjacere.
1328 868 1474 923 Nova
1502 876 1679 921 autem
1713 867 1990 921 nativitate
2016 882 2111 937 ge-

532 970 752 1018 neratus
786 978 798 1014 :
829 962 952 1032 quia
976 960 1227 1015 inviolata
1256 969 1281 997 ι
1314 959 1589 1030 virginitas
1618 959 2113 1029 concupiscentiam

532 1054 779 1124 nescivit,
813 1055 994 1110 carnis
1023 1057 1305 1120 materiam
1336 1054 1675 1110 ministravit.
1712 1053 2000 1124 Assumpta
2032 1061 2115 1109 est

530 1144 546 1184 θ
590 1146 656 1203 de
700 1147 868 1203 Matre
897 1147 1134 1214 Domini,
1170 1154 1381 1212 natura,
1414 1161 1520 1201 non
1552 1145 1740 1214 culpa;
1776 1160 1875 1199 nec
1924 1145 1977 1199 in
2008 1144 2113 1201 Do-

532 1238 678 1294 mino
706 1238 833 1295 Jesu
881 1238 1129 1307 Christo,
1167 1250 1188 1277 ε
1222 1253 1289 1294 ex
1318 1245 1475 1293 utero
1505 1237 1725 1306 virginis
1754 1240 1956 1306 genito,
1988 1236 2112 1306 quia
2155 1240 2161 1247 ’

531 1333 791 1388 nativitas
816 1343 899 1388 est
939 1332 1221 1402 mirabilis,
1254 1332 1375 1387 ideo
1400 1328 1424 1367 ἀ
1455 1332 1623 1385 nos1ri
1668 1338 1751 1385 est
1781 1340 1973 1385 natura
2002 1330 2113 1385 dis-

532 1427 740 1484 similis.
770 1428 871 1495 Qui
910 1428 1054 1482 enim
1085 1442 1244 1483 verus
1276 1435 1299 1462 ε
1326 1433 1413 1481 εει
1452 1425 1628 1491 Deus,
1658 1424 1799 1479 idem
1838 1438 1999 1479 verus
2029 1433 2113 1480 est

531 1518 787 1587 homo,et
812 1519 1014 1574 nullum
1043 1519 1199 1574 estin
1230 1518 1331 1572 hac
1358 1516 1563 1571 unitate
1593 1515 1953 1583 mendacium,
1982 1516 2109 1571 dum

528 1610 756 1665 invicem
791 1618 919 1664 sunt
945 1618 1001 1665 et
1036 1608 1308 1664 humilitas
1356 1607 1590 1664 hominis
1632 1617 1688 1665 et
1727 1608 1955 1663 altitudo
1988 1608 2111 1663 Dei-

529 1702 672 1756 tatis.
698 1701 846 1757 Sicut
870 1701 1013 1757 enim
1037 1692 1213 1757 Deum’
1235 1716 1340 1756 non
1372 1710 1609 1756 mutatur
1635 1702 2005 1765 miseratione,
2033 1702 2106 1756 ita

536 1794 696 1850 homo
723 1811 832 1852 non
861 1796 1196 1852 consumitur
1236 1795 1402 1867 819
1446 1794 1726 1865 dignitate.
1760 1792 1779 1831 ί
1814 1794 1938 1865 Agit
1963 1795 2105 1849 enim

2220 586 2448 647 δουλικὴν
2488 595 2690 664 μορφὴν
2735 589 3030 658 ἀνεδέξατο,
3064 602 3155 653 τῆς
3204 595 3391 656 οἰκείας
3433 595 3667 658 θεότητος
3702 598 3809 652 ἑπι-

2219 684 2437 744 σκιάσας
2472 684 2527 737 τὸ
2572 685 2804 753 μέγεθος,
2845 683 2981 739 καὶὸ
3021 686 3220 746 ἀπαθής
3257 687 3378 746 Θεὸς
3421 688 3506 740 οὐκ
3548 688 3806 751 ἀπηξίωσε
3875 695 3878 713 ⁴

2972 777 2988 805 ¹
3024 775 3155 831 καίό
3186 779 3433 837 ἀθάνατος
3471 779 3640 849 νόμοις
3680 780 3805 835 ύπου

2218 776 2439 835 παθητὸς
2483 770 2605 829 εἶναι
2654 772 2942 850 ἅνθρωπος,

2217 868 2413 923 κεῖσθαι
2440 868 2677 923 θανάτου·
2720 878 2862 940 καινῇ
2894 866 2947 923 δέ
3070 874 3299 942 γεννήσει
3336 872 3572 941 τεχθεὶς,
3603 872 3806 949 ἐπείπερ

2217 962 2247 1017 ἠ
2276 956 2542 1035 ἄχραντος
2570 962 2813 1035 παρθενία
2839 964 3105 1031 ἐπιθυμίαν
3132 966 3221 1031 μέν
3247 963 3461 1033 ἠγνόησε
3481 1002 3496 1027 ,
3524 968 3614 1021 τήν
3641 961 3693 1018 δέ
3718 973 3807 1026 τῆς

2218 1053 2411 1127 σαρκὸς
2439 1055 2761 1128 ὲχορηγησεν
2782 1053 2919 1113 ὕλην.
2944 1058 3041 1108 Καὶ
3072 1055 3389 1129 προσελήφθη
3422 1058 3476 1109 ἐκ
3505 1065 3596 1115 τῆς
3619 1058 3806 1132 μητρός

2216 1145 2237 1174 ³
2266 1151 2357 1200 τοῦ
2388 1143 2642 1199 δεσπότου
2680 1148 2859 1218 φύσις,
2896 1149 3002 1219 ούχ
3033 1137 3280 1226 ἁμαρτία’
3314 1150 3370 1202 ού
3398 1154 3494 1219 μὴν
3529 1148 3803 1228 ἓπειδήπερ

2216 1236 2265 1288 ἐν
2286 1244 2355 1309 τῷ
2382 1234 2605 1311 δεσπότῃ
2624 1246 2789 1296 Ἰησοῦ
2816 1248 3021 1317 Χριστῷ
3040 1248 3113 1319 τῷ
3134 1243 3367 1313 τεχθέντι
3387 1243 3441 1295 ἐκ
3464 1252 3555 1303 τῆς
3578 1247 3804 1318 γαστρὸς

2212 1337 2305 1389 τῆς
2329 1330 2577 1404 παρθένου
2609 1330 2883 1403 θαυμαστή
2911 1332 2990 1391 τίς
3035 1331 3170 1386 ἐστιν
3200 1334 3229 1390 ἡ
3257 1334 3510 1405 γέννησις,
3545 1331 3628 1387 διὰ
3655 1340 3803 1389 τοῦτο

2214 1422 2330 1492 ἡμῖν
2354 1418 2373 1449 ³
2405 1422 2510 1491 οὐχ
2539 1423 2570 1479 ἠ
2598 1422 2750 1493 φύσις
2780 1421 2949 1494 ὸμοία’
2978 1421 3003 1476 ό
3028 1426 3127 1499 γὰρ
3160 1421 3227 1476 ὧν
3254 1424 3377 1484 Θεὸς
3406 1424 3619 1489 ἀληθὴς,
3649 1426 3803 1487 αὐτὸς

2213 1511 2327 1568 ἐστι
2358 1516 2441 1567 καὶ
2478 1510 2743 1588 ἅνθρωπος
2782 1514 2983 1574 ἀληθής.
3018 1518 3107 1568 Καὶ
3134 1513 3323 1586 ψεῦδος
3351 1513 3488 1570 οὐδὲν
3520 1514 3542 1543 ’⁵
3567 1518 3617 1569 έν
3645 1518 3802 1590 ταύτῃ

2211 1611 2274 1677 τῇ
2295 1603 2468 1657 ἑνὼσει
2488 1606 2760 1677 τυγχάνει,
2789 1606 2840 1659 ἐν
2860 1602 2967 1677 ὅσῳ
2994 1610 3061 1662 τὰ
3092 1606 3447 1683 συναμφότερα
3468 1604 3802 1679 μετ’ἀλλήλων

2211 1693 2344 1751 ἐστί’
2377 1697 2397 1727 ⁵
2428 1700 2508 1751 καὶ
2535 1705 2624 1752 τοῦ
2656 1700 2921 1775 ἀνθρώπου
2952 1700 3009 1753 τὸ
3036 1702 3297 1766 ταπεινὸν,
3327 1703 3415 1753 καὶ
3440 1709 3531 1760 τῆς
3567 1700 3803 1760 θεότητος

2209 1789 2268 1843 τὸ
2303 1790 2527 1861 μέγεθος⁸
2568 1791 2743 1865 ὥσπερ
2792 1793 2891 1867 γὰρ
2934 1799 3008 1864 τῷ
3056 1792 3205 1845 ἐλεεῖν
3244 1790 3422 1853 όΘεὸς
3464 1796 3658 1865 τροπήν
3703 1794 3802 1863 οὐχ

527 1897 752 1959 utraque
777 1890 945 1945 forma
975 1906 1097 1946 cum
1127 1890 1351 1945 alterius
1380 1890 1781 1955 communione,
1812 1889 1955 1959 quod
1982 1905 2102 1959 pro-

2217 1883 2511 1954 ὑφίσταται,
2546 1882 2704 1943 οὕτως
2740 1880 3003 1957 ἄνθρωπος
3031 1892 3104 1955 τῷ
3134 1886 3329 1956 μεγέθει
3364 1893 3455 1944 τῆς
3484 1886 3621 1944 θείας
3659 1887 3804 1948 ἀξίας

527 1981 701 2051 prium
733 1992 815 2038 est
841 2000 856 2048 ;
889 1983 1067 2039 Verbo
1098 1982 1308 2039 scilicet
1342 1993 1600 2053 operante
1626 1982 1767 2052 quod
1795 1981 1958 2037 Verbi
1998 1992 2101 2049 est,

526 2082 581 2130 ει
605 2089 767 2130 carne
804 2085 1133 2145 exsequente
1163 2074 1303 2144 quod
1343 2075 1522 2129 carnis
1554 2084 1655 2129 est.
1692 2073 1869 2129 Unum
1914 2072 2103 2128 borum

525 2176 776 2221 coruscat
805 2167 1099 2233 miraculis,
1119 2168 1261 2221 aliud
1284 2168 1587 2222 succumbit
1616 2166 1846 2235 injuriis.
1874 2166 1941 2221 Et
1967 2168 2106 2222 sicut

528 2258 758 2314 Verbum
790 2258 857 2315 ab
878 2258 1187 2329 aequalitate
1214 2269 1452 2330 paternae
1482 2259 1668 2329 gloriae
1694 2268 1718 2305 κ
1742 2274 1848 2312 ηοιι
1875 2259 2103 2326 recedit,

526 2354 596 2407 ita
627 2368 752 2408 caro
781 2363 1025 2408 naturam
1058 2355 1229 2409 nOSIri
1258 2354 1475 2423 generis
1502 2368 1607 2407 non
1642 2353 1917 2423 relinquit.
1951 2352 2106 2409 Unus

522 2445 666 2499 enim
696 2445 943 2517 idemque
970 2457 1073 2515 est,
1107 2444 1136 2483 ιι
1172 2447 1316 2517 quod
1347 2461 1488 2516 saape
1517 2445 1802 2501 dicendum
1832 2456 1946 2514 est,
1977 2460 2104 2500 vere

524 2535 619 2590 Dei
650 2536 835 2603 Filius,
859 2546 913 2593 et
948 2553 1075 2593 vere
1104 2536 1338 2593 hominis
1367 2538 1525 2593 ﬁlius.
1566 2538 1709 2593 Deus
1741 2553 1834 2606 per
1864 2539 1916 2593 id
1960 2539 2102 2608 quod

521 2628 574 2681 in
598 2628 849 2699 principio
876 2639 982 2683 eral
1016 2628 1251 2696 Verbum,
1275 2640 1325 2684 el
1357 2630 1579 2685 Verbum
1607 2640 1715 2684 erat
1745 2630 1885 2701 apud
1912 2629 2098 2699 Deum,

521 2730 568 2774 et
601 2721 733 2775 Deus
760 2730 868 2776 erat
900 2722 1121 2777 Verbum
1155 2724 1333 2795 (Joan.
1358 2740 1406 2790 ι,
1441 2725 1523 2795 l);
1552 2724 1713 2779 homo
1747 2740 1842 2794 per
1872 2724 1924 2779 id
1960 2725 2103 2795 quod

528 2811 747 2866 Verbum
766 2830 885 2868 caro
897 2815 1090 2884 factum
1110 2825 1204 2882 est,
1221 2826 1265 2869 el
1283 2815 1529 2870 habitavit
1550 2816 1602 2869 in
1624 2816 1764 2869 nobis
1779 2814 1968 2888 (Ibid.,
1992 2818 2010 2870 l
2023 2816 2100 2887 4).

522 2903 662 2958 Deus
694 2920 787 2973 per
812 2905 864 2961 id
891 2907 1033 2977 quod
1066 2908 1239 2961 omnia
1261 2924 1354 2977 per
1382 2909 1555 2978 ipsum
1584 2908 1725 2976 [acta
1754 2918 1894 2976 sunt,
1925 2920 1973 2962 et
1994 2911 2104 2963 sine

520 2998 631 3067 ipso
659 2999 848 3067 factum
877 3009 951 3054 est
980 3001 1111 3055 nihil
1162 3000 1367 3073 (lbid.,
1411 3002 1498 3073 5);
1535 3002 1695 3055 homo
1740 3017 1837 3071 per
1867 3001 1919 3056 id
1961 3002 2101 3073 quod

526 3088 541 3125 ί
570 3092 736 3160 factus
764 3103 835 3147 est
864 3110 928 3148 ea:
956 3096 1187 3163 muliere,
1222 3100 1387 3166 factus
1431 3097 1524 3152 sub
1554 3099 1661 3170 lege
1691 3096 1891 3169 (Galat.
1918 3113 1995 3164 ιν,
2024 3097 2100 3169 4).

519 3180 773 3239 Nativitas
803 3186 979 3240 carnis
1016 3187 1379 3244 manifestatio
1408 3198 1493 3245 est
1544 3188 1799 3244 humana:
1852 3198 2097 3256 natura);

2211 1976 2297 2029 οὐκ
2324 1975 2667 2029 ἀναλίσκεται’
2884 1977 3078 2053 ἐνεργεῖ
3101 1978 3201 2050 γὰρ
3232 1976 3447 2048 ἑκατέρα
3484 1983 3649 2051 μορφή
3674 1981 3806 2047 μετά

2208 2077 2300 2129 τῆς
2346 2070 2555 2139 θατέρου
2586 2071 2845 2131 κοινωνίας
2864 2110 2879 2136 ,
2912 2068 3039 2140 ὅπερ
3068 2067 3190 2124 ἴδιον
3227 2068 3443 2140 ἔσχηκε,
3472 2076 3562 2124 τοῦ
3603 2073 3695 2140 μέν
3727 2071 3806 2125 λό-

2208 2186 2301 2238 γου
2331 2166 2767 2238 κατεργαζομένου
2798 2163 2818 2193 ‘
2849 2164 2984 2218 τοῦθ’
3000 2161 3127 2236 ὅπερ
3159 2165 3274 2218 ἐστὶ
3300 2170 3390 2218 τοῦ
3420 2164 3603 2236 λόγου.
3634 2172 3729 2219 τοῦ
3754 2162 3805 2219 δέ

2870 2257 2889 2285 ⁷
2922 2254 3051 2331 ὅπερ
3081 2258 3194 2311 ἐστὶ
3220 2262 3311 2310 τοῦ
3340 2260 3600 2329 σώματος·
3633 2259 3720 2309 καί
3749 2259 3805 2312 τὸ

2208 2261 2449 2330 σώματος
2494 2257 2803 2318 ἐκτελοῦντος
2822 2298 2836 2321 ,

2208 2353 2297 2421 μὲν
2324 2354 2492 2405 αὐτῶν
2523 2348 2797 2421 διαλάμπει
2827 2356 2934 2408 τοῖς
2959 2350 3206 2421 θαύμασι,
3232 2350 3290 2403 τὸ
3320 2347 3373 2403 δὲ
3396 2348 3417 2379 ⁸
3444 2356 3557 2409 ταῖς
3589 2348 3803 2421 ὕϐρεσιν

2208 2443 2575 2497 ύποπέπτωκε.
2606 2444 2697 2495 Καὶ
2726 2442 2950 2515 καθάπερ
2978 2440 3003 2495 6
3034 2441 3174 2513 λόγος
3203 2442 3304 2495 ἀπὸ
3334 2447 3425 2499 τῆς
3453 2440 3693 2500 ἰσότητος
3720 2450 3809 2502 τῆς

2206 2545 2296 2593 τοῦ
2325 2541 2523 2614 πατρὸς
2553 2536 2699 2603 δόξης
2730 2538 2866 2592 ἐστίν
2910 2537 3214 2606 ἁχώριστος
3236 2579 3249 2601 ,
3283 2534 3417 2588 οὕτω
3446 2534 3504 2587 τὸ
3536 2542 3694 2605 σῶμα
3723 2539 3809 2593 την

2208 2634 2362 2705 φύσιν
2385 2638 2473 2686 τοῦ
2504 2633 2752 2703 ἡμετέρου
2781 2632 2957 2702 γένους
2985 2631 3071 2682 ούκ
3102 2629 3445 2684 ἁπολέλοιπεν’
3473 2623 3545 2687 εἷς
3572 2628 3701 2701 γὰρ,
3728 2631 3810 2681 καί

2207 2723 2233 2778 6
2264 2726 2419 2785 αὐτὸς
2450 2723 2643 2783 ἀληθῶς
2674 2724 2693 2755 ⁹
2722 2721 2835 2782 Υἱὸς
2864 2743 2917 2776 τε
2967 2727 3115 2783 Θεοῦ,
3146 2724 3229 2774 καί
3256 2721 3447 2780 ἀληθῶς
3477 2721 3584 2781 υίὸς
3614 2721 3810 2795 ἀνθρώ-

2206 2839 2307 2872 που
2338 2817 2620 2887 τυγχάνει,
2654 2817 2779 2874 Θεὸς
2813 2817 2901 2886 μέν
2930 2814 3061 2868 κατά
3097 2819 3270 2876 τοῦτο,
3312 2814 3431 2867 καθὸ
3472 2815 3521 2866 ἐν
3561 2815 3716 2887 ἀρχῇ
3754 2810 3813 2871 ἦν

2206 2909 2232 2964 ὸ
2262 2910 2441 2980 Λόγος,
2476 2908 2519 2938 ¹⁰
2552 2912 2637 2962 καί
2664 2907 2689 2962 ὸ
2714 2908 2872 2980 Λόγος
2898 2904 2955 2964 ἦν
2982 2906 3113 2983 πρὸς
3138 2907 3222 2960 τὸν
3256 2907 3401 2968 Θεὸν,
3432 2908 3518 2960 καί
3541 2906 3671 2965 Θεὸς
3702 2903 3760 2964 ἦν
3786 2905 3811 2960 ὸ

2206 3005 2392 3077 Λόγος’
2440 3001 2701 3081 ἅνθρωπος
2750 2999 2802 3056 δέ
2853 3003 2984 3055 κατὰ
3036 3007 3219 3065 τοῦτο,
3251 3000 3371 3054 καθὸ
3401 2998 3425 3053 ὸ
3456 2998 3614 3071 Λόγος
3650 3000 3809 3073 ,σάρξ

2206 3098 2419 3170 ἐγένετο,
2461 3099 2545 3151 καί
2590 3097 2870 3153 ἐσκήνωσεν
2917 3095 2966 3147 ἐν
2994 3094 3137 3165 ἡμῖν·
3173 3092 3215 3123 ¹¹
3246 3094 3329 3146 καὶ
3372 3092 3494 3152 Θεὸς
3534 3094 3624 3163 μέν
3680 3093 3813 3147 κατά

2206 3196 2358 3245 τοῦτο
2377 3233 2390 3257 ,
2423 3190 2538 3243 καθὸ
2568 3186 2795 3242 διἀύτοῦ
2826 3189 2893 3242 τὰ
2922 3188 3091 3241 πάντα
3137 3187 3354 3259 ἐγένετο,
3389 3188 3476 3240 καί
3506 3189 3685 3259 χωρὶς
3714 3188 3809 3241 αὖ·

520 3285 701 3344 partus
748 3279 1006 3348 virginis,
1056 3282 1249 3338 divinae
1297 3293 1380 3339 est
1422 3284 1637 3339 virtutis
1693 3283 1972 3338 indicium.
2014 3282 2100 3337 ln-

2217 3288 2293 3336 τοῡ
2324 3281 2515 3353 ἐγένετο
2546 3277 2661 3333 ούδέ
2695 3280 2765 3333 ἕν’
2802 3276 3063 3351 ἅνθρωπος
3108 3277 3161 3333 δὲ
3200 3280 3335 3334 κατά
3362 3285 3537 3344 τοῦτο,
3571 3282 3705 3335 καθὸ
3730 3282 3812 3351 γέ-

520 3365 682 3423 lantia
726 3371 933 3439 parvuli
976 3373 1282 3430 ostenditur
1311 3376 1609 3432 humilitate
1652 3392 1910 3431 cunarum
1941 3375 2094 3447 (Luc.

572 3552 617 3625 ,⁸
648 3543 787 3625 Tres
806 3549 973 3625 nostri
1005 3550 1219 3606 codices
1250 3564 1305 3607 et
1337 3567 1473 3605 unus
1494 3552 1720 3625 Baluzii,
1755 3552 1931 3623 Virgo.
1964 3552 2100 3607 Dein

522 3613 669 3695 llisp.
695 3616 895 3695 e_t_lsid.
920 3636 1040 3695 cum
1070 3635 1296 3695 quatuor
1317 3625 1438 3677 aliis
1461 3623 1645 3688 codd.,
1666 3613 1717 3676 ει
1740 3613 1909 3677 carnis
1939 3634 2101 3676 mate-

520 3686 692 3765 riam;
726 3686 841 3765 νει.
871 3686 1174 3746 εοΙΙεει.Ἠ
1209 3696 1379 3758 primo
1408 3695 1550 3759 loco,
1595 3686 1683 3747 sed
1726 3696 1893 3747 carnis
1939 3705 2102 3747 male-

520 3757 695 3823 riam;
746 3757 871 3833 duo
912 3778 1046 3816 mss.
1106 3757 1313 3820 collect.
1364 3766 1465 3829 21,
1508 3757 1757 3819 inviolata
1815 3766 2099 3833 virginitas,

519 3844 634 3895 qua:
662 3832 1127 3902 concupiscentiam
1163 3836 1396 3899 nescivit,
1438 3837 1608 3889 carnis
1640 3838 1908 3889 materiam
1948 3838 2101 3890 mini-

520 3902 716 3953 stravit.

562 3968 624 4050 ,ι’-
673 3972 821 4050 Editi
866 3983 990 4031 ante
1042 3976 1243 4043 Quesn.
1297 3992 1597 4050 cumﬂiuss.
1658 3976 2008 4050 collect._247
2049 3985 2103 4031 et

518 4040 779 4178 (Slichardo
811 4040 1141 4103 interserunt
1196 4049 1371 4119 igitur.
1415 4046 1548 4103 Vide
1601 4059 1715 4103 not.
1762 4050 1831 4104 2'2
1860 4048 2101 4118 ejusdem

569 4128 721 4169 uesn.

569 4128 721 4169 uesn.

594 4195 615 4256 ﬁ
642 4187 842 4243 Eadem
875 4189 989 4244 fere
1022 4190 1284 4244 habentur
1312 4206 1474 4245 serm.
1502 4190 1592 4256 24,
1620 4207 1668 4246 ε.
1702 4193 1754 4247 5.

590 4252 615 4290 ί¹
652 4258 986 4327 Vulgatiores
1011 4262 1139 4316 editi
1173 4277 1291 4315 cum
1341 4262 1513 4331 Hisp.,
1547 4252 1666 4316 Isid.
1692 4304 1706 4328 ,
1758 4262 1956 4316 Veron.
1991 4262 2058 4317 58
2083 4304 2097 4327 ,

518 4324 823 4406 Υόιτᾼὸἱζὶ,
848 4341 902 4386 ει
928 4333 1097 4406 tribus
1127 4333 1246 4387 aliis
1264 4324 1452 4406 codd...
1476 4324 1663 4406 nostra:
1687 4324 1758 4387 est
1780 4344 1977 4387 natura:
1996 4324 2102 4387 dis;

518 4400 722 4454 similis.
756 4402 949 4457 Caneri
990 4405 1206 4459 codices.
1258 4415 1307 4458 et
1354 4405 1518 4470 prima
1552 4405 1716 4458 editio
1746 4406 2029 4459 lectionem
2068 4419 2099 4458 a

517 4470 810 4592 ggiesnello
855 4474 1125 4529 inductam
1174 4476 1515 4529 confirmant.
1575 4476 1709 4531 Vide
1764 4485 1940 4530 notam
1982 4475 2100 4543 ejus

591 4620 614 4646 ο
646 4612 875 4668 Verbum
901 4623 974 4669 est
1002 4616 1184 4669 delent
1213 4625 1323 4671 tres
1350 4632 1480 4672 mss.
1509 4616 1670 4671 codd.
1704 4615 1897 4669 Veron.
1920 4623 1973 4668 et
1996 4614 2098 4669 Ra-

517 4680 641 4755 tisp.
658 4683 785 4738 Post
806 4701 991 4751 pauca,
1017 4688 1139 4739 dum
1162 4689 1214 4739 in
1235 4688 1445 4741 invicem
1473 4690 1523 4741 in
1544 4688 1741 4741 Veron.
1769 4688 1858 4754 57,
1891 4686 2094 4755 Ratisp.

523 4760 576 4804 ει
604 4753 815 4809 duobus
844 4757 1173 4811 Chalcedon.

594 4822 611 4860 ί
642 4824 841 4895 Eadem
864 4836 989 4879 sunt
1011 4828 1061 4880 in
1088 4843 1252 4880 serm.
1279 4828 1369 4895 54,
1402 4843 1452 4881 ε.
1475 4827 1529 4880 ἓ.

590 4903 613 4939 ε
643 4893 840 4950 Veron.
870 4896 958 4957 58.
990 4915 1089 4950 non
1116 4893 1383 4951 recidit...
1420 4915 1519 4950 non
1550 4898 1773 4964 reliquit.
1803 4897 1941 4951 Editi
1968 4906 2094 4955 ante

516 4962 716 5030 Quesn.
737 4981 877 5019 cum.
904 4983 1035 5021 mss.
1053 4971 1265 5022 collect.
1291 4969 1382 5030 24.
1407 4985 1507 5021 non
1536 4962 1830 5022 recessit...
1852 4985 1951 5021 non
1980 4972 2097 5022 reli-

514 5036 646 5101 quit.
674 5035 948 5108 Quesnelli
994 5040 1298 5105 lectionem,
1328 5040 1395 5093 dc
1430 5055 1533 5108 qua
1566 5038 1689 5093 vide
1718 5043 1831 5107 ejus
1856 5050 1968 5094 not.
1999 5038 2090 5107 24,

515 5107 699 5176 caeteri
728 5107 896 5161 nostri
922 5109 1079 5162 codd.
1113 5113 1432 5176 approbant.

515 5228 523 5237 ,
586 5175 615 5213 h
651 5176 818 5249 Verba
867 5180 1005 5248 quod
1045 5195 1179 5249 saepe
1210 5181 1483 5233 dicendum
1508 5188 1583 5234 est
1618 5181 1811 5235 desunt
1843 5182 1895 5235 in
1922 5181 2091 5237 tribus

518 5261 646 5301 mss.
679 5246 1056 5311 Veronensib.,
1086 5246 1138 5302 in
1187 5253 1435 5303 omnibus
1461 5250 1812 5315 Chalcedon.,
1850 5254 1901 5305 in
1932 5254 2094 5308 utris-

2122 4861 2179 4923 D

2200 3397 2339 3450 γονεν
2378 3376 2432 3428 ἐκ
2473 3374 2740 3447 γυναικὸς,
2776 3373 2817 3403 ⁸³
2848 3374 3042 3445 γέγονεν
3068 3372 3168 3426 ύπὸ
3211 3372 3383 3442 νόμον
3418 3376 3504 3428 καὶ
3532 3374 3565 3431 ἡ
3600 3376 3694 3443 μὲν
3720 3384 3809 3434 τῆς

2282 3553 2297 3581 ί
2320 3550 2415 3605 Ms.
2450 3550 2597 3611 Bas.,
2630 3552 2715 3604 καί
2745 3547 2812 3622 ὢν
2836 3549 3081 3609 ἀθάνατος
3110 3550 3409 3605 ὑποκεῖσθαι
3433 3551 3661 3622 θανάτῳ.

2278 3624 2298 3652 ³
2351 3623 2477 3695 Erat
2504 3622 2575 3695 in
2604 3621 2872 3695 vulgatis.
2928 3623 2982 3675 ἐκ
3015 3622 3331 3695 τῆςῗμητρὸς
3360 3624 3513 3695 ἠλτοῦ
3547 3617 3810 3695 δεσπότου

2210 3696 2395 3765 φύσις,
2428 3692 2515 3745 ubi
2554 3692 2813 3746 articulus
2839 3694 2869 3750 ἡ
2897 3690 3252 3765 ριηῐζροείιιιεζ
3296 3692 3515 3765 vocibus
3548 3698 3647 3748 τοῦ
3687 3690 3812 3765 δεστ

2206 3761 2603 3836 πότουᾲφύσις,
2654 3767 2942 3833 genitivum
2989 3761 3248 3836 δεσπότου
3290 3762 3355 3836 ad
3400 3766 3559 3835 φύσις
3613 3763 3809 3836 referri

2207 3832 2545 3898 ostendebat,
2582 3832 2687 3887 non
2718 3837 2836 3889 sine
2870 3835 3071 3887 erroris
3102 3832 3415 3898 suspicione
3462 3842 3633 3901 atque
3666 3832 3811 3902 peri-

2208 3908 2350 3981 culo,
2386 3922 2505 3981 cum
2534 3914 2733 3981 tamen_
2751 3904 2817 3957 ad
2865 3919 3048 3981 vocem
3079 3905 3301 3981 μητρὸς,
3348 3904 3678 3981 referendus
3718 3904 3807 3981 sit.

2206 3975 2286 4030 lta
2323 3977 2537 4047 quidem
2576 3975 2834 4031 mendose
2866 3974 3089 4047 habent
3118 3974 3319 4047 et'duo
3365 3974 3527 4030 codd.
3566 3974 3726 4047 AVen.
3757 3978 3809 4029 in

2207 4045 2433 4117 epistola
2471 4047 2669 4101 actioni
2712 4045 3137 4117 Chalcedonensi
3180 4046 3439 4117 inserta;
3481 4045 3585 4101 sed
3619 4061 3809 4100 veram

2207 4116 2494 4173 lectionem
2521 4118 2862 4186 suppeditant
2896 4116 3055 4171 iidem
3077 4116 3235 4171 codd.
3271 4117 3323 4170 in
3346 4116 3539 4171 eadem
3566 4117 3807 4184 epistola

2205 4189 2373 4258 gestis
2403 4192 2700 4258 praemissa,
2736 4203 2831 4241 nec
2855 4203 2958 4241 non
2990 4188 3129 4242 alius
3160 4186 3397 4242 Venetus
3427 4186 3534 4242 165
3567 4197 3813 4258 utroque

2206 4261 2359 4325 loco;
2392 4262 2647 4315 omittunt
2687 4261 2827 4313 enim
2870 4258 3152 4313 articulum
3193 4262 3254 4324 ἡ,
3286 4272 3349 4312 ac
3378 4268 3653 4328 praeterea
3689 4268 3813 4327 post

2206 4345 2367 4385 voces
2394 4339 2483 4387 τοῦ
2516 4330 2766 4387 δεσπότου
2800 4329 2974 4384 tribus
2998 4330 3049 4384 in
3081 4329 3212 4383 locis
3240 4330 3533 4399 apponitur
3560 4328 3806 4399 virgula.

2205 4401 2281 4455 Ita
2309 4404 2469 4457 etiam
2497 4402 2623 4472 legit
2655 4403 2705 4454 in
2736 4417 2834 4455 suo
2857 4400 3043 4455 codice
3068 4400 3339 4455 Gerardus
3358 4399 3618 4470 Vossius,
3647 4411 3709 4455 ut
3741 4416 3809 4456 ex

2206 4472 2445 4541 ejusdem
2470 4474 2705 4526 editione
2734 4472 3039 4542 Moguntina
3069 4472 3253 4539 liquet.

2279 4543 2300 4573 ³
2333 4544 2424 4599 Sic
2451 4541 2905 4612 placuitscribere
2927 4558 3046 4597 cum
3076 4558 3177 4596 ms.
3212 4542 3376 4597 Basil.
3404 4551 3460 4597 et
3486 4541 3693 4597 Venet.
3724 4557 3810 4598 se-

2204 4614 2380 4668 cundo
2414 4626 2639 4683 utroque
2668 4615 2803 4667 loco.
2842 4613 2897 4685 lu
2925 4614 3081 4667 editis
3110 4615 3233 4684 οὐχὶ
3260 4615 3431 4685 φύσις.
3460 4613 3754 4669 Articulus
3783 4618 3813 4673 ri

2208 4687 2542 4753 persnicuam
2575 4686 2742 4751 magis
2766 4683 2943 4739 reddit
2968 4683 3309 4738 sententiain.

2277 4753 2299 4829 ξ
2324 4755 2378 4829 lu
2405 4771 2505 4829 nis.
2554 4755 2738 4829 Basil..
2772 4756 2820 4807 ἄν
2848 4763 2909 4828 τῇ
2933 4756 3108 4829 ένώσει
3128 4756 3663 4829 ταύτῃίκᾳθέστηκεν.

2259 4826 2298 4901 ι’
2328 4826 2428 4901 MS.
2460 4826 2645 4885 Basil..
2664 4830 2762 4901 Δκαὶ
2788 4829 2818 4883 ἡ
2848 4826 3147 4901 ταπεινότης
3168 4826 3274 4901 τοῦ
3293 4826 3592 4901 ἀνθρώπου,
3634 4829 3726 4881 καί
3746 4827 3814 4901 ,τὸ

2203 4900 2408 4975 μέγεθος
2446 4906 2537 4956 τῆς
2558 4898 2847 4975 ’Θεότητοςς
2890 4899 3067 4975 ξιξ-περ
3114 4900 3215 4975 γὰρ
3265 4898 3393 4956 Θεὸς
3437 4904 3653 4971 τροπὴν
3706 4900 3813 4968 οὐχ

2200 4964 2494 5041 ύφίσταται,
2524 4968 2686 5026 οὕτως
2715 4967 2852 5043 καὶ-ό
2879 4964 3163 5043 ἆνθροίποξ,
3188 4964 3290 5043 hic.

2270 5040 2291 5115 ξ
2317 5040 2416 5115 ills.
2453 5041 2598 5103 Bas.,
2617 5045 2775 5115 τοῦτο
2794 5036 2919 5115 ὅπερ
2944 5036 3077 5115 ἐστὶν
3102 5045 3192 5093 τοῦ
3220 5038 3397 5113 λόγου.

2268 5110 2287 5140 ⁷
2316 5110 2367 5185 l_n
2395 5109 2712 5185 ma_rg.edit.
2740 5108 2920 5172 Romi,
2954 5108 3118 5185 ἄπερ;
3148 5108 3306 5178 atque
3332 5112 3404 5163 ita
3440 5108 3492 5161 in
3519 5123 3639 5163 ms.
3675 5108 3813 5164 Ven.

2196 5179 2231 5233 2
2260 5182 2435 5247 primo
2473 5181 2613 5234 loco.

2268 5251 2401 5306 8Ms.
2420 5251 2552 5306 Ven.
2575 5249 2799 5319 primus,
2822 5258 2930 5311 τοῖς
2947 5253 3260 5321 παθήμασιν.
3281 5249 3340 5304 In
3368 5264 3549 5319 marg.
3580 5267 3823 5321 quoque

514 5335 616 5386 que
648 5318 824 5387 Hisp.,
856 5320 907 5372 in
943 5322 1146 5385 ltatisp.
1199 5338 1297 5375 nec
1340 5340 1442 5375 non
1479 5326 1527 5374 in
1584 5323 1769 5377 Graeca
1819 5326 2087 5380 versione.

512 5389 614 5443 Sed
641 5404 764 5443 cum
785 5391 836 5444 in
861 5390 982 5444 aliis
1008 5391 1190 5457 codd.,
1229 5394 1525 5452 prtesertim
1555 5395 1767 5447 collect.
1794 5398 1838 5459 l,
1869 5396 1919 5456 5,
1950 5395 2001 5451 5.
2032 5398 2085 5460 8,

522 5462 610 5521 ll,
651 5469 704 5514 et
728 5462 779 5516 in
812 5462 1182 5517 vetustissimo
1223 5463 1376 5517 Rom.
1413 5464 1561 5519 Eccl.
1600 5464 1935 5519 Lectionario
1970 5464 2084 5520 Vat.

507 5540 647 5595 3836
696 5540 1039 5591 inveniantur
1075 5578 1086 5596 .
1147 5550 1208 5589 ea
1272 5551 1579 5603 expungere
1648 5551 1749 5588 non
1817 5538 2091 5592 audemus.

508 5612 647 5674 Mox,
702 5626 801 5672 pro
858 5609 994 5662 Deus
1050 5622 1140 5677 per
1194 5608 1269 5675 id,
1324 5608 1372 5659 in
1426 5607 1542 5659 Vat.
1600 5606 1748 5673 lsid.,
1789 5605 1955 5661 Filius
2006 5606 2097 5661 Dei

527 5699 597 5734 )er
633 5683 707 5743 id.

527 5702 597 5734 κν
633 5702 646 5731 Ι

510 5702 527 5749 ἵ
590 5752 599 5785 ί
632 5702 762 5803 (ΞΜ.
796 5750 1021 5804 Vindeh.
1046 5748 1219 5817 Hisp.,
1249 5752 1441 5817 factum
1464 5758 1618 5802 estea:
1645 5750 1874 5814 muliere,
1908 5750 2099 5817 factum

515 5823 604 5873 sub
652 5822 758 5889 lege
789 5838 803 5879 ;
834 5834 885 5872 ct
918 5820 1145 5873 refertur
1166 5819 1229 5872 ad
1270 5818 1481 5871 Verbum
1508 5861 1521 5882 ,
1566 5830 1619 5872 ut
1651 5821 1701 5873 in
1735 5822 2097 5876 antecedenti-

516 5892 613 5945 bu:
644 5910 653 5941 ;
702 5891 919 5942 Verbum
964 5892 1300 5951 rarefactum
1336 5904 1427 5946 est.

2196 5322 2509 5413 edithltou‘i.
2521 5363 2535 5385 ,
2563 5330 2675 5413 τοῖς
2686 5322 3011 5413 magnis-ctam.
3640 5402 3649 5413 ι
3930 5350 3935 5413 γ

2267 5396 2286 5425 ⁹
2316 5393 2411 5447 Ms.
2440 5393 2583 5457 Bas.,
2618 5394 2733 5451 Υἱὸς
2764 5399 2910 5445 Θεοῦ.
3640 5402 3649 5415 ι

2271 5464 2312 5495 ¹⁰
2341 5466 2486 5525 Haec,
2515 5468 2600 5518 καὶ
2629 5464 2841 5537 ὸ-Λόγος
2862 5461 3075 5537 ἦνμπρὸς
3095 5464 3179 5518 τὸν
3196 5463 3338 5527 Θεὸν,
3362 5467 3442 5517 καὶ
3464 5462 3492 5516 ὸ
3524 5467 3671 5525 Θεὸς
3699 5461 3763 5524 ἦν
3793 5464 3821 5519 ὸ

2196 5534 2377 5607 Λόγος,
2411 5537 2464 5589 in
2496 5538 2615 5587 cod.
2645 5534 2765 5587 Bas.
2796 5534 3194 5607 desiderantur.

2268 5604 2307 5637 “
2335 5608 2430 5659 MS.
2454 5607 2599 5680 Bas.,
2626 5608 2704 5680 καί
2734 5605 2857 5680 Θεὸς
2876 5608 2973 5680 μέν
2992 5607 3309 5680 κατάᾐτοῦτομ,
3328 5604 3405 5680 ότι
3431 5609 3625 5680 χωρίς
3651 5608 3818 5680 αὐτοῦ

2192 5679 2387 5748 ἐγένετο
2418 5675 2529 5748 ούδέ
2560 5674 2609 5729 ἓν
2640 5673 2665 5728 δ
2694 5673 2907 5748 γέγονεν.
2942 5678 3073 5748 Qua;
3103 5678 3208 5729 duo
3247 5673 3440 5729 ultima
3483 5673 3675 5731 verba
3727 5679 3821 5731 ad.-

2192 5745 2391 5800 d’untnr
2419 5746 2580 5800 etiam
2617 5748 2664 5798 in
2700 5745 2801 5799 ins.
2835 5745 2967 5799 Ven.
2998 5746 3193 5813 primo.

2266 5820 2304 5848 ¹²
2340 5819 2437 5871 MS.
2474 5817 2619 5882 Bas.,
2645 5820 2722 5871 καί
2749 5819 2944 5888 γέγονεν
2973 5819 3073 5871 ύπὸ
3098 5819 3267 5887 νόμον.
