4040 6344
588 362 687 422 m
708 344 713 351 .

1708 352 1769 408 S.
1810 348 2051 407 LEONIS
2089 350 2303 409 MAGNI
2343 349 2710 410 EPISTOLE.

3750 337 3845 395 7⁸16

583 493 645 532 ea:
668 473 778 530 Deo
799 488 900 527 non
928 479 1032 536 est,
1059 476 1107 522 et
1135 467 1215 521 hic
1240 472 1313 521 est
1346 463 1684 519 Antichristns
1716 463 1763 532 (ι
1786 460 1944 517 Joan.
1978 479 2051 527 tv,
2077 461 2154 535 1).

2286 470 2476 543 [ριστὸν
2517 469 2565 521 ἐν
2598 468 2750 541 σαρκὶ
2790 462 3104 524 ἐληλυθέναι,
3144 458 3247 513 ἀπὸ
3285 462 3414 512 Θεοῦ
3453 456 3586 523 ἔστι,
3625 476 3713 511 και
3754 462 3847 511 πᾶν

582 568 722 638 Quid
754 576 933 622 autem
962 572 1045 618 est
1072 562 1282 616 solvere
1308 560 1516 626 Jesum,
1551 559 1653 612 nisi
1683 557 1968 611 humanam
2001 557 2069 610 ab
2096 571 2162 612 eo

585 672 836 729 separare
865 664 1110 710 naturam
1135 662 1162 691 λ
1188 664 1243 707 et
1270 661 1688 717 sacramentum,
1722 665 1819 720 per
1838 649 1983 719 quod
2003 665 2165 704 unum

584 750 771 806 salvati
801 761 1020 810 sumus,
1050 743 1527 814 impudentissimis
1556 756 1817 797 evacuare
1847 740 2115 810 ﬁgmentis
2143 741 2165 794 ’ἒ

583 838 833 910 Caligans
853 853 982 893 vero
1002 835 1146 891 circa
1169 848 1417 890 naturam
1436 837 1680 903 Corporis
1699 833 1923 898 Christi,
1948 846 2168 888 necesse

584 942 669 988 est
699 942 754 984 ut
780 933 939 984 etiam
967 928 1019 983 in
1044 928 1293 998 passione
1324 926 1441 996 ejus
1470 925 1659 982 eadem
1687 925 2051 980 obcaecatione
2074 924 2171 980 de-

584 1026 761 1095 sipiat.
810 1022 944 1076 Nam
975 1020 1002 1060 δ
1035 1021 1081 1075 si
1124 1036 1335 1076 crucem
1368 1018 1577 1073 Domini
1622 1034 1728 1073 non
1768 1027 1920 1087 putat
1953 1016 2163 1084 falsam,

584 1126 639 1171 et
684 1124 992 1184 susceptum
1047 1128 1143 1182 pro
1189 1112 1372 1167 mundi
1420 1111 1592 1166 salute
1634 1112 1950 1181 supplicium
1982 1122 2169 1164 verum

585 1208 749 1262 fuisse
779 1223 883 1262 non
929 1206 1172 1270 dubitat;
1202 1204 1356 1273 cujus
1398 1203 1568 1258 credit
1611 1210 1841 1257 mortem
1868 1244 1882 1269 ,
1915 1208 2169 1271 agnoscat

587 1310 642 1356 et
669 1316 889 1355 carnem
917 1316 929 1353 :
967 1313 1065 1353 nec
1088 1296 1381 1352 dilﬁteatur
1403 1295 1574 1349 nosui
1604 1294 1849 1363 corporis
1874 1294 2167 1359 hominem,

588 1408 747 1463 quem
778 1390 1051 1462 cognoscit
1080 1389 1247 1444 fuisse
1276 1388 1583 1457 passibiletn
1609 1402 1625 1452 ;
1673 1384 1924 1455 quoniam
1957 1384 2169 1453 negatio

589 1501 730 1539 vera:
768 1484 980 1547 carnis,
1015 1481 1227 1551 negatio
1252 1491 1334 1535 est
1362 1480 1522 1534 etiam
1571 1492 1848 1548 corporea:
1879 1477 2165 1548 passionis.

587 1576 641 1631 Si
677 1586 697 1613 ε
732 1591 859 1643 ergo
890 1574 1246 1627 Christianam
1275 1570 1502 1639 suscipit
1530 1568 1690 1622 [idem
1712 1611 1726 1636 ,
1758 1578 1812 1623 et
1854 1582 1884 1621 a
1916 1567 2173 1637 praedica-

589 1668 734 1723 tione
763 1666 1035 1735 Evangelii
1082 1678 1238 1718 suum
1270 1679 1375 1716 non
1425 1663 1619 1716 avertit
1655 1660 1936 1724 auditum;
1992 1660 2172 1714 videat

587 1776 705 1830 quae
749 1768 935 1813 natura
980 1756 1141 1830 831
1188 1755 1443 1810 transﬁxa
1491 1755 1657 1810 clavis
1698 1753 2014 1823 pependerit
2054 1749 2081 1789 ά
2115 1752 2169 1806 in

2266 568 2462 630 πνεῦμα
2489 561 2547 616 τὸ
2570 558 2797 632 διαιροῦν
2817 560 3006 613 Ἰησοῦν
3027 554 3270 630 Χριστὸν.
3300 552 3403 607 ἀπὸ
3422 557 3553 606 Θεοῦ
3582 550 3671 605 οὐκ
3693 547 3843 606 ἔστιν·

2266 656 2351 709 καί
2377 650 2525 713 οὗτός
2553 655 2693 707 ἔστιν
2722 651 2737 681 ¹
2763 650 2789 705 ὁ
2815 651 3198 725 ’Δντίχριστος’
3218 648 3270 702 τί
3294 644 3348 701 δέ
3379 647 3488 702 ἔστι
3506 646 3567 702 τὸ
3585 646 3607 676 ⁸
3629 643 3848 721 διαιροῦν

2265 746 2481 815 Ἰησοῦν,
2511 750 2554 802 εἰ
2582 752 2650 820 μὴ
2681 751 2772 806 τήν
2800 745 3109 821 ἀνθρωπίνην
3138 741 3223 797 ἀπ’
3264 743 3424 797 αὐτοῦ
3460 743 3609 814 φύσιν
3635 743 3850 811 ἀποχω-

2267 843 2440 918 ρίζειν,
2482 844 2569 895 καί
2614 841 2672 895 τὸ
2707 842 3006 913 μυστήριον,
3052 835 3112 891 δι’
3153 833 3314 911 οὗπερ
3361 833 3621 905 ἰσώθημεν
3664 833 3846 903 μόνου,

2268 934 2546 1008 πειρᾶσθαι
2597 932 2803 1006 μάταιον
2852 928 2941 985 διὰ
2995 928 3313 999 πλασμάτων
3365 924 3579 981 ἀναιδῶν
3634 926 3853 1000 ἀπεργά⁴

2271 1028 2484 1091 (radat;
2518 1025 2543 1079 ὃ
2571 1023 2625 1080 δὲ
2643 1030 2734 1083 τὴν
2762 1024 2929 1095 ἀχλὺν
2962 1020 3306 1095 ὑφιστάμενος
3335 1023 3455 1094 περὶ
3480 1024 3573 1078 τὴν
3598 1020 3753 1091 φύσιν
3775 1025 3852 1072 τοῦ

2273 1121 2512 1189 σώματος
2540 1124 2632 1171 τοῦ
2656 1122 2898 1191 Χριστοῦ,
2932 1116 3216 1186 ἀναγκαίως
3245 1116 3329 1167 καί
3351 1116 3470 1187 περὶ
3497 1112 3557 1167 τὸ
3580 1111 3745 1171 πάθος
3775 1112 3853 1164 αὺ-

2270 1216 2363 1265 τοῦ
2402 1217 2465 1283 τῇ
2502 1209 2846 1283 παραπλησίᾳ
2883 1208 3134 1279 τυφλὼσει
3172 1212 3500 1280 παραφρονεῖ.
3533 1202 3554 1233 ³
3581 1206 3673 1257 Καὶ
3696 1206 3796 1277 γὰρ
3821 1204 3856 1255 ti

2272 1302 2358 1355 τόν
2384 1301 2607 1375 σταυρόν
2648 1306 2739 1354 τοῦ
2786 1299 3044 1354 Δεσπότου
3081 1296 3243 1369 ψευδῆ
3288 1302 3358 1369 μὴ
3397 1296 3639 1368 νενόμικε,
3684 1296 3773 1349 και
3807 1295 3856 1349 τὸ

2272 1393 2432 1452 πάθος
2473 1394 2532 1447 τό
2569 1393 2701 1467 ὑπέρ
2744 1398 2837 1450 τῆς
2871 1396 2960 1445 τοῦ
2992 1390 3185 1459 κόσμου
3232 1385 3533 1461 surripiat"
3561 1383 3852 1455 ἀναδεχθέν,

2274 1486 2465 1546 ἀληθῶς
2493 1484 2751 1558 γενόμενον
2780 1481 3027 1555 οὐδαμῶς⁸
3053 1481 3074 1512 ⁸
3098 1480 3411 1553 ἀμφιϐάλλει·
3441 1475 3502 1531 οὗ
3529 1498 3661 1537 τινος
3682 1478 3856 1530 οὐκοῦν

2275 1579 2592 1650 ἐπιγινώσκει
2617 1578 2702 1631 τὸν
2732 1577 2960 1639 θάνατον,
2996 1574 3370 1647 ἐπιγινωσκέτω
3397 1571 3417 1601 ⁸
3445 1574 3531 1625 καί
3556 1576 3647 1629 τὴν
3678 1573 3856 1645 σάργαο

2275 1674 2360 1726 καί
2398 1669 2526 1743 μηδὲ
2574 1678 2670 1729 τῆς
2715 1671 2960 1745 ἡμετέρας
2998 1668 3147 1723 αὐτὸν
3186 1666 3373 1742 σαρκός
3402 1661 3665 1737 ἄνθρωπον
3695 1666 3858 1738 ἀπαρ-

2273 1765 2479 1827 νείσθω,
2503 1759 2554 1817 ὂν
2583 1764 2808 1820 παθητὸν
2837 1759 2968 1833 ἔγνω
2989 1760 3271 1833 γενόμενον,
3300 1755 3567 1831 ἐπειδήπερ
3588 1758 3621 1814 ἦ
3652 1752 3859 1830 ἄρνησις

590 1854 764 1907 crucis
810 1851 955 1921 ligno
983 1893 997 1917 ,
1042 1859 1102 1905 et
1144 1858 1331 1917 aperto
1376 1862 1471 1918 per
1519 1847 1704 1901 militis
1733 1847 1972 1899 lanceam
2003 1845 2172 1900 latere

2286 1862 2366 1911 τοῦ
2391 1857 2606 1914 ἀληθοῦς
2643 1856 2877 1925 σώματος
2903 1850 3116 1925 ἄρνησίς
3145 1852 3256 1905 ἐστι
3292 1851 3379 1903 καί
3415 1852 3511 1903 τοῦ
3553 1846 3761 1905 πάθους
3780 1852 3859 1900 τοῦ

590 1944 834 1997 crucilixi
853 1982 868 2006 ,
899 1940 1160 2009 intelligat
1187 1939 1329 1993 unde
1351 1937 1569 2007 sanguis
1597 1946 1651 1991 et
1679 1952 1816 2006 aqua
1847 1935 2088 2001 ﬂuxerit,
2116 1943 2174 1989 ut

592 2037 826 2091 Ecclesia
851 2034 944 2089 Dei
968 2044 1021 2088 et
1049 2034 1265 2087 lavacro
1299 2041 1322 2069 ο
1358 2033 1623 2102 rigaretur
1652 2042 1707 2085 et
1733 2032 1947 2101 poculo.
1980 2030 2174 2084 Audiat

589 2138 642 2183 et
668 2126 881 2182 beatum
904 2124 1121 2179 Petrum
1136 2122 1437 2193 apostolum
1461 2121 1867 2190 praedicantem,
1893 2120 2036 2191 quod
2058 2134 2174 2173 san-

590 2217 845 2273 ctiﬁcatio
897 2215 1124 2285 Spiritus
1176 2229 1270 2283 per
1334 2212 1698 2283 aspersionem
1752 2212 1842 2266 ﬁat
1897 2211 2174 2279 sanguinis

590 2309 808 2365 Christi.
843 2307 950 2363 Nec
981 2305 1292 2360 transitorie
1316 2306 1456 2374 legat
1482 2304 1723 2374 ejusdem
1754 2303 1981 2372 apostoli
2012 2302 2173 2357 verba

591 2403 818 2459 dicentis
848 2419 861 2455 :
895 2402 1128 2457 Sciontes
1152 2443 1167 2466 ,
1219 2399 1359 2469 quod
1387 2415 1490 2452 non
1520 2396 1941 2465 corruptibilibus
1966 2405 2174 2465 argento

594 2510 639 2553 et
660 2514 787 2552 auro
810 2495 1055 2564 redempti
1085 2496 1202 2549 estis
1230 2496 1292 2548 de
1322 2510 1454 2547 vana
1482 2503 1648 2546 vestra
1674 2492 2056 2546 conversatione
2084 2507 2177 2560 pa-

595 2606 751 2647 terna:
780 2590 1095 2651 traditionis,
1128 2590 1217 2643 sed
1245 2589 1468 2659 pretioso
1496 2587 1747 2657 sanguine
1771 2588 1922 2657 quasi
1946 2586 2069 2656 agni
2091 2585 2174 2638 in-

594 2684 925 2739 contaminati
946 2694 991 2737 et
1012 2682 1334 2736 immaculati
1379 2677 1503 2733 Iesu
1526 2678 1718 2731 Christi
1750 2677 1795 2748 (ι
1821 2676 1962 2731 Petr.
1988 2692 2026 2744 ι,
2061 2675 2175 2745 18).

597 2779 742 2834 Beati
789 2792 1002 2847 quoque
1047 2773 1267 2829 Joannis
1311 2772 1541 2841 apostoli
1570 2772 1878 2825 testimonio
1904 2785 2009 2823 non
2039 2770 2177 2824 resi-

594 2882 721 2938 stat,
750 2870 975 2925 dicentis
1000 2886 1012 2920 :
1046 2867 1112 2921 Et
1131 2867 1337 2937 sanguis
1361 2865 1392 2919 J
1403 2881 1490 2919 esu
1514 2862 1533 2900 ί
1566 2862 1695 2917 Filii
1709 2864 1805 2916 Dei
1821 2863 2061 2915 emundat
2085 2877 2175 2915 nos

594 2964 654 3018 ab
684 2964 820 3016 omni
848 2969 1053 3032 peccato
1097 2959 1142 3031 (l
1160 2957 1319 3012 Joan.
1356 2973 1404 3022 ι,
1452 2956 1528 3026 7).
1586 2954 1651 3008 Et
1682 2956 1873 3009 iterum
1901 2971 1913 3006 :
1951 2951 2076 3006 Haec
2103 2959 2178 3005 est

595 3056 805 3109 victoria
830 3068 942 3123 quae
968 3061 993 3099 8
1024 3052 1176 3105 vincit
1207 3051 1474 3115 mundum,
1505 3048 1634 3117 ﬁdes
1666 3056 1844 3101 nostra
1882 3047 1921 3115 (Ι
1941 3044 2099 3099 Jean.
2120 3061 2174 3112 ν,

596 3151 673 3219 4).
719 3149 821 3203 Ει;
871 3149 998 3214 Quis
1024 3155 1096 3200 est
1134 3147 1221 3215 qui
1248 3145 1399 3198 vincit
1436 3144 1718 3205 mundum,
1757 3143 1855 3197 nisi
1882 3142 1967 3211 qui
1995 3142 2173 3206 credit,

2278 1952 2532 2019 σώματος.
2563 1950 2620 2002 Ei
2648 1950 2812 2001 τοίνυν
2841 1944 3056 2016 δέχεται
3084 1944 3259 1998 πίστιν
3285 1944 3620 2016 Χριστιανῶν,
3652 1942 3745 1992 καί
3769 1939 3863 1992 ἀπὸ

2276 2046 2367 2095 τοῦ
2412 2042 2736 2116 κηρύγματος
2774 2044 2883 2094 τοῦ,
2908 2035 3213 2108 Εὺασγτελίου
3261 2038 3329 2105 μή
3366 2037 3456 2090 τὴν
3493 2034 3687 2085 οἰκείαν
3723 2031 3861 2089 ἀκοήν

2279 2133 2610 2209 ἀποστρέφει,
2644 2132 2896 2185 σκοπείτω
2945 2131 3067 2183 ποία
3112 2127 3264 2197 φύσις
3317 2122 3709 2198 διαπεπαρμένη
3761 2129 3865 2183 τοῖς

2278 2225 2410 2286 ἥλοις
2433 2225 2451 2255 ’⁷
2480 2227 2530 2278 ἐν
2571 2232 2644 2297 τῷ
2677 2230 2768 2277 τοῦ
2809 2227 3036 2296 σταυροῦ
3086 2219 3218 2290 ξύλῳ
3250 2219 3524 2292 ἆκρίματο,
3561 2217 3652 2270 καί
3680 2216 3707 2247 ⁸
3742 2216 3865 2270 ἀνοι-

2278 2318 2451 2387 ’γείσης
2495 2324 2578 2375 τῆς
2604 2316 2827 2384 πλευρᾶς
2856 2313 3285 2389 προσπεπηογότος
3320 2318 3394 2383 τῷ
3426 2316 3643 2384 σταυρῷ
3674 2306 3763 2363 διὰ
3784 2315 3865 2363 τοῦ

2279 2408 2491 2483 δόρατος
2518 2415 2605 2463 τοῦ
2638 2409 2982 2481 στρατιώτου.
3015 2406 3185 2459 νοείτω
3215 2404 3367 2457 πόθεν
3393 2402 3454 2457 τό
3487 2397 3638 2474 αἷμα,
3684 2403 3775 2455 καί
3812 2400 3867 2455 τό

2280 2499 2417 2576 ὕδωρ
2448 2500 2624 2574 ἑρρύη.
2670 2502 2806 2554 ὥστε
2845 2503 2936 2556 τήν
3152 2496 3449 2554 Ἐκκλησίαν
3484 2500 3577 2555 τὴν
3608 2500 3708 2549 τοῦ
3747 2500 3868 2549 Θεοῦ

2280 2600 2353 2664 τῷ
2384 2613 2437 2648 τε
2464 2594 2660 2666 λουτρῷ
2690 2587 3117 2666 καταρδεῦεσθαι,
3151 2591 3238 2643 καί
3272 2596 3345 2661 τῷ
3372 2588 3590 2659 πόματι.
3626 2584 3869 2644 Ἀπουέτω

2280 2683 2334 2740 δὲ
2355 2687 2442 2738 καί
2463 2691 2553 2738 τοῦ
2580 2685 2829 2759 μακαρίου
2858 2684 3046 2756 Πέτρου
3067 2688 3159 2737 τοῦ
3195 2680 3483 2735 ἀποστόλου
3507 2680 3867 2754 κηρύττοντος·

2279 2773 2402 2830 ότιὸ
2429 2775 2738 2848 καθαρισμός
2762 2776 2783 2806 ⁹
2811 2780 2901 2829 τοῦ
2944 2770 3232 2843 Πνιύματος
3262 2771 3346 2826 διὰ
3369 2777 3460 2826 τοῦ
3487 2771 3777 2845 ῥαντισμοῦ
3800 2774 3871 2839 7i-

2280 2887 2416 2921 νεται
2442 2872 2534 2922 τοῦ
2564 2866 2775 2935 αἵματος
2803 2871 2896 2919 τοῦ
2928 2869 3175 2940 Χριστοῦ’
3210 2862 3336 2935 μηδὲ
3370 2860 3660 2935 παροδικῶς
3702 2864 3871 2933 ἁνανιο

2281 2958 2515 3013 νωσκίτω
2564 2964 2653 3011 τοῦ
2701 2959 2857 3013 αὑτοῦ
2905 2956 3195 3011 ἀποστόλου
3248 2958 3317 3011 τὰ
3366 2956 3573 3027 ῥήματα
3620 2955 3871 3028 λέγον-ωε

2280 3048 2481 3110 Είδότες
2517 3047 2695 3126 ὅτιπερ
2714 3049 2757 3081 ¹⁰
2771 3052 2829 3104 οὐ
2853 3051 3111 3125 φθαρτοῖς,
3136 3051 3386 3127 ἀργυρίῳ,
3409 3047 3442 3108 ἦ
3706 3050 3873 3119 ἀξιηο.

2281 3142 2502 3217 ράσθητε
2546 3142 2599 3194 ἐκ
2645 3148 2737 3201 τῆς
2775 3143 3003 3213 ματαίας
3048 3142 3191 3212 ὑμῶν
3236 3136 3712 3216 πατροπαραδότου
3752 3141 3875 3195 ἁνα-

598 3242 838 3312 quoniam
863 3238 1014 3293 Iesus
1041 3248 1114 3292 est
1158 3236 1332 3291 Filius
1375 3237 1519 3291 Dei?
1561 3236 1661 3289 llic
1704 3244 1775 3291 est
1815 3238 1901 3306 qui
1929 3237 2062 3289 venit
2089 3252 2172 3307 per

2286 3245 2531 3311 στροφῆς,
2571 3235 2696 3290 ἀλλὰ
2738 3243 2811 3306 τῷ
2849 3239 2999 3307 τιμίῳ
3043 3234 3241 3306 αἵματι.
3282 3236 3463 3288 ὡσανεί
3487 3231 3677 3305 ’Δμνοῦ
3707 3232 3873 3305 ἁγίου.

600 3350 783 3405 aquant
818 3342 866 3386 et
904 3331 1206 3400 sanguinem
1234 3371 1250 3397 ,
1302 3328 1456 3383 Iesus
1496 3330 1770 3395 Christus;
1817 3344 1919 3382 non
1954 3330 2006 3381 in
2043 3342 2177 3398 aqua

600 3427 765 3482 solum
788 3466 803 3490 ,
836 3425 923 3479 sed
951 3425 1006 3476 in
1046 3439 1181 3493 aqua
1222 3432 1270 3476 et
1309 3423 1579 3495 sanguine.
1614 3421 1683 3475 Et
1713 3422 1924 3491 spiritus
1953 3431 2059 3487 est,
2094 3422 2181 3491 qui

601 3519 898 3588 testiﬁcatur
922 3557 937 3581 ,
978 3517 1223 3585 quoniam
1249 3512 1277 3551 ιλ
1306 3516 1516 3584 spiritus
1543 3524 1617 3568 est
1657 3515 1860 3568 veritas.
1913 3513 2047 3579 Quia
2074 3522 2173 3568 tres

672 3677 697 3705 η
736 3667 904 3721 Codd.
944 3665 1154 3721 collect.
1185 3662 1256 3715 24
1285 3676 1404 3717 cum
1454 3658 1844 3729 vulgatioribus
1885 3657 2077 3723 editis,
2129 3665 2177 3711 et

602 3748 968 3794 sacramentum
1019 3736 1136 3805 ﬁdei
1164 3777 1177 3799 ,
1220 3751 1311 3803 per
1357 3734 1491 3805 quod
1520 3730 1715 3805 saluati
1741 3746 1935 3783 sumus.
1978 3729 2176 3805 pmttes

604 3811 771 3865 nostri
794 3808 950 3863 codd.
979 3800 1100 3861 cum
1135 3800 1304 3874 prima
1335 3804 1569 3857 editione
1597 3802 1878 3874 lectionem
1911 3815 1937 3852 a
1968 3800 2172 3874 Quesn.

604 3886 765 3936 textui
791 3882 1043 3934 insertam
1075 3871 1392 3931 conﬁrmant
1411 3918 1424 3940 ,
1452 3872 1692 3941 exceptis
1721 3871 1949 3935 duobus,
1982 3874 2035 3925 in
2057 3871 2175 3942 qui-

603 3954 701 4008 bus
726 3967 827 4005 vox
859 3966 1015 4004 unum
1045 3949 1327 4001 omittitur.
1364 3944 1495 3997 Vide
1524 3953 1635 3996 not.
1662 3942 1733 3998 29
1764 3942 2028 4012 ejusdem.

670 4021 697 4062 δ
744 4023 859 4077 Vat.
894 4021 1042 4086 Hisii.
1072 4029 1125 4071 et
1148 4018 1300 4082 lsid.,
1328 4015 1656 4086 quicrucem.

674 4105 697 4131 α
738 4095 868 4147 Cum
911 4082 1183 4161 plerisque
1228 4097 1283 4140 et
1325 4082 1541 4161 optima;
1578 4097 1717 4138 nota:
1743 4082 1902 4161 codd.
1936 4096 2034 4161 ne_c
2065 4097 2171 4137 non

602 4180 721 4220 cum
766 4154 935 4232 prima
965 4154 1227 4222 editione,
1259 4167 1314 4232 et
1331 4157 1690 4210 Conciliorum
1711 4200 1723 4223 ,
1759 4155 1956 4232 quibus
1985 4154 2172 4232 Gratca

602 4225 780 4291 versio
805 4234 1069 4295 cohaeret,
1105 4230 1443 4297 reposuimus
1466 4243 1583 4296 ergo
1614 4241 1709 4297 pro
1745 4229 1905 4291 enim,
1947 4225 2087 4297 quod
2121 4225 2173 4297 in

604 4308 940 4375 paucioribus
995 4294 1211 4375 t_nss._et
1250 4301 1301 4375 in
1343 4294 1538 4375 Leonis
1573 4296 1731 4375 editis
1761 4297 2004 4375 habetur.
2033 4294 2170 4375 Cod.

604 4365 721 4432 Vat.
754 4378 963 4431 collect.
994 4371 1028 4424 '5
1066 4371 1223 4425 habet
1253 4370 1353 4435 Qui
1394 4384 1511 4438 ergo
1538 4384 1633 4435 pro
1665 4366 1725 4421 Si
1754 4382 1894 4437 ergo.
1943 4365 2172 4431 Quidam

602 4450 759 4502 codd.
815 4444 1110 4514 praesertim
1161 4443 1371 4494 collect.
1404 4438 1757 4500 Chalcedon.,
1813 4439 2174 4514 suscepit_pro

603 4504 859 4584 suscipit';
889 4529 950 4567 ac
979 4513 1129 4576 dein,
1160 4526 1259 4563 non
1292 4519 1482 4563 avertat
1503 4524 1601 4578 pro
1630 4526 1731 4562 non
1760 4510 1935 4562 avertit
1962 4504 2015 4561 in
2046 4504 2174 4561 Vin-

602 4589 797 4643 debon.
834 4586 983 4652 Hisp.

674 4657 701 4693 τί
744 4648 972 4723 ῐὶειιὶερξ,
1002 4653 1055 4706 in
1078 4668 1225 4706 cruce
1253 4659 1514 4723 etaperto.
1536 4650 1675 4723 Mox,
1706 4649 1883 4723 militis
1913 4650 2093 4723 lancea
2121 4648 2173 4723 in

2282 3333 2370 3384 καί
2415 3332 2631 3403 ἀμώμου
2659 3330 2697 3358 ¹¹
2733 3335 2953 3404 Χριστοῦ
2994 3328 3185 3385 Ἰησοῦ.
3238 3330 3328 3381 Καὶ
3378 3333 3469 3383 τοῦ
3515 3328 3782 3400 μακαρίου
3826 3324 3877 3379 δέ

2280 3422 2502 3478 Ἰωάννου
2532 3428 2625 3478 τοῦ
2654 3422 2943 3478 ἀποστόλου
2973 3429 3035 3498 τῇ
3076 3423 3338 3497 μαρτυρίᾳ
3368 3420 3410 3451 ¹¹
3439 3424 3511 3493 μὴ
3550 3420 3878 3475 ἀνθιστάσθω

2281 3516 2524 3589 λέγοντοςο
2558 3517 2652 3569 Καὶ
2674 3515 2733 3571 τὸ
2761 3510 2892 3587 αἷμα
2917 3520 3010 3570 τοῦ
3038 3513 3211 3573 ἰησοῦ
3244 3513 3360 3570 Υίοῦ
3389 3519 3480 3568 τοῦ
3511 3517 3642 3569 Θεοῦ
3674 3514 3882 3587 καθαρί-

2284 3667 2394 3721 tes,
2440 3659 2566 3724 Quis
2595 3669 2698 3727 est,
2728 3669 2834 3715 etc.
2883 3659 3008 3715 Post
3053 3674 3220 3728 pauca
3265 3661 3319 3714 in
3349 3659 3541 3716 iisdem
3574 3659 3791 3717 Veron.
3832 3669 3885 3715 et

2282 3728 2514 3795 Ratisp.,
2546 3732 2668 3795 quia
2695 3730 2850 3785 Jesus
2879 3741 2951 3785 est
2984 3728 3157 3785 Filius
3191 3730 3304 3786 Dei.

2356 3797 2386 3837 ιι
2419 3801 2554 3873 Editi
2588 3803 3090 3873 attteQuesntcum
3123 3817 3249 3857 mss.
3288 3800 3588 3857 Vindebon.
3631 3802 3796 3873 Hisp.
3829 3812 3881 3858 et

2283 3870 2403 3927 Vat.
2427 3872 2641 3927 collect.
2668 3871 2756 3940 11,
2781 3874 2846 3927 21
2869 3884 2922 3928 et
2944 3872 3035 3943 24,
3061 3873 3290 3928 habent:
3316 3872 3552 3929 Christus
3567 3884 3643 3928 est
3666 3870 3884 3939 veritas,

3563 3947 3820 4016 itemque

2351 4086 2377 4176 ι’
2410 4083 2507 4139 Ms.
2541 4083 2677 4140 Ven.
2719 4084 3046 4153 secundum,
3097 4086 3219 4141 loco
3262 4085 3499 4141 secundo
3526 4127 3542 4153 ,
3593 4094 3693 4143 τοῦ
3723 4087 3889 4146 ’Δντιο

2280 4177 2668 4302 xp’wiifumarg.
2697 4226 2823 4281 edit.
2852 4226 3035 4302 Rom,
3068 4227 3281 4302 διαιρεῖν
3307 4226 3371 4281 L.
3394 4227 3570 4300 Atque
3591 4228 3674 4283 ita
3701 4229 3893 4286 intus.

2280 4312 2493 4370 quoque
2523 4296 2658 4351 Ven.
2693 4298 2953 4365 secundo,
2984 4296 3221 4354 secundo
3251 4301 3387 4354 loco.
3482 4296 3497 4300 ⁷

2332 4369 2371 4446 λ⁸
2410 4369 2507 4446 his.
2551 4368 2748 4434 Basil.,
2780 4373 2860 4425 καὶ
2900 4373 3001 4446 γὰρ
3043 4371 3264 4446 σταυρὸν
3293 4377 3382 4427 τοῦ
3414 4372 3681 4429 Δεσπότου
3718 4368 3894 4443 ψευδῆ

2280 4444 2371 4513 μὲν
2402 4441 2653 4512 ἐνόμισεν.
2909 4441 2917 4442 7
2971 4441 2982 4446 ὴ
3179 4441 3191 4446 1

2353 4510 2375 4583 ξ
2412 4511 2514 4583 _Ms.
2546 4512 2665 4564 Bas.
2690 4519 2745 4583 et
2776 4510 2932 4577 Ven.,
2965 4511 3286 4583 ἀναδειχθένι

2355 4582 2376 4613 ⁸
2412 4581 2487 4635 Ita
2518 4581 2807 4654 legendum,
2827 4596 3045 4638 monent
3068 4581 3223 4635 cauit.
3253 4582 3373 4635 Bas.
3402 4582 3605 4654 etVen.
3640 4586 3897 4654 primus.

2284 4652 2582 4726 Perperam»
2624 4653 2675 4726 in
2723 4653 2990 4726 vulgatis,
3038 4654 3355 4726 ἀμφιϐάλλοι.
3415 4652 3677 4726 U_t_enitii
3726 4670 3901 4724 supra

607 4728 721 4781 Vat.
756 4712 970 4799 collect.
1001 4723 1088 4799 ii,
1123 4725 1293 4792 primo
1324 4712 1457 4799 loco.
1497 4721 1623 4799 Dein
1654 4734 1753 4799 pro
1777 4722 1983 4799 ﬂuxerit
2014 4721 2177 4789 aliqui
2206 4712 2259 4773 D
2282 4712 2687 4799 viscijmcdixit.
2722 4712 3013 4779 indicativo
3041 4712 3231 4790 modo,
3261 4725 3332 4779 ita
3363 4731 3421 4780 et
3452 4724 3539 4782 hic
3565 4712 3902 4799 ἀμφιϐάλλει

603 4797 771 4853 nostri
797 4796 978 4854 codd..
1012 4790 1293 4865 ﬂuxerunt,
1322 4794 1583 4863 ﬂuxerint,
1615 4792 1699 4845 vel
1738 4790 2018 4861 effluxerint
2054 4805 2176 4846 cum

603 4870 762 4923 editis
789 4880 912 4921 ante
937 4867 1138 4933 Quesn.

674 4950 696 4976 ο
738 4940 898 4994 Solus
925 4931 1221 4991 Vindebon.
1252 4935 1402 5003 Hisp.
1421 4973 1437 4998 ,
1464 4940 1803 5004 regeneretur.
1838 4931 1958 5004 illo:
1980 4931 2174 4986 Vinde-

602 5016 726 5068 bon.
776 5011 985 5063 collect.
1018 5006 1084 5071 5,
1131 5006 1335 5072 Ratisp.
1377 5014 1433 5058 et
1472 5002 1601 5056 mss.
1647 5003 1856 5057 collect.
1883 5002 1985 5069 24,
2015 5013 2177 5073 atque

600 5082 796 5137 Baluzii
824 5078 1075 5131 omittunt
1094 5089 1138 5130 et
1169 5087 1292 5130 ante
1321 5077 1542 5128 beatum.
1584 5076 1775 5127 Postea
1800 5114 1815 5138 ,
1846 5075 1939 5141 ﬁat
1966 5075 2177 5143 sangui-

600 5155 674 5207 nis
702 5150 823 5206 Jesu
847 5147 1037 5204 Christi
1063 5150 1115 5202 in
1135 5147 1249 5201 Vat.
1268 5146 1441 5216 Hisp.,
1468 5144 1620 5211 lsid.,
1648 5144 1845 5199 Veron.
1876 5147 1945 5201 b8
1973 5154 2028 5201 et
2054 5146 2168 5201 Vat.

602 5224 758 5279 i522.

673 5292 691 5329 ί
734 5291 902 5415 Codd.
950 5290 1160 5360 utrique
1211 5287 1512 5344 Vindebon.
1567 5286 1768 5341 addunt
1816 5287 2005 5342 Christi
2049 5295 2173 5357 post

673 5380 781 5415 rem
848 5379 955 5415 esu.

600 5379 781 5419 vocem
809 5379 955 5415 J88“.

669 5444 693 5483 s
726 5434 837 5487 Duo
850 5432 1006 5487 codd.
1022 5432 1221 5487 Veron.
1240 5430 1537 5499 etRatisp.,
1559 5439 1616 5483 et
1634 5429 1741 5494 hic,
1767 5438 1819 5483 et
1841 5439 1960 5496 post
1976 5443 2166 5498 pauca,

597 5507 711 5560 vicit
735 5520 830 5573 pro
848 5505 1020 5557 vincit.
1040 5503 1193 5565 Dein,
1211 5502 1339 5571 ﬁdes
1366 5512 1541 5554 nostra
1569 5517 1665 5569 pro
1694 5501 1820 5569 ﬁdes
1846 5511 2010 5555 vestra
2037 5503 2174 5556 scri-

597 5572 804 5647 psimus
827 5591 893 5628 ex
925 5575 1192 5647 plerisque
1220 5587 1281 5626 ac
1312 5572 1607 5647 potioribus
1638 5586 1902 5647 tnSs.cttm
1933 5572 2170 5647 editione

598 5643 768 5715 prima
794 5685 811 5709 ,
855 5656 906 5698 et
936 5643 1298 5715 Coticiliorum
1323 5684 1339 5707 ,
1369 5659 1431 5715 ac
1476 5645 1919 5715 interpretatione
1957 5643 2168 5700 Graeca.

598 5713 717 5771 Mox
733 5715 930 5771 Veron.
948 5715 1003 5780 8,
1029 5714 1325 5769 Vindebon.
1345 5714 1557 5769 collect.
1582 5715 1616 5769 5
1631 5713 1905 5783 etRatisp.
1924 5717 2172 5785 ignorant

600 5789 1028 5854 conjunctionem
1070 5796 1139 5839 et.
1194 5785 1251 5838 In
1299 5785 1503 5839 Joanne
1533 5785 1748 5854 quidem
1792 5793 1915 5854 post
1956 5800 2168 5841 versum

602 5856 1003 5915 antecedentem
1029 5856 1333 5913 immediate
1359 5855 1714 5925 subjiciuntur
1738 5871 1923 5911 versos
1948 5872 2170 5928 sequen-

2283 4792 2465 4850 dicere
2496 4792 2699 4848 debuit.

2357 4865 2377 4896 ⁶
2400 4865 2480 4938 ita
2504 4865 2626 4919 cod.
2650 4864 2796 4938 Bas.,
2819 4864 2972 4934 juxta
2995 4865 3265 4931 Latinum,
3295 4876 3537 4938 agnoscat
3553 4876 3597 4921 et
3628 4884 3905 4933 carnem;

2281 4939 2368 4991 καὶ
2396 4937 2445 4989 in
2479 4937 2706 5002 vulgatis
2732 4952 2835 4989 non
2865 4948 3109 5004 apparet.

2351 5007 2377 5086 ’ξ
2413 5007 2511 5060 Ms.
2550 5006 2705 5086 Bas._,
2757 5009 2806 5061 iv
2842 5014 2916 5079 τῷ
2945 5016 3154 5083 σταυρῷ
3187 5008 3319 5086 Eii-1c,»
3361 5012 3695 5086 ξεκρέμασεςο
3728 5029 3746 5086 ξ
3785 5026 3915 5081 quae

2280 5077 2468 5160 ultima
2485 5091 2585 5130 vox
2600 5077 2824 5165 habetur
2837 5077 2996 5131 etiam
3021 5077 3193 5134 tn'ms.
3215 5077 3349 5136 Ven.
3367 5080 3425 5144 2,
3447 5077 3711 5136 secundo
3728 5077 3868 5137 loco
3882 5097 3908 5144 ;

2282 5149 2454 5217 primo
2486 5164 2643 5206 vero.
2674 5149 2983 5222 ἐκρέμαστο.

2351 5219 2373 5251 ⁸
2410 5217 2753 5291 Codd.__Bas.
2802 5231 2853 5272 et
2912 5220 3041 5273 Ven.
3084 5220 3390 5288 secundus,
3439 5232 3691 5290 utroque
3752 5223 3914 5291 101:0,

2276 5293 2513 5365 νυγείσης
2542 5309 2554 5343 :
2581 5288 2813 5365 Venetus
2831 5305 2962 5344 vero
2987 5293 3209 5365 primus,
3232 5293 3531 5365 ἀνυγείσηςε
3552 5288 3729 5360 quod
3754 5288 3925 5365 certe

2277 5363 2586 5434 corruptum
2607 5376 2633 5411 a
2650 5363 2899 5434 ruu'ysiemc
2928 5377 2942 5424 ;
2974 5377 3091 5430 quae
3117 5364 3275 5417 lectio
3300 5363 3516 5418 minime
3528 5364 3925 5432 spernenda,

2277 5430 2772 5505 derivaturenim'a
2801 5434 3002 5501 νύσσω,
3033 5448 3227 5505 pungo.
3558 5430 3567 5432 “
3910 5430 3915 5431 ί
4004 5430 4005 5505 ὲ

2346 5504 2365 5536 ³
2407 5502 2504 5556 Ms.
2535 5502 2679 5566 8:13.,
2704 5510 2793 5557 τοῦ
2824 5509 2975 5558 Θεοῦ.

2347 5574 2390 5605 ¹⁰
2429 5572 2531 5653 Ms:
2561 5573 2710 5653 8.333.,
2743 5576 2802 5628 οὗ
2832 5575 3071 5653 φθαρτοῖς
3091 5576 3334 5653 ἀργυρίου
3362 5575 3397 5635 ἦ
3416 5575 3667 5653 χρυσίον
3708 5580 3937 5653 ἠγορά-

2272 5646 2451 5735 σθητε.
2482 5644 2577 5698 Ms.
2607 5642 2744 5699 Ven.
2775 5642 3026 5713 securim,
3060 5642 3289 5717 ut'roqite
3319 5642 3542 5715 ιοοόζόὺ
3561 5654 3713 5708 τοῖς
3754 5642 3937 5725 {acip-

2271 5737 2334 5774 το
2394 5756 2408 5769 .

2339 5738 2391 5863 ,ᾖ
2565 5785 2710 5863 βέλεσι
2742 5784 2907 5863 Ἰησοῦ
2936 5794 3189 5863 Χριστοῦ.

2350 5859 2391 5889 ¹¹
2434 5857 2533 5912 Ms.
2568 5858 2711 5927 Bas.,
2739 5864 2811 5935 μὴ
2839 5857 3221 5919 ίπανίστάσθω.
