4020 6352
264 442 358 496 777

1610 447 1940 509 EPISTULA
1980 450 2209 506 XXVIII.

3415 451 3519 506 778

253 572 388 631 sunt,
417 564 506 636 qui
533 563 877 619 testimonium
897 562 1046 631 dant,
1078 560 1310 630 spiritus,
1342 576 1497 631 aqua,
1528 564 1811 632 ctsanguis.

1929 568 2002 627 ζει
2030 566 2164 633 ἡμᾶς
2193 561 2292 616 ἀπὸ
2326 561 2497 620 πάσης
2529 559 2805 634 ἀμαρτίαςτ
2852 563 2937 616 καὶ
2979 562 3147 619 πάλιν·
3181 562 3311 621 αὕτη
3332 564 3517 623 ἐστὶνὴ

254 667 295 712 et
322 667 424 713 tres
454 674 616 711 unum
644 666 782 712 sunt.
813 656 1043 727 Spiritus
1064 655 1252 725 utique
1271 653 1735 721 sanctiﬁcationis,
1769 662 1824 710 et

256 749 468 820 sanguis
495 748 901 819 redemptionis,
931 757 985 803 et
1012 762 1145 818 aqua
1175 746 1506 816 baptismatis
1531 764 1543 799 :
1576 762 1693 816 quae
1720 746 1822 801 tria

254 855 412 896 unum
444 852 599 906 sunt,
632 850 687 895 et
716 840 985 896 individua
1014 847 1265 905 manent,
1309 840 1550 909 nihilque
1577 855 1761 894 eorum
1792 855 1824 894 a

253 932 326 987 sui
369 933 714 989 connexione
763 932 1096 1002 sejungitur;
1128 931 1250 1001 quia
1277 931 1542 987 catholica
1589 931 1823 986 Ecclesia

251 1025 338 1082 hac
364 1026 471 1080 ﬁde
491 1025 642 1092 vivit,
673 1035 699 1063 α
722 1026 820 1081 hac
845 1026 1007 1098 833
1034 1024 1269 1094 proiicit,
1305 1035 1359 1078 ut
1389 1024 1441 1078 in
1465 1022 1681 1079 Christo
1697 1023 1823 1079 Jesu

251 1133 339 1173 nec
366 1119 489 1175 sine
518 1134 648 1175 vera
689 1119 973 1174 Divinitate
1002 1117 1307 1174 humanitas
1332 1158 1345 1183 ,
1396 1132 1495 1174 nec
1536 1118 1655 1172 sine
1699 1132 1823 1173 vera

249 1210 495 1265 credatur
519 1211 854 1267 humanitate
880 1210 1161 1264 Divinitas.

1930 659 2033 715 νίκη
2081 659 2109 714 ἡ
2150 660 2399 714 νικήσασα
2429 656 2513 709 τὸν
2562 654 2760 726 κόσμον,
2803 657 2832 713 ἡ
2874 657 3050 717 πίστις
3088 658 3245 728 ἡμῶν
3282 657 3297 686 ⁸
3328 660 3411 710 καὶ
3439 658 3517 716 τίς

1932 750 2104 811 ἐστιν,
2153 745 2207 807 ὃς
2246 749 2434 805 ἐνίκησε
2476 748 2560 801 τὸν
2588 746 2810 816 κόσμον,
2865 749 2908 800 εἰ
2948 753 3015 817 μὴ
3047 747 3072 801 6
3124 748 3400 810 πιστεύων,
3440 746 3521 803 ὅτι

1931 840 1951 869 ¹
1977 840 2172 898 Ἰησοῦς
2202 840 2337 892 ἐστιν
2364 838 2389 892 6
2418 840 2544 897 ’Υιὸς
2587 844 2677 893 τοῦ
2710 844 2833 893 Θεοῦ
2859 852 2873 901 ;
2903 836 3051 898 οὗτος
3088 838 3113 893 6
3137 840 3414 914 ἐρχόμενος
3450 838 3516 894 δι’

1931 930 2133 992 ὕδατος,
2168 934 2255 985 καὶ
2279 931 2511 999 αἵματος,
2551 929 2750 989 Ἰησοῦς
2785 930 3023 1003 Χριστός’
3053 932 3147 983 οὐκ
3184 932 3231 983 ἐν
3269 938 3340 1004 τῷ
3368 928 3520 985 ῦδατι

1930 1024 2103 1095 μόνον,
2136 1023 2237 1077 ἀλλ’
2262 1024 2310 1075 ἐν
2338 1020 2491 1076 ὕδατι
2509 1063 2523 1086 ,
2558 1023 2644 1074 καί
2668 1020 2860 1089 αἵματι·
2895 1023 2979 1073 καὶ
3013 1020 3069 1075 τό
3099 1024 3297 1091 πνεῦμά
3323 1023 3431 1075 ἐστι
3459 1022 3518 1076 τό

1930 1121 2245 1190 μαρτυροῦν,
2278 1113 2297 1143 ³
2327 1112 2500 1172 ἐπειδὴ
2538 1114 2595 1167 τὸ
2626 1113 2824 1183 πνεῦμά
2862 1113 2998 1166 ἐστιν
3036 1114 3066 1169 ἡ
3112 1113 3331 1171 ἀλήθεια.
3364 1122 3519 1186 Τρεῖς

1930 1210 2024 1284 ’γάρ
2052 1210 2177 1261 εἰσιν
2208 1208 2253 1261 οἱ
2280 1214 2682 1285 μαρτυροῦντες,
2718 1207 2776 1261 τὸ
2803 1212 3020 1277 πνεῦμα,
3053 1210 3135 1260 καὶ
3160 1208 3215 1261 τὸ
3242 1206 3398 1281 ὕδωρ,
3434 1212 3517 1262 καὶ

250 1300 422 1376 τὸαῖμα
476 1302 498 1334 ⁸
524 1308 610 1361 καὶ
640 1304 686 1359 οἱ
712 1312 845 1379 τρεῖς
886 1304 943 1359 τὸ
966 1302 1017 1358 ἕν
1059 1306 1200 1369 sict”
1237 1304 1296 1358 τὸ
1330 1309 1531 1373 πνεῦμα
1562 1300 1786 1361 δηλονότι
1816 1307 1906 1357 τοῦ
1938 1300 2219 1372 ἀγιασμοῦ,
2247 1303 2333 1354 καὶ
2361 1301 2418 1355 τὸ
2442 1296 2569 1371 αἷμα
2598 1309 2689 1361 τῆς
2718 1300 3041 1362 λυτρώσεως.
3065 1302 3149 1353 καὶ
3174 1302 3231 1355 τὸ
3258 1299 3394 1377 ὕδωρ
3422 1307 3518 1358 τοῦ

245 1390 617 1465 Βαπτίσματος·
655 1395 675 1425 ⁵
702 1393 834 1466 ἅπερ
876 1396 991 1470 τρία
1028 1394 1081 1448 ἕν
1128 1393 1257 1455 ἐστι,
1308 1396 1390 1447 καὶ
1437 1394 1691 1469 ἀμέριστα
1732 1393 1878 1463 μένεν
1924 1395 2009 1445 καὶ
2046 1390 2186 1445 οὐδὲν
2228 1393 2387 1445 αὐτῶν
2414 1392 2557 1445 δάπὸ
2602 1388 2767 1460 834
2792 1399 2882 1451 τῆς
2908 1393 3068 1447 αὐτῶν
3113 1394 3395 1467 χωρίζεται
3423 1415 3520 1447 συθ

242 1489 458 1556 ναφείαςο
516 1483 785 1559 ἐπειδήπερ
834 1486 865 1543 ἡ
908 1484 1134 1542 καθολικὴ
1185 1483 1449 1542 Ἐκκλησία
1476 1486 1526 1535 ἐν
1557 1486 1719 1543 ταύτῃ
1758 1487 1840 1557 ζῇ,
1881 1486 1961 1535 καὶ
2006 1482 2280 1558 προκόπτει
2320 1489 2381 1556 τῇ
2421 1484 2611 1537 πίστει.
2650 1478 2755 1536 Ἰνα
2784 1483 2803 1512 ⁷
2834 1486 2962 1552 μήτε
3011 1481 3143 1553 δίχα
3184 1492 3274 1545 τῆς
3297 1485 3508 1544 ἀληθοῦς

241 1575 467 1637 θεότητος
500 1576 522 1608 ⁸
552 1578 583 1633 ἡ
620 1575 964 1647 ὼθρωπότης,
1000 1579 1125 1646 μήτε
1165 1572 1297 1645 δίχα
1334 1583 1426 1635 τῆς
1466 1575 1675 1635 ἀληθοῦς
1704 1575 2093 1648 ἀνθρωπότητος
2122 1574 2142 1604 ⁸
2168 1576 2197 1632 ἡ
2226 1574 2398 1634 θεότης
2424 1576 2754 1631 πιστεύηται.

303 1668 432 1724 ϐυ.
469 1668 556 1723 VI.
588 1668 834 1739 Eutychis
859 1684 1016 1739 prava
1060 1676 1104 1721 et
1140 1665 1358 1721 subdola
1397 1668 1669 1737 confessio.
1704 1666 1817 1732 Qua

242 1761 452 1823 ratione,
486 1760 531 1815 si
561 1760 830 1829 resipiscit,
853 1761 1195 1814 communioni
1222 1762 1286 1814 sit
1324 1760 1687 1814 restituendus.
1722 1759 1818 1813 Le-

240 1853 339 1922 gati
385 1853 667 1906 mittuntur
706 1853 758 1905 in
793 1851 1071 1906 Orientem.
1104 1882 1175 1893 —
1200 1853 1333 1906 Cum
1366 1861 1543 1906 autem
1571 1850 1599 1891 δ
1629 1852 1695 1905 ad
1738 1852 1817 1905 in-

240 1945 652 2002 terlocutionem
694 1946 962 2001 examinis
1000 1946 1165 2001 vestri
1196 1945 1469 2017 Eutyches
1518 1944 1816 2015 responde-

1994 1669 2123 1742 Πρὸς
2151 1668 2321 1740 μέντοι
2348 1687 2403 1737 γε
2434 1671 2525 1724 τήν
2547 1664 2802 1720 δωλαλιάν
2824 1674 2918 1742 τῆς
2941 1666 3192 1740 ὑμετέρας
3218 1668 3517 1741 ἀκροάσεως

1928 1758 1969 1788 ¹⁰
2001 1758 2026 1812 ὁ
2054 1760 2297 1829 Εὐτυχὴς
2322 1760 2631 1833 ἀπεκρίνατο
2650 1800 2663 1823 ,
2694 1739 3171 1829 λέγων’ὥομολογῶ
3210 1760 3265 1812 ἐκ
3305 1758 3393 1813 δύο
3422 1762 3516 1831 φυ-

1923 1872 2054 1905 σεων
2095 1856 2386 1923 γεγενῆσθαι
2440 1852 2523 1904 τὸν
2570 1852 2744 1925 κύριον
2797 1853 2936 1921 ἡμῶν
2983 1852 3083 1924 πρὸ
3123 1851 3507 1925 τῆς-ἑνὼσεως·

1927 1945 1965 1974 ¹¹
1998 1946 2128 2018 μετά
2156 1946 2326 2016 μέντοι
2353 1948 2441 2001 τὴν
2468 1944 2645 1998 ἕνωσιν
2672 1946 2787 2015 μίαν
2816 1946 2961 2015 φύσιν
2991 1914 3253 2014 ὁμολογῶ9
3266 1946 3512 2010 θαυμάζω

239 2037 323 2104 rit,
350 2037 542 2093 dicens
576 2056 588 2091 :
626 2036 884 2109 Confiteor
916 2054 980 2093 ea:
1006 2038 1203 2091 duabus
1234 2038 1429 2090 naturis
1452 2037 1608 2108 fuisse
1640 2036 1811 2089 Domi-

1928 2044 2016 2099 τήν
2062 2038 2225 2098 οὕτως
2266 2038 2558 2103 ἀλλόκοτον,
2592 2040 2674 2092 καὶ
2723 2037 2857 2092 οὕτω
2903 2036 3305 2113 διεστραμμένην
3336 2039 3512 2109 ὁμολο-

239 2144 356 2182 num
409 2139 641 2184 nostrum
681 2140 799 2183 ante
844 2129 1243 2192 adunationem;
1291 2136 1403 2197 post
1452 2126 1819 2181 adunationem

237 2235 348 2275 vero
388 2236 549 2274 unam
594 2231 835 2274 naturam
874 2220 1117 2291 confiteor
1146 2234 1165 2273 :
1194 2221 1358 2274 miror
1384 2226 1493 2273 tam
1531 2219 1818 2273 absurdam

240 2325 450 2387 tamque
491 2331 799 2386 perversam
831 2316 947 2386 ejus
974 2316 1369 2386 professionem
1402 2316 1546 2371 nulla
1571 2316 1817 2385 judican-

236 2407 360 2461 tiunt
391 2408 762 2479 increpatione
791 2408 1202 2479 reprehensam,
1231 2420 1285 2465 et
1321 2424 1627 2466 sermonem
1660 2408 1819 2463 nimis

237 2498 573 2571 insipientem
606 2512 628 2539 ε
659 2500 927 2571 nimisque
958 2501 1354 2571 blaSphemum,
1388 2498 1415 2537 ἀ
1438 2502 1512 2556 ita
1534 2501 1815 2570 omissum,

237 2594 383 2663 quasi
414 2592 547 2647 nihil
578 2594 718 2664 quod
762 2593 1058 2649 oﬂ'endcret
1086 2603 1230 2649 esset
1256 2593 1535 2659 auditum;
1568 2608 1688 2648 cum
1714 2604 1820 2647 tam

237 2685 396 2755 impie
426 2685 657 2740 duarum
692 2694 1001 2741 naturarum
1024 2696 1149 2742 ante
1179 2687 1603 2743 incarnationem
1636 2688 1822 2757 unige-

236 2778 376 2831 nitus
406 2778 501 2833 Dei
546 2776 715 2833 Filius
761 2778 923 2833 fuisse
967 2778 1199 2849 dicatur,
1236 2794 1395 2848 quam
1438 2779 1642 2834 nefarie
1675 2788 1822 2848 post-

234 2883 391 2939 quam
430 2869 656 2924 Verbum
685 2886 803 2924 caro
830 2874 1023 2941 factum
1057 2880 1152 2939 est,
1190 2878 1379 2925 natura
1416 2870 1470 2925 in
1497 2885 1562 2925 eo
1588 2871 1823 2941 singula-

236 2962 305 3017 ris
340 2964 626 3018 ssseritur.
659 2963 815 3030 Quod
861 2978 930 3019 ne
978 2962 1252 3034 Eutyches
1292 2963 1410 3018 ideo
1445 2964 1523 3018 vel
1560 2972 1709 3018 recte
1739 2962 1822 3018 vel

235 3052 594 3111 tolerabiliter
639 3055 870 3110 mstimet
913 3053 1144 3120 dictum,
1176 3059 1299 3122 quia
1347 3054 1494 3109 nulla
1525 3063 1699 3110 vestra
1741 3064 1823 3109 est

231 3149 505 3204 sententia
544 3159 569 3187 °
608 3149 965 3214 confutatum,
1017 3147 1396 3203 sollicitudinis
1444 3157 1548 3201 tuae
1593 3147 1824 3217 diligen-

234 3243 357 3299 tiam
384 3258 823 3308 commonemus,
858 3244 1024 3298 lrater
1052 3242 1391 3309 charissime,
1440 3250 1499 3296 ut
1544 3241 1590 3296 si
1622 3256 1719 3311 per
1745 3242 1825 3296 in-

232 3335 583 3405 spirationem
647 3334 1035 3392 misericordiae
1091 3334 1186 3390 Dei
1251 3334 1320 3389 ad
1393 3333 1823 3390 satisfactionem

1919 2135 2055 2205 γίαν,
2084 2130 2307 2205 μηδεμιᾷ
2344 2139 2443 2186 τῶν
2489 2130 2793 2195 δικαζόντων
2846 2132 3129 2205 ἐπιτιμήσει
3158 2131 3374 2196 δόξασαν
3404 2134 3515 2187 ἐπι-

1919 2223 2154 2295 λήψιμον·
2188 2225 2274 2278 καὶ
2292 2224 2379 2279 τὸν
2408 2222 2571 2283 οὕτως
2596 2222 2786 2297 ἄφρονα
2808 2223 2949 2295 λόγον
2971 2225 3017 2276 ἐν
3037 2223 3343 2299 παραδρομῇ
3372 2245 3514 2297 γεγο-

2107 2317 2148 2346 "
2189 2318 2257 2376 ὡς
2286 2324 2384 2371 τῶν
2425 2317 2765 2371 ἀκουσθέντων
2809 2315 2970 2371 οὐδενὶ
3016 2320 3509 2394 προσκρουσάντων·

1920 2339 2043 2372 νοτα
2058 2358 2071 2380 ,

1922 2407 2073 2464 ὁπότε
2122 2409 2207 2462 τὸν
2248 2408 2401 2463 αὐτὸν
2440 2406 2625 2482 τρόπον
2676 2409 2811 2463 ἐστὶν
2849 2406 3033 2466 ἀσεϐὲς
3064 2408 3121 2460 τὸ
3150 2407 3336 2479 λέγειν,
3367 2410 3434 2466 ὡς
3462 2408 3514 2461 ἐκ

1921 2500 2012 2556 δύο
2040 2504 2240 2575 φύσεων
2257 2501 2356 2576 πρό
2380 2512 2472 2561 της
2496 2502 2914 2577 ἐνανθρωπήσεως
2948 2500 2990 2531 ¹³
3020 2500 3045 2555 6
3075 2506 3345 2572 μονογενής
3374 2504 3512 2557 ἔστιν

1922 2595 2037 2654 Υἱὸς
2066 2600 2158 2648 τοῦ
2186 2600 2333 2655 Θεοῦ,
2366 2595 2544 2668 ὥσπερ
2574 2596 2714 2649 ἐστὶν
2735 2596 2968 2664 ἀθέμιτον
2991 2594 3047 2649 τὸ
3070 2592 3508 2659 διαϐεϐαιοῦσθαι,

1924 2688 1993 2745 ὡς
2022 2687 2151 2757 μετὰ
2174 2687 2233 2739 τὸ
2254 2687 2339 2740 τὸν
2368 2686 2512 2755 λόγον
2541 2686 2711 2755 σάρκα
2733 2686 2981 2757 γενέσθαι,
3007 2688 3098 2747 μία
3127 2692 3173 2739 ιν
3191 2687 3331 2757 αὐτῷ
3360 2688 3511 2757 φύσις

1922 2780 2076 2833 ἐστίν’
2114 2776 2241 2853 ὅπερ
2284 2774 2425 2838 ὅπως
2455 2772 2514 2831 ἂν
2539 2782 2607 2847 μη
2638 2778 2879 2847 Εὐτυχης
2910 2776 3087 2850 ὀρθῶς,
3106 2775 3148 2806 ¹⁵
3174 2776 3237 2834 ἥτ
3266 2771 3368 2831 ὀὖν
3397 2779 3511 2830 ἀνε-

1924 2880 2057 2934 κτῶς
2090 2872 2322 2945 ὑπολάϐῃ
2365 2872 2527 2945 ῥηθέν
2562 2868 2833 2944 ἐπειδήπερ
2870 2871 2920 2934 ἐξ
2958 2868 3192 2940 οὐδεμίας
3220 2872 3358 2939 ἡμῶν
3391 2871 3507 2923 ἐπε-

1926 2964 2199 3034 στόμισται
2226 2962 2415 3034 ψήφου,
2446 2969 2535 3021 τήν
2564 2971 2652 3021 τῆς
2682 2970 2775 3021 σῆς
2815 2962 3014 3033 ἀγάπης
3059 2962 3506 3031 ὑπομιμνησκόμεν

1924 3056 2203 3132 ἀκρίϐειαν,
2233 3054 2406 3128 ἀδελφέ
2437 3058 2726 3126 τιμιώτατε,
2766 3054 2871 3115 ἵνα,
2903 3056 2947 3108 εἰ
2985 3051 3069 3107 διά
3105 3060 3203 3107 τῶν
3240 3059 3330 3108 τοῦ
3373 3060 3503 3107 Θεοῦ

1925 3151 2192 3221 οἰκτιρμῶν
2216 3150 2287 3208 εἰς
2318 3148 2362 3178 ¹¹⁵
2392 3148 2657 3221 ἀπολογίαν
2702 3146 3026 3208 περιΐσταται
3055 3148 3120 3201 τά
3140 3154 3230 3200 τοῦ
3262 3147 3507 3218 πράγμα-

1924 3261 2031 3310 τος,
2064 3242 2095 3298 ἡ
2124 3242 2349 3312 ἀγνωσία
2379 3244 2467 3293 τοῦ
2512 3239 2729 3309 ἀμαθοῦς
2767 3238 3030 3312 ἀνθρώπου
3075 3239 3156 3289 καὶ
3185 3238 3287 3291 ἀπὸ
3316 3237 3507 3294 ταύτης

1927 3330 1974 3362 ¹⁶
1994 3340 2085 3392 τῆς
2104 3332 2288 3407 φθορᾶς
2314 3330 2443 3385 κατά
2464 3335 2553 3388 τήν
2576 3332 2761 3384 οἰκείαν
2970 3326 3503 3405 διὰνοιαν¹⁷καθαρθῇο

230 3490 462 3562 itemque
494 3491 546 3545 in
578 3490 877 3546 Vindehon.
907 3489 1120 3562 collect.
1143 3489 1198 3557 5,
1230 3489 1461 3547 secunda
1493 3505 1653 3544 manu
1679 3508 1691 3543 :
1738 3505 1804 3544 ac
1829 3491 1873 3554 Ο
1905 3488 2008 3553 ῑὶο,
2035 3483 2522 3562 sollicitudinis-tute
2548 3481 2869 3554 diligentiam
2901 3496 3295 3551 contntonentcs,
3320 3485 3495 3539 horta-

230 3561 514 3631 propterea
544 3563 915 3632 restringenda
935 3571 1019 3618 est
1040 3561 1316 3629 Quesnelli
1348 3562 1663 3631 propositio,
1697 3576 1803 3631 qua

230 3642 339 3687 not.
372 3635 437 3688 31
474 3633 759 3687 lcetionem
795 3634 961 3688 textui
992 3632 1248 3687 insertam
1272 3632 1535 3687 contineri
1564 3632 1807 3686 afﬁrma-

230 3704 300 3756 vit
320 3704 376 3757 in
394 3704 648 3759 omnibus
671 3719 825 3771 mss.,
842 3703 934 3759 sed
950 3703 1261 3772 explicanda
1286 3704 1352 3758 de
1374 3704 1644 3759 COdICibUS
1672 3706 1806 3757 suis.

229 3772 419 3829 Postea
452 3775 563 3828 duo
593 3775 753 3829 codd.
778 3774 974 3831 Veron.
1004 3785 1212 3842 utrique
1241 3774 1564 3842 Vindebon.,
1592 3774 1809 3843 Chigia-

231 3859 327 3915 nus
353 3860 419 3901 ac
444 3844 681 3914 RatiSp.,
713 3853 760 3898 et
785 3862 939 3915 aqua.
964 3845 1101 3898 Dein
1123 3844 1313 3899 Veron.
1332 3846 1421 3911 57,
1453 3848 1567 3899 Vat.
1592 3846 1808 3903 collect.

230 3911 278 3980 3,
295 3930 417 3969 cum
444 3919 552 3969 alio
571 3911 713 3981 Viat.,
743 3915 811 3969 Hi
830 3911 930 3969 tres
953 3932 1109 3968 unum
1136 3925 1275 3969 sunt.
1303 3916 1445 3971 Ε(ιὶιὶ
1467 3926 1589 3970 ante
1604 3916 1805 3983 Quesn.

230 4000 349 4041 cum
384 3987 705 4051 quibusdam
738 4001 893 4051 mss.,
927 3996 973 4040 et
1000 3986 1055 4039 Ιιὶ
1084 3996 1204 4039 tres.

299 4065 324 4092 ⁸
356 4056 478 4110 Hac
508 4073 603 4127 pro
630 4073 691 4110 ac
726 4060 1061 4125 reposuimus
1104 4072 1169 4110 ex
1215 4058 1384 4126 prima
1430 4056 1666 4112 editione
1689 4098 1705 4122 ,
1753 4065 1809 4111 et

226 4127 466 4199 quinque
486 4128 886 4199 antiquioribus
913 4137 968 4183 et
996 4127 1372 4199 optimisimss.
1415 4128 1534 4199 mox
1566 4142 1724 4182 voces
1754 4128 1807 4180 in

227 4195 434 4252 Christo
462 4198 590 4253 Jesu
616 4195 810 4253 desunt
839 4200 891 4253 in
921 4195 1105 4253 decem
1136 4198 1293 4252 codd.
1326 4209 1381 4253 et
1408 4199 1462 4253 in
1484 4198 1665 4253 Cra-ca
1690 4213 1808 4252 ver-

228 4268 402 4323 sione.
438 4269 619 4325 Prima
648 4270 813 4325 editio
839 4278 893 4324 et
926 4269 1224 4325 Vindebon.
1264 4269 1414 4339 Hisp.
1436 4309 1451 4335 ,
1496 4270 1551 4323 in
1581 4268 1806 4322 Domino

224 4326 349 4393 Iesu
372 4339 603 4394 Christo.

260 4354 349 4393 esu
372 4342 603 4394 Christo.

298 4409 324 4448 ιι
352 4410 501 4464 Editi
536 4420 661 4465 ante
690 4410 894 4478 Quesn.
933 4425 1053 4466 cum
1098 4425 1230 4466 mss.
1264 4410 1482 4465 collect.
1506 4409 1599 4473 24,
1626 4411 1695 4463 ad
1723 4410 1806 4464 in-

228 4482 647 4551 terrOgationem.
682 4482 817 4536 Vide
866 4491 978 4537 not.
1021 4481 1090 4538 52
1119 4485 1315 4548 Quesn.
1367 4481 1493 4535 P0st
1516 4496 1704 4549 pauca,
1734 4497 1809 4535 re-

223 4553 503 4620 sponderet
532 4568 628 4621 pro
652 4552 973 4621 responderit
1016 4554 1068 4606 in
1099 4554 1307 4607 duobus
1338 4566 1469 4606 mss.
1505 4551 1804 4606 Veronens.

224 4622 357 4697 bern
395 4624 445 4675 in
480 4631 709 4692 quatuor
737 4623 898 4678 codd.
928 4622 1079 4679 abest
1107 4639 1213 4677 vox
1254 4634 1506 4692 nostrum,
1540 4631 1596 4677 et
1622 4632 1807 4693 postea

222 4691 275 4743 in
294 4691 614 4764 decem'vox
643 4696 774 4764 ejus.

297 4773 317 4798 ε
355 4761 810 4835 Voces_nimisque
840 4764 1186 4835 blasphemum
1215 4764 1537 4819 omittuntur
1577 4765 1632 4818 in
1670 4764 1805 4820 duo-

222 4829 331 4905 bus
350 4848 487 4886 mss.
525 4829 746 4899 VeronI,
776 4838 827 4889 in
860 4829 979 4905 Vat.
1015 4836 1173 4900 1312,
1212 4836 1263 4888 in
1297 4835 1591 4888 Vindehon.
1621 4835 1769 4905 Hisp.

220 4898 272 4954 in
294 4901 379 4955 Ra
390 4905 515 4972 tisp.
546 4876 603 4957 et
623 4876 1263 4959 i‘t'ild’u'obu'su'l‘hu‘aneis
1281 4876 1802 4973 dieiﬁéﬁd'tﬁ'éiioi
1822 4879 1877 4940 Β

218 4974 367 5045 ratis,
386 4984 499 5045 not.
532 4972 617 5039 55,
653 4986 704 5029 et
732 4976 869 5045 apud
899 4974 1230 5030 Facundum.

288 5042 317 5079 ά
352 5044 491 5099 Vide
518 5058 633 5100 n0t.
673 5048 740 5100 54
768 5042 995 5112 Quesn.,
1027 5047 1116 5100 ubi
1138 5048 1355 5101 exhibet
1384 5044 1679 5101 variantem
1707 5063 1800 5103 co-

215 5112 357 5167 dicis
391 5116 551 5168 Corh.
582 5125 636 5169 et
654 5114 909 5179 Facundi,
929 5119 1068 5183 apud
1095 5133 1252 5186 quem
1281 5133 1425 5179 mox.
1461 5134 1575 5171 ante
1598 5121 1797 5172 aduna-

218 5186 416 5237 tionem
434 5187 627 5255 legitur
648 5203 744 5255 pro
764 5198 879 5240 ante
901 5187 1321 5255 incarnationem,
1352 5198 1409 5243 ut
1430 5190 1567 5243 idem
1589 5194 1797 5256 Queen.

218 5256 603 5310 animadvertit
632 5268 744 5311 not.
773 5256 863 5311 35.

289 5338 314 5400 ἐ
349 5326 488 5381 Cod.
524 5328 831 5391 Veron.58,
864 5331 1175 5400 confutatus.
1209 5330 1353 5396 Mox,
1386 5330 1667 5384 dilectionis
1698 5340 1799 5386 tua:

218 5397 543 5467 diligentiam
571 5400 760 5453 habent
790 5397 1027 5469 plerique
1048 5406 1208 5454 etiam
1236 5404 1560 5456 vetustiores
1580 5403 1797 5457 codices

215 5483 340 5522 cum
383 5470 543 5524 editis
584 5469 879 5525 Coiicilior.
920 5481 976 5525 et
1018 5470 1205 5526 Graeca
1246 5475 1514 5535 versione,
1550 5486 1647 5525 nec
1689 5489 1792 5527 non

212 5541 461 5609 quinque
510 5556 538 5592 a
572 5540 862 5607 Quesnello
908 5541 1109 5597 laudati
1154 5552 1261 5597 not.
1298 5544 1385 5599 '56.
1427 5544 1501 5596 Ex
1534 5542 1617 5596 his
1663 5560 1797 5598 non-

213 5611 351 5664 nulli
377 5612 585 5665 addunt
605 5614 762 5681 igitur
790 5621 910 5681 post
930 5627 1093 5669 voces
1119 5614 1407 5668 dilectionis
1437 5622 1557 5667 tuae.
1591 5613 1799 5669 Lectio-

209 5695 340 5735 nem
376 5691 559 5737 tamen
586 5684 882 5738 editionum
923 5683 1121 5741 Leonis
1160 5684 1279 5739 aliis
1318 5685 1476 5738 codd.
1505 5685 1795 5740 conﬁrmas

213 5760 323 5805 tam
361 5758 661 5820 praesertim
704 5754 1003 5810 Vindebon.
1037 5756 1251 5810 collect.
1284 5756 1318 5810 5
1357 5754 1565 5822 RatiSp.
1606 5767 1658 5809 et
1688 5755 1797 5810 Ro-

214 5836 399 5876 manas
433 5822 685 5878 Ecclesiae
727 5826 1068 5880 Lectionario
1094 5825 1219 5881 Vat.
1249 5824 1409 5890 58⁸56,
1445 5835 1624 5890 utpote
1643 5828 1797 5881 valde

212 5906 517 5965 congruam
547 5895 688 5949 haud
717 5895 1102 5952 excludendam
1135 5898 1456 5967 putavimus.
1486 5895 1661 5951 Prima
1684 5897 1796 5953 edi-

502 5989 781 6051 Ρηιιοι..
829 5990 985 6053 ων.

1917 3575 2053 3623 mur,
2087 3558 2247 3625 frater
2277 3556 2593 3617 charissime,
2623 3568 2729 3608 etc.

1987 3632 2003 3661 ¹
2046 3630 2139 3682 MS.
2180 3628 2323 3691 835.,
2355 3630 2434 3688 τίς
2462 3628 2602 3681 ἐστιν
2629 3625 2654 3697 6
2682 3630 2895 3686 νικήσας
2918 3626 2999 3681 τὸν
3030 3626 3233 3697 κόσμον.

1985 3703 2005 3732 ⁸
2046 3700 2143 3771 Ms.
2177 3699 2333 3761 8:15.,
2386 3695 2759 3771 Ἰησοῦςλέστιν
2784 3698 2822 3771 ᾃὸ
2864 3695 3147 3771 ἐρχόμενος
3184 3696 3237 3751 δέ
3286 3696 3491 3759 ὕδατοςι

1912 3770 2012 3827 Ms.
2042 3770 2172 3825 Ven.
2205 3770 2430 3836 primum
2461 3786 2563 3819 non
2596 3768 2753 3819 habet
2782 3768 2994 3827 Ἰησοῦς.

1985 3843 2006 3874 ³
2052 3842 2104 3913 In
2136 3855 2303 3913 marg.
2333 3838 2463 3892 edit.
2498 3839 2678 3913 ltum”
2704 3836 2781 3913 ὅτι
2808 3843 3025 3913 Χριστός
3051 3841 3187 3894 ἐστιν
3272 3840 3493 3899 ἀλήθεια.

1988 3912 2015 3985 ⁸7
2050 3912 2145 3965 Ms.
2179 3912 2310 3965 Ven.
2345 3910 2663 3975 secundum,
2698 3910 2868 3977 primo
2902 3913 3037 3973 loco,
3065 3913 3152 3965 καὶ
3182 3911 3229 3963 οἱ
3251 3920 3388 3985 τρεῖς
3418 3917 3491 3973 εἰς

1948 3985 1973 4038 6
2000 3984 2051 4038 ἕν
2077 3986 2196 4037 εἱσι.

2025 4006 2051 4036 ν
2077 4006 2196 4037 εισι.

1912 4006 1973 4039 το
1988 4006 2021 4089 σε
2050 4055 2148 4127 Μ»
2186 4052 2317 4127 Ven.
2344 4049 2673 4127 secundum,
2702 4050 2875 4127 primo
2906 4050 3057 4127 loco_,
3093 4049 3320 4127 cinia-rat
3349 4055 3489 4127 τρία.

1988 4129 2009 4159 ⁸
2050 4124 2206 4179 Deest
2226 4126 2391 4179 αὐτῶν
2419 4122 2472 4175 in
2500 4137 2601 4174 ms.
2632 4121 2762 4175 Ven.
2796 4123 2989 4191 prium.
3015 4120 3069 4173 In
3112 4120 3270 4173 Baéil.
3312 4120 3488 4177 au'tctn

1912 4195 2106 4265 legitur
2134 4196 2288 4250 αὐτοῦ
2319 4212 2349 4265 :7
2371 4210 2487 4265 qur
2512 4192 3133 4265 quidctnlet-tio_me|i0r
3158 4193 3311 4265 nobis
3341 4196 3489 4247 vidc-

1913 4263 2027 4328 tui‘,
2075 4266 2173 4317 nisi
2216 4264 2353 4333 quod
2386 4264 2545 4318 αὑτοῦ
2576 4279 2669 4330 pro
2693 4264 2850 4317 αὐτοῦ
2884 4263 3133 4316 libentius
3166 4263 3488 4330 legeremus.

1910 4335 1967 4391 In
1988 4354 2089 4390 ms.
2109 4336 2241 4390 Ven.
2270 4336 2526 4395 set-nudo,
2556 4334 2858 4403 utrobique,
2883 4334 3094 4401 ἑαυτῶν,
3126 4334 3268 4403 quod
3301 4334 3485 4389 itttleut

1910 4408 2133 4461 minime
2163 4404 2548 4474 spernendum.

1982 4480 2002 4509 "
2034 4478 2087 4532 lu
2123 4494 2292 4543 marg.
2339 4478 2467 4531 edit.
2507 4478 2660 4528 ltum.
2695 4483 2947 4528 notantur
2974 4474 3089 4527 haec
3120 4474 3304 4533 verba.
3353 4484 3490 4530 tam-

1908 4566 2066 4620 qualn
2099 4550 2413 4621 exciderint,
2451 4547 2498 4601 ἐν
2524 4554 2727 4621 Χριστῷ
2747 4546 2937 4605 Ἰησοῦ.
2972 4546 3032 4601 ι.
3067 4546 3300 4612 Scilicet,
3329 4546 3410 4602 ἵνα
3437 4549 3490 4603 ἕν

1909 4628 2115 4695 Xerxe
2137 4620 2305 4695 Ἰησοῦ
2330 4624 2479 4695 μῆτερ
2516 4620 2618 4695 "lc:

1980 4694 2002 4725 ⁸
2162 4690 2305 4765 llas,
2396 4689 2717 4765 ἀνθρωπότης
2746 4690 3065 4765 γνωρίζηται.

1979 4765 1999 4795 ⁹
2033 4762 2128 4813 Ms.
2166 4761 2202 4813 Β
2222 4755 2308 4827 ιε.,
2340 4764 2370 4820 ἡ
2398 4755 2568 4820 θεότης
2594 4755 2717 4814 εἶναι
2745 4755 3058 4815 πιστεύεται.

1982 4832 2027 4863 ¹⁰
2056 4832 2182 4885 Mss.
2227 4830 2345 4882 Βιις.
2380 4842 2434 4884 ct
2469 4831 2597 4885 Ven.
2634 4831 2927 4884 securidum
2965 4828 3267 4900 Utrobique,
3294 4833 3362 4893 ὡς
3391 4832 3491 4886 Εὐ-

1934 4927 1964 4958 υ
1973 4924 2073 4958 γης·
2094 4924 2416 4958 απεκρινατο.

1899 4922 2073 5004 τυᾶης
2094 4922 2416 4974 απεκρινατο.

2042 4974 2167 5026 Mss.
2204 4977 2321 5026 uis.
2354 4988 2405 5025 ct
2432 4972 2560 5025 Ven.
2590 4971 2882 5045 secundum
2914 4978 3143 5040 utroque
3175 4972 3313 5032 loco.
3354 4976 3486 5045 μετά

1901 5045 1955 5101 δέ
1984 5050 2075 5104 τὴν
2109 5045 2320 5110 imm;
2353 5059 2510 5113 quam
2542 5058 2721 5095 veram
2753 5042 3040 5097 lectionem
3072 5058 3191 5097 esse
3224 5045 3307 5097 vix
3332 5042 3489 5098 dubi-

1902 5126 2097 5171 tamus.

1977 5188 2018 5217 ¹’
2051 5186 2145 5240 Ms.
2192 5187 2339 5254 Bas.,
2373 5188 2440 5246 ὡς
2473 5192 2571 5241 τῶν
2619 5185 2967 5250 ἀκουσάντων,
3008 5182 3289 5240 ὄποτε’τόν
3342 5186 3489 5241 αὐτόν

1969 5258 2122 5313 ὀπον;
2147 5271 2417 5313 corrupte.

1900 5276 2122 5335 τροπον;
2147 5276 2417 5324 corrupte.

1979 5328 2022 5359 ¹³
2050 5328 2144 5383 Ms.
2180 5328 2372 5401 Βωηὸ
2402 5332 2667 5401 μονογενής
2696 5327 2831 5382 ἐστιν
2854 5327 3106 5398 ἀθίμιτον.
3127 5325 3486 5382 Amanuensis

1900 5401 2107 5456 scilicet
2139 5400 2225 5451 hic
2255 5400 2597 5453 dortnitntiut.

1979 5469 2133 5541 “Ms.
2157 5469 2303 5529 8:15.,
2326 5470 2480 5541 ἤγουν
2508 5470 2731 5530 ἀνεκτός.
2760 5466 2815 5520 1η
2846 5482 3011 5541 marg.
3046 5467 3173 5522 edit.
3207 5466 3364 5541 Rom.
3400 5467 3483 5523 εἴτ’

1902 5540 2007 5599 οὖν.
2038 5540 2214 5609 Atque
2238 5546 2307 5593 ita
2336 5539 2385 5592 in
2412 5558 2510 5596 ms.
2544 5543 2678 5597 Ven.
2703 5539 2940 5594 secundo
2968 5551 3197 5609 utroque
3221 5540 3361 5607 loco,
3390 5542 3483 5594 sed

1902 5613 2250 5681 conjunctim,
2287 5610 2472 5668 εἵτουν.

1980 5685 2022 5760 ff
2041 5682 2102 5760 _lI_t
2134 5698 2302 5760 marg.
2335 5687 2466 5741 edit.
2499 5684 3057 5760 Βοιηηπληροφορίανε

1980 5756 2023 5787 ³⁸
2040 5756 2140 5811 Ms.
2167 5752 2303 5812 Ven.
2330 5771 2440 5812 sec.
2461 5756 2765 5823 utrobique.
2789 5752 2881 5814 τῆς
2902 5752 3085 5826 φθορᾶς
3106 5760 3199 5813 τῆς
3214 5752 3360 5819 κατά,
3376 5760 3483 5806 etc.

1980 5826 2024 5860 ³⁷
2046 5826 2106 5883 In
2129 5843 2296 5890 marg.
2326 5830 2454 5885 edit.
2486 5826 2666 5889 Rom.,
2703 5828 2784 5881 iiii:
2809 5832 2906 5880 σοῦ
2934 5828 3049 5879 καθ.

2849 5988 2927 6051 25
