4020 6352
516 440 623 503 ’185

1627 431 1687 490 5.
1726 428 1965 487 LEONIS
2003 420 2214 485 MAGNI
2260 421 2630 483 EPISTOLIE.

3659 420 3767 480 ’184

512 570 631 627 quae
660 559 853 610 merito
880 544 1217 617 reprobatnr,
1247 546 1598 615 persuasione
1617 541 1914 609 discedere,
1945 555 2078 611 quo.

2203 537 2383 610 ὕφειλεν
2411 539 2511 591 ἀπὸ
2539 545 2630 597 τῆς
2670 534 2803 594 ἰδίας
2838 530 3167 593 συνειδήσεως
3194 540 3286 593 τῆς
3326 532 3477 597 ἀξίως
3524 530 3765 589 ἀποδοκι-

510 648 653 701 niam
686 654 860 698 tamen
890 641 1058 709 pietas
1083 647 1279 707 vestra,
1308 653 1427 705 quae
1460 637 1513 691 in
1544 636 1802 690 honorem
1833 632 1928 687 Dei
1953 633 2078 687 reli-

508 734 811 807 giosissiine
837 730 1151 787 catholicam
1179 729 1351 797 diligit
1368 728 1669 795 veritatem,
1699 736 1725 765 ι
1746 727 1883 795 apud
1910 725 2081 794 Ephe-

510 842 629 882 sum
660 824 939 880 constituit
969 822 1227 893 synodale
1254 821 1281 860 ι)
1300 822 1578 890 judicium.
1608 831 1665 875 ut
1691 820 1937 890 imperito
1966 818 2081 872 seni

510 935 573 977 ea
606 920 659 973 in
683 933 785 989 qna
835 917 997 971 nitnis
1034 915 1226 985 caligat
1265 916 1462 969 veritas
1508 914 1803 968 innotescat
1834 928 1845 965 :
1890 910 2082 965 fratres

506 1026 655 1067 meos
685 1021 706 1049 ο
739 1008 937 1065 Julium
985 1008 1329 1077 episcopum,
1358 1005 1520 1077 84],
1560 1014 1616 1061 et
1654 1006 1916 1060 Renatum
1957 1017 2081 1074 pre-

506 1104 813 1173 sbyterum,
846 1110 899 1156 et
932 1100 1100 1154 lilium
1135 1114 1311 1153 meum
1352 1096 1591 1152 Hilarum
1625 1098 1904 1151 diaconem
1937 1096 2078 1163 misi,

506 1194 595 1264 qui
629 1192 696 1247 ad
747 1193 918 1247 vicem
967 1190 1274 1261 praesentia:
1315 1203 1449 1243 mea;
1478 1203 1573 1257 pro
1599 1188 1794 1253 negotii
1828 1186 2082 1255 qualitate

507 1285 857 1350 sufﬁcerent;
908 1293 961 1337 et
992 1283 1083 1349 qui
1131 1278 1159 1319 ἀ
1190 1296 1313 1335 eum
1355 1295 1535 1336 secum
1567 1279 1841 1333 deferrent
1863 1277 2083 1347 iustitia:

508 1391 575 1433 ac
598 1375 944 1443 benignitatis
964 1370 1233 1436 affectum,
1260 1379 1317 1423 ut
1336 1370 1457 1437 quia
1487 1368 1722 1423 dubitari
1749 1382 1855 1421 non
1883 1376 2081 1436 potest,

508 1484 628 1541 quae
666 1472 737 1524 sit
771 1466 1079 1522 cbristianae
1105 1462 1463 1519 confessionis
1495 1462 1801 1531 integritas,
1824 1469 1879 1514 et
1920 1460 2083 1514 totius

506 1563 707 1621 erroris
751 1560 982 1630 pravitas
1019 1558 1363 1613 damnaretur
1400 1566 1496 1612 :et
1539 1555 1587 1611 si
1616 1556 1958 1624 resipiscens,
1990 1552 2083 1624 qui

506 1653 837 1717 deviaverat,
882 1659 905 1687 ε
933 1664 1034 1719 pro
1062 1650 1218 1704 venia
1260 1648 1608 1717 supplicaret,
1656 1645 2003 1703 sacerdotalis
2033 1645 2081 1700 ei

504 1744 879 1803 benevolentia
902 1741 1241 1807 subveniret;
1265 1756 1385 1796 cum
1416 1741 1465 1793 in
1490 1738 1673 1795 libello
1692 1754 1810 1803 suo,
1835 1753 1992 1806 quem
2015 1735 2082 1790 ad

505 1851 607 1891 nos
640 1837 804 1901 niisit,
857 1833 959 1888 hoc
986 1833 1175 1887 saltem
1204 1832 1305 1885 sibi
1336 1830 1402 1885 ad
1442 1830 1846 1900 promerendam
1874 1830 2082 1883 veniam

2182 632 2465 700 μαζομένης
2491 627 2777 683 ἀναλαϐεῖν
2804 624 2958 697 ὅμως,
2978 627 3184 699 ἐπείπερ
3205 626 3234 683 ἦ
3257 624 3479 700 ύμετὲρα
3505 625 3760 692 εύσίϐεια,

2183 724 2214 779 ἡ
2243 724 2312 781 εἰς
2342 727 2489 791 τιμὴν
2527 726 2615 774 τοῦ
2653 726 2779 775 Θεοῦ
2809 724 2898 776 τήν
2928 718 3301 775 εύλαϐεστάτην
3341 718 3605 776 καθολικὴν
3642 719 3767 777 ἀλή-

2183 813 2317 867 θειαν
2350 812 2363 841 ⁸
2397 814 2673 884 ἀγαπῶσα,
2702 811 2969 865 τετύπωσε
3023 806 3284 863 συνοδικὸν
3328 812 3602 882 κριτήριον,
3634 811 3768 865 ὥστε

2182 910 2255 975 τῷ
2284 903 2479 977 ἀπείρῳ
2522 904 2721 975 γέροντι
2762 905 2852 960 τὴν
2890 900 3137 959 ἀλήθειαν.
3170 902 3289 974 περὶ
3316 900 3376 958 ἣν
3405 900 3629 970 μάλιστα
3664 898 3768 955 διέο

2182 990 2417 1066 σφαλται,
2443 997 2900 1066 φανεροποιηθῆναι,
2930 994 3051 1052 τούς
3072 990 3311 1065 ἀδελφοὺς
3331 994 3449 1054 τοὺς
3468 994 3768 1068 ἡμετέρους,

2180 1086 2383 1139 Ἰούλιον
2417 1087 2502 1139 τὸν
2544 1086 2843 1146 ἐπίσκοπον,
2866 1087 2951 1137 καὶ
2972 1082 3191 1138 Ῥενάτον
3416 1084 3500 1138 τὸν
3536 1084 3773 1159 πρεσϐύ-

2184 1197 2350 1251 τερον,
2388 1180 2473 1230 καὶ
2499 1179 2585 1231 τὸν
2617 1178 2734 1247 ἐμὸν
2762 1177 2870 1231 uta»
2897 1175 3116 1231 διάκονον
3145 1176 3331 1251 Ἰλὰρον
3357 1178 3615 1250 πέπομφα,
3648 1179 3771 1238 τούς

2182 1270 2257 1327 εἱς
2285 1268 2440 1322 τόπον
2476 1269 2588 1341 ἐμὸν
2613 1271 2746 1323 κατὰ
2774 1276 2862 1327 τήν
2890 1274 2979 1322 τοῦ
3014 1270 3311 1343 πράγματος
3344 1270 3588 1328 ποιότητα
3617 1268 3771 1324 δυνα-

2182 1363 2357 1431 μένους
2382 1363 2569 1434 ἀρκεῖν,
2604 1362 2623 1390 ²
2650 1364 2733 1414 καὶ
2760 1362 3042 1430 ἰσχύοντας
3071 1360 3217 1414 αὐτὸν
3239 1362 3309 1419 εἰς
3332 1365 3419 1417 τὴν
3448 1367 3539 1415 τοῦ
3571 1358 3770 1415 δικαίου

2182 1455 2262 1505 καὶ
2282 1454 2464 1523 ἀγαθοῦ
2485 1459 2797 1524 μεταγαγεῖν
2822 1449 3059 1505 διάθεσιν·
3080 1449 3140 1504 ἶν’
3158 1448 3236 1505 ὄτι
3253 1471 3349 1526 περ
3372 1452 3775 1524 ἀμφιϐάλλεσθαε

2182 1547 2237 1599 ού
2262 1544 2507 1610 δύναται,
2548 1543 2568 1574 ³
2599 1543 2766 1599 ὁποῖόν
2809 1566 2860 1599 τι
2898 1546 3143 1618 τυγχάνει
3184 1552 3275 1603 τῆς
3314 1550 3413 1599 τῶν
3455 1553 3775 1615 χριστιανῶν

2183 1637 2443 1709 ὁμολογίας
2473 1639 2531 1692 τὸ
2560 1638 2819 1707 ἀκέραιον,
2844 1639 2932 1690 καὶ
2966 1639 3141 1695 πάσης
3178 1636 3485 1696 τῆς’πλάνης
3510 1637 3565 1690 τὸ
3592 1638 3775 1709 φαῦλον

2184 1728 2588 1788 καταδικασθεὶη,
2614 1731 2716 1791 καὶ,
2746 1726 2766 1757 ⁸⁵
2790 1732 2833 1782 εἰ
2862 1726 3173 1798 ἀνανήφειεν,
3205 1724 3259 1787 ὃς
3283 1726 3615 1789 πεπλάνηται.
3640 1730 3777 1804 ύπέρ

2189 1826 2489 1896 συγγνώμης
2534 1822 2901 1897 παρακαλέσων
2926 1861 2941 1884 ,
2972 1822 2993 1852 ⁵
3029 1827 3118 1879 τὴν
3164 1829 3264 1875 τῶν
3313 1822 3598 1876 ἐπισκόπων

506 1924 899 1993 reservaverit,
948 1933 1004 1977 ut
1046 1934 1417 1978 correcmrum
1473 1936 1533 1977 se
1578 1936 1700 1977 esse
1746 1919 2087 1991 promitteret

2203 1919 2416 1975 3on6siani
2446 1919 2797 1991 ἐπικουρῆσαι.
2828 1919 3064 1991 Ἐπείπερ
3095 1915 3141 1968 ἐν
3164 1922 3235 1986 τῷ
3263 1914 3444 1969 ἑαυτοῦ
3470 1915 3673 1987 λιϐἐλὶῳ
3700 1922 3779 1985 τῷ

507 2016 763 2088 quidquid
790 2025 969 2071 nostra
996 2017 1259 2070 sententia
1288 2014 1357 2069 de
1386 2015 1487 2081 his,
1512 2030 1631 2085 qua:
1658 2015 1797 2070 male
1816 2024 2085 2081 senserat,

507 2107 885 2178 iniprobasset.
945 2104 965 2143 ί
997 2105 1137 2172 Quid
1186 2115 1363 2160 autem
1401 2105 1667 2161 catholica
1708 2106 1950 2162 Ecclesia
1973 2106 2089 2160 uni-

509 2198 795 2254 versaliter
845 2197 914 2251 de
961 2208 1303 2251 sacramento
1362 2196 1653 2252 Dominicte
1704 2195 2090 2252 incarnationis

511 2290 698 2346 credat
721 2298 776 2344 et
813 2289 1025 2357 doceat,
1076 2288 1143 2343 ad
1171 2288 1388 2344 fratrem
1419 2297 1474 2343 et
1500 2288 1878 2359 coepiscopum
1907 2304 2087 2343 meum

507 2383 827 2440 Flavianum
858 2380 1070 2452 plenius
1090 2382 1368 2436 continent
1386 2382 1605 2451 scripta,
1636 2397 1754 2452 qua:
1786 2382 1931 2437 misi.
1954 2382 2088 2437 Data

508 2475 686 2531 idibus
727 2474 907 2540 Junii,
938 2474 1158 2529 Asturio
1195 2484 1250 2530 et
1277 2473 1576 2545 Protogene
1612 2474 1744 2530 viris
1774 2473 2089 2530 clarissimis

510 2564 840 2623 consulibus.

592 2805 620 2835 ⁸
652 2796 823 2852 Voces
844 2796 984 2868 apud
1004 2793 1265 2867 Ephesum
1286 2794 1477 2850 desunt
1500 2797 1551 2850 in
1572 2794 1693 2851 cod.
1725 2792 1932 2865 Ratisp.
1964 2800 2019 2850 et
2038 2793 2093 2849 in

511 2870 697 2926 Graeca
725 2868 992 2922 versione.

583 2939 609 2978 δ
640 2939 780 2993 Editi
812 2948 936 2992 ante
981 2936 1177 3003 Qnesn.
1225 2951 1346 2991 cnm
1388 2935 1587 3006 aliquot
1616 2950 1747 2990 mss.
1777 2936 1937 2990 etiam
1955 2936 2097 2994 anti-

508 3010 755 3081 qniorum
791 3007 1521 3081 collectiomnn,Aconcilium.
1571 3006 1905 3081 Retinuimus
1945 3007 2093 3081 judi-

511 3078 674 3144 έξωη,
698 3084 837 3149 quod
863 3079 1181 3146 Qnesnellus
1213 3078 1753 3149 induxitauctoritate
1772 3080 1893 3131 cod.
1918 3078 2088 3132 Grim.

510 3164 565 3208 et
586 3155 741 3207 unius
768 3151 1005 3204 Thnanei
1034 3151 1102 3203 ab
1130 3163 1195 3203 eo
1220 3148 1435 3216 allegati
1474 3160 1588 3204 not.
1619 3148 1690 3211 ἃς
1721 3150 1917 3217 quippe
1943 3164 2090 3203 eam-

513 3223 635 3278 dem
662 3222 941 3275 lectionem
972 3220 1292 3273 confirmant
1321 3225 1502 3271 noster
1522 3218 1799 3285 Ratispon.
1824 3228 1879 3272 et
1901 3232 2091 3273 omnes

511 3293 669 3346 codd.
701 3290 1157 3360 prwstaiitissima:
1201 3289 1413 3345 collem.
1462 3289 1794 3344 Chalcedon.
1839 3304 1939 3344 nec
1983 3303 2092 3345 non

514 3363 698 3418 Graeci
734 3363 928 3415 versio.

587 3442 611 3471 ο
641 3432 738 3485 Ms.
766 3431 886 3486 cod.
927 3430 1225 3485 Vindebon.
1257 3431 1470 3486 collect.
1505 3428 1539 3483 5
1573 3438 1627 3484 et
1656 3429 1745 3483 alii
1786 3430 1998 3484 collect.
2026 3431 2088 3486 Η

514 3515 579 3556 ac
608 3500 698 3566 24,
721 3516 819 3555 nec
844 3516 947 3555 non
969 3499 1311 3555 Colhertinus
1332 3502 1468 3568 apud
1500 3501 1771 3555 Baluzium
1801 3518 1919 3553 cum
1935 3501 2095 3556 editis

514 3581 639 3626 ante
673 3572 898 3640 Qnesn.,
939 3569 1223 3625 lulianum.
1267 3571 1475 3635 Reliqui
1517 3574 1732 3625 codices
1769 3575 1961 3625 melius
1996 3570 2097 3624 Ju-

516 3642 1101 3711 lium,utvidereestex
1124 3650 1300 3695 annot.
1333 3640 1547 3711 81(Col.
1572 3641 1769 3702 779.n.
1789 3640 1838 3709 δ)
1856 3644 1906 3694 in
1930 3643 2088 3710 epist.

514 3712 928 3782 pracedentem.
970 3711 1226 3767 Similiter
1258 3712 1473 3780 quidam
1510 3712 1724 3782 codices
1760 3720 1815 3765 et
1858 3715 2093 3782 antiquae

515 3781 782 3838 editiones
800 3783 998 3853 Leonis
1029 3782 1186 3850 paulo
1216 3790 1336 3852 post
1371 3782 1569 3837 habent
1612 3781 1870 3836 Hilarium
1898 3781 2095 3853 perpe-

520 3868 630 3908 ram
660 3869 755 3920 pro
786 3852 1047 3907 Hilarum.

586 3920 615 3960 d
645 3923 757 3977 Duo
785 3924 944 3978 codd.
966 3940 994 3977 a
1018 3922 1309 3994 Quesnello
1331 3923 1547 3993 allegati
1578 3924 1631 3978 in
1654 3923 1913 3994 margine,
1929 3940 2099 3978 meum

522 4008 691 4048 secum
716 3994 998 4061 ferrem...
1029 3992 1290 4061 aﬂ'ectum.

592 4073 616 4101 ο
646 4063 703 4118 ln
731 4064 1009 4134 Ratispon.
1044 4071 1194 4119 deest
1233 4080 1326 4134 pro
1354 4065 1520 4119 venia.
1554 4064 1673 4119 Mox
1705 4065 1757 4119 in
1791 4064 2092 4121 Vindebon.

2191 2012 2319 2086 πρὸς
2343 2012 2477 2081 ἡμᾶς
2506 2009 2843 2064 ἀποσταλέντι
2867 2006 2887 2037 ⁸
2907 2012 2993 2065 καὶ
3019 2013 3169 2062 τοῦτο
3200 2006 3362 2079 ἔαυτῷ
3389 2009 3515 2083 πρὸς
3540 2010 3597 2062 τὸ
3626 2010 3782 2070 ἀξιωο

2189 2104 2332 2163 θῆναι
2359 2109 2652 2173 συγγνώμης
2683 2100 2916 2173 ἐφύλαξεν
2943 2142 2958 2167 ,
2988 2096 3408 2173 ἐπαγγελλόμενος
3437 2099 3615 2155 ἑαυτὸν
3640 2098 3783 2174 διορ-

2189 2196 2333 2258 θοῦν,
2362 2192 2412 2248 si
2434 2216 2483 2249 τι
2510 2188 2620 2248 δ’ἀν
2648 2196 2677 2251 ἡ
2708 2193 2929 2267 ἡμετέρα
2955 2194 3126 2264 γνώμη
3156 2194 3274 2266 περὶ
3303 2188 3496 2246 τούτων
3515 2234 3526 2248 .
3560 2195 3677 2267 περὶ
3709 2188 3781 2245 ὧν

2190 2292 2350 2345 κακῶς
2375 2284 2579 2361 ᾔσθετο,
2608 2284 2626 2312 ⁷
2654 2281 3095 2353 ἀποδοκιμάσειεν.
3122 2282 3183 2334 Τί
3211 2279 3262 2336 δέ
3289 2282 3318 2339 tri
3340 2282 3567 2339 καθολική
3591 2282 3787 2342 Ἐκκλη-

2194 2381 2283 2434 σία
2312 2377 2525 2431 καθόλου
2556 2378 2673 2450 περὶ
2700 2381 2793 2429 τοῦ
2822 2376 2955 2429 θείου
3005 2378 3288 2447 μυστηρίου
3333 2383 3424 2433 τῆς
3470 2384 3787 2436 Δεσποεικῆς

2203 2473 2511 2547 σαρκώσεως
2538 2469 2785 2527 πιστεύει,
2821 2468 2901 2521 καί
2925 2464 3172 2529 διδάσκει,
3198 2472 3269 2537 τῷ
3296 2463 3487 2536 ἀδελφῷ
3515 2468 3671 2536 ἡμῶν,
3694 2469 3789 2522 και

2191 2562 2549 2634 συνεπισκόπῳ
2597 2562 2883 2635 Φλαυιανῷ,
2933 2561 3242 2633 σαφέστερον
3303 2559 3369 2615 τὰ
3419 2560 3791 2632 ἀπεσταλμένα

2190 2657 2473 2735 γράμματα
2496 2656 2749 2735 περιέχει.

2195 2794 2413 2850 collect.
2437 2793 2493 2857 5.
2516 2790 2791 2859 supplicet.

2272 2864 2293 2903 ί
2320 2862 2489 2918 Codd.
2536 2862 2696 2918 Corh.
2728 2870 2784 2917 et
2824 2861 3033 2918 Divion.
3074 2861 3307 2928 Balnzii,
3346 2862 3481 2930 Quid
3508 2870 3679 2917 autem
3716 2862 3790 2921 R.

2198 2935 2451 2989 catholica
2485 2934 2736 2994 Ecclesia.
2762 2933 2821 3005 id
2852 2942 2955 3000 est,
2987 2942 3046 2987 ut
3073 2933 3212 2989 idem
3242 2934 3486 3005 Baluzius
3512 2935 3794 3005 interpre—

2198 3015 2361 3070 tatur,
2397 3006 2532 3071 Quid
2558 3015 2730 3058 autem
2754 3002 2985 3057 Romana
3009 3006 3267 3059 catholica
3298 3002 3549 3059 Ecclesia.
3658 3002 3683 3013 ’”

2270 3078 2287 3109 ³
2342 3077 2456 3148 Ms.
2488 3075 2622 3130 Ven.
2653 3117 2674 3148 Α,
2725 3076 2933 3148 ἀγαπᾷς
2974 3077 3177 3148 Αοριίιῐιει
3220 3075 3383 3132 lectio
3412 3116 3427 3141 ,
3478 3086 3535 3131 et
3588 3074 3798 3133 Latino

2197 3150 2361 3203 textui
2398 3146 2721 3202 adamussim
2761 3146 3085 3202 contieniens
3109 3189 3125 3215 ,
3166 3149 3211 3202 si
3240 3161 3401 3216 supra
3444 3160 3539 3217 pro
3577 3148 3796 3217 elega-

2119 3204 2165 3270 C
2198 3229 2281 3275 ttir
2309 3220 2362 3278 ἦ.

2268 3291 2289 3321 ⁹
2316 3289 2386 3364 In?
2416 3304 2591 3364 marg.
2616 3286 2744 3364 edit.
2772 3285 2955 3364 Rom.)
2996 3290 3080 3343 καὶ
3107 3287 3241 3364 οξτω
3269 3288 3399 3364 πρός
3422 3309 3481 3364 τε
3512 3286 3794 3364 δικαιοσύ-

2196 3384 2281 3420 νην
2309 3363 2394 3415 καὶ
2432 3360 2797 3435 φιλανθρωπίαν
2835 3356 3105 3420 διαθέσεως
3131 3356 3376 3430 ἔχοντάς,
3408 3361 3541 3415 ὥστε
3573 3358 3662 3415 ὅτι
3690 3381 3797 3434 περ

2198 3432 2443 3486 ἀμφιϐἀλ.
2463 3471 2478 3486 .
2508 3444 2613 3485 etc.

2210 3433 2446 3491 ὶμφιϐἀλέ
2463 3471 2478 3491 .
2508 3433 2613 3485 etc.

2198 3446 2443 3533 ἀμφιδαλ.
2463 3471 2478 3491 ,
2508 3446 2613 3485 etc.

2320 3503 2415 3555 Ms.
2446 3500 2579 3556 Ven.
2600 3540 2616 3566 ,
2647 3500 2789 3557 ποῖόν
2815 3520 2893 3558 τε.

2269 3571 2292 3603 δ
2323 3573 2397 3627 lia
2427 3571 2713 3625 scribimus
2741 3572 3059 3627 auctoritate
3087 3584 3191 3625 ms.
3236 3568 3371 3626 Ven.
3404 3568 3701 3641 Perperam
3736 3572 3798 3628 in

2200 3643 2364 3714 vulg.,
2388 3646 2431 3697 εἰ
2452 3641 2739 3714 ἀνανήφειν.
2768 3711 2798 3714 _
3002 3690 3005 3693 ,

2268 3710 2376 3789 ll’I‘n
2411 3729 2576 3789 marg.
2606 3710 2737 3767 edit.
2767 3711 2950 3781 Rom.,
2993 3714 3023 3772 ἡ
3043 3718 3143 3768 τῶν
3171 3710 3463 3768 ἐπισκόπων
3491 3713 3635 3785 αὐτῷ
3660 3713 3798 3789 βοῶ

2196 3789 2303 3859 θειᾳ
2321 3785 2678 3859 έπικουρήσαιε

2272 3856 2293 3886 ⁸
2319 3856 2373 3907 In
2400 3852 2565 3923 tnai'g.
2595 3856 2728 3908 edit.
2755 3852 2939 3915 Rom.,
2972 3852 3030 3908 ἂν
3058 3860 3321 3923 τοῦτομξι
3345 3852 3442 3908 Lat

2272 3926 2292 3957 ⁷
2310 3926 2396 3999 ΔΙιιι
2429 3922 2709 3999 legendum
2733 3924 2954 3980 omnino
2977 3940 3043 3979 ex
3074 3942 3173 3979 ms.
3200 3922 3332 3979 Ven.
3357 3925 3491 3981 Male
3514 3924 3566 3980 in
3596 3924 3798 3999 vulg.,

2200 3994 2616 4066 ἀποδοκιμάσειν.

1045 4267 1488 4330 ΑΒΜΟΝΙΤΙΟ
1530 4269 1610 4329 ΙΝ
1654 4268 2087 4331 EPISTOLAS

2203 4269 2585 4344 EQUENTES
2629 4269 2819 4331 XXX
2861 4270 2966 4330 ET
3011 4270 3253 4331 XXXI.

595 4395 651 4452 Ι.
688 4391 804 4449 Etsi
830 4391 948 4447 dua:
972 4404 1092 4461 quae
1117 4389 1181 4443 ad
1213 4388 1554 4461 Pulcheriam
1583 4388 1771 4461 eadem
1800 4389 1888 4461 die
1917 4404 1979 4442 ac
2004 4389 2073 4461 de
2097 4389 2283 4444 eadem
2318 4407 2374 4443 re
2401 4390 2615 4458 scripta:
2644 4389 2985 4444 inveniuntur
3010 4392 3269 4459 epistolae,
3301 4389 3505 4461 aliquot
3532 4405 3646 4446 non
3683 4401 3809 4450 tam

520 4464 808 4524 sententiis
836 4459 1004 4532 quam
1028 4460 1203 4515 verbis
1244 4470 1352 4532 Sint
1394 4459 1806 4532 pluneﬂsimiles,
1844 4460 1894 4512 in
1926 4459 2110 4514 multis
2142 4462 2485 4532 nihilominus
2516 4461 2823 4532 discrepant
2854 4464 2991 4515 inter
3016 4476 3109 4527 se,
3139 4470 3195 4517 et
3232 4459 3404 4515 altera
3437 4464 3507 4517 ob
3548 4466 3812 4521 insertas

520 4534 817 4593 additiones
842 4529 925 4604 est
954 4534 1111 4600 longe
1146 4530 1418 4599 prolixior.
1449 4529 1586 4604 Styli
1616 4540 1793 4583 autem
1823 4532 1958 4604 ratio
1994 4542 2049 4584 et
2088 4531 2331 4604 codicum
2364 4539 2521 4600 atque
2548 4531 2919 4604 collectionum
2944 4534 3282 4604 antiquarum
3313 4534 3630 4604 auctoritas,
3670 4539 3815 4604 qui-

522 4609 624 4663 bus
649 4616 873 4670 utraque
903 4602 1139 4664 fulcitur,
1168 4602 1710 4673 neQuaqtt:inisiiiii_nt
1740 4610 1797 4653 ut
1820 4601 2084 4673 alterutra
2110 4602 2198 4654 alii
2228 4619 2383 4672 quam
2414 4603 2578 4657 Leoni
2607 4602 2887 4657 tribuatur.
2922 4603 3258 4673 Exemplaria
3291 4612 3399 4657 tum
3430 4603 3649 4668 Latina,
3682 4601 3815 4661 tum

520 4680 705 4733 Graeca
735 4675 1115 4742 antiquissimae
1146 4672 1477 4725 collectionis
1506 4672 1568 4723 l7
1600 4671 2075 4742 Chalcedonensis,
2109 4684 2161 4726 et
2193 4671 2595 4741 ItatispOnensis
2622 4673 2871 4728 collectio
2900 4674 2986 4735 l9,
3022 4671 3214 4742 praeter
3241 4674 3613 4728 collectionem
3653 4676 3818 4730 duo-

521 4750 783 4801 decimam
828 4741 884 4798 et
918 4745 1227 4811 vigesimam
1276 4742 1591 4804 secundam,
1623 4741 1849 4808 primam
1893 4744 2170 4807 CpiSlttialll
2211 4745 2341 4798 satis
2370 4746 2677 4808 vindicant;
2704 4744 2916 4798 codices
2943 4741 3070 4797 vero
3106 4746 3480 4799 collectionum
3508 4744 3567 4809 2,
3599 4745 3670 4807 5,
3710 4747 3817 4810 il,

525 4817 611 4880 i2,
642 4817 728 4874 15.
759 4814 846 4877 18,
875 4815 962 4870 ‘20.
988 4813 1078 4877 2|,
1109 4814 1199 4883 {32,
1230 4811 1302 4867 25
1330 4820 1384 4866 et
1411 4812 1501 4871 24,
1535 4827 1655 4883 cum
1686 4812 1934 4878 exemplo
1968 4814 2234 4883 Sicliartli,
2266 4826 2320 4867 et
2342 4816 2589 4882 peculiari
2622 4828 2723 4867 ms.
2752 4814 2869 4867 Vat.
2898 4816 3113 4883 Regina:
3135 4814 3263 4882 295,
3287 4818 3509 4870 alterum
3536 4826 3816 4871 tuentur.

518 4888 628 4943 Cur
657 4900 845 4958 antein
866 4885 1053 4938 eodem
1099 4882 1204 4958 die_
1226 4884 1342 4958 duae
1373 4882 1634 4958 ejusmodi
1665 4884 1907 4958 epistolae
1937 4884 1999 4936 ad
2036 4882 2617 4958 Pnlcheriam‘tradita:
2645 4885 2864 4958 fuerint,
2894 4896 2947 4939 et
2974 4882 3092 4958 qua;
3124 4889 3290 4958 prius,
3322 4900 3443 4955 qua:
3470 4900 3665 4941 autem
3702 4901 3823 4958 po-

519 4958 718 5013 sterius
744 4955 942 5021 scripta
974 4952 1238 5007 censenda
1270 4954 1360 5015 sit.
1390 4951 1882 5022 ριιτίοειιιεῌὶιιῳιίιί
1911 4964 2104 5020 potest,
2135 4969 2289 5022 quani
2325 4955 2428 5007 nlla
2458 4957 2591 5009 satis
2624 4963 2730 5007 tnta
2764 4957 2967 5009 ratione
2992 4951 3229 5010 definiri.

590 5027 647 5080 2.
687 5020 1006 5096 Quesnellus
1035 5026 1098 5096 in
1148 5024 1312 5096 prima
1346 5024 1584 5096 editione
1614 5020 1768 5089 (Tom
1826 5023 1865 5075 Il
1908 5025 2085 5089 prima:
2113 5020 2238 5078 edit.
2271 5043 2388 5095 pag.
2423 5026 2551 5094 850)
2582 5025 2900 5079 existimavit
2943 5042 2973 5078 a
3021 5026 3269 5094 pontifice
3306 5026 3481 5094 primo
3523 5029 3822 5096 scriptam

520 5098 691 5151 fuisse
718 5095 999 5164 epi~tolam
1032 5092 1121 5153 30,
1152 5103 1206 5145 et
1246 5094 1310 5146 ad
1346 5092 1677 5145 PlliCitt‘l‘lam
1725 5096 2089 5164 transinissani
2126 5110 2219 5161 per
2250 5092 2473 5160 legatos,
2504 5092 2624 5149 cum
2668 5096 2841 5149 adhuc
2880 5092 3667 5160 Spes'nonnnlta'snperesset'
3690 5099 3830 5155 fore

522 5177 583 5222 ut
608 5163 843 5235 synodus
873 5165 923 5217 in
952 5176 1275 5216 conventum
1305 5163 1770 5235 simplicemannd
1799 5164 2316 5234 tion~tantinopnlim
2346 5181 2377 5219 c
2402 5176 2783 5219 ~tnnintaretur.
2817 5165 3016 5219 Idcirco
3040 5170 3183 5221 enini
3211 5168 3310 5219 sub
3344 5168 3501 5219 linem
3534 5168 3828 5234 ejusdem

522 5232 763 5307 epistolae
792 5236 1045 5305 scriptum
1080 5241 1271 5307 putat:
1304 5232 1409 5307 Sed
1442 5236 1495 5307 ei
1538 5234 1624 5307 qui
1666 5238 1717 5284 in
1756 5250 1924 5286 errore
1961 5246 2032 5287 est
2078 5232 2256 5307 melius
2294 5253 2395 5288 con
2416 5240 2605 5295 uletur.
2637 5238 2681 5288 si
2710 5238 2794 5289 ubi
2820 5238 3058 5307 desipuit.
3086 5237 3270 5291 ibidem
3297 5232 3605 5305 resipiscat;
3640 5249 3699 5293 et
3732 5241 3829 5293 ubi

522 5302 1275 5381 damnationem—meruit,_tllic
1304 5303 1674 5375 indulgentiam
1702 5318 2053 5381 consequatur.
2085 5305 2384 5381 Coin_vqro
2420 5307 2799 5373 impedimenta
2843 5302 3145 5373 inciderint,
3178 5307 3369 5381 quibus
3396 5302 3509 5361 iure
3548 5302 3834 5381 epistola

524 5377 820 5434 Pulcheria:
850 5375 969 5429 data
1004 5390 1109 5427 non
1140 5373 1326 5447 fuerit;
1358 5373 1595 5447 ejillétlelll
1620 5377 1922 5442 exeinplnni
1972 5379 2036 5427 ad
2084 5390 2201 5429 eum
2234 5373 2342 5430 Leo
2375 5378 2564 5430 iterum
2601 5385 2720 5442 post
2751 5373 3214 5447 pseudosynodum
3248 5373 3836 5444 Ephesinant'transi

522 5450 685 5503 misit
720 5462 770 5500 nt
806 5447 967 5513 liquet
994 5460 1056 5518 ex_
1082 5444 1240 5510 epist.
1277 5444 1360 5498 45.
1400 5444 1507 5518 llac
1531 5454 1719 5518 autem
1742 5448 2025 5518 occasione
2050 5461 2167 5501 eam
2197 5452 2473 5515 epismlnin
2504 5448 2687 5517 paucis
2712 5444 3112 5517 demptis-qua:
3137 5448 3206 5503 de
3239 5448 3477 5518 Eutyche
3496 5447 3622 5518 iatn
3664 5454 3841 5507 reci-

524 5520 751 5573 tavimus
777 5558 791 5580 ,
822 5516 1087 5569 Itnttttullis
1112 5523 1271 5569 etiam
1304 5524 1415 5568 nint
1436 5516 1519 5566 -tis
1543 5556 1556 5571 .
1588 5517 1876 5568 anctimein
1909 5517 1975 5569 ab
2007 5519 2119 5584 ipso
2154 5518 2329 5571 Leone
2361 5516 2550 5571 tactam
2580 5519 2742 5572 fuisse
2769 5516 3020 5583 censuit,
3049 5520 3122 5571 uti
3148 5528 3231 5572 est
3257 5516 3482 5586 epistola
3504 5516 3615 5572 3i.
3661 5523 3752 5577 At
3786 5525 3844 5581 si

523 5600 644 5659 post
667 5588 985 5655 Ephesinuin
1014 5586 1425 5639 latrocinitnan
1458 5588 1642 5659 eadem
1671 5590 1916 5652 epistola,
1949 5602 2070 5640 Clllll
2109 5588 2173 5641 ad
2210 5588 2542 5641 Pnlcherinm
2584 5592 2773 5642 iterum
2807 5590 2965 5643 nii~sa
2997 5588 3111 5650 luit,
3138 5590 3335 5657 aliquid
3366 5588 3548 5643 fuisset
3590 5592 3845 5650 immu-

522 5656 715 5723 tatum,
745 5662 882 5725 quod
916 5660 1138 5725 tempori
1171 5672 1232 5708 ac
1263 5656 1674 5710 t'lt'ClltIiSlalilli~
1703 5674 1803 5709 non
1834 5660 2060 5725 amplius
2083 5672 2424 5727 congrueret,
2457 5659 2581 5713 illnd
2613 5664 2794 5727 procul
2824 5662 2985 5715 dubio
3012 5656 3430 5714 additamentum
3457 5673 3568 5714 non
3610 5676 3845 5721 acces-

522 5733 842 5800 sisset,qno
869 5738 1084 5783 sanctus
1113 5728 1344 5795 pontifex
1376 5744 1433 5781 se
1463 5732 1529 5779 ah
1553 5730 1793 5781 adeunda
1823 5729 2086 5795 Ephesina
2114 5733 2320 5800 synodo
2350 5731 2627 5783 sollicitius
2661 5741 2897 5784 excusat.

594 5803 647 5855 3.
688 5799 833 5853 Hanc
859 5812 1035 5870 autem
1070 5800 1290 5870 primani
1321 5804 1637 5853 sententiain
1669 5801 1781 5867 ipse
1807 5801 2126 5866 Quesnellus
2146 5798 2388 5853 deseruit
2416 5803 2465 5853 in
2497 5801 2734 5854 editione
2762 5798 3015 5864 secunda,
3042 5808 3096 5855 et
3127 5802 3177 5856 in
3202 5800 3521 5855 contrariam
3554 5815 3847 5870 prorsus

527 5870 833 5927 nuinionetn
864 5868 1147 5935 transiens,
1173 5869 1349 5923 docuit
1376 5871 1654 5938 i‘pistolnttt
1687 5873 1973 5940 longi-irem
2002 5872 2062 5926 5t
2095 5884 2123 5924 a
2152 5870 2329 5926 Leone
2352 5871 2605 5940 scriptam
2634 5880 2688 5926 et
2716 5872 2935 5928 missam
2958 5870 3120 5927 fuisse
3142 5872 3208 5927 ad
3234 5868 3575 5928 Pulcltcrimi
3614 5878 3850 5949 statim
