4020 6352
513 359 609 419 νθι

1600 361 1651 417 S.
1696 358 1938 416 LEONlS
1969 357 2180 414 MAGNI
2231 354 2602 412 Εριετοωε.

3667 359 3769 416 70!

512 474 673 530 etiam
717 472 1014 541 ignorantia
1038 484 1229 541 graves
1278 484 1678 537 nonnumquam
1726 469 1912 525 incidit
1960 478 1985 507 ι
2032 469 2085 525 in
2112 473 2164 534 Α
2192 482 2387 524 eumve
2415 468 2635 525 ofﬁciai
2680 470 3059 541 hospitalitatis
3088 483 3195 528 non
3242 469 3448 538 abnuit,
3470 470 3557 527 vel
3604 471 3767 528 etiam

510 568 713 637 lapsus,
736 580 789 623 et
820 568 1131 637 plerumque
1160 566 1212 619 in
1241 566 1436 620 diaboli
1470 574 1574 620 rmt
1612 565 1826 621 foveam
1874 565 2083 621 incauta

511 661 845 731 simplicitas,
896 675 991 729 per
1020 674 1176 729 quam
1211 660 1518 730 supradicto
1546 659 1883 730 subrepsisse
1927 656 2083 714 intel-

508 751 619 820 ligo
644 750 886 819 spiritum
916 747 1187 816 falsitatis,
1213 748 1241 788 δ
1276 759 1330 804 ut
1355 750 1479 806 dum
1520 751 1751 805 aestimat
1777 765 1835 805 se
1861 750 2082 819 religio-

507 844 621 898 sius
637 842 705 897 de
726 840 847 897 Filii
867 843 961 897 Dei
980 843 1257 913 majestate
1277 843 1497 910 sentire,
1518 844 1562 899 si
1587 845 1635 900 ei
1652 854 1857 900 natura:
1885 854 2082 900 nostra!

508 933 793 989 veritatem
842 934 1021 989 inesse
1058 949 1161 988 non
1208 935 1433 1004 diceret,
1479 946 1503 975 ο
1548 946 1717 991 totum
1775 936 1903 991 illud
1942 936 2082 1005 quod

516 1024 733 1083 Verbum
764 1044 880 1083 caro
904 1030 1096 1099 factum
1120 1036 1215 1094 est,
1235 1030 1393 1085 unius
1421 1037 1579 1099 atqtte
1599 1029 1839 1099 ejusdem
1874 1036 2085 1098 putaret

505 1135 627 1177 esse
678 1120 1010 1176 substantiae.
1055 1121 1121 1174 Et
1160 1132 1419 1189 quantum
1470 1122 1744 1176 Nesmrius
1783 1139 1812 1176 a
1858 1123 2081 1179 veritate

506 1210 725 1277 excidit,
776 1212 899 1265 dum
945 1211 1214 1266 Christum
1264 1213 1331 1267 de
1370 1221 1541 1269 matre
1581 1214 1751 1268 solum
1807 1213 2079 1269 hominem

506 1301 533 1341 σί
564 1308 791 1361 asseruit
811 1315 1015 1372 natum,
1046 1316 1251 1361 tantum
1282 1308 1442 1362 etiam
1486 1308 1571 1362 hic
1600 1323 1627 1361 a
1667 1308 1932 1363 catholico
1976 1317 2081 1364 tra-

507 1398 637 1453 mite
665 1398 862 1461 deviat,
895 1400 983 1467 qui
1014 1399 1082 1453 de
1107 1399 1293 1453 eadem
1318 1401 1520 1470 virgine
1549 1415 1657 1454 non
1698 1410 1935 1455 nostram
1963 1415 2082 1455 cre-

506 1487 584 1542 dit
634 1490 829 1541 editam
869 1503 990 1541 esse
1032 1491 1422 1554 substantiam;
1473 1494 1664 1546 volens
1722 1493 1905 1561 utique
1960 1507 2080 1547 eam

506 1579 675 1633 solius
709 1580 932 1634 Deitatis
955 1579 1206 1652 intelligi-
1243 1591 1265 1618 ε
1293 1582 1510 1652 utquod
1539 1583 1761 1637 formam
1794 1585 1931 1641 servi
1961 1598 2081 1654 ges-

509 1668 598 1733 sit,
632 1680 684 1723 et
722 1670 864 1739 quod
892 1674 1057 1725 nostri
1082 1672 1268 1727 similis
1296 1674 1389 1727 fuit
1415 1684 1571 1743 atque
1597 1674 1909 1742 c0nl'ormis,
1943 1690 2083 1745 qua:-

505 1761 625 1816 dam
656 1772 854 1817 nostrae
880 1775 1081 1817 natum
1111 1765 1258 1819 tuerit
1288 1766 1482 1836 imago,
1516 1782 1621 1820 non
1651 1769 1865 1821 veritas.

2188 565 2489 635 appositum
2516 565 2699 619 cibum
2728 566 2956 635 sumpsit
2991 564 3338 638 (Gen.xvm).
3362 564 3469 622 Sed
3498 565 3600 620 illa}
3630 566 3765 621 ima-

2186 658 2335 728 gines
2364 656 2525 727 hujus
2546 656 2778 712 hominis
2799 667 2952 713 erant
2984 656 3011 696 ¹ί
3040 659 3262 726 indices,
3298 658 3453 729 cujus
3480 659 3762 715 veritatem

2186 765 2252 805 ex
2274 750 2689 820 praecedentium
2716 761 2924 823 patrum
2956 753 3122 824 stirpe
3148 754 3463 810 sumendam
3495 754 3768 826 signiﬁca~

2187 843 2360 898 tiones
2406 844 2647 915 mysticae
2702 845 3040 900 nuntiabant.
3092 846 3159 901 Et
3199 846 3321 902 ideo
3367 854 3765 904 sacramentum

2172 936 2643 1001 reconciliationis
2668 950 2866 993 nostra:
2896 950 3022 994 ante
3044 948 3286 1009 tempora
3318 949 3517 995 aeterna
3540 941 3765 1012 disposi~

2186 1039 2316 1090 tum,
2342 1029 2500 1083 nullae
2532 1030 2827 1097 implebant
2855 1031 3060 1100 figurae,
3089 1031 3214 1102 quia
3244 1031 3479 1085 nondum
3510 1047 3765 1101 superve-

2185 1130 2337 1173 nerat
2361 1119 2592 1188 Spiritus
2614 1133 2832 1175 sanctus
2865 1122 2918 1176 in
2952 1122 3244 1191 Virginem,
3275 1138 3373 1178 nec
3402 1123 3568 1179 virtus
3599 1124 3765 1179 Altis-

2184 1211 2305 1266 simi
2342 1212 2759 1268 obumbraverat
2786 1213 2914 1279 ei;l
2949 1223 3004 1267 ut
3027 1213 3162 1268 intra
3190 1214 3507 1269 intemerata
3529 1220 3760 1286 viscera,

2183 1311 2224 1340 αι
2258 1302 2555 1358 mdiﬁcante
2611 1304 2710 1358 sibi
2758 1304 3021 1371 sapientia
3073 1304 3295 1359 domum
3351 1304 3532 1374 (Prov.
3575 1321 3649 1369 ix,
3686 1306 3763 1375 l),

2182 1393 2416 1449 Verbum
2448 1408 2575 1449 caro
2604 1394 2756 1450 lieret
2787 1393 2967 1462 (Joan.
2999 1411 3041 1461 ι,
3076 1394 3199 1466 M);
3251 1404 3306 1450 et
3347 1394 3516 1450 forma
3566 1395 3662 1449 Dei
3702 1410 3768 1451 ac

2186 1488 2351 1541 forma
2376 1489 2515 1541 servi
2548 1487 2602 1541 in
2652 1502 2812 1541 unam
2841 1486 3194 1543 conveniente
3219 1501 3520 1557 personam,
3553 1496 3769 1542 creator

2186 1586 2489 1646 temporum
2517 1585 2827 1633 nasceretur
2855 1578 2908 1632 in
2940 1588 3215 1645 tempore;
3244 1586 3299 1633 et
3327 1593 3422 1648 per
3441 1594 3595 1648 quem
3626 1578 3769 1633 facta

2189 1677 2314 1724 sunt
2342 1670 2538 1736 omnia,
2563 1677 2592 1705 ιι
2624 1669 2739 1737 ipse
2762 1669 2900 1725 inter
2928 1667 3105 1723 omnia
3130 1672 3456 1739 gigneretur.
3487 1668 3598 1723 Nisi
3621 1670 3767 1724 enim

2186 1775 2355 1815 novus
2387 1763 2570 1825 homo,
2596 1760 2770 1815 factus
2801 1763 2853 1815 in
2885 1760 3293 1815 similitudinem
3330 1761 3507 1815 carnis
3538 1760 3766 1829 peccati,

575 1854 704 1910 CAP.
736 1855 797 1910 ll.
832 1886 900 1898 —
930 1858 1069 1911 Nihil
1105 1855 1126 1895 τ
1182 1865 1358 1912 autem
1410 1859 1626 1928 prodest
1671 1861 1950 1914 Dominum
1982 1876 2067 1915 no-

2186 1862 2423 1907 nostram
2454 1852 2752 1920 susciperet
2785 1863 3105 1908 vetustatem
3139 1893 3153 1917 ,
3196 1862 3251 1907 et
3297 1853 3769 1909 consubstantialis

505 1957 675 2002 strum
723 1948 892 2001 beata:
939 1948 1118 2003 Mariae
1176 1950 1409 2018 Virginis
1448 1950 1635 2016 lilium,
1681 1966 1866 2005 verum
1906 1953 2082 2021 perfe-

504 2048 755 2107 ctumque
779 2039 1046 2095 hominem
1070 2042 1270 2106 dicere,
1305 2042 1348 2095 si
1380 2058 1481 2095 non
1508 2044 1648 2097 illius
1677 2043 1888 2113 generis
1920 2043 2081 2099 homo

505 2131 760 2197 creditur,
792 2133 944 2199 cujus
974 2116 1025 2186 in
1053 2134 1339 2203 Evangelia
1365 2136 1707 2204 praedicatur.
1762 2135 1902 2190 Dii-it
1938 2139 2080 2193 enim

504 2224 816 2279 Mattbrcus:
850 2225 995 2279 Liber
1016 2228 1357 2297 generationis
1380 2225 1509 2282 Jesu
1538 2226 1727 2282 Christi
1768 2230 1863 2295 ﬁlii
1891 2230 2077 2299 David,

504 2317 602 2385 ﬁlii
622 2317 878 2371 Abraham
910 2316 1123 2389 (Matth.
1174 2334 1209 2381 ι,
1240 2319 1324 2388 l);
1368 2330 1422 2373 et
1477 2320 1547 2372 ita
1580 2319 1827 2374 humanae
1859 2321 2082 2392 originis

504 2408 749 2463 ordinem
779 2412 1042 2479 sequitur,
1076 2411 1555 2479 utgenerationum
1608 2412 1776 2466 lineas
1814 2427 1982 2481 usque
2012 2412 2079 2468 ad

500 2501 723 2572 Joseph,
752 2502 836 2555 cui
865 2510 1034 2556 mater
1063 2502 1274 2558 Domini
1308 2514 1421 2557 erat
1452 2504 1797 2572 desponsata,
1823 2505 2074 2560 deducat.

500 2590 674 2649 Lucas
705 2608 831 2647 vero
854 2602 1146 2648 retrorsum
1174 2596 1569 2650 successionum
1594 2597 1788 2662 gradus
1812 2598 2076 2666 relegens,

500 2684 573 2741 ad
603 2686 773 2754 ipsum
806 2685 1021 2741 humani
1065 2690 1277 2757 generis
1308 2689 1598 2759 principem
1645 2691 1782 2745 redit
1813 2691 1959 2761 (Luc.
1995 2707 2077 2759 tu,

500 2776 621 2847 23),
648 2778 888 2832 utAdam
921 2778 1147 2846 primum
1176 2790 1230 2834 et
1257 2779 1422 2834 Adam
1462 2783 1813 2837 novissimum
1837 2783 2075 2851 ejusdem

499 2868 749 2924 ostendat
770 2883 890 2923 esse
912 2885 1134 2925 naturae.
1163 2880 1187 2918 Β
1216 2871 1469 2926 Potuerat
1494 2889 1565 2943 qu
1590 2889 1691 2942 ppe
1740 2876 2080 2943 omnipoten—

500 2963 576 3018 tia
608 2962 729 3018 Filii
760 2963 850 3018 Dei
873 2964 949 3019 sic
969 2964 1034 3019 ad
1059 2966 1329 3020 docendos
1360 2964 1387 3002 δ
1413 2966 1893 3037 justiticandosqne
1913 2967 2076 3038 855

498 3056 746 3111 homines
775 3072 1055 3126 apparere,
1100 3059 1373 3128 quomodo
1399 3070 1451 3114 et
1492 3059 1808 3128 patriarchis
1858 3069 1913 3114 et
1953 3076 2078 3129 pro-

499 3147 675 3218 phetis
705 3148 758 3203 in
790 3151 968 3218 specie
991 3149 1203 3205 carnisi
1239 3152 1508 3220 apparuit,
1541 3166 1661 3206 cum
1688 3160 1779 3205 aut
1810 3151 2074 3207 luctamen

2186 1946 2357 2013 Patri,
2380 1948 2853 2002 consubstantialis
2877 1962 3000 2003 esse
3026 1947 3337 2017 dignaretur
3379 1956 3433 2001 et
3468 1948 3645 2013 matri,
3671 1962 3771 2002 na-

2188 2051 2468 2110 turamque
2502 2040 2603 2094 sibi
2634 2049 2871 2094 nostram
2903 2039 3051 2094 solus
3092 2053 3122 2093 a
3152 2048 3373 2108 peccato
3400 2038 3535 2093 liber
3564 2041 3766 2105 uniret,

2186 2135 2286 2189 sub
2304 2134 2432 2203 jugo
2461 2133 2660 2189 diaboli
2685 2132 3011 2203 generaliter
3040 2140 3314 2187 teneretur
3344 2131 3573 2185 humana
3597 2132 3770 2201 capti-

2183 2230 2354 2294 vitas;
2388 2236 2413 2265 ο
2444 2243 2544 2283 nec
2574 2229 2651 2282 uti
2693 2241 2976 2297 possemus
3013 2223 3393 2292 triumphantis
3431 2224 3676 2293 victoria,
3722 2225 3771 2280 si

2186 2331 2342 2378 extra
2373 2331 2606 2375 nostram
2637 2330 2779 2375 esset
2805 2327 3054 2375 conserta
3081 2331 3349 2374 naturam.

2254 2410 2384 2468 Cu.
2415 2412 2507 2467 Ill.
2536 2440 2607 2453 --
2632 2411 2709 2467 De
2735 2412 2835 2467 hac
2854 2420 3033 2467 autem
3058 2408 3505 2481 participationer
3538 2410 3771 2467 mirabili

2183 2514 2577 2561 sacramentum
2623 2505 2778 2560 nobis
2826 2504 3251 2575 regenerationis
3298 2504 3513 2569 illuxit,
3558 2511 3619 2557 ut
3674 2518 3774 2573 per

2183 2598 2356 2667 ipsum
2387 2599 2643 2670 Spiritum
2673 2614 2771 2668 per
2792 2614 2951 2669 quem
2982 2597 3228 2654 Christus
3264 2607 3319 2653 et
3356 2605 3647 2667 conceptus
3688 2604 3774 2653 est

2184 2700 2234 2746 et
2264 2700 2441 2760 natus,
2464 2692 2628 2745 etiam
2662 2705 2780 2759 nos,
2806 2692 2894 2760 qui
2922 2706 3019 2761 per
3040 2691 3532 2759 concupiscentiam
3583 2691 3769 2747 carnis

2182 2799 2368 2839 sumus
2398 2784 2583 2855 geniti,
2639 2784 2902 2853 spirituali
2932 2800 3119 2841 rursus
3155 2785 3363 2854 origine
3394 2800 3769 2842 nasceremur.

2187 2874 2414 2943 PrOpter
2442 2876 2588 2946 quod
2615 2876 2679 2930 ab
2712 2876 3039 2947 evangelista
3067 2877 3135 2933 de
3155 2878 3497 2933 credentibus
3527 2877 3728 2933 dicitur
3752 2896 3770 2935 :

2185 2968 2286 3035 Qui
2309 2986 2406 3021 non
2423 2984 2485 3022 ea:
2502 2969 2772 3038 sanguinib
2782 2986 2858 3035 us,
2880 2985 3040 3040 neque
3053 2986 3115 3024 ea:
3133 2971 3391 3025 voluntate
3404 2972 3593 3035 carnis,
3608 2987 3774 3042 neque

2181 3079 2244 3117 ea:
2273 3065 2531 3117 voluntate
2560 3064 2676 3131 viri,
2708 3063 2875 3135 856
2906 3065 2994 3118 sed
3024 3081 3086 3119 ea:
3116 3064 3221 3119 Deo
3238 3066 3344 3119 nati
3371 3074 3488 3119 sunt
3518 3063 3702 3137 (Joan.
3727 3080 3772 3131 ι,

2182 3154 2294 3221 15).
2320 3153 2483 3223 Cujus
2509 3154 2793 3208 ineffabilis
2815 3155 3000 3224 gratim
3036 3155 3303 3225 particeps
3334 3171 3436 3210 non
3466 3163 3569 3221 est,
3597 3166 3627 3207 (ι
3666 3172 3773 3214 nec

496 3239 617 3295 iniit
668 3238 821 3308 (Gen.
867 3256 1040 3308 xxxu,
1096 3240 1165 3295 24
1181 3241 1227 3313 ),
1264 3250 1355 3296 attt
1410 3256 1718 3297 sermonem
1767 3242 2071 3310 conseruit,
2100 3230 2146 3293 C
2180 3247 2433 3314 potestin
2458 3244 2690 3300 ﬁliorum
2734 3244 2831 3300 Dei
2866 3245 3157 3316 adoptione
3202 3248 3440 3313 censeri,
3464 3248 3711 3317 quisquis
3738 3263 3773 3305 a

571 3447 599 3476 η
625 3440 1061 3508 Praepositionem
1091 3442 1146 3495 in
1174 3456 1237 3496 ev
1265 3440 1386 3496 cod.
1420 3440 1541 3495 Vat.
1574 3440 1706 3509 Reg.
1739 3440 2067 3510 adjecimus;

496 3517 702 3583 etmox
734 3514 952 3582 foveam,
982 3528 1078 3583 pro
1111 3515 1280 3583 foveas
1303 3528 1367 3565 ex
1399 3512 1587 3565 eodem
1625 3511 1808 3583 codice
1843 3523 1894 3567 et
1947 3510 2067 3567 Vat.

496 3581 709 3636 collect.
741 3583 795 3636 ll
828 3581 1177 3651 prmtulimns.
1204 3582 1328 3636 Post
1355 3596 1522 3650 pauca
1559 3582 1687 3635 editi
1718 3592 1839 3637 ante
1864 3583 2066 3650 Quesn.

495 3664 618 3722 cum
645 3653 964 3722 quibusdam
989 3653 1183 3707 nostris
1211 3653 1394 3715 codd.,
1423 3654 1477 3705 in
1507 3652 1819 3722 supradicto.

566 3720 594 3759 δ
623 3720 753 3777 COd.
786 3723 902 3776 Vat.
948 3723 1164 3792 Regina:
1204 3722 1400 3776 omittit
1455 3732 1543 3786 ut;
1570 3720 1639 3775 iet
1678 3732 1800 3790 post
1846 3723 2067 3778 verbum

491 3793 678 3848 sentire
706 3793 864 3847 affixo
893 3804 1090 3862 puncto
1142 3793 1482 3860 prosequitur
1521 3809 1533 3845 :
1579 3793 1639 3847 Si
1689 3796 1821 3845 enim
1871 3804 2070 3848 natura

491 3874 699 3933 nostra,
733 3874 837 3918 ctc.
866 3863 1073 3933 Vulgati
1106 3873 1230 3918 ante
1273 3865 1474 3929 Quesn.
1508 3878 1629 3917 cum
1671 3877 1800 3916 mss.
1853 3865 2064 3918 collect.

489 3931 563 3985 24
592 3942 652 4005 et
668 3933 951 4005 Sicbardo,
975 3931 1081 4002 'pro
1120 3951 1223 3988 non
1267 3935 1477 4000 diceret,
1522 3943 1577 3989 et
1619 3945 1837 4005 putaret,
1868 3934 2068 3990 habent

488 4020 594 4057 non
620 4004 779 4069 dicat,
812 4013 864 4058 et
890 4014 1050 4075 putet.

563 4084 587 4112 ο
621 4075 811 4128 Totum
839 4073 1039 4129 scilicet
1065 4073 1191 4128 illud
1222 4073 1360 4143 quod
1388 4089 1455 4128 ex
1480 4083 1666 4127 natura
1702 4074 1860 4128 Verbi
1890 4086 1941 4129 et
1970 4093 2066 4131 na-

488 4154 605 4199 tura
641 4144 868 4198 hominis
900 4145 1058 4199 simul
1085 4144 1243 4198 uttitis
1274 4144 1467 4198 factum
1492 4157 1594 4205 est,
1628 4145 1753 4197 nihil
1787 4154 1869 4199 est
1894 4147 2061 4212 aliud,

486 4215 628 4284 apud
652 4216 967 4284 catholicos,
1000 4231 1156 4285 quam
1197 4216 1460 4278 Christus,
1494 4217 1656 4283 quiin
1701 4231 1801 4268 una
1839 4233 2063 4282 persona

486 4286 862 4357 complectitur
904 4285 1158 4357 quidquid
1188 4288 1457 4357 utrisque
1513 4285 1715 4338 naturis
1771 4292 2060 4357 convenit;

486 4357 629 4410 unde
658 4356 765 4411 Leo
793 4355 951 4425 epist.
984 4358 1106 4421 124,
1134 4355 1197 4407 ad
1228 4356 1559 4417 Palicstinns,
1586 4371 1635 4407 c.
1660 4356 1725 4408 7:
1760 4356 1869 4408 Nec
1900 4359 2062 4411 inter-

483 4438 593 4494 est,
640 4424 841 4495 inquit,
873 4444 936 4480 ea:
984 4444 1083 4496 qua
1127 4424 1356 4479 Christus
1405 4426 1691 4479 substantia
1738 4428 2056 4493 nominetur,

484 4512 601 4548 cum
630 4498 1053 4567 inseparabiliter,
1086 4507 1314 4549 manente
1348 4507 1539 4549 unitate
1567 4513 1813 4564 personat,
1838 4498 1970 4551 idem
1996 4501 2062 4553 sit

484 4576 535 4636 e_t
582 4578 712 4620 totus
765 4570 981 4621 hominis
1020 4567 1161 4636 ﬁlius
1199 4578 1403 4636 propter
1438 4582 1661 4631 carnem,
1704 4579 1747 4620 et
1797 4576 1930 4620 totus
1968 4570 2059 4622 Dei

484 4633 656 4707 Filius
676 4647 879 4707 propter
897 4633 1045 4690 unam
1069 4633 1363 4690 cum'Patre
1387 4636 1653 4691 Deitatem.
1680 4645 1741 4689 At
1769 4637 2055 4707 Entyches,

483 4706 639 4759 unius
666 4706 991 4776 ejusdemque
1017 4708 1328 4771 substantiae,
1381 4708 1429 4759 id
1470 4719 1552 4761 est
1602 4718 1828 4771 naturai,
1869 4706 2057 4772 putans

481 4776 625 4844 quod
659 4779 1023 4831 incarnatione
1047 4777 1203 4831 Verbi
1230 4779 1421 4831 factmu
1471 4787 1572 4840 est,
1602 4781 1766 4830 solam
1814 4789 2051 4835 naturam

481 4846 716 4899 divinant
745 4850 1045 4911 astrnehat;
1076 4858 1129 4901 et
1156 4848 1253 4900 hac
1285 4849 1489 4899 rati0ue
1512 4848 1811 4902 aestimabat
1852 4865 1907 4900 se
1934 4854 2053 4904 reli-

479 4917 670 4989 giosius
698 4919 765 4989 de
784 4915 912 4989 Filii
940 4920 1201 4989 majestate
1251 4919 1457 4989 sentire,
1489 4933 1550 4970 ac
1592 4919 1635 4971 si
1676 4934 1796 4971 cum
1850 4930 2050 4976 naturae

484 4987 727 5038 humana:
754 4986 851 5055 ipsi
882 4986 1040 5040 uiiitzi:
1063 4995 1257 5041 veritas
1284 4988 1586 5042 dedecoret.
1631 4990 1771 5041 Voce
1799 4998 1955 5043 totum
1982 4993 2048 5047 ad

482 5057 817 5128 indicandam
851 5072 1131 5125 personam
1156 5072 1185 5110 a
1208 5058 1475 5111 veteribus
1512 5060 1701 5111 usitata
1730 5061 2043 5128 lintychiaui

481 5127 858 5203 abolebantur,
886 5137 941 5179 ut
962 5137 1186 5203 naturas
1205 5129 1621 5203 confunderent:
1653 5131 1789 5184 unde
1816 5127 2047 5203 theologi

478 5198 724 5251 callinlici
759 5197 990 5251 Leonem
1022 5200 1190 5251 secuti
1222 5208 1382 5251 totum
1426 5199 1492 5253 de
1543 5204 1769 5263 naturis,
1816 5209 1949 5256 totus
1980 5197 2049 5260 de

479 5282 704 5339 persona
735 5269 1108 5332 prsedlcarunt.

548 5335 745 5411 fiEditi
803 5348 927 5391 ante
980 5338 1185 5411 Quesn.
1235 5355 1355 5393 cum
1406 5340 1607 5408 aliquot
1662 5342 2049 5411 posterioribus

475 5409 848 5463 collectionum
875 5408 1167 5473 codicibus,
1199 5412 1395 5463 asserit.
1433 5411 1553 5465 Mox
1585 5408 1679 5478 pro
1710 5415 1873 5466 deviat
1908 5431 2038 5469 mss.

475 5481 683 5550 collect.
711 5479 801 5546 2|,
847 5480 1081 5543 deviavit,
1136 5483 1209 5535 uti
1264 5482 1455 5546 legitur
1487 5484 1534 5534 in
1578 5484 1797 5550 epistola
1827 5494 2041 5541 antece-

472 5549 641 5604 denti.
686 5564 752 5603 ex
792 5564 896 5619 quo
944 5553 1082 5606 male
1131 5552 1183 5605 in
1229 5552 1345 5604 aliis
1395 5549 1627 5615 deviarit,
1675 5556 1755 5608 vel
1798 5555 2034 5611 deviaret.

473 5620 669 5697 postea
690 5622 809 5697 cod.
844 5621 1052 5697 collect.
1076 5624 1131 5675 ll
1160 5622 1385 5697 credidit
1402 5638 1495 5688 pro
1516 5626 1697 5697 credit.
1726 5626 1866 5679 Idem
1896 5628 2041 5697 lege-

473 5690 629 5742 batur
660 5692 708 5742 in
754 5690 1049 5746 Viudebon.
1093 5696 1308 5748 collect.
1356 5690 1408 5758 5,
1457 5694 1549 5747 sed
1600 5696 1835 5751 secunda
1878 5690 2039 5754 manu

473 5759 813 5813 emendatum
835 5764 1013 5817 credit.

545 5836 569 5864 ⁸
596 5828 649 5881 lu
676 5827 973 5886 Vindebon.
1005 5833 1213 5890 collect.
1255 5832 1310 5901 5,
1355 5842 1409 5888 ut
1438 5835 1491 5889 in
1528 5835 1664 5906 quod
1694 5838 1944 5906 formam;
1984 5839 2037 5895 in

2177 3442 2299 3521 Vat.
2327 3445 2538 3521 collect.
2565 3446 2860 3521 2tetapud
2893 3445 3313 3521 Sichardum,_ut_
3328 3448 3467 3517 quod
3493 3448 3545 3503 in
3566 3451 3768 3521 forma.

2175 3515 2325 3585 Alias
2350 3518 2615 3570 variantes
2645 3517 2799 3581 hujus
2833 3518 2927 3573 loci
2962 3518 3081 3570 vide
3112 3517 3247 3583 apud
3280 3515 3479 3585 Quesn.
3513 3515 3625 3576 not.
3653 3524 3712 3580 1.

2250 3586 2271 3624 τ
2300 3584 2522 3640 Codices
2545 3588 2755 3643 collem.
2791 3587 2843 3650 5,
2880 3590 2936 3643 ll
2963 3598 3015 3641 et
3042 3588 3133 3655 2i,
3161 3584 3347 3642 tamen.

2248 3665 2273 3703 δ
2307 3656 2420 3709 Vat.
2455 3658 2669 3713 collect.
2704 3659 2789 3721 ll,
2826 3657 3026 3712 Potuit.

2244 3724 2465 3804 lprdd.
2499 3731 2712 3804 collect.
2745 3730 2815 3782 24
2847 3730 3120 3798 omittunt,
3150 3729 3627 3804 justiﬁcandosque.

2253 3798 2269 3867 ξ
2310 3797 2442 3851 Vide
2463 3811 2573 3851 not.
2603 3800 2635 3851 2
2664 3800 2866 3867 Quesn.

2247 3866 2262 3937 ἰ
2308 3868 2507 3933 Quesn.
2541 3871 2592 3923 in
2625 3866 2826 3937 marg.:
2854 3872 2937 3925 Al.
2973 3872 3332 3925 humanitatis.

2242 3936 2268 4010 ξ
2294 3939 2421 3993 Mss.
2454 3941 2671 3996 collect.
2703 3936 2775 3997 2i
2803 3957 2921 3996 cum
2954 3941 3113 3997 editis
3136 3952 3261 3997 ante
3283 3943 3508 4010 Quesn.,
3541 3944 3765 4003 indicia.

2251 4006 2269 4045 1
2304 4010 2435 4088 (_‘.ud.
2469 4010 2796 4088 Vti‘ndebon”
2827 4023 2871 4066 et
2916 4022 2971 4066 ut
3000 4020 3153 4088 intra.
3185 4006 3371 4088 Melius
3400 4014 3452 4069 in
3496 4006 3768 4088 Vulgatis,

2169 4089 2226 4132 ut
2249 4091 2296 4133 et
2320 4081 2471 4133 intra.
2506 4082 2693 4137 Caeteri
2725 4095 2901 4137 tamen
2932 4084 3149 4138 codices
3179 4085 3363 4139 delent
3388 4094 3458 4140 et.

2240 4159 2278 4185 ω
2304 4152 2510 4222 Similia
2539 4152 2790 4218 leguntur
2820 4171 2904 4222 ep.
2931 4155 3022 4215 28,
3055 4170 3103 4209 c.
3140 4156 3192 4209 2.

2240 4228 2269 4256 η
2302 4220 2473 4275 Voces
2496 4223 2602 4296 ipse
2626 4225 2757 4296 inter
2785 4220 2957 4278 omnia
2978 4225 3123 4279 delet
3151 4226 3271 4280 cod.
3306 4225 3666 4296 Grimanicus,
3704 4240 3770 4288 ut

2167 4289 2374 4365 ραι-δίῃ
2406 4294 2604 4365 notavit
2631 4295 2681 4347 in
2710 4297 2969 4365 margine.

2242 4370 2267 4397 ο
2303 4362 2439 4415 Edili
2464 4362 2778 4431 Concilior.,
2822 4362 2910 4419 nec
2943 4365 3093 4418 aliter
3129 4368 3221 4420 uti.
3253 4367 3534 4423 Editiones
3563 4378 3755 4429 autem

2164 4429 2364 4503 Leonis
2396 4436 2711 4489 vetustiores
2759 4429 2877 4490 cum
2912 4451 3040 4491 mss.
3072 4438 3284 4492 collect.
3328 4439 3421 4503 24,
3462 4457 3551 4494 nec
3598 4441 3765 4498 aliter

2166 4502 2536 4577 possiderentus
2560 4505 2919 4577 triumphantis
2934 4508 3213 4560 victoriam.
3232 4502 3546 4575 Quesnellus
3562 4528 3727 4567 emen
3740 4546 3763 4558 -

2164 4572 2312 4644 davit
2341 4588 2405 4625 ex
2433 4576 2545 4627 suis
2575 4572 2730 4640 mss,
2755 4578 2946 4644 quibus
2974 4587 3027 4631 ct
3056 4580 3224 4633 nostri
3243 4572 3485 4635 i'cndiccs
3534 4580 3750 4638 favent.

2166 4643 2295 4715 l_)ein
2335 4644 2609 4715 editircum
2653 4643 2920 4715 plerisque
2963 4650 3162 4702 nostris
3214 4652 3487 4705 codicibus
3534 4666 3595 4705 ac
3640 4670 3763 4710 uno

2086 4737 2136 4798 υ
2163 4711 2589 4769 Theodariciano
2610 4711 2880 4798 Q‘uesnel’li
2905 4717 3102 4798 habent
3115 4722 3340 4798 confecta
3362 4736 3458 4790 pro
3489 4737 3758 4789 conserta,-

2164 4799 2324 4851 quam
2380 4801 2562 4839 vocem
2632 4786 2949 4853 Quesnellus
2998 4786 3221 4843 induxit
3247 4786 3470 4845 aliorum
3524 4786 3756 4850 suorum

2164 4854 2544 4923 exemplarium
2584 4861 2923 4918 auctoritate.
2973 4867 3031 4913 ttt
3061 4858 3245 4916 videre
3290 4872 3372 4915 est
3403 4871 3512 4917 not.
3545 4861 3600 4915 '5.
3636 4864 3756 4919 No-

2163 4934 2275 4977 ster
2305 4925 2463 4979 etiam
2518 4925 2940 4983 Vindebooensis
2985 4930 3155 4985 codex
3182 4932 3391 4987 collect.
3424 4933 3457 4988 5
3490 4933 3628 4990 hanc
3671 4938 3757 4991 leo

2160 4995 2392 5049 ctionem
2424 4996 2721 5053 conﬁrmat.

2230 5075 2258 5143 ξ’
2290 5066 2482 5143 Vocem
2516 5069 2817 5143 mirabiliin
2838 5069 3005 5143 editis
3036 5069 3326 5126 Concilior.
3376 5082 3652 5143 receptam
3695 5089 3755 5134 et

2157 5150 2188 5190 a
2216 5135 2506 5214 Quesnello
2541 5141 2762 5214 margini
2795 5141 3006 5195 afﬁxam
3049 5145 3439 5214 revocavimus,
3479 5135 3544 5197 c'o
3592 5150 3748 5214 quod

2160 5207 2411 5282 omnibus
2438 5210 2634 5262 nostris
2660 5225 2789 5282 mss.
2820 5214 3093 5282 probetur,
3120 5224 3343 5282 excepto
3375 5213 3496 5267 Vat.
3521 5207 3747 5274 collect.

2157 5278 2338 5353 2t_,_in
2360 5294 2475 5353 quo
2500 5294 2619 5353 cum
2650 5280 2809 5353 editis
2840 5281 3090 5336 Leoninis
3125 5278 3284 5337 etiam
3314 5285 3614 5353 Quesnelli,
3642 5291 3750 5343 mi-

2158 5348 2341 5424 rabile.
2359 5349 2726 5424 Mil;,irtdulsit
2754 5366 2849 5417 pro
2873 5354 3045 5424 illuxit
3076 5353 3128 5407 in
3153 5348 3357 5422 vulgat:
3381 5364 3507 5410 ante
3528 5348 3743 5424 Qtiesn.

2157 5427 2209 5471 et
2235 5419 2550 5486 quibusdam
2595 5426 2789 5475 nostris
2821 5423 2975 5478 codd.
3035 5434 3194 5488 atque
3246 5419 3580 5481 Crimanico'.
3630 5430 3745 5485 Alii

2150 5488 2255 5567 duo
2288 5491 2455 5567 nostEi
2490 5506 2552 5567 ac
2597 5500 2706 5548 tres
2751 5492 3020 5567 Quesnelli
3070 5509 3189 5549 cum
3236 5496 3472 5553 editione
3496 5498 3735 5567 Canisii,

2148 5559 2372 5631 induxit.
2405 5561 2596 5614 Conler
2622 5573 2798 5616 notam
2828 5563 2942 5631 ejus
2970 5564 3025 5618 4.

2221 5639 2248 5679 ιι
2279 5630 2484 5704 Vulgati
2522 5643 2646 5704 ante
2675 5630 2876 5700 Quesn.
2904 5651 3024 5689 cum
3080 5652 3207 5691 mss.
3253 5637 3467 5692 collect.
3498 5637 3593 5704 24,
3641 5656 3743 5695 nec

2147 5709 2307 5775 potest
2331 5701 2560 5775 ﬁliorum
2591 5702 2691 5775 Dei
2716 5704 3034 5773 adoptionem
3074 5707 3307 5775 consequi
3332 5701 3588 5774 quisquis,
3618 5717 3738 5768 etc.

2148 5769 2342 5846 Cteteri
2368 5775 2534 5846 nostri
2563 5774 2734 5846 codd.
2756 5769 3039 5831 lectionem
3065 5792 3094 5831 a
3120 5769 3412 5846 Quesuello
3447 5769 3736 5839 inductam

2147 5842 2391 5912 probant.
2425 5841 2556 5899 Vide
2586 5844 2826 5910 ejusdem
2855 5855 2968 5901 not.
3003 5848 3055 5903 5.
