4020 6352
234 376 335 439 m
1001 358 1027 389 .

1560 379 1921 443 EPISTULA.
1935 382 2120 443 XXXI.

3392 397 3495 462 ’ἕω

231 498 331 555 tida
346 508 473 585 sua,
512 493 627 585 hoc,
642 494 787 565 quod
814 507 917 585 nos
941 503 969 532 ει
999 494 1368 568 principaliter
1398 495 1595 564 salvat,
1626 500 1812 553 exclu-
1834 499 1888 559 Α
1916 501 2073 555 nimis
2128 503 2329 560 incerta
2387 508 2625 565 conditio
2667 523 2699 565 a
2752 517 2918 567 tantae
2968 510 3119 569 urbis
3159 513 3373 585 populis
3407 530 3496 575 me

231 586 317 645 dit.
345 582 503 643 Unde
525 584 755 641 multum
797 584 956 642 doleo
984 586 1318 656 multumque
1342 589 1637 643 contristor
1664 587 1811 658 quod

192 742 195 746 ,
230 678 309 735 hic
334 678 430 749 qui
455 685 615 734 antea
640 677 711 735 de
739 677 1058 734 humilitatis
1106 680 1382 750 proposito
1410 680 1699 735 laudabilis
1725 681 1808 736 vi-

192 752 471 849 pdebatur,
526 781 714 826 contra
758 770 971 825 unicam
1014 785 1163 841 spem
1214 780 1451 826 nostram
1495 782 1813 843 patrumque

199 870 531 920 ‘nostrorum
558 878 698 919 vana
743 874 797 920 et
844 863 1004 919 nimis
1032 862 1060 902 ι’
1109 864 1299 919 stolida
1336 866 1497 921 audet
1544 875 1805 922 astruere.

227 955 317 1024 Qui
350 964 374 994 ε
398 970 523 1010 cum
548 954 757 1012 videret
779 955 1102 1027 insipientia;
1132 971 1243 1011 suze
1270 972 1488 1013 sensum
1528 956 1813 1014 catholicis

227 1044 441 1101 auribus
489 1045 804 1117 diSplicere.
834 1062 1093 1105 revocare
1135 1062 1193 1103 se
1234 1063 1262 1107 a
1294 1061 1389 1107 sua
1437 1048 1689 1118 Opinione
1720 1050 1812 1106 de-

226 1136 442 1202 buerat;
474 1152 575 1193 nec
615 1138 688 1192 ita
728 1136 986 1194 Ecclesiae
1022 1139 1278 1208 przesules
1332 1154 1702 1205 commovere,
1752 1151 1813 1198 ut

225 1223 250 1265 ’λ
274 1226 635 1283 damnationis
678 1230 995 1285 sententiam
1020 1243 1321 1287 mereretur
1343 1234 1624 1304 excipere;
1651 1250 1810 1305 quam

227 1319 423 1391 utique,
448 1321 494 1377 si
527 1330 551 1359 °
578 1322 632 1376 in
664 1337 764 1377 suo
793 1337 955 1378 sensu
981 1325 1215 1382 voluerit
1247 1342 1583 1396 permanere,
1635 1330 1810 1385 nullus

225 1413 414 1484 poterit
462 1415 731 1472 relaxare.
777 1416 931 1471 Sedis
961 1419 1103 1473 enim
1162 1421 1473 1487 apostolicae
1511 1423 1811 1480 moderatio

226 1505 349 1562 hanc
371 1512 790 1579 temperantiam
830 1522 1031 1578 servat,
1066 1520 1124 1567 ut
1154 1523 1211 1567 et
1232 1514 1473 1570 severius
1520 1525 1641 1584 agat
1685 1531 1809 1572 eum

224 1600 519 1669 obduratis,
540 1610 593 1656 et
618 1603 832 1657 veniam
856 1604 1035 1673 cupiat
1069 1614 1330 1675 praestare
1358 1608 1639 1662 correctis.
1674 1608 1808 1675 Quia

223 1707 339 1763 ergo
370 1694 540 1749 multa
573 1694 704 1750 mihi
727 1695 921 1753 ﬁducia
952 1707 1034 1753 est
1071 1698 1140 1753 de
1164 1699 1379 1769 pietatis
1426 1709 1530 1755 tuae
1585 1702 1603 1740 ι
1638 1703 1807 1757 subli-

223 1784 455 1839 missima
485 1786 610 1853 ﬁde,
648 1788 879 1843 obsecro
926 1790 1216 1861 gloriosam
1260 1792 1598 1849 clementiam
1637 1803 1803 1863 tuam,

1915 592 2105 649 abesse
2130 610 2232 650 non
2255 598 2483 665 sineret;
2535 610 2590 657 et
2634 602 2687 656 in
2740 601 3169 673 desperationem
3198 606 3485 677 quamdam

1915 688 2076 743 animi
2109 691 2543 748 tumultuantium
2569 696 2931 764 mitterentur,
2966 698 3010 753 si
3039 696 3057 735 ι
3088 714 3183 768 pro
3208 700 3494 760 occasione

1915 795 2091 835 causae
2117 784 2497 840 ecclesiasticae
2525 788 2741 843 viderer
2790 790 3014 859 patriam
3056 800 3110 844 et
3139 792 3321 847 sedem
3364 804 3494 862 apo-

1914 874 2158 929 stolicam
2205 876 2344 931 velle
2387 879 2658 935 deserere.
2716 881 2848 947 Quia
2900 880 3063 950 igitur
3101 882 3166 937 ad
3224 883 3493 952 publicam

1915 967 2190 1023 utilitatem
2225 972 2546 1039 pertinuisse
2573 973 2917 1042 c0gnoscitis,
2943 984 2998 1028 ut
3016 976 3167 1031 salva
3195 976 3493 1032 clementiae

1912 1069 2111 1116 vestra:
2145 1064 2319 1127 venia,
2349 1065 2595 1119 charitati
2630 1081 2714 1119 me
2738 1075 2792 1120 et
2841 1067 3090 1134 precibus
3131 1067 3325 1122 civium
3384 1084 3488 1123 non

1914 1167 2196 1223 negarem;
2231 1156 2281 1210 in
2317 1156 2399 1212 his
2448 1157 2702 1213 fratribus
2736 1158 2888 1224 meis,
2915 1174 3047 1227 quos
3078 1161 3192 1214 vice
3224 1175 3340 1214 mea
3370 1161 3491 1216 misi

1912 1260 2000 1301 me
2031 1263 2243 1318 quoque
2271 1250 2459 1304 adesse
2489 1266 2611 1306 cum
2641 1253 2852 1306 caeteris
2893 1254 2979 1321 qui
3012 1253 3299 1318 adfuerint,
3351 1256 3493 1309 aesti-

1914 1350 2056 1395 mate
2088 1361 2098 1394 :
2125 1343 2318 1411 quibus
2348 1345 2638 1398 secundum
2672 1360 2888 1399 cansam
2935 1348 3065 1401 satis
3121 1346 3250 1400 mihi
3286 1362 3349 1401 ex
3394 1361 3491 1414 ge-

1912 1442 2115 1486 storum
2149 1438 2309 1497 serie,
2340 1446 2389 1488 et
2420 1435 2587 1503 ipsius
2631 1436 2700 1491 de
2746 1452 2851 1506 quo
2880 1438 3077 1505 agitur,
3135 1436 3488 1506 professione,

1914 1525 2253 1591 patefactam,
2305 1529 2581 1583 evidenter
2612 1538 2650 1565 ιη
2684 1538 2736 1583 et
2780 1530 2938 1598 plene
2990 1529 3115 1600 quid
3169 1531 3490 1586 servandum

1912 1628 2057 1672 esset
2085 1620 2313 1673 ostendi.
2372 1620 2483 1674 Non
2517 1622 2655 1675 enim
2685 1621 2751 1676 de
2804 1623 3136 1690 portiuncula
3166 1624 3338 1694 aliqua
3368 1624 3491 1681 fidei

1911 1719 2131 1773 nom-rc,
2165 1720 2191 1746 η
2223 1727 2339 1780 qnze
2366 1712 2538 1765 minus
2571 1713 2747 1768 lucide
2788 1714 3053 1768 declarata
3085 1716 3172 1779 sit,
3200 1717 3489 1786 qumritur;

1912 1802 2003 1855 sed
2068 1802 2224 1856 hocu
2276 1804 2590 1857 stultissima
2644 1806 2923 1859 resultatio
2979 1806 3138 1860 audet
3195 1809 3487 1879 incessere,

224 1878 431 1933 utsicut
460 1889 648 1937 sancto
667 1882 847 1937 studio
864 1892 959 1939 tuo
973 1886 1237 1943 catholica
1258 1888 1569 1957 praedicatio
1594 1905 1811 1961 semper
1840 1888 1889 1950 B
1916 1893 2056 1963 quod
2092 1895 2347 1950 Dominus
2378 1906 2403 1945 P
2434 1906 2619 1949 noster
2650 1896 2701 1950 in
2751 1898 2989 1951 Ecclesia
3036 1899 3303 1954 neminem
3328 1914 3491 1955 sexus

222 1970 396 2040 adjuta
426 1981 532 2037 est,
564 1974 635 2029 ita
685 1990 828 2031 nunc
884 1993 1097 2048 quoque
1146 1980 1260 2049 ejus
1293 1980 1476 2037 faveas
1522 1982 1799 2051 libertati;

222 2077 368 2133 quam
400 2062 544 2121 forte
583 2064 707 2123 ideo
748 2070 995 2139 permisit
1049 2071 1307 2128 Dominus
1361 2075 1461 2131 bac
1510 2078 1803 2135 tentatione

222 2156 437 2226 pulsari,
469 2168 531 2212 ut
554 2159 741 2229 quales
792 2162 930 2217 intra
983 2163 1278 2220 Ecclesiam
1332 2175 1359 2214 ε
1400 2166 1652 2236 laterent,
1676 2183 1801 2239 pos-

222 2257 332 2304 sent
348 2252 590 2322 agnosci.
623 2252 862 2320 Quorum
909 2256 1067 2325 plane
1098 2271 1207 2313 non
1232 2267 1317 2314 est
1349 2260 1668 2332 negligenda
1704 2278 1799 2319 cu-

221 2340 369 2406 ratio,
402 2336 436 2378 δ
465 2352 523 2397 ut
545 2358 645 2400 nec
674 2343 915 2414 ipsorum
944 2361 1042 2402 nos
1070 2350 1349 2405 contristet
1378 2351 1619 2407 amissio.

277 2432 411 2491 Cn.
469 2435 561 2492 IV.
614 2467 686 2479 -—
756 2440 1183 2511 Augustissimus
1235 2458 1364 2499 vero
1427 2452 1482 2499 et
1545 2443 1805 2500 Christia-

222 2526 472 2583 nissimus
518 2528 814 2600 imperator
873 2533 1099 2602 cupiens
1150 2549 1308 2604 quam
1359 2535 1645 2591 celerrime
1694 2547 1804 2592 tur-

222 2619 331 2674 bata
387 2621 687 2691 componi,
745 2622 1037 2694 episcOpali
1088 2625 1339 2693 concilio,
1402 2627 1545 2696 quod
1603 2628 1802 2697 Ephesi

223 2715 323 2771 vult
377 2715 593 2785 haberi,
646 2717 871 2775 nimium
925 2720 1089 2776 breve
1136 2730 1190 2777 et
1260 2731 1542 2791 angustum
1588 2731 1801 2794 tempus

222 2810 447 2881 indixit,
514 2812 660 2869 diem
733 2815 1082 2871 kalendarum
1153 2817 1516 2889 Augustarum
1583 2824 1796 2892 praesti-

221 2903 413 2960 tuendo
467 2905 795 2974 conventui;
826 2923 946 2963 cum
979 2906 995 2946 ί
1031 2923 1061 2963 a
1092 2910 1256 2965 tertio
1289 2911 1471 2967 iduum
1520 2911 1797 2983 Maiarum,

218 3013 311 3069 quo
336 2998 651 3055 serenitatis
671 3002 788 3070 ejus
814 2999 828 3052 i
862 3004 1061 3071 scripta
1090 3004 1446 3075 suscepimus,
1474 3008 1646 3076 major
1679 3023 1802 3078 pars

220 3091 396 3161 reliqui
444 3091 518 3147 sit
553 3094 812 3163 temporis
855 3095 1218 3164 absumenda,
1249 3107 1307 3153 ut
1344 3099 1602 3168 profectio
1633 3102 1799 3175 857

219 3184 582 3257 sacerdotum,
613 3188 703 3258 qui
748 3188 966 3258 negotio
996 3190 1285 3260 sufﬁciant,
1314 3193 1490 3248 valeat
1541 3196 1797 3251 ordinari.

1910 1986 2187 2055 utriusque
2230 1988 2400 2039 voluit
2441 1989 2711 2056 ignorare.
2755 1988 3031 2058 Siquidem
3085 1990 3194 2056 ipsa
3242 1990 3490 2046 catholici

1908 2077 2198 2147 qSymboli
2244 2079 2411 2149 858
2460 2078 2636 2133 brevis
2675 2089 2729 2132 et
2778 2079 3009 2147 peric-eia
3051 2080 3343 2147 confessio,
3370 2096 3491 2150 qua:

1906 2168 2187 2223 duodecim
2218 2171 2582 2237 apostolorum
2609 2171 2828 2226 totidem
2854 2182 2935 2225 est
2956 2174 3159 2241 signata
3183 2174 3485 2239 sententiis,

1907 2270 2015 2315 tam
2044 2262 2304 2315 lllSll’llCla
2332 2263 2403 2315 sit
2440 2263 2737 2316 munitione
2766 2263 2995 2328 caelesti,
3024 2274 3080 2319 nt
3101 2279 3287 2317 omnes
3318 2263 3489 2319 hmre-

1905 2353 2133 2406 ticornm
2157 2353 2436 2421 opiniones
2476 2354 2592 2408 solo
2626 2355 2792 2421 ipsius
2826 2357 3031 2422 poSsint
3059 2354 3239 2424 gladio
3271 2354 3463 2409 detrun

1906 2446 2040 2497 cari.
2073 2444 2239 2513 Cujus
2268 2445 2508 2515 Symboli
2543 2446 2932 2514 plenitudinem
2961 2446 3006 2500 si
3049 2448 3315 2518 Eutyches
3356 2460 3490 2515 puro

1906 2547 1959 2594 et
1992 2538 2221 2607 simplici
2250 2541 2510 2594 voluisset
2536 2540 2698 2594 corde
2720 2543 3026 2607 concipere,
3057 2542 3107 2596 in
3146 2543 3290 2597 nullo
3334 2557 3363 2596 a
3387 2542 3486 2597 de-

1906 2633 2068 2687 cretis
2094 2633 2443 2687 sacratissimi
2473 2633 2672 2687 Nicaani
2723 2635 2932 2687 concilii
2959 2633 3227 2700 deviaret;
3258 2635 3435 2703 ethoc
3454 2647 3488 2690 a

1904 2726 2107 2780 sanctis
2151 2726 2397 2780 Patribus
2440 2724 2764 2795 intelligeret
2796 2726 3172 2794 constitutum,
3218 2735 3275 2781 ut
3302 2733 3485 2782 contra

1904 2819 2255 2890 apostolicam
2283 2819 2461 2885 fidem,
2489 2836 2607 2889 qure
2638 2819 2851 2875 nonnisi
2890 2834 2991 2874 una
3036 2832 3137 2887 est,
3175 2821 3377 2876 nullum
3428 2836 3488 2877 se

1905 2914 2203 2985 ingenium,
2240 2913 2440 2968 nullum
2479 2914 2716 2969 elevaret
2765 2914 3057 2984 eloquium.
3111 2914 3179 2969 Et
3232 2914 3352 2969 ideo
3385 2929 3482 2983 pro

1904 3018 2099 3064 vestrae
2149 3007 2361 3078 pietatis
2412 3006 2801 3061 consuetudine
2858 3007 3135 3062 elaborare
3173 3006 3484 3074 dignemini,

1910 3110 1969 3157 ut
1998 3102 2138 3172 quod
2172 3108 2358 3156 contra
2397 3101 2668 3169 singulare
2713 3111 3107 3156 sacramentum
3160 3102 3346 3155 salutis
3390 3102 3488 3155 lin-

1906 3212 2080 3252 manre
2104 3206 2127 3234 τ
2160 3196 2470 3261 blaSphema
2512 3194 2818 3263 insipientia
2879 3196 3117 3263 protulit,
3151 3195 3216 3249 ab
3246 3197 3485 3248 omnium

222 3278 340 3335 Nam
373 3280 512 3337 illud
536 3282 680 3351 quod
701 3282 873 3353 pietas
901 3283 1069 3355 ipsius
1098 3288 1124 3323 ι
1149 3285 1311 3341 etiam
1344 3303 1429 3343 me
1457 3288 1684 3344 credidit
1705 3289 1801 3346 de-
1828 3276 1871 3336 C
1905 3291 2099 3346 animis
2127 3289 2439 3357 repellatur.
2474 3287 2550 3343 Ac
2577 3289 2618 3341 si
2651 3289 2784 3355 ipse,
2835 3288 2921 3358 qui
2977 3288 3026 3341 in
3072 3290 3206 3340 hanc
3235 3286 3486 3341 tentatio-

220 3370 336 3429 bere
369 3374 641 3431 interesse
669 3376 925 3445 concilio,
976 3378 1188 3434 etiamsi
1239 3381 1535 3437 secundum
1580 3383 1795 3453 aliquod

223 3464 527 3532 precedeus
558 3467 868 3538 exigeretur
901 3473 1227 3540 exemplum,
1285 3487 1427 3529 nunc
1478 3481 1653 3530 tamen
1707 3492 1797 3533 ne-

221 3568 478 3628 quaquam
520 3568 702 3629 posset
750 3560 963 3630 impleri
998 3577 1014 3615 :
1046 3562 1170 3631 quia
1223 3578 1401 3620 rerum
1450 3569 1794 3636 praesentium

282 3704 307 3733 ι
333 3694 540 3751 Confer
564 3705 678 3751 not.
710 3697 744 3751 6

284 3765 470 3822 bson.
504 3766 626 3822 Vat.
660 3767 771 3837 Reg

285 3838 405 3893 cita
440 3839 634 3893 melius
662 3854 729 3893 ex
786 3853 917 3894 mss.
967 3840 1265 3895 Vindebon.
1317 3840 1529 3897 collect.
1574 3843 1629 3909 5,
1677 3844 1800 3901 Vat.

224 3909 427 3963 collect.
466 3910 553 3975 H,
587 3909 795 3982 duobus
827 3911 1035 3982 collect.
1060 3912 1126 3966 2i
1161 3920 1213 3965 ct
1260 3911 1377 3965 Vat.
1432 3913 1587 3982 ch.,
1636 3925 1693 3968 ut
1744 3919 1795 3970 in

219 3981 441 4055 epistola
472 3981 810 4036 antecedenti
840 3995 959 4051 cap.
998 3981 1046 4035 l.
1095 3986 1265 4038 Antea
1292 3992 1349 4037 ut
1377 3984 1426 4037 in
1467 3981 1585 4041 aliis
1615 3986 1799 4055 codd.,

220 4052 331 4102 dum
352 4050 569 4105 videret.

281 4121 305 4157 ά
337 4122 409 4174 24
429 4164 444 4183 ,
473 4138 564 4191 qn.
591 4120 644 4189 2,
678 4121 1036 4177 Damnationis
1073 4125 1389 4189 sententiam,
1417 4139 1463 4178 c.
1499 4127 1552 4181 5.

285 4192 554 4275 °Vulgati
596 4203 721 4249 ante
751 4194 953 4261 Quesn.
1002 4208 1144 4249 cum.
1178 4210 1308 4250 mss.
1338 4198 1548 4251 collect.
1603 4199 1697 4268 24,
1750 4200 1803 4253 in

219 4279 305 4315 sua
332 4274 607 4317 sententia.

286 4332 307 4371 τ
332 4334 409 4388 Ita
434 4349 626 4390 omnes
648 4337 817 4390 nostri
843 4336 1023 4403 codd.,
1055 4346 1280 4406 excepto
1309 4336 1428 4391 Vat.
1464 4338 1675 4393 collect.
1708 4340 1799 4404 24,

222 4403 269 4476 i_n
308 4420 419 4473 quo
465 4420 587 4459 cum
630 4406 787 4476 Vulg.
838 4418 961 4461 ante
1000 4403 1226 4473 Quesni,
1272 4408 1631 4462 sincerissima.
1683 4403 1798 4466 Vat.

219 4472 434 4549 Reginae
458 4491 524 4531 ac
550 4486 657 4549 tres
685 4472 956 4543 Quesnelli
982 4472 1183 4532 addunt
1208 4472 1254 4533 et
1278 4480 1609 4533 solidissima.
1653 4482 1798 4549 Mox,

218 4544 502 4619 gloriosam
537 4547 690 4602 deest
741 4550 791 4601 in
835 4560 1064 4619 quatuor
1119 4565 1249 4604 mss.
1310 4549 1451 4603 Editi
1504 4544 1801 4606 anteriores

218 4616 509 4693 Quesnello
539 4633 661 4674 cum
688 4616 1086 4675 coddfcollect.
1133 4619 1205 4675 ει
1248 4620 1536 4685 habebant,
1583 4621 1802 4693 gloriam

218 4688 501 4741 clementia:
522 4699 621 4741 tum

282 4768 307 4805 ε
342 4758 631 4813 Editiones
662 4759 858 4816 Leonis
889 4775 1008 4815 cum
1038 4763 1226 4818 eodem
1273 4760 1395 4820 Vat.
1435 4762 1643 4817 collect.
1694 4763 1763 4819 2‘
1784 4807 1800 4831 ,

219 4826 437 4901 lateant,
480 4831 641 4900 possit
681 4831 906 4901 agnosci.
960 4833 1092 4886 Cod.
1140 4834 1257 4886 Vat.
1302 4833 1511 4887 collect.
1572 4835 1629 4885 Η
1679 4826 1800 4889 cum

218 4898 341 4974 edit.
366 4898 847 4974 Concil.,latere_nt,
876 4914 1040 4967 posset
1065 4905 1291 4974 agnosci.
1317 4904 1439 4957 Mss.
1472 4904 1683 4958 collect.
1709 4906 1801 4970 2i,

216 4972 391 5037 quales
422 4973 526 5044 sint
566 4971 1037 5044 intraEcclesiam,
1060 4971 1216 5042 possit
1243 4975 1469 5044 agnosci.
1502 4974 1559 5029 In
1603 4975 1802 5032 Vinde-

220 5044 342 5113 bon.
371 5042 595 5097 collect.
630 5045 683 5107 5,
709 5043 944 5107 laterent,
972 5046 1127 5109 possit
1148 5042 1376 5113 agnosci.

280 5110 308 5149 δ
339 5112 484 5167 Tres
505 5127 637 5183 mss.
659 5114 774 5168 libri
803 5129 921 5169 cum
946 5115 1102 5167 editis
1130 5110 1441 5178 conciliem,
1466 5130 1528 5166 ne
1548 5116 1796 5183 ipsorum.

285 5186 301 5219 ί
350 5184 458 5239 Ms.
494 5182 793 5240 Vindebon.
828 5184 1042 5240 collect.
1085 5185 1139 5253 Β,
1172 5202 1203 5239 a
1242 5185 1326 5239 die
1369 5200 1428 5239 ιιι
1454 5182 1575 5238 idus
1600 5185 1794 5256 Maius,

217 5270 329 5323 quo.

280 5326 295 5375 i
352 5323 672 5379 Indicantur
711 5324 999 5380 Theodosii
1050 5326 1272 5392 litterae,
1323 5326 1515 5394 quibus
1568 5324 1677 5380 Leo
1730 5327 1796 5381 ad

217 5392 840 5467 Ethesinamisynodum
872 5397 1124 5451 invitatus
1172 5392 1365 5451 fuerat.
1405 5397 1577 5451 Julius
1616 5407 1794 5451 autem

217 5465 424 5534 legatus
451 5466 511 5536 _in
560 5465 833 5536 Ephesino
870 5468 1099 5521 concilio
1137 5467 1340 5522 inserto
1371 5468 1565 5521 actioni
1608 5469 1794 5536 primm

215 5537 405 5605 synodi
435 5534 889 5592 Chalcedonensis
918 5549 1038 5606 post
1071 5539 1234 5593 lectas
1256 5539 1561 5607 imperiales
1591 5534 1795 5593 litteras

214 5607 273 5657 ad
306 5608 629 5662 Dioscorum
672 5608 1091 5664 Alexandrinum
1122 5608 1274 5663 datas
1317 5624 1373 5662 ιιι
1425 5608 1534 5662 kal.
1599 5609 1795 5677 Aprilis

214 5684 444 5731 testatus
471 5686 573 5743 est,
606 5693 697 5733 eas
738 5680 802 5733 ad
846 5680 1076 5735 Leonem
1123 5695 1230 5735 non
1270 5682 1463 5747 eodem,
1517 5679 1610 5732 sed
1642 5680 1797 5732 simili

214 5755 384 5801 tenore
415 5749 645 5815 scriptas
691 5749 874 5811 fuisse.
926 5762 983 5804 ut
1030 5751 1425 5805 emendatiores
1473 5750 1687 5804 codices
1743 5761 1796 5803 et

188 5816 442 5874 .Graacus
472 5827 644 5875 textus
676 5819 984 5890 praeferunt.
1018 5822 1247 5891 Aliquod
1273 5836 1401 5875 sane
1431 5821 1712 5875 discrimen
1742 5821 1797 5875 in

213 5891 430 5947 ratione
483 5893 743 5951 scribendi
798 5896 863 5950 ad
919 5892 1154 5950 Leonem
1204 5892 1438 5948 indicant
1491 5893 1579 5946 illa
1630 5892 1794 5946 llilari

775 3696 975 3764 Quesn.

777 3768 902 3833 inte,
935 3770 1113 3824 stulta.

1902 3398 2024 3439 nem
2056 3381 2263 3444 incidit,
2297 3380 2596 3448 resipiscat.
2642 3379 2717 3433 ita
2767 3390 2826 3433 ut
2866 3394 2959 3448 per
2993 3378 3287 3433 libellarem
3332 3381 3487 3432 satis-

1902 3476 2191 3533 factionem
2221 3474 2492 3541 pr0prinm
2545 3471 2764 3525 damnet
2792 3486 3055 3538 errorem,
3104 3471 3410 3525 communio
3437 3471 3485 3526 ci

1903 3569 1986 3625 sui
2010 3565 2214 3622 ordinis
2244 3580 2348 3619 non
2379 3573 2400 3599 ³
2434 3574 2675 3633 negetur.
2725 3562 2877 3631 Quod
2917 3562 3078 3618 etiam
3135 3572 3320 3617 sancto
3366 3559 3491 3617 Fla-

1905 3703 2093 3760 eadem
2123 3700 2362 3754 actione:
2396 3697 2764 3751 Gloriosissimi
2804 3707 2849 3751 et
2877 3697 3298 3752 Christianissimi
3322 3700 3486 3768 impe-

1910 3786 2223 3828 ratores.....
2277 3771 2617 3840 beatissimum
2666 3770 2957 3840 episcopum
3003 3780 3229 3822 nostrum
3267 3770 3483 3823 Leonem

1905 3844 2204 3911 apostolicae
2235 3842 2370 3895 sedis
2401 3839 2700 3911 praesulem,
2726 3850 2780 3893 ut
2806 3840 2921 3899 huic
2954 3840 3226 3894 uenerabili
3246 3851 3290 3892 et
3312 3851 3489 3895 sancto

1906 3917 2121 3969 concilio
2146 3914 2363 3977 adesset,
2397 3912 2672 3981 dirigentes
2700 3911 3004 3964 venerabiles
3029 3912 3266 3982 epistolas
3290 3913 3489 3982 suppli-

1905 3994 2165 4040 caverunt.
2216 3984 2338 4037 Ilmc
2386 3983 2655 4035 scribendi
2708 3982 3174 4036 observantissima
3244 3984 3380 4035 ratio
3430 3984 3483 4037 in

1904 4057 2131 4126 epistola
2163 4070 2280 4126 quae
2310 4061 2575 4126 superest,
2607 4052 3006 4126 adDioseoruin
3040 4068 3142 4106 non
3176 4063 3417 4126 apparet.

1977 4125 2003 4164 ¹ί
2032 4125 2162 4179 Cod.
2196 4124 2490 4178 Vindebon.
2514 4123 2711 4177 omittit
2735 4123 3243 4191 etiant.Mox,credit
3275 4126 3326 4177 ιιι
3346 4122 3417 4175 Va

1904 4197 2317 4321 culllelgilitiiinte
2343 4265 2541 4331 Quesn.
2572 4278 2693 4318 cum
2731 4264 3002 4319 nonnullis
3032 4278 3186 4331 mss.,
3215 4277 3306 4333 per
3334 4278 3482 4318 acca-

1911 4355 2123 4394 nonem.

1976 4420 2014 4447 ιη
2044 4408 2177 4463 Cod.
2207 4407 2443 4462 Griman.
2479 4406 2622 4461 delet
2650 4414 2695 4458 et
2719 4405 2884 4473 plene.

1976 4479 2231 4548 nVulgnti
2276 4478 2463 4531 Leonis
2518 4486 2641 4531 ante
2693 4476 2894 4542 Quesn.
2946 4490 3066 4531 cum
3116 4473 3239 4529 Vat.
3267 4474 3482 4532 collect.

1903 4551 1994 4615 24,
2019 4554 2153 4619 quod
2187 4551 2354 4601 minus
2384 4548 2549 4601 lucide
2576 4548 2841 4601 clarescat.

1980 4632 2003 4657 ο
2033 4615 2171 4676 Editi
2201 4620 2423 4681 C0ncil.,
2470 4620 2804 4672 stolidissima
2852 4615 3141 4671 insultatio.
3186 4615 3344 4685 Vulg.
3375 4631 3473 4671 an-

1907 4694 2133 4747 teriores
2148 4690 2451 4758 Qch‘ttello.
2479 4690 2777 4742 stultissima
2827 4687 3240 4742 insultatio.Vat.
3267 4688 3482 4747 collect.

1907 4766 1966 4818 il
2002 4776 2052 4817 et
2082 4762 2169 4821 2f.
2204 4762 2537 4814 stolidissima
2585 4761 2848 4813 resultatio
2894 4759 3043 4811 audet
3085 4772 3327 4812 asserere.
3363 4758 3483 4814 Vat.

1907 4834 2063 4901 Reg.
2093 4834 2444 4887 stolidissima.
2466 4830 2766 4885 Vindebon.
2790 4830 2999 4885 collect.
3021 4829 3076 4896 5,
3111 4829 3481 4896 Stolidissimc,

1907 4916 2320 5028 eli’lilegfdeeod.
2351 4972 2654 5026 Vindebon.
2681 4980 2734 5025 et
2766 4969 2902 5024 alius
2928 4970 3049 5024 Vat.
3080 4969 3265 5025 delent
3286 4980 3481 5025 noster.

1828 5010 1882 5070 Β
1904 5010 2184 5100 Cod.uVat.
2214 5045 2346 5112 Reg.
2379 5054 2430 5097 et
2458 5043 2720 5097 editiones
2759 5042 3075 5112 (loncil.,iin
3098 5039 3329 5094 Ecclesia
3369 5058 3484 5095 sua.

1904 5116 1960 5170 1n
1985 5116 2211 5181 epistola
2239 5110 2598 5175 antecedenti,
2637 5113 2885 5165 Dominus
2910 5114 2961 5163 in
2997 5110 3227 5164 Ecclesia
3256 5128 3369 5163 sua.

1976 5180 2363 5251 q’Qnesnellns
2416 5186 2465 5237 in
2514 5184 2756 5252 margine
2790 5200 2801 5233 :
2838 5182 2970 5235 Vide
2999 5182 3062 5233 de
3092 5183 3187 5235 hoc
3237 5180 3483 5252 Symbolo

1906 5250 2277 5326 Hieronymum
2320 5257 2468 5321 epist.
2527 5258 2613 5326 lii,
2643 5250 2754 5326 ad,
2785 5251 3172 5326 Papnnnchinm
3206 5291 3220 5314 ,
3301 5250 3461 5316 Rufin

1901 5323 2254 5398 prwfationem
2284 5327 2498 5396 exposit.
2527 5324 2778 5398 Sympoli,
2835 5324 2907 5398 S._
2948 5323 3286 5398 Augustinum
3326 5336 3459 5374 serm

1904 5391 2028 5462 115,
2064 5400 2123 5450 de
2146 5391 2415 5467 Tempore,
2460 5391 2588 5460 etc.,
2635 5391 3042 5467 Dissertationes
3084 5391 3254 5446 Vossii
3294 5400 3343 5446 et
3385 5408 3484 5445 no-

1900 5477 2060 5522 stram
2090 5470 2173 5530 lli,
2197 5483 2356 5535 quam
2393 5478 2537 5521 tomo
2567 5467 2724 5520 tertio
2754 5466 3018 5535 dabimus.

1972 5549 1993 5577 τ
2025 5541 2138 5593 Duo
2160 5532 2338 5594 codd.,
2370 5538 2697 5604 blasphemiae
2749 5534 3058 5606 insipientia.
3118 5532 3309 5589 Postea
3376 5532 3485 5589 duo

1899 5610 1988 5665 alii
2022 5610 2254 5679 codices,
2284 5608 2343 5660 At
2366 5610 2407 5661 si
2436 5610 2564 5679 ipse.

1972 5687 1992 5714 ³
2025 5678 2099 5732 Ita
2134 5695 2263 5733 mss,
2289 5676 2676 5732 coddfnovem
2710 5676 3003 5741 Ουθίιιθιιῑ,
3060 5684 3114 5730 et
3161 5690 3350 5730 omnes
3401 5690 3471 5729 no

1902 5751 2000 5804 stri
2029 5766 2255 5819 excepto
2292 5752 2408 5803 Vat.
2443 5750 2659 5803 collem.
2689 5746 2779 5809 24,
2813 5748 2899 5815 qui
2938 5762 3070 5819 cum
3096 5747 3484 5816 antiquioribus

1900 5819 2095 5877 Leonis
2124 5816 2467 5885 cditionibus,
2492 5824 2817 5891 reformatur,
2852 5827 2909 5874 ut
2937 5816 2989 5877 in
3030 5820 3252 5889 epistola
3288 5833 3479 5893 prince-

1900 5893 2071 5948 denti.
