4030 6356
568 389 691 452 ’199
1695 389 1755 449 S'
1793 389 2035 447 LEONIS
2073 388 2282 447 MAGNI
2323 388 2679 449 EPISTOLIE
3701 384 3786 447 800

569 504 695 564 fidei
721 504 931 563 tramite
954 501 1213 560 deviaret.
1246 499 1475 572 Propter
1500 494 1676 573 quam
1698 502 1748 557 ei
1789 503 2140 573 respondetur

2248 508 2316 565 ὡς
2348 507 2361 535 ¹
2394 503 2495 578 εἴγε
2520 508 2761 576 Εὐτυχης
2787 512 3007 570 νοητῶς,
3038 505 3122 560 καί
3150 504 3354 568 ἐκτενῶς
3378 505 3400 538 ¹
3429 506 3781 579 έπεπιστεύκει,

568 613 603 657 tt
641 598 906 655 Domino:
951 595 1142 651 Beatus
1177 612 1251 662 es,
1293 593 1476 651 Simon
1512 593 1742 667 Barjona
1767 637 1782 663 ,
1812 596 1933 664 quia
1958 613 2076 649 caro
2101 606 2147 651 et

567 693 778 764 sanguis
813 706 913 745 non
939 690 1174 746 revelavit
1208 689 1319 758 tibi,
1352 690 1439 743 sed
1472 688 1627 743 Pater
1648 704 1789 743 meus
1814 690 1899 757 qui
1928 689 1981 742 in
2010 689 2148 743 cmlis

569 791 661 838 est.
688 780 756 837 Et
780 798 870 852 ego
900 782 1014 835 dico
1049 781 1161 847 tibi,
1191 783 1311 853 quia
1337 789 1391 834 tu
1426 796 1480 836 es
1514 779 1699 836 Petrus
1718 826 1733 851 ,
1762 791 1809 835 et
1837 798 1989 853 super
2016 782 2147 835 hanc

568 882 761 945 petram
789 872 1054 941 aediﬁcabo
1088 872 1367 927 Ecclesiam
1398 888 1578 937 meam,
1605 883 1654 927 et
1681 882 1843 943 porta
1869 874 2020 943 inferi
2044 890 2147 929 non

566 963 908 1037 pravalebunt
936 966 1176 1021 adversus
1204 982 1316 1020 eam
1341 964 1558 1039 (Matth.
1586 981 1696 1028 va,
1726 966 1839 1034 17).
1863 965 2028 1021 Nimis
2052 981 2147 1021 au-

567 1064 676 1113 tem
706 1074 737 1113 a
763 1073 1021 1129 compage
1051 1059 1205 1128 hujus
1232 1058 1599 1114 mdilicationis
1627 1058 1832 1113 alienus
1862 1070 1946 1113 est
1975 1059 2064 1127 qui
2094 1068 2148 1114 et

567 1153 707 1210 beati
734 1152 876 1209 Petri
906 1154 1298 1212 confessionem
1329 1168 1432 1208 non
1459 1154 1620 1222 capit,
1653 1162 1706 1207 et
1731 1152 1930 1207 Christi
1974 1155 2148 1207 Evan-

568 1245 707 1316 gelio
730 1246 1082 1302 contradicit:
1123 1257 1151 1285 ι
1198 1246 1488 1302 ostendens
1530 1262 1590 1301 se
1640 1245 1843 1300 nullum
1893 1258 2144 1316 umquam

568 1337 800 1393 studium
822 1340 1211 1410 cognoscenda:
1231 1338 1470 1393 veritatis
1498 1338 1766 1402 habuisse,
1793 1346 1848 1392 et
1874 1340 2145 1406 superﬂuo

568 1427 931 1486 bonorabilem
961 1432 1170 1496 visum,
1216 1430 1304 1501 qui
1348 1430 1492 1485 nulla
1542 1427 1569 1468 ιι
1621 1431 1926 1485 maturitate
1968 1430 2146 1488 cordis

566 1518 774 1574 ornavit
803 1521 1053 1576 canitiem
1083 1521 1396 1575 senectutis.

637 1612 768 1668 Car.
798 1613 863 1669 ll.
895 1643 964 1656 —
999 1613 1194 1670 Verum
1225 1614 1351 1685 quia
1381 1612 1543 1669 etiam
1575 1613 1756 1668 talium
1787 1629 1893 1669 non
1934 1623 2016 1671 est
2048 1630 2142 1673 ne.

571 1704 815 1774 gligenda
846 1707 1075 1771 curatio,
1098 1716 1154 1763 et
1184 1708 1270 1777 pie
1294 1723 1358 1763 ac
1385 1709 1633 1780 religiose
1656 1710 2144 1766 Christianissimus

571 1796 864 1866 imperator
917 1798 1100 1853 haberi
1148 1799 1316 1855 voluit
1358 1802 1666 1871 episcopale
1711 1802 2036 1869 concilium,
2084 1811 2143 1857 ut

2248 597 2475 669 οὐδαμῶς
2501 594 2559 653 ἂν
2589 599 2689 654 ἀπὸ
2728 606 2820 659 τῆς
2847 600 3034 660 εὐθείας
3068 606 3161 661 τῆς
3196 602 3425 663 πίστεως
3457 608 3553 663 τῆς
3587 603 3793 666 τοιαύτης

2248 690 2495 745 ἀπέκλινε·
2530 688 2592 744 δι’
2607 691 2665 749 ἣν
2694 689 2961 764 ἀπόκρισις
2982 692 3117 763 αὐτῷ
3134 699 3208 765 τῷ
3227 693 3505 765 ἀποστόλῳ
3532 694 3649 772 παρ’
3659 697 3791 752 αὐτοῦ

2248 784 2437 856 γίνεται
2462 787 2555 837 τοῦ
2584 781 2869 838 Δεσπότοιν
2920 785 3173 859 Μακάριος
3217 779 3279 849 εἷ,
3311 786 3470 858 Σίμων
3516 787 3612 861 Βάρ
3648 792 3793 855 Ἰωνᾶ,

2258 873 2341 930 ὅτι
2367 876 2518 951 σὰρξ,
2545 877 2631 930 καί
2657 870 2784 946 αἷμα
2810 877 2898 929 οῦκ
2922 873 3212 947 ἀπεκάλυψέ
3236 896 3339 941 σοι,
3371 876 3517 932 ἀλλ’ὁ
3534 883 3691 955 πατὴρ
3709 898 3795 951 μου

2247 964 2299 1022 ἓν
2326 974 2431 1028 τοῖς
2460 969 2713 1043 οὐρανοῖς·
2746 970 2887 1044 κᾴγώ
2919 967 2973 1022 δέ
3001 989 3084 1023 σοι
3115 969 3271 1042 λέγω.
3301 967 3379 1025 ὅτι
3416 973 3482 1025 σὺ
3525 966 3572 1025 εἷ
3604 973 3786 1044 Πέτρος,

2247 1060 2330 1114 καί
2357 1060 2442 1113 ἐπί
2466 1061 2629 1131 ταύτῃ
2651 1067 2715 1133 τῇ
2742 1061 2904 1133 πέτρᾳ
2932 1058 3241 1132 οἰκοδομήσω
3266 1081 3361 1133 μου
3390 1067 3479 1120 τήν
3500 1062 3794 1127 Ἐκκλησίαν,

2246 1152 2325 1205 καί
2343 1150 2499 1205 πύλαι
2526 1148 2650 1223 ᾅδου
2678 1152 2734 1204 οὐ
2761 1148 3177 1221 κατισχύσουσιν
3197 1153 3375 1211 αὐτῆς
3403 1150 3596 1223 σφόδρα
3621 1148 3699 1207 οὖν
3716 1162 3799 1213 τῆς

2245 1240 2486 1319 ἁρμονίας
2512 1250 2604 1302 τῆς
2630 1243 2872 1303 τοιαύτης
2899 1241 3157 1315 οἰκοδομῆς
3187 1243 3323 1298 ἐστιν
3352 1243 3621 1319 ἀλλότριος.
3653 1242 3703 1305 ὅς
3726 1263 3799 1305 τις

2244 1336 2326 1386 καί
2351 1339 2440 1391 τήν
2468 1340 2558 1387 τοῦ
2584 1334 2839 1409 μακαρίου
2879 1335 3064 1406 Πέτρου
3093 1334 3360 1405 ὁμολογίαν
3386 1337 3442 1389 οὐ
3473 1334 3675 1406 δέχεται
3717 1336 3797 1391 καί

2244 1432 2317 1497 τῷ
2343 1426 2627 1499 Εὐαγγελίῳ
2654 1433 2742 1482 τοῦ
2768 1434 2984 1500 Χριστοῦ
3025 1428 3279 1499 ἀντιλέγει
3310 1425 3500 1489 δεικνὺς
3525 1428 3691 1484 ἑαυτὸν
3710 1450 3795 1497 μηδ

2243 1517 2419 1587 δεμίαν
2459 1522 2665 1575 πώποτε
2704 1519 2934 1580 σπουδήν
2971 1522 3250 1591 ἐσχηκέναι
3284 1523 3413 1597 πρὸς
3448 1524 3508 1577 τὸ
3543 1532 3709 1595 γνῶναι
3737 1526 3796 1580 τὸ

2243 1610 2438 1671 ἀληθές⁸
2470 1614 2632 1682 μάτην
2666 1633 2719 1667 τε
2758 1622 2908 1684 τιμῆς
2943 1610 3079 1678 ἄξιος
3128 1613 3288 1686 ὤφθη.
3319 1612 3374 1675 ὃς
3410 1636 3489 1675 τις
3526 1613 3681 1670 οὐδενί
3711 1624 3798 1677 τῆς

2244 1701 2453 1776 καρδίας
2497 1711 2570 1773 τῷ
2618 1705 2814 1776 ἀκμαίῳ
2852 1711 2942 1764 τήν
2983 1711 3077 1761 τοῦ
3120 1710 3290 1783 γήρως
3319 1706 3572 1779 ἐκόσμησε
3621 1709 3797 1764 πολιάν.

2242 1798 2361 1851 Ἀλλ’
2381 1799 2551 1858 ἐπειδὴ
2579 1822 2698 1874 περ,
2722 1798 2919 1873 ἀδελφοί
2949 1802 3263 1872 τιμιώτατοι,
3295 1803 3376 1856 καί
3402 1809 3495 1861 τῆς
3524 1808 3622 1856 τῶν
3645 1802 3801 1857 τοιοῦ-

570 1887 807 1956 pleniore
831 1888 1041 1958 judicio
1065 1891 1240 1945 omnis
1270 1891 1447 1962 possit
1468 1907 1620 1947 error
1646 1892 1866 1958 aboleri,
1901 1905 1922 1933 ο
1949 1892 2140 1950 fratres

2246 1911 2343 1944 των
2376 1891 2646 1965 θεραπείας
2685 1893 2772 1946 οὐκ
2808 1889 2927 1946 ἔστι
2966 1892 3270 1966 παραμελεῖν
3290 1932 3301 1949 .
3330 1894 3413 1946 καί
3442 1890 3467 1946 ὃ
3498 1892 3701 1952 εὐσεϐὴς
3726 1891 3801 1959 δέ,

574 1990 790 2035 nostros
838 1981 1039 2037 Julium
1067 1984 1412 2053 episcopum,
1462 1984 1725 2040 Renatnm
1756 1986 2141 2057 presbyterum,

573 2077 628 2124 et
657 2069 849 2125 Filium
896 2086 1074 2127 meum
1127 2073 1365 2128 Hilarum
1414 2073 1736 2144 diaconem,
1785 2092 2015 2146 cumque
2064 2078 2146 2132 his

569 2160 858 2218 Dulcitium
892 2167 1164 2219 notarium
1212 2165 1449 2235 probata:
1484 2168 1640 2224 nobis
1685 2168 1832 2235 ﬁdei,
1862 2170 2013 2234 misi;
2054 2169 2146 2241 qui

568 2253 686 2309 vice
731 2269 849 2311 mea
897 2265 1088 2311 sancto
1116 2259 1407 2313 conventui
1435 2268 1645 2342 ’vestra:
1688 2259 2036 2316 fraternitatis
2065 2262 2147 2317 in-

576 2344 805 2412 tersint,
853 2354 908 2401 et
935 2348 1205 2402 communi
1236 2348 1512 2404 vobiscum
1561 2348 2006 2422 sententia,‘quae
2033 2351 2146 2408 Do-

570 2436 718 2491 mino
747 2437 855 2491 sint
880 2438 1170 2508 placitura,
1202 2440 1550 2498 constituant.
1598 2442 1708 2499 Hoc
1737 2453 1837 2511 est,
1869 2454 1927 2498 ut
1954 2445 2145 2514 primi-

569 2536 655 2584 tus
678 2528 839 2601 867
866 2529 1122 2601 pestifero
1151 2547 1341 2589 errore
1368 2534 1641 2600 damnato,
1670 2536 1830 2591 etiam
1854 2536 1922 2591 de
1952 2536 2143 2605 ipsius,

571 2619 663 2690 qui
707 2622 1077 2692 imprudenter
1122 2625 1338 2691 erravit,
1397 2626 1738 2682 restitutione
1767 2634 2057 2694 tractetur;
2099 2626 2147 2683 si

578 2719 756 2766 tamen
820 2712 1120 2769 doctrinam
1169 2713 1198 2753 ει
1247 2716 1488 2773 veritatis
1531 2718 1900 2787 amplectens,
1952 2732 2145 2774 sensus

576 2803 1090 2877 haereticos,quibus
1119 2808 1382 2878 imperitia
1409 2809 1525 2879 ejus
1551 2810 1721 2864 fuerat
1747 2811 1970 2875 irretita,
1989 2810 2145 2881 plene

574 2904 869 2966 aperteque
915 2900 1130 2969 propria
1160 2914 1294 2956 voce
1336 2909 1391 2955 et
1430 2900 1826 2969 subscriptione
1850 2903 2143 2958 damnave-

575 2990 649 3046 rit
676 3008 690 3046 :
724 2992 869 3061 quod
910 2993 1072 3049 etiam
1104 2993 1158 3049 in
1191 2994 1370 3050 libello
1396 3011 1553 3065 quem
1582 2994 1647 3050 ad
1677 3010 1774 3051 nos
1814 2995 2034 3050 miserat
2064 3004 2146 3051 est

568 3080 862 3150 professus,
884 3085 1153 3153 spondens
1181 3101 1273 3155 per
1297 3087 1474 3140 omnia
1499 3094 1732 3141 nostram
1755 3101 1813 3142 se
1835 3096 2141 3141 secuturum

569 3186 693 3227 esse
713 3177 1061 3230 sententiam.
1087 3175 1337 3246 Acceptis
1358 3184 1534 3231 autem
1562 3175 1742 3232 fratris
1767 3187 1820 3231 et
1839 3176 2141 3245 coepiscopi

573 3263 743 3317 nostri
790 3263 1031 3320 Flaviani
1080 3266 1290 3332 litteris,
1337 3266 1546 3336 plenius
1574 3268 1639 3321 ad
1668 3283 1787 3322 eum
1819 3267 1885 3323 de
1912 3269 1993 3323 his
2022 3283 2141 3339 quae

569 3358 637 3413 ad
683 3374 783 3413 nos
831 3360 1047 3416 videtur
1093 3362 1340 3418 retulisse
1387 3363 1804 3432 rescripsimus:
1836 3374 1893 3417 ut
1938 3363 2142 3418 abolito

572 3452 676 3509 hoc
708 3462 732 3492 ⁸
758 3455 849 3523 qui
880 3463 1036 3509 natus
1062 3455 1345 3510 videbatur
1373 3471 1580 3525 errore,
1614 3456 1666 3510 in
1699 3456 1912 3511 laudem
1942 3466 1997 3512 et
2025 3458 2142 3527 glo-

574 3544 710 3599 riam
760 3544 855 3601 Dei
902 3561 997 3615 per
1040 3555 1212 3602 totum
1262 3547 1516 3602 mundum
1544 3562 1645 3601 una
1676 3548 1744 3602 sit
1776 3548 1906 3603 ﬁdes
1936 3560 1989 3604 et
2038 3563 2141 3603 una

576 3635 871 3705 eademque
916 3636 1186 3693 confessio
1206 3679 1221 3705 ,
1266 3648 1320 3694 et
1354 3640 1408 3693 in
1451 3640 1654 3694 nomine
1679 3637 1803 3694 Iesu
1834 3657 1983 3695 omne
2008 3657 2142 3713 genu

570 3731 807 3799 ﬂectatur
855 3730 1162 3796 cmlestium,
1212 3733 1522 3787 terrestrium
1574 3741 1619 3785 et
1681 3734 1997 3801 infernarum
2021 3773 2037 3798 ,
2094 3742 2143 3787 et

575 3820 741 3875 omnis
780 3820 955 3894 lingua
979 3822 1280 3891 conﬁteatur
1302 3824 1423 3891 quia
1451 3822 1700 3878 Dominus
1728 3823 1766 3877 ,Ι
1769 3840 1882 3879 esus
1913 3823 2143 3877 Christus

570 3913 623 3966 in
650 3913 818 3984 gloria
845 3923 917 3968 est
948 3913 1045 3969 Dei
1073 3913 1272 3970 Patris.
1309 3914 1328 3953 ί
1364 3917 1493 3971 Data
1523 3916 1697 3971 idibus
1726 3917 1890 3985 Junii,
1922 3918 2142 3972 Asturio

570 4013 627 4060 et
658 4004 952 4077 Protogene
981 4008 1108 4062 viris
1133 4008 1443 4063 clarissimis
1469 4010 1802 4066 consulibus.

2246 1986 2329 2038 καί
2368 1985 2695 2059 φιλόχριστος
2739 1985 3012 2056 βασιλεὺς.
3047 1985 3268 2045 εὐσεϐῶς
3312 1982 3438 2055 ἅμα,
3470 1986 3555 2039 καί
3598 1984 3810 2045 εὐλαϐῶς

2246 2072 2403 2144 ἔχων.
2430 2082 2519 2134 τὴν
2538 2083 2640 2131 τῶν
2666 2076 2950 2132 ἐπισκόπων
2971 2076 3293 2152 ἀθροισθῆναι
3315 2074 3523 2131 σύνοδον
3546 2076 3809 2143 ἠϐουλήθη,

2247 2167 2379 2222 ὥστε
2417 2169 2572 2237 κρίσει
2609 2170 2905 2247 τελειωτέρᾳ
2939 2170 3205 2228 δυνηθῆναι
3249 2174 3426 2224 πᾶσαν
3461 2169 3815 2242 ἀπαλείφεσθαι

2245 2258 2451 2323 πλάνην,
2483 2261 2603 2319 τοὺς
2649 2258 2891 2333 ἀδελφοὺς
2930 2262 3068 2333 ἡμῶν
3100 2259 3122 2291 ³
3147 2261 3348 2316 Ἰούλιον
3384 2261 3469 2315 τὸν
3515 2262 3818 2325 ἐπίσκοπον,

2245 2352 2330 2404 καὶ
2349 2348 2570 2406 Ῥενάτον
2596 2352 2685 2407 τὸν
2711 2352 3081 2426 πρεσϐύτερον,
3108 2357 3192 2407 καί
3219 2353 3280 2407 τὸ
3305 2353 3467 2407 τέκνον
3493 2374 3593 2423 μου
3636 2352 3820 2429 Ἰλάρον

2245 2443 2331 2496 τόν
2358 2439 2601 2507 διάκονον,
2632 2446 2714 2498 καί
2741 2446 2872 2515 μετά
2899 2445 3094 2500 τούτων
3122 2444 3400 2501 Δουλκίτιον
3420 2445 3501 2500 τόν
3534 2445 3651 2516 ἐμὸν
3676 2448 3822 2502 υοτιίι⁴

2246 2553 2353 2609 ριον
2371 2571 2385 2595 ,
2418 2536 2801 2607 δοκιμασθείσης
2830 2538 2952 2599 ἡμῖν
2980 2545 3072 2597 τῆς
3100 2538 3264 2592 αὐτῶν
3291 2539 3516 2597 πίστεως
3542 2576 3556 2599 ,
3587 2539 3822 2594 ἀπιστεῖ·

2244 2623 2416 2695 λαμεν.
2446 2626 2506 2680 Οἶ
2528 2647 2659 2687 τινες
2687 2629 2758 2689 είς
2783 2629 2925 2693 τάξιν
2954 2630 3075 2701 ἐμήν
3097 2636 3160 2701 τῇ
3190 2627 3310 2703 ἀγίᾳ
3337 2636 3429 2688 ris
3456 2629 3598 2698 ὑμῶν
3624 2627 3823 2702 ἀδελφό-

2245 2738 2397 2779 τητος
2437 2717 2631 2790 συνόδῳ
2671 2720 3003 2795 παρέσσνταϋ
3027 2719 3051 2751 ’⁵
3080 2721 3251 2775 καὶτὰ
3287 2728 3350 2795 τῇ
3389 2728 3526 2795 κοινῇ
3563 2721 3824 2791 μεθ’ῦμῶν

2244 2814 2418 2883 γνώμῃ
2471 2814 2542 2867 τά
2595 2814 2726 2870 κατά
2771 2814 2894 2870 Θεὸν
2944 2814 3110 2885 868
3155 2814 3438 2889 ἀρέσκοντα
3483 2812 3822 2890 ψηφιοῦνταιδ

2244 2906 2536 2969 Τουτέστιν,
2565 2907 2695 2961 ὥστε
2743 2908 2793 2961 έν
2843 2909 3069 2983 πρώτοις
3115 2914 3205 2968 τῆς
3251 2912 3552 2984 φθοροποιοῦ
3584 2909 3606 2940 ⁵
3634 2912 3824 2973 πλάνης

2245 2999 2402 3054 αὐτοῦ
2442 2996 2892 3061 καταδικασθείσης
2913 3041 2925 3059 ,
2967 2998 2987 3030 ⁸
3015 3002 3104 3055 καί
3149 3000 3311 3061 οὕτως
3356 3003 3474 3075 περί
3511 3008 3608 3062 τῆς
3642 3003 3824 3057 έαυτοῦ

2245 3093 2471 3158 ἀμαθοῦς
2520 3093 2714 3154 πλάνης
2765 3094 3239 3155 ἀποκαταστάσεως
3285 3096 3625 3153 σκοπηθῆναι⁶
3667 3097 3687 3126 ⁷
3727 3093 3823 3167 εἴγε

2245 3179 2373 3245 ὅλως
2390 3188 2481 3243 τὴν
2494 3192 2585 3245 τῆς
2600 3185 2829 3247 ἀληθείας
2850 3183 3167 3240 διδασκαλίαν
3185 3184 3482 3259 δεχόμενος,
3496 3194 3555 3242 τὸ
3572 3188 3821 3262 αἱρετικὸν

2245 3278 2495 3350 φρόνημα’
2526 3277 2549 3309 ⁸
2570 3275 2695 3353 ὅπερ
2717 3280 2746 3336 ἡ
2774 3276 3036 3343 κακοδοξία
3063 3280 3217 3335 αὐτοῦ
3245 3282 3453 3353 πέφηνεν
3488 3281 3826 3355 έμπλακεῖσα,

2240 3369 2261 3401 ³
2290 3370 2361 3427 είς
2389 3368 2597 3441 πλῆρες,
2628 3370 2715 3422 καί
2743 3376 2916 3439 σαφῶς
2944 3372 3095 3444 οἰκείᾳ
3123 3377 3278 3444 φωνῇ.
3310 3373 3394 3425 καί
3417 3372 3705 3445 ὑπογραφῇ,
3742 3394 3826 3427 κα⁸

2241 3458 2526 3523 ταδικάζειν
2570 3461 2823 3530 ἀνέχοιτο.
2862 3456 3025 3533 Ὀπερ
3066 3463 3152 3514 καί
3194 3461 3248 3514 ἓν
3291 3468 3365 3530 τῷ
3402 3461 3635 3533 using,
3678 3459 3827 3538 ὅνπερ

2243 3551 2370 3625 πρὸς
2396 3552 2528 3622 ἡμᾶς
2558 3551 2824 3605 ἀπέστειλε
2842 3592 2856 3616 ,
2899 3558 3058 3605 ποιεῖν
3086 3547 3144 3609 ἦν
3172 3550 3554 3622 ὑποσχόμενος·
3587 3549 3675 3607 διά
3703 3553 3828 3606 πάν·

2242 3662 2341 3697 των
2382 3640 2837 3714 ἐπαγγελλόμενος,
2865 3648 2983 3701 ταῖς
3004 3642 3271 3717 ἡμετέραις
3302 3641 3350 3676 ¹⁰
3383 3640 3669 3696 ἀκολουθεῖν
3705 3642 3830 3697 ἀπο·

2248 3734 2451 3806 φάσεσι’
2471 3735 2510 3765 ¹¹
2527 3733 2791 3806 δεξάμενος
2819 3732 2873 3789 δέ
2903 3735 2966 3790 τά
2991 3735 3269 3813 γράμματα
3296 3740 3390 3790 τοῦ
3419 3730 3730 3802 ἐπισκόπου,
3749 3735 3828 3789 καί

2248 3823 2551 3899 συναδελφοῦ
2583 3834 2719 3899 ἡμῶν
2738 3827 3031 3891 Φλαυιανοῦ,
3053 3827 3349 3900 τελεώτερον
3372 3826 3500 3903 πρὸς
3527 3827 3687 3883 αὐτόν
3711 3827 3828 3902 περὶ

2247 3922 2460 3986 τούτων,
2505 3920 2637 3993 ἅπερ
2668 3919 2835 3986 ἔδοξεν
2855 3922 2926 3994 ἐφ’
2939 3923 3073 3993 ἡμᾶς
3100 3921 3380 3995 ἀναφέρειν,
3415 3921 3825 3996 ἀντ-ἐγράψαμεν

2248 4014 2335 4068 ἕνα
2364 4023 2453 4075 τῆς
2495 4015 2679 4075 πλάνης
2725 4014 3117 4087 ἀπαλειφομένης
3145 4021 3236 4073 τῆς
3261 4018 3348 4066 νῦν
3386 4014 3724 4085 άναφυείσης,
3760 4018 3827 4071 sic

569 4096 741 4170 ὕμνον,
764 4104 848 4157 καί
875 4098 1016 4166 δόξαν
1035 4110 1127 4159 τοῦ
1155 4110 1278 4159 Θεοῦ
1310 4106 1399 4174 μία
1428 4107 1606 4165 πίστις
1643 4103 1719 4164 εἴη
1763 4107 1896 4161 κατά
1935 4106 2020 4160 τὸν
2056 4106 2226 4162 πάντα
2254 4107 2475 4176 κόσμον,
2510 4110 2595 4164 καί
2629 4109 2749 4179 μία,
2784 4110 2868 4162 καί
2902 4110 2932 4166 ἡ
2969 4108 3095 4166 αὐτὴ
3133 4104 3393 4179 ὁμολογία·
3434 4108 3515 4159 καὶ
3549 4107 3629 4159 ἵνα
3672 4107 3725 4160 έν
3761 4110 3827 4177 τῷ

568 4192 769 4263 ὀνόματι
806 4202 969 4254 Ἰησοῦ
1004 4202 1227 4270 Χριστοῦ
1264 4202 1368 4251 πᾶν
1410 4198 1527 4271 γόνυ
1570 4198 1744 4275 κάμψῃ
1765 4240 1779 4261 ,
1812 4200 2143 4272 ἐπουρανίων,
2167 4202 2252 4254 καὶ
2275 4201 2529 4272 ἐπιγείων.
2564 4203 2645 4256 καί
2684 4202 3050 4271 καταχθονίων·
3099 4201 3183 4255 καί
3222 4202 3371 4255 πᾶσα
3406 4198 3617 4271 γλῶσσα
3662 4201 3828 4271 ἐξομο·

566 4282 875 4357 λογήσηται,
906 4282 984 4342 ὅτι
1013 4289 1189 4363 Κύριος
1217 4288 1422 4351 Ἰησοῦς
1466 4293 1687 4364 Χριστός
1722 4293 1792 4352 εἰς
1830 4290 1977 4357 δόξαν
2015 4299 2143 4348 Θεοῦ
2182 4293 2399 4371 Πατρός.
2442 4293 2611 4367 ’Δμήν.

642 4406 670 4434 ι
707 4396 807 4455 Ms.
835 4396 1136 4454 Vindebon.
1168 4400 1383 4453 collect.
1415 4400 1466 4463 5,
1503 4401 1737 4454 ostendit.

639 4464 669 4505 ι)
708 4468 984 4524 Εσιίιίοηεε
1026 4480 1148 4524 ante
1195 4470 1397 4537 Quesn.
1448 4484 1568 4523 cum
1618 4487 1748 4525 mss.
1792 4470 1999 4525 collect.
2046 4470 2140 4535 24,

568 4539 887 4592 auctoritate.
942 4540 998 4594 In
1047 4555 1155 4594 uno
1216 4542 1339 4595 cod.
1390 4540 1605 4594 collect.
1657 4541 1913 4596 Chalced.
1967 4552 2019 4596 et
2072 4542 2141 4596 ad

570 4610 860 4682 marginem
908 4610 1038 4665 edit.
1066 4610 1294 4682 Concil.,
1328 4611 1602 4677 ordinavit,
1635 4626 1731 4682 pro
1768 4614 1987 4667 ornavit.
2019 4611 2139 4667 Vat.

568 4678 783 4735 collect.
817 4682 836 4732 1
852 4684 902 4745 1,
935 4680 1170 4735 ornabat.

642 4757 666 4786 ο
709 4748 1009 4821 Vindebon.
1059 4751 1234 4821 Hisp.,
1286 4752 1498 4821 fratrem
1542 4762 1791 4807 nostrum.
1842 4752 1959 4806 Mox
2008 4752 2139 4808 editi

2248 4400 2337 4454 Id.
2373 4402 2499 4455 Mai.
2535 4403 2617 4457 vel
2649 4401 2737 4455 Id.
2776 4401 2991 4456 Ianuar.
3018 4400 3270 4455 Neutrum
3303 4402 3505 4455 usniam
3545 4402 3597 4456 in
3629 4404 3827 4462 nostris

2246 4472 2523 4528 codicibus
2564 4474 2883 4527 invenimus.
2919 4474 3170 4526 Errnneze
3211 4470 3429 4539 quidam
3461 4491 3586 4534 sum
3614 4475 3706 4535 ὶιω
3735 4497 3825 4533 va-

2247 4544 2477 4622 riantes,
2507 4560 2627 4597 cum
2658 4544 2901 4622 laudetur
2928 4541 3209 4622 βρίθῃ-98,
3237 4553 3305 4603 ad
3334 4548 3678 4622 Flavianum,
3710 4552 3826 4607 data

2249 4613 2352 4670 hoc
2378 4615 2566 4669 eodem
2594 4630 2735 4669 anno
2760 4615 2931 4668 idibus
2960 4612 3129 4669 Junii.

2320 4687 2337 4759 ξ
2380 4686 2454 4740 Ita
2491 4687 2669 4759 legere
2701 4685 2989 4743 maluimus
3015 4706 3135 4744 cum
3182 4705 3283 4743 ms.
3309 4688 3472 4757 Ven.,
3514 4706 3676 4759 quam
3706 4706 3824 4747 cum

2247 4756 2493 4823 vulgatis,
2522 4758 2575 4813 εἴ
2594 4779 2644 4812 τι
2669 4758 2932 4832 Εὼυχής.
2967 4760 3024 4814 ln
3059 4776 3228 4831 marg.
3262 4756 3475 4832 quoque
3500 4756 3629 4818 edit.
3667 4762 3823 4817 Rom.

568 4825 694 4904 ante
719 4818 917 4904 Quesn:
957 4836 1082 4904 cum
1117 4812 1232 4875 νΞιιξ
1267 4812 1416 4890 Hisp.
1464 4823 1687 4904 et
1737 4823 1965 4904 aliisque
2001 4825 2138 4904 inde
2168 4812 2219 4874 D
2244 4812 2779 4904 notatnm'reperies,
2806 4812 2965 4904 ’ἔτ’ῖγξ.

569 4888 845 4965 derivatis,
873 4890 1164 4965 lulianum.
1200 4888 1500 4965 perperam.
1534 4893 1664 4949 Vide
1690 4888 1963 4949 annotCSi
1994 4894 2132 4965 (Col.

569 4958 855 5034 779,‘n._‘_’_.)
872 4962 920 5034 in
933 4964 1090 5034 epist.
1117 4958 1424 5019 28$lulium
1456 4977 1599 5019 recte
1619 4965 1904 5033 prmlerunt
1922 4958 2132 5034 utrique

566 5030 725 5085 codd.
759 5030 1057 5091 Vindebon.
1086 5034 1300 5089 collect.
1330 5036 1363 5089 5
1392 5046 1447 5090 et
1476 5030 1628 5103 Hisp.
1656 5051 1752 5090 nec
1785 5051 1887 5089 non
1924 5030 2126 5096 nausa.

566 5109 622 5156 et
663 5114 791 5174 mss.
836 5104 1043 5157 collect.
1076 5104 1425 5169 Chalcedon.,
1475 5105 1614 5159 inter
1660 5122 1776 5174 quae
1806 5105 1998 5160 Veron.
2035 5108 2126 5171 57,

565 5185 686 5227 cum
714 5171 900 5228 Graeca
922 5175 1188 5231 versione.
1224 5176 1355 5229 Dein
1394 5176 1608 5235 habent.
1642 5171 1690 5230 et
1723 5177 1994 5231 Renatum.
2024 5177 2128 5231 Po-

564 5252 676 5316 stea
704 5242 1125 5316 [iliumnostrum
1157 5249 1207 5300 in
1242 5246 1535 5301 Vindebon.
1572 5246 1724 5316 Hisp.

636 5312 665 5351 ἀ
703 5314 833 5371 Cod.
871 5314 1187 5387 Grimanic.,
1219 5319 1448 5387 pietatis;
1485 5328 1539 5373 et
1583 5312 1705 5373 mo'x
1730 5334 1905 5373 sensus
1930 5316 2130 5372 htereti-

561 5400 740 5440 eorum
769 5386 821 5442 in
848 5385 1036 5442 eodem
1061 5385 1265 5443 codice.

639 5467 664 5494 ο
705 5457 779 5512 Ita
810 5472 1000 5513 novem
1045 5473 1175 5515 mss.
1205 5458 1326 5515 libri
1358 5458 1557 5523 Quesn.
1604 5469 1657 5515 et
1687 5458 1932 5514 undecim
1959 5459 2129 5514 nostri

560 5536 723 5597 atque
750 5527 970 5583 Baluzii.
1004 5528 1160 5585 Solus
1194 5530 1311 5584 Vat.
1355 5530 1461 5584 546
1488 5530 1696 5585 collect.
1725 5529 1791 5585 21
1820 5545 1942 5585 cum
1969 5530 2131 5585 editis

561 5607 687 5654 ante
712 5599 935 5665 Quesn.,
965 5615 1065 5665 quo
1088 5601 1404 5665 inquinatus,
1434 5600 1589 5654 male.

596 5613 687 5654 nte
712 5613 935 5666 uncam,
965 5615 1065 5666 quo
1088 5613 1404 5666 inquinatus,
1434 5613 1589 5654 male.

637 5615 687 5653 te
712 5615 935 5666 uuesn.,
965 5615 1065 5669 quo
1088 5615 1404 5670 inquinatus,
1434 5615 1589 5654 male.

635 5666 659 5707 ί
697 5667 872 5726 Latini
911 5669 1071 5725 codd.
1120 5672 1337 5725 collect.
1382 5669 1835 5725 Chalcedonensis
1884 5670 2126 5735 addunt:

558 5734 703 5809 Deus
744 5755 832 5795 vos
868 5742 1147 5796 incolumes
1194 5741 1466 5804 custodiat,
1497 5742 1677 5809 fratres
1705 5734 2011 5802 charissimi,
2052 5742 2124 5797 al.

557 5806 890 5865 dilectissimi.
940 5811 1261 5879 Quesnellus
1309 5820 1454 5867 nota:
1498 5806 1621 5865 'diei
1672 5810 1809 5865 hanc
1857 5813 2126 5879 postillam

556 5878 846 5950 apposuit.
894 5878 1041 5938 nullo
1086 5882 1317 5939 indicato
1366 5880 1659 5939 codiccvel
1709 5878 2124 5949 editidne:AI.,

2312 4899 2332 4929 ²
2368 4896 2465 4951 Ms.
2503 4898 2657 4961 νων..
2692 4896 3045 4958 «iniurium.
3078 4903 3199 4958 Mox
3248 4901 3300 4956 in
3345 4902 3537 4959 eodem
3585 4917 3692 4959 ms.
3724 4901 3822 4958 ἀπί

2238 4978 2330 5029 τῆς
2368 4971 2555 5034 εὐθείας
2586 4975 2835 5034 πίστεως.

2310 5038 2330 5069 ³
2370 5038 2427 5092 In
2460 5059 2624 5107 marg.
2657 5044 2789 5096 edit.
2822 5042 3292 5105 Βοηι.,·1ουλιανόν.

2308 5107 2331 5188 ’_‘
2372 5110 2427 5188 in
2460 5130 2507 5164 tn
2530 5129 2622 5180 urg.
2660 5112 2787 5188 odit.
2825 5113 3000 5188 Rom"
3031 5112 3179 5188 ἴσως,
3197 5115 3283 5188 καί
3302 5119 3386 5188 τῇ.

2306 5180 2328 5210 ⁵
2371 5182 2424 5234 In
2476 5199 2639 5249 marg.
2686 5183 2814 5235 edit.
2862 5184 3014 5235 Rom.
3044 5224 3058 5239 .
3111 5183 3297 5243 πλάνης
3338 5180 3821 5240 καταδικασθείσηξ.

2234 5253 2368 5327 μετά
2414 5260 2577 5327 ταῦτα
2620 5256 2703 5327 καί
2731 5257 2849 5327 περί
2875 5262 2965 5313 τῆς
2988 5254 3474 5327 ἀποκαταστάσεως
3524 5257 3672 5309 αὐτοῦ
3724 5256 3820 5307 τοῦ

2237 5324 2443 5399 ἀμαθρς
2467 5324 3173 5399 πλὲανηθέντοςσκοπηθῆναι.-.
3361 5392 3374 5399 _
3397 5390 3411 5399 _
3588 5392 3600 5399 _
3686 5388 3722 5399 __

2313 5392 2333 5422 ⁸
2372 5393 2469 5446 Ms.
2505 5393 2661 5456 Ven.,
2692 5394 2779 5447 εἶθ’
2817 5394 3011 5457 οῦτως;
3054 5392 3241 5445 melius
3285 5390 3525 5460 quidem,
3558 5392 3605 5448 si
3647 5390 3819 5447 etiam

2240 5474 2433 5517 caetera
2465 5464 2733 5533 quomodo
2761 5467 2939 5518 sanari
2970 5472 3186 5533 possent
3211 5462 3492 5518 indicaret.

2310 5534 2329 5607 ξ
2372 5532 2467 5607 με.
2501 5534 2656 5599 Ven.,
2690 5532 2807 5607 εἴγε
2840 5533 2996 5607 ὅμως.

2310 5604 2332 5679 ξ’
2372 5605 2429 5679 in
2463 5619 2628 5679 marg.
2657 5604 2790 5679 edit.
2821 5604 2998 5679 liivm.,
3030 5606 3190 5679 ᾧπερ.

2308 5675 2350 5752 fy
2370 5674 2470 5752 ῌε.
2502 5674 2659 5739 Ven.,
2690 5676 2762 5752 εἷς
2789 5676 3001 5752 πλρὶρης.

2308 5744 2358 5782 ⁸⁸
2395 5744 2448 5798 1η
2478 5760 2650 5811 marg.
2682 5746 2805 5798 edit.
2840 5744 3021 5805 Βὸῐη...
3050 5744 3421 5801 ἀκολουθήσειν.

2310 5814 2352 5846 ⁸⁸
2394 5814 2448 5870 In
2479 5816 2668 5872 eodem
2698 5830 2889 5887 ηιξκιε..
2921 5816 3066 5881 ἴσως,
3098 5815 3370 5885 δεξάμενοι.
