4020 6352
538 430 640 489 807

1665 428 1722 483 S.
1766 425 2009 482 LEONIS
2047 423 2261 481 MAGNI
2311 419 2675 477 EPISTOLIE.

3701 416 3806 476 808

538 564 781 611 naturain
808 547 1140 611 beatiﬁcans,
1164 552 1221 598 ut
1240 542 1531 612 glorificata
1557 542 1609 596 in
1636 543 1967 611 glorificante
1990 558 2111 611 per-

2232 548 2288 613 τῷ
2314 540 2583 611 μυστηρίῳ
2613 543 2701 591 τοῦ
2730 533 3089 607 ἁναληφθὲντος
3120 532 3137 563 ⁸
3164 532 3446 607 ἀνθρώπου,
3477 531 3535 586 οὑ
3569 536 3693 603 ριᾶς
3719 533 3810 586 οὑ-

536 654 748 703 lnaneat
799 642 929 715 [Cur
954 649 1131 694 autem
1163 637 1549 691 inconveniens
1584 636 1748 706 εει
1798 635 2113 701 antimpos-

536 738 689 793 sibile
719 734 962 787 videatur
984 740 1044 785 ut
1072 730 1305 784 Verbum
1331 739 1385 783 et
1415 743 1541 781 caro
1572 739 1734 797 atque
1765 728 1940 780 anima
1976 740 2112 780 unus

534 831 687 885 Jcsus
715 826 990 892 Christus,
1023 833 1077 879 et
1120 840 1254 877 unus
1288 822 1380 876 Dei
1416 821 1750 890 hominisque
1774 822 1844 874 sit
1875 820 2035 887 filius,
2067 818 2113 872 si

534 936 660 976 caro
700 929 753 971 et
791 922 967 971 anima
995 957 1010 981 ,
1059 931 1178 984 qna:
1217 914 1555 968 dissimilium
1587 924 1896 966 naturarum
1936 918 2100 976 sunt,

535 1027 696 1067 unam
742 1009 947 1063 faciunt
983 1010 1140 1063 etiam
1172 1008 1287 1062 sine
1341 1005 1500 1059 Verbi
1535 1007 1898 1058 incarnatione
1931 1001 2114 1070 perso-

535 1118 660 1158 nam
692 1122 703 1155 :
752 1118 873 1156 cum
926 1102 1091 1155 multo
1141 1102 1210 1155 sit
1242 1100 1447 1153 facilius
1478 1109 1534 1152 ut
1568 1099 1705 1151 hanc
1744 1097 2000 1150 unitatem
2032 1094 2110 1148 sui

532 1204 689 1267 atque
714 1196 945 1251 hominis
966 1194 1185 1248 Deitatis
1212 1202 1424 1260 praestet
1451 1200 1707 1260 potestas,
1735 1206 1891 1258 qnam
1918 1199 1974 1241 ut
1996 1203 2112 1241 eam

533 1288 587 1344 in
628 1287 939 1342 substantiis
973 1295 998 1322 ει
1030 1286 1140 1339 suis
1169 1285 1410 1339 obtineat
1448 1282 1613 1337 solius
1647 1280 1995 1336 humanitatis
2026 1279 2109 1331 in-

532 1378 822 1449 ﬁrmitas?]
854 1380 961 1433 Nec
984 1377 1216 1431 Verbum
1249 1378 1406 1445 igitur
1431 1376 1482 1427 in
1511 1390 1747 1437 carnem,
1782 1388 1879 1426 nec
1910 1375 1959 1425 in
1984 1371 2115 1425 Ver-

532 1471 658 1526 bum
687 1486 814 1525 caro
845 1478 1044 1523 mutata
1074 1476 1193 1531 est;
1234 1466 1326 1519 sed
1371 1475 1655 1534 utrumque
1689 1466 1739 1517 in
1774 1479 1881 1517 uno
1912 1471 2112 1529 manet,

532 1570 587 1618 et
616 1578 753 1617 unus
784 1562 835 1615 in
866 1569 1093 1630 utroque
1131 1571 1233 1627 est,
1270 1575 1376 1613 non
1409 1559 1721 1613 diversitate
1747 1556 1971 1623 divisus,
2007 1572 2111 1609 non

531 1656 893 1727 permixtione
922 1657 1211 1709 confusus:
1247 1670 1347 1707 nec
1375 1655 1510 1707 alter
1540 1668 1606 1705 ex
1642 1652 1831 1715 Patre,
1870 1651 2003 1704 alter
2050 1665 2116 1704 ex

530 1760 703 1805 matre
731 1765 746 1816 ;
779 1749 871 1802 sed
896 1748 1035 1803 idem
1064 1749 1219 1802 aliter
1242 1763 1307 1802 ex
1332 1747 1489 1801 Patre
1518 1756 1643 1800 ante
1674 1743 1700 1782 δ
1724 1760 1885 1800 omne
1919 1744 2115 1812 princi-

531 1840 708 1911 pium,
743 1840 899 1894 aliter
928 1840 993 1893 de
1022 1849 1190 1892 matre
1222 1840 1271 1891 in
1328 1839 1432 1892 line
1463 1836 1783 1889 saeculorum
1812 1851 1826 1889 :
1879 1844 1935 1887 ut
1973 1842 2118 1888 esset

2218 635 2357 697 σίας,
2391 630 2493 683 ἀλλ’
2522 630 2627 689 ἑνός
2662 630 2968 703 προσώπου,
2999 627 3078 679 καί
3115 630 3205 681 τοῦ
3246 627 3420 681 αὑτοῦ.
3462 620 3594 679 Οῦτε
3639 625 3739 699 γάρ
3787 624 3815 680 ό

2216 726 2379 798 Λόγος
2408 727 2479 785 εἰς
2516 731 2686 793 σῶμα,
2729 720 2759 781 ἦ
2801 723 2873 781 είς
2927 718 3111 791 ψυχήν
3157 720 3291 774 κατά
3335 741 3385 774 τι
3431 718 3582 796 μέρος
3637 719 3814 772 οἰκεῖον

2216 821 2432 895 ἐτράπη·
2468 818 2619 873 ὁπότε
2661 816 2830 879 ἁπλῆ,
2867 818 2953 870 καί
2994 814 3323 874 ἀναλλοίωτος
3359 814 3392 872 ἦ
3418 820 3513 873 τῆς
3554 811 3810 871 Θεότητος

2215 912 2387 987 φύσις,
2421 910 2507 970 ὅλη
2546 912 2595 964 ἐν
2642 917 2704 985 τῇ
2755 910 2916 983 οἰκείᾳ
2957 908 3037 962 άεί
3077 906 3316 982 ὑπάρχει
3361 905 3536 979 οὐσίᾳ,
3581 901 3812 978 οὐδεμίαν

2216 1007 2399 1066 ἑαυτῆς
2428 1008 2637 1077 μείωσιν
2685 1001 2962 1073 δεχομένη.
3008 996 3124 1055 οὔτε
3167 999 3476 1074 προσθήκην·
3524 998 3603 1050 καί
3640 996 3813 1059 πάλιν,

2218 1097 2353 1152 οὕτω
2381 1102 2472 1155 τήν
2493 1095 2902 1171 προσληφθεῖσαν
2932 1097 3190 1165 μακαρίαν
3212 1092 3233 1123 ³
3261 1090 3615 1146 άποτελίσασα
3641 1089 3813 1161 φύσιν,

2214 1189 2301 1242 ἵνα
2328 1190 2358 1245 ἡ
2388 1186 2703 1251 δοξασθεῖσα
2729 1186 2780 1239 ἐν
2806 1193 2867 1259 τῇ
2912 1182 3180 1256 δοξασάσῃ
3210 1188 3526 1253 μεμενηκυῖα
3552 1181 3813 1253 τυγχάνῃ.

2218 1278 2351 1335 Οὔτε
2383 1274 2470 1333 οὖν
2500 1278 2525 1333 ὁ
2556 1278 2702 1351 λόγος
2732 1280 2801 1338 εἰς
2829 1286 3001 1346 σῶμα,
3038 1279 3105 1336 ὡς
3151 1274 3380 1346 εἴπομεν,
3423 1271 3543 1329 οῦτε
3573 1275 3645 1333 εἰς
3672 1272 3817 1343 λόγον

2218 1374 2275 1428 τὸ
2305 1380 2457 1444 σῶμα
2483 1373 2769 1431 ἠλλοίωται·
2796 1371 2898 1425 ἀλλ’
2929 1372 3169 1445 ἑκάτερον
3198 1370 3249 1423 ἐν
3276 1369 3366 1432 ἑνί,
3403 1370 3487 1423 καί
3522 1366 3543 1397 ³
3570 1368 3618 1421 ἔν
3648 1368 3818 1437 ἀμφο-

2218 1464 2383 1539 τέροις
2426 1460 2572 1524 όεῖς·
2620 1466 2678 1519 οὑ
2719 1462 2933 1536 διαφορᾷ
2978 1461 3295 1537 διῃρημένος,
3335 1462 3392 1516 οὑ
3439 1468 3513 1533 τῷ
3560 1459 3821 1532 μεμίχθαι

2218 1557 2626 1627 συγκεχυμένος·
2660 1556 2790 1609 ὥστε
2820 1555 2992 1625 ἕτερος
3036 1556 3127 1625 μὲν
3178 1555 3230 1606 ἐκ
3276 1553 3493 1627 πατρὸς,
3546 1551 3724 1627 ἕτερος
3765 1549 3821 1605 δὲ

2219 1649 2273 1701 ἐκ
2303 1647 2512 1722 μητρός·
2544 1645 2650 1700 ἀλλ’
2680 1645 2706 1701 ὁ
2735 1648 2891 1707 αὐτὸς
2930 1643 3093 1705 ἄλλως
3126 1648 3217 1717 μέν
3259 1647 3314 1699 ἐκ
3358 1644 3551 1720 πατρὸς
3575 1644 3679 1719 πρὸ
3710 1643 3819 1697 πά-

2220 1763 2315 1802 σης
2362 1742 2557 1816 ἀρχῆς.
2601 1738 2794 1801 Ἀλλως
2825 1738 2880 1795 δέ
3116 1740 3167 1793 ἐκ
3214 1740 3406 1815 μητρός
3458 1737 3537 1793 ἐπ’
3576 1738 3820 1807 ἐσχάτου

2220 1842 2319 1890 τῶν
2358 1837 2577 1911 ἡμερῶν·
2621 1836 2705 1889 ἵνα
2741 1836 2945 1905 γένηται
2991 1836 3204 1905 μεσίτης
3250 1838 3379 1888 Θεοῦ
3418 1833 3500 1885 καί
3539 1831 3822 1907 ἀνθρώπων

534 1934 783 1985 mediator
812 1931 906 1985 Dei
932 1943 978 1985 et
1008 1930 1291 1995 hominum,
1309 1931 1459 1983 homo
1481 1927 1633 1983 Jesus
1659 1928 1892 1983 Christus
1915 1928 1957 1995 (Ι
1979 1927 2113 1981 Tim.

2232 1923 2489 2001 ἅνθρωπος
2535 1926 2754 2002 Χριστὸς
2779 1926 2996 1985 Ἰησοῦς·
3022 1926 3071 1978 ἐν
3194 1928 3297 1977 πᾶν
3336 1923 3393 1976 τό
3436 1921 3687 1997 πλήρωμα
3725 1926 3822 1978 τῆς

537 2040 598 2089 ιι,
628 2025 707 2095 5),
738 2026 789 2079 in
821 2042 926 2094 quo
953 2024 1276 2079 inhaliitaret
1310 2024 1573 2094 plenitudo
1607 2022 1899 2077 Divinitatis
1930 2038 2116 2089 corpo-

535 2118 713 2171 raliter
741 2116 956 2185 (Coloss.
987 2132 1047 2186 ιι,
1069 2116 1157 2187 9):
1191 2118 1310 2185 quia
1336 2116 1621 2183 assumpti.
1660 2130 1767 2168 non
1796 2115 2118 2168 assumentis

536 2210 810 2280 provectio
835 2218 951 2274 est,
981 2208 1124 2279 quod
1168 2206 1307 2262 Deus
1336 2208 1486 2260 illum
1530 2207 1775 2260 exultavit
1815 2215 1861 2259 et
1912 2205 2119 2257 donavit

532 2300 611 2355 illi
643 2318 820 2354 nomen
850 2302 985 2370 quod
1014 2310 1085 2354 est
1114 2314 1266 2368 super
1311 2315 1457 2352 omne
1499 2314 1683 2351 nomen
1706 2313 1725 2350 :
1755 2306 1811 2350 ut
1835 2297 1886 2349 in
1918 2297 2122 2349 nomine

533 2390 659 2445 Iesu
706 2409 851 2446 omne
878 2408 1009 2463 genu
1059 2394 1315 2461 ﬂectatur,
1368 2390 1677 2455 caelestium,
1731 2391 2042 2443 terrestrium
2070 2396 2119 2442 et

534 2486 847 2554 infernarum
873 2495 964 2551 ;.et
994 2485 1157 2537 omnis
1184 2483 1363 2554 lingua
1394 2484 1700 2553 conﬁteatur
1727 2485 1972 2554 quoniam
2007 2483 2113 2536 Do-

534 2578 698 2629 minus
718 2574 869 2629 Jesus
898 2586 920 2614 ο
940 2576 1169 2631 Christus
1192 2576 1245 2630 in
1268 2576 1437 2648 gloria
1463 2584 1537 2630 est
1567 2576 1667 2631 Dei
1691 2573 1864 2629 Patris
1892 2574 2117 2647 (Philip.

534 2683 592 2737 ιι,
622 2668 798 2740 9-H).

607 2764 734 2819 CAP.
767 2762 857 2819 Ill.
882 2792 951 2804 —
978 2763 1056 2837 [In
1087 2778 1152 2819 eo
1183 2778 1315 2819 vero
1344 2764 1489 2834 quod
1521 2763 1799 2836 Eutyches
1826 2764 1877 2817 in
1907 2764 2119 2834 episco-

536 2857 643 2927 pali
666 2856 869 2927 judicio
898 2872 1061 2911 ausus
1090 2866 1175 2911 est
1202 2856 1382 2912 dicere
1410 2870 1528 2911 ante
1569 2857 1968 2910 incarnationem
1990 2856 2119 2909 duas

536 2949 589 3003 in
627 2949 829 3004 Christo
871 2950 1031 3017 fuisse
1077 2958 1311 3013 naturas,
1351 2961 1461 3020 post
1493 2950 1895 3003 incarnationem
1926 2957 2115 3014 autem,

537 3058 714 3109 unam,
746 3044 1108 3098 necessarium
1134 3041 1307 3096 fuerat
1331 3042 1466 3095 ntad
1499 3032 1824 3096 reddendam
1854 3043 2119 3094 rationem

537 3134 884 3205 professionis
925 3149 1035 3189 suae
1068 3134 1271 3189 crebris
1298 3147 1458 3203 atque
1489 3134 1738 3188 sollicitis
1760 3134 1998 3203 jndicnm
2024 3133 2119 3187 in-

540 3228 989 3295 terrogationibus
1017 3238 1319 3289 urgeretur,
1347 3241 1412 3279 ne
1438 3236 1706 3295 tamquam
1732 3225 1891 3278 inane
1918 3225 2118 3294 aliquid

2222 2019 2459 2081 θεότητος
2484 2026 2787 2090 σωματικῶς
2805 2025 3040 2073 κατοικεῖ·
3072 2015 3339 2092 ἐπειδήπερ
3356 2020 3449 2070 τοῦ
3474 2014 3824 2090 προσληφθέν-

2221 2134 2329 2174 τος,
2364 2114 2419 2166 οὑ
2450 2118 2541 2167 τοῦ
2571 2110 2955 2186 προσλαϐόντος
2983 2111 3119 2165 ἐστίν
3150 2109 3180 2167 ή
3208 2110 3460 2186 προκοπή·
3489 2104 3565 2162 ότι
3588 2108 3821 2179 καθάπερ

2222 2202 2249 2259 ὁ
2277 2201 2581 2264 ’Δπόστολος
2609 2203 2761 2275 λέγει,
2791 2212 2847 2257 Ὁ
2875 2203 2999 2262 Θεὸς
3029 2200 3180 2255 αὑτὸν
3203 2198 3537 2275 ὑπερύψωσε,
3568 2200 3653 2251 καί
3685 2198 3825 2266 ἔχοι-ν

2221 2297 2408 2372 ρίσατο
2436 2299 2572 2369 αὐτῷ
2601 2293 2775 2369 ὄνομα,
2808 2299 2865 2353 τό
2894 2297 3027 2371 ὑπὲρ
3056 2301 3159 2351 πᾶν
3184 2291 3344 2366 ὄνομα
3362 2335 3376 2357 ,
3398 2296 3482 2348 ἵνα
3510 2295 3559 2347 ἓν
3590 2300 3665 2366 τῷ
3706 2290 3825 2346 ὀνό-

2221 2410 2348 2461 ματι
2372 2388 2537 2447 Ἰησοῦ
2578 2396 2797 2468 Χριστοῦ
2845 2395 2947 2444 πᾶν
2984 2388 3101 2460 γόνυ
3140 2385 3325 2463 κάμψῃ
3369 2387 3703 2460 ἐπουρανίων,
3740 2386 3827 2439 καί

2223 2484 2477 2556 ἐπιγείων,
2511 2486 2600 2539 καί
2646 2484 3029 2554 καταχθονίων.
3073 2485 3157 2537 καί
3199 2486 3351 2537 πᾶσα
3394 2481 3603 2555 γλῶσσα
3639 2480 3826 2549 ἐξομο-

2222 2574 2522 2647 λογήσηται,
2552 2574 2630 2633 ὅτι
2672 2579 2844 2653 κύριος
2886 2576 3084 2636 Ἰησοῦς
3131 2574 3369 2649 Χριστός,
3402 2575 3473 2633 εἰς
3502 2570 3651 2637 δόξαν
3687 2577 3825 2626 Θεοῦ

2221 2670 2439 2743 πατρός·
2471 2677 2742 2745 τοιγαροῦν
2773 2678 2800 2731 ἡ
2826 2672 2956 2724 κατὰ
2985 2671 3156 2745 σάρκα
3183 2675 3272 2722 τοῦ
3300 2666 3542 2721 δεστότου
3567 2666 3827 2738 γέννησις,

2223 2762 2269 2814 εί
2300 2764 2385 2816 καί
2422 2764 2488 2816 τὰ
2517 2762 2742 2833 μάλιστα
2772 2760 2889 2834 ἔχει
2929 2763 3071 2822 τινὰς
3103 2759 3377 2823 ἰδιότητας,
3425 2756 3487 2814 δι’
3523 2754 3587 2811 ὧν
3628 2759 3699 2814 τοὶ
3734 2764 3831 2816 τῆς

2222 2856 2535 2932 ἀνθρωπίνης
2562 2854 2790 2933 παρόδου
2820 2863 2912 2915 τής
2941 2857 3011 2914 είς
3049 2855 3133 2910 τὸν
3173 2854 3281 2925 βίον
3309 2851 3604 2926 ὑπερϐαίνει
3648 2853 3833 2922 προοί-

2224 2971 2337 3021 μια,
2369 2946 2467 3003 εἴτε
2497 2951 2615 3003 καθὸ
2643 2947 2793 3019 μόνος
2825 2950 2876 3013 ἐξ
2917 2947 3063 3019 ἁγίου
3089 2948 3377 3016 πνεύματος
3420 2945 3522 3000 ἀπὸ
3560 2944 3828 3018 ἀφθάρτου

2223 3042 2474 3117 παρθένου
2503 3043 2673 3117 χωρίς
2703 3042 2975 3111 ἐπιθυμίας
3016 3038 3309 3111 συλληφθείς
3340 3038 3451 3093 ἐστι
3477 3039 3559 3090 καί
3586 3037 3827 3106 τεχθεὶς,

2225 3129 2323 3187 εἴτε
2354 3133 2471 3187 καθὸ
2503 3132 2666 3193 οὕτως
2704 3133 2756 3186 ἐκ
2790 3140 2881 3192 τῆς
2908 3131 3135 3207 γαστρὸς
3173 3137 3265 3189 τῆς
3304 3130 3497 3200 μητρός
3536 3128 3829 3188 άπεκυήθη,

2227 3226 2359 3281 ὥστε
2388 3228 2470 3280 καί
2494 3231 2583 3283 τήν
2613 3226 2836 3297 εὐγονίαν
2865 3232 3045 3286 τεκεῖν,
3086 3225 3174 3276 καί
3208 3229 3373 3291 μεῖναι
3402 3229 3493 3278 τήν
3527 3220 3832 3293 παρθενίαν·

540 3311 948 3381 ρτωιοτίιυθεει,
978 3310 1119 3380 quod
1152 3326 1254 3366 non
1282 3313 1377 3363 nisi
1409 3310 1476 3365 de
1509 3310 1699 3363 haustu
1730 3322 2117 3364 venenatorum

2232 3315 2364 3387 ὅμως
2384 3318 2488 3387 οὐχ
2529 3316 2707 3392 ἐτέρας
2727 3314 2785 3375 ἧν
2815 3314 3014 3389 φύσεως
3044 3318 3075 3374 ἡ
3100 3316 3285 3369 τούτου
3319 3315 3465 3390 σάρξ,
3510 3312 3642 3382 ἥπερ
3688 3313 3834 3366 ἐστίν

541 3401 847 3471 dogmatum
882 3404 1172 3472 apparebat
1194 3402 1220 3439 ἀ
1253 3402 1502 3457 eﬂ'usuin.
1544 3401 1790 3456 Albill‘Ol‘
1818 3406 1961 3453 enim
1996 3400 2117 3454 talia

540 3494 851 3565 loquentem
877 3496 976 3549 hoc
1006 3496 1205 3550 habere
1232 3511 1567 3565 persuasum,
1592 3494 1731 3564 qnod
1755 3493 1931 3547 anima
1960 3506 2120 3562 quam

539 3587 788 3643 Salvator
808 3591 1104 3658 assumpsit
1127 3589 1273 3657 prius
1296 3590 1345 3641 in
1359 3587 1511 3641 caelis
1526 3590 1595 3640 sit
1614 3600 1942 3641 commorata
1961 3600 2121 3656 quam

542 3678 609 3736 de
634 3680 797 3735 Maria
824 3681 1029 3752 virgine
1056 3691 1385 3746 nasceretur,
1420 3696 1645 3751 eamque
1674 3681 1775 3735 sibi
1808 3681 2039 3736 Verhum
2070 3682 2122 3735 in

2227 3410 2257 3466 ή
2280 3416 2369 3468 τῆς
2397 3410 2554 3480 ἡμῶν·
2590 3406 2703 3462 οὑδὲ
2747 3408 2853 3461 καθ’
2896 3408 3073 3483 ἑτέραν
3118 3408 3291 3481 ἀρχήν
3320 3404 3625 3460 ἐνεπνεὺσθη
3653 3404 3836 3473 τούτῳ

2226 3502 2257 3559 ή
2286 3500 2440 3570 ψυχή
2468 3503 2615 3575 παρὰ
2642 3502 2759 3559 τοὺς
2788 3496 2969 3558 ἄλλους
3006 3499 3323 3574 ἀνθρώπους,
3364 3497 3396 3553 ἦ
3423 3516 3501 3556 τις
3542 3495 3835 3569 ὑπερεῖχεν

2229 3594 2287 3648 οὑ
2318 3596 2446 3649 κατά
2475 3595 2533 3649 τὸ
2561 3601 2653 3649 τοῦ
2673 3596 2849 3668 γένους
2878 3590 3131 3666 διάφορον,
3156 3591 3277 3644 ἀλλὰ
3298 3589 3429 3643 κατά
3457 3590 3514 3643 τὸ
3543 3595 3642 3642 τῶν
3675 3585 3838 3640 δυνά-

2230 3705 2361 3755 μεων
2392 3685 2729 3758 ὑπερϐάλλον.
2763 3687 2854 3738 Καί
2882 3685 2981 3755 γάρ
3018 3681 3154 3736 οὐδέν
3192 3676 3333 3752 εἶχεν
3372 3680 3756 3749 ἐναντιούμενον
3784 3678 3838 3742 ἐξ

541 3783 696 3829 utero
721 3784 744 3811 θ
761 3774 1060 3841 copularet.
1077 3774 1183 3829 Sed
1201 3776 1299 3827 hoc
1316 3774 1593 3827 catholicae
1623 3786 1830 3830 mentes
1857 3790 2123 3845 auresque

544 3878 652 3920 non
702 3864 979 3919 tolerant:
1014 3866 1136 3935 quia
1185 3865 1315 3919 nihil
1368 3880 1552 3919 secum
1586 3867 1841 3921 Dominus
1872 3867 1939 3923 de
1984 3870 2124 3923 ctelo

544 3957 767 4013 veniens
789 3971 985 4013 nastraa
998 3959 1323 4014 conditionis
1336 3958 1595 4026 exhibuit;
1616 3976 1713 4015 nec
1730 3964 1960 4016 animam
1982 3964 2124 4017 enim

544 4063 666 4118 qua:
696 4049 936 4103 anterior
962 4049 1291 4117 exstitisset,
1339 4066 1438 4105 nec
1466 4068 1681 4106 carnem
1729 4069 1847 4121 quae
1881 4070 1984 4107 non
2014 4070 2126 4107 ma-

545 4141 685 4197 terni
730 4142 974 4213 corporis
1014 4153 1179 4209 esset,
1209 4144 1433 4213 accepit.
1468 4145 1665 4199 Natura
1707 4148 1903 4217 quippe
1942 4160 2126 4204 nos:ra

549 4248 653 4290 non
678 4234 755 4288 sic
777 4244 1047 4306 assumpta
1076 4247 1158 4291 est
1184 4246 1241 4291 ut
1273 4238 1420 4304 prius
1454 4236 1472 4276 τ
1501 4250 1705 4310 creata,
1744 4252 1861 4306 post
1882 4257 2120 4299 assume-

544 4334 712 4395 retur,
750 4326 842 4381 sed
875 4335 931 4381 ut
962 4326 1076 4397 ipsa
1101 4328 1467 4395 assumptione
1495 4341 1790 4390 crearetur.
1816 4332 1965 4389 Unde
1985 4335 2128 4405 quod

545 4420 596 4474 in
612 4420 841 4491 Origene
872 4423 1063 4477 merito
1094 4424 1403 4479 damnatum
1428 4433 1532 4491 est,
1565 4428 1654 4497 qui
1686 4430 2008 4491 animarum,
2034 4445 2131 4484 an-

548 4521 761 4583 tequam
789 4522 813 4561 8
838 4514 1155 4585 corporibus
1183 4518 1572 4584 insererentur,
1599 4534 1703 4573 non
1736 4521 1907 4575 solum
1941 4522 2124 4590 vitam,

549 4605 643 4659 sed
675 4616 727 4659 et
767 4606 1007 4662 diversas
1044 4607 1206 4663 fuisse
1236 4612 1468 4663 asseruit
1509 4612 1772 4677 actiones,
1804 4629 2024 4667 necesse
2050 4623 2120 4669 est

2238 4619 2400 4673 κοινήν
2431 4616 2570 4683 ήμῶν
2609 4620 2800 4689 κρατῶν
2841 4613 2986 4683 φύσιν
3034 4612 3083 4664 ἐν
3113 4613 3317 4681 σώματι
3346 4610 3425 4662 καί
3449 4607 3622 4681 ψυχῇ·
3654 4609 3719 4660 οὐ
3746 4610 3859 4683 γὰρ

547 4705 606 4751 ιιι
630 4698 787 4751 etiam
818 4700 867 4753 in
891 4697 1016 4765 isto,
1046 4699 1146 4753 nisi
1171 4702 1423 4755 maluerit
1452 4708 1773 4757 sententiam
1801 4701 1829 4740 ιι
1853 4705 2120 4771 abdicare,

2238 4708 2257 4738 ’⁷
2290 4703 2351 4762 ἂν
2378 4704 2435 4767 ἦν
2465 4712 2593 4761 Θεοῦ
2618 4710 2699 4760 καί
2721 4707 2995 4781 ἀνθρώπων
3018 4706 3247 4773 μεσίτης,
3282 4704 3325 4756 εἰ
3344 4707 3413 4772 μή
3442 4700 3467 4754 ὁ
3498 4700 3655 4760 αὐτὸς
3688 4703 3858 4763 Θεὸς,

546 4789 856 4861 plectatur.]
876 4788 1135 4847 Nativitas
1156 4795 1301 4848 enim
1331 4794 1542 4850 Domini
1572 4796 1864 4852 secundum
1882 4813 2122 4867 carnem,
2234 4804 2318 4855 καὶ
2342 4800 2368 4855 ὁ
2391 4800 2546 4860 αὐτὸς
2576 4796 2836 4867 ἅνθρωπος
2858 4796 2907 4852 iv
2934 4804 3006 4867 τῷ
3035 4797 3170 4866 αὐτῷ
3194 4797 3280 4849 καί
3307 4791 3375 4854 εἷς
3407 4794 3676 4867 ὑπῆρχεν.
3713 4794 3739 4824 ⁸

2228 3778 2495 3847 ἐπιθυμίας
2528 3776 2732 3851 σαρκός·
2764 3778 2972 3850 ἐπείπερ
2999 3774 3221 3842 ἤκμαζον
3252 3776 3511 3833 αἰσθήσεις
3534 3776 3622 3824 τοῦ
3650 3772 3841 3840 σῶμα·

2229 3891 2317 3931 τος
2344 3868 2476 3939 δίχα
2501 3870 2654 3941 νόμου
2686 3870 2820 3926 τινός
2862 3868 3254 3941 ἁμαρτήματος,
3298 3869 3382 3921 καί
3423 3867 3452 3923 ή
3495 3863 3708 3922 ἀλήθεια
3738 3872 3843 3917 τῶν

2232 3966 2471 4021 κινήσεων
2500 3962 2601 4016 ὑπὸ
2629 3969 2701 4035 τῷ
2725 3970 2816 4022 τῆς
2844 3961 3078 4018 θεότητος
3104 3962 3186 4013 καί
3212 3966 3284 4031 τῷ
3312 3965 3402 4017 τῆς
3428 3954 3653 4015 διανοίας
3676 3952 3840 4009 οἴακι·

2229 4053 2343 4111 οὔτε
2374 4057 2680 4130 ἐπηρεάζετο
2707 4053 2791 4109 διὰ
2819 4062 2917 4110 τῶν
2946 4051 3335 4122 δελεασμάτων,
3379 4047 3498 4105 οὔτε
3523 4050 3848 4123 παρεχώρει

2222 4146 2343 4211 ’τοῖς
2380 4152 2612 4206 πάθεσιν.
2650 4148 2809 4205 Ὠστε
2844 4148 2916 4203 ⁸⁵ὁ
3160 4146 3343 4205 ἀληθής
3390 4143 3514 4203 Θεὸς
3566 4139 3847 4216 ἄνθρωπος

2236 4244 2485 4316 ἐγεννήθη·
2520 4246 2604 4297 καί
2624 4240 2736 4298 οὔτε
2760 4242 2887 4296 κατά
2912 4248 3366 4317 προϋπάρχουσαν
3390 4236 3572 4308 ψυχήν
3604 4237 3656 4300 ἐξ
3685 4238 3851 4312 οὐρα·

2234 4342 2323 4388 νοῦ
2354 4335 2374 4365 ⁵
2400 4338 2741 4406 κατενεχθεὶς,
2774 4332 2889 4388 οὔτε
2933 4336 3063 4388 κατά
3102 4336 3270 4407 σάρκα
3306 4333 3357 4385 ἐκ
3401 4332 3673 4400 στοιχείου
3705 4332 3853 4390 τινὸς

2236 4429 2573 4504 προσληφθείς
2600 4427 2629 4487 ή
2669 4429 2876 4497 τεχθεὶς
2912 4429 2966 4482 ἐκ
3011 4433 3101 4482 τοῦ
3141 4424 3367 4496 μηδενός·
3414 4423 3538 4478 ἀλλὰ
3568 4422 3589 4452 ⁶
3618 4422 3678 4476 τό
3722 4422 3857 4477 αὐτό

2238 4518 2386 4592 ἔχων
2424 4522 2473 4574 ἐν
2518 4520 2714 4578 θεότητι
2750 4522 2831 4573 καί
2866 4517 3211 4593 ἀνθρωπότητι
3252 4512 3554 4593 πρόσωπον,
3612 4518 3707 4569 καί
3756 4519 3856 4573 τήν

2234 4804 2318 4855 καί
2342 4800 2368 4855 ό
2391 4800 2546 4860 αὑτός
2576 4796 2836 4873 ἅνθρωπος
2858 4796 2907 4852 ἐν
2934 4804 3006 4869 τῷ
3035 4797 3170 4866 αὑτῷ
3194 4797 3280 4849 καί
3307 4791 3375 4854 εἷς
3407 4794 3676 4867 ὑπῆρχεν,
3713 4794 3739 4824 ⁸
3770 4797 3863 4847 καί

620 4956 647 5022 ξι
672 4949 853 5022 Codex
878 4951 1087 5022 Ratisp.
1116 4952 1260 5008 delet
1289 4957 1416 5011 suis.

620 5016 647 5057 ι’
680 5019 821 5075 Idem
852 5022 1022 5078 codex
1038 5016 1196 5079 vdelet
1222 5043 1393 5083 omne.

623 5100 644 5128 ε
674 5090 786 5145 Duo
811 5094 971 5148 codd.
995 5095 1247 5149 omittunt
1273 5113 1465 5153 nomen
1496 5098 1755 5155 Christus.

620 5156 649 5197 ἀ
680 5162 752 5217 lta
775 5178 963 5247 omnes
984 5168 1149 5247 nostri
1179 5168 1391 5247 codices
1406 5178 1459 5222 et
1481 5170 1610 5247 editi
1615 5181 1755 5247 _ante
1778 5171 2134 5243 Quesn.apud

549 5247 710 5306 quem
741 5234 984 5303 a/fusum,
1017 5246 1075 5292 et
1096 5238 1146 5289 in
1173 5243 1411 5307 margine
1437 5241 1548 5303 eil.,
1574 5234 1813 5306 e/fusum.
2029 5234 2045 5243 ’

627 5313 650 5341 ο
689 5303 893 5375 Ratisp.
934 5322 1056 5362 cum
1100 5308 1259 5362 codd.
1312 5313 1523 5366 collect.
1569 5314 1629 5366 2t
1670 5322 1724 5367 et
1751 5314 1914 5367 editis
1941 5312 2137 5368 Leonis

553 5378 915 5448 anteriorihus
939 5380 1249 5445 Quesnello,
1274 5384 1550 5448 copularit.

631 5445 873 5521 τρυοειι.
908 5449 961 5521 in
985 5466 1220 5521 margine
1261 5468 1275 5503 :
1312 5445 1419 5517 Al,
1453 5465 1625 5507 creata
1648 5468 1956 5509 sumeretur.

623 5518 870 5597 lVeron.
904 5520 1001 5588 57,
1040 5518 1444 5597 in'eorporibus.
1480 5526 1595 5579 Mox
1640 5543 1737 5597 pro
1786 5530 2137 5597 insererentur

552 5588 753 5666 Quesn.
780 5592 834 5644 in
859 5606 1046 5666 marg;
1076 5594 1185 5659 AL,
1211 5588 1534 5651 misceantur.
1572 5588 1700 5651 Dein
1732 5600 1859 5653 editi
1887 5612 1935 5652 et
1970 5596 2137 5666 aliqui

551 5663 741 5729 codd.,
798 5678 900 5716 non
950 5663 1116 5717 solum
1170 5668 1317 5719 vitas.
1368 5666 1641 5733 Quesnelli
1691 5663 2134 5723 emendationem

552 5740 737 5787 noster
755 5733 876 5788 cod.
901 5732 1196 5793 Vindebon.
1224 5732 1439 5794 collect.
1466 5739 1501 5795 5
1528 5747 1585 5797 et
1604 5753 1792 5797 omnes
1818 5740 1947 5797 coll.
1975 5739 2137 5797 Chal-

557 5802 753 5876 cedon.
783 5806 1103 5876 approbant.

628 5870 656 5909 ιι
682 5870 962 5945 ltat'tspon.
985 5878 1132 5935 addit
1157 5895 1327 5935 suam.

2313 4958 2330 5033 ξ
2356 4957 2489 5033 μεθ.
2529 4958 2750 5033 Ven.__et
2779 4958 2922 5033 Val"
2954 4960 3243 5033 άνθρὼπου,
3278 4956 3387 5020 ἑνός
3416 4956 3738 5033 προσώπου.

2314 5030 2333 5059 ²
2352 5028 2426 5083 lta
2445 5045 2508 5083 ex
2529 5045 2628 5083 ms.
2656 5029 2774 5082 Vat.
2798 5027 3077 5098 legendum
3127 5027 3347 5081 Videtur
3368 5027 3647 5094 suffragari
3672 5027 3861 5098 etiam

2248 5099 2379 5153 Ven.
2413 5100 2533 5153 (ὀᾶ.
2571 5100 2660 5170 qui
2696 5096 3305 5155 Ιιοὺείάποτελέσασαν.
3349 5098 3487 5153 Male
3518 5099 3574 5151 in
3605 5096 3869 5167 vulgatis

2242 5172 2553 5232 ἀποτελέσας
2567 5212 2578 5223 .

2316 5242 2337 5272 ³
2364 5245 2460 5296 Ms.
2498 5242 2657 5317 Ven._.
2685 5243 2735 5298 ἐν
2764 5242 3094 5317 ἀμφοτέραις,
3123 5241 3306 5310 sicque
3332 5249 3550 5297 notatur
3581 5240 3764 5296 etiam
3804 5240 3866 5296 in

2244 5328 2417 5380 marg.
2452 5316 2581 5366 edit.
2617 5313 2774 5367 Rom.

2316 5382 2337 5413 ‘
2360 5386 2413 5438 In
2440 5400 2607 5461 marg.
2637 5385 2766 5439 edit.
2798 5384 2981 5451 Rom.,
3014 5383 3041 5439 ὁ
3063 5383 3247 5445 ἀληθὴς·
3267 5383 3412 5453 Θεὸς,
3436 5384 3622 5446 ἀληθής
3648 5380 3876 5461 ἅνθρω-

2244 5457 2635 5601 ποξῖδῗέδίλὲζη
2659 5535 2716 5581 οι
2746 5526 2890 5601 Vat.,
2914 5532 3219 5601 καταχθείς.

2314 5597 2483 5672 fhlss.
2517 5598 2652 5652 Ven.
2677 5609 2731 5672 et
2761 5599 2909 5672 Vat.,
2932 5602 2990 5655 τὸ
3021 5596 3143 5656 αῦτό
3163 5604 3280 5672 ἡμῖν
3310 5596 3479 5672 ἔχων,
3507 5599 3791 5672 pessime.

2315 5668 2335 5699 "
2367 5668 2574 5738 Vulgati
2600 5669 2855 5724 omittunt
2876 5667 2938 5724 ἄν
2966 5689 2978 5723 :
3005 5673 3144 5738 qnod
3178 5667 3766 5738 tamen'sunplendum
3796 5683 3878 5725 ex

2240 5752 2344 5793 ms.
2370 5738 2515 5821 Vat.,
2543 5751 2601 5794 ut
2621 5742 2702 5795 vis
2731 5740 2882 5809 verbi
2911 5750 3065 5807 esset,
3088 5742 3229 5811 quod
3251 5750 3337 5797 est
3362 5742 3418 5797 in
3441 5740 3635 5797 Latino
3655 5747 3876 5810 textu,

2239 5824 2305 5865 ex
2314 5820 2594 5865 ortmatur.

2356 5882 2519 5939 Deest
2539 5886 2647 5953 καί,
2681 5882 2780 5942 sed
2811 5883 2975 5955 male,
3008 5883 3063 5940 in
3094 5897 3196 5941 ms.
3230 5881 3365 5940 Ven.
