4020 6352
283 264 373 324 309
1578 253 1915 315 EPISTULA
1954 255 2193 313 XXXVI.

3432 266 3537 326 810

280 372 504 454 quamvis
541 375 731 433 habeat
770 374 1017 446 quaedam
1068 375 1284 445 propria
1333 374 1531 445 quibus
1586 374 1825 431 humana

1941 376 2144 437 ἀληθής.
2168 378 2258 431 Καὶ
2276 382 2402 431 κινεῖ
2417 377 2573 447 ἡμᾶς.
2596 376 2773 453 ἀδελφέ
2797 382 3094 449 τιμιώτατε,
3119 383 3249 457 πρὸς
3276 381 3544 453 διαλέξεως

278 468 575 529 conditionis
604 468 753 522 initia
786 465 1152 531 transcendat,
1179 466 1345 539 883
1375 468 1491 523 sive
1518 467 1662 538 quod
1693 468 1844 523 solus

278 576 299 600 ι
323 563 386 617 ab
416 561 658 616 inviolata
693 557 911 630 Virgine
951 558 1071 614 sine
1112 560 1549 629 concupiscentia
1590 570 1675 615 est
1712 574 1845 615 con-

275 668 445 727 ceptus
490 664 544 711 et
584 661 763 721 natus,
822 653 936 707 sive
985 654 1126 721 quod
1184 653 1256 708 ita
1300 654 1598 711 visceribus
1654 654 1843 710 matris

277 764 346 811 est
380 752 579 819 editus,
614 758 672 805 ut
707 759 762 803 et
812 746 1115 803 fecunditas
1152 758 1404 819 pareret,
1458 758 1512 804 et
1559 748 1842 818 virginitas

278 852 619 910 permaneret;
671 857 780 898 non
828 842 1052 897 alterius
1082 851 1259 897 tamen
1305 851 1510 896 natura:
1557 851 1677 898 erat
1721 843 1838 910 ejus

274 958 382 997 raro
418 956 571 1011 quam
620 937 649 978 δ
694 948 923 1003 nostrae;
989 951 1090 992 nec
1141 937 1249 992 alio
1299 937 1371 991 illi
1418 951 1578 1007 quam
1622 937 1837 993 cmteris

272 1032 553 1088 huminibus
599 1030 776 1085 anima
821 1036 904 1084 est
948 1029 1207 1099 inspirata
1264 1029 1564 1100 principio,
1595 1044 1713 1099 qua:
1743 1046 1836 1086 ex-

270 1127 498 1191 celleret,
548 1140 656 1178 non
708 1122 1024 1178 diversitate
1081 1123 1315 1191 generis,
1366 1121 1461 1177 sed
1507 1121 1834 1178 sublimitate

269 1216 473 1272 virtutis.
518 1215 664 1271 Nihil
708 1217 850 1271 enim
889 1217 1069 1271 carnis
1109 1230 1223 1271 sum
1264 1215 1497 1271 habebat
1544 1216 1830 1271 adversum

267 1310 319 1383 [ε
373 1324 465 1364 nec
517 1308 784 1364 discordia
839 1308 1229 1364 desideriorum
1299 1308 1552 1378 gignebat
1604 1324 1828 1376 compu-

266 1404 513 1475 gnantiam
569 1402 970 1474 voluntatum].
1021 1402 1226 1459 Sensus
1281 1404 1526 1472 corporei
1577 1402 1833 1473 vigebant

1946 470 2135 534 πλάτος
2161 472 2219 527 τὸ
2239 479 2331 532 τῆς
2358 471 2650 533 ὑποθέσεως
2676 474 2899 547 μέγεθος
2925 474 3050 530 ἀλλὰ
3071 477 3202 553 πρὸς
3221 483 3311 538 τὴν
3339 481 3543 552 ἀγάπην

1946 571 2038 627 τὴν
2062 572 2156 626 σήν
2183 568 2240 622 οὐ
2266 564 2353 622 διὰ
2374 566 2615 623 πλειόνων
2644 570 2760 624 ἐστὶ
2787 577 2994 641 καμεῖν,
3024 569 3175 626 ὁπότε
3204 573 3426 644 μάλιστα
3455 578 3541 632 καὶ

1946 680 2044 735 περ
2073 657 2169 719 ἤδη
2194 657 2276 715 διὰ
2301 666 2401 716 τῶν
2432 659 2449 691 ¹
2481 663 2771 739 ἡμετέρων,
2816 665 2883 724 ὡς
2917 665 3247 741 προείρηται,
3280 668 3410 743 πρὸς
3452 669 3540 724 τὸν

1946 749 2154 825 ἀδελφὸν
2205 753 2345 813 ἡμῶν
2398 753 2669 809 Φλαυιανόν
2723 758 2791 810 τὰ
2844 758 3099 833 ἀρκοῦντα
3149 760 3542 830 ἀπεστάλκαμεν
3597 749 3605 809 θ

1945 844 2244 920 γράμματα.
2275 845 2405 920 πρὸς
2430 845 2489 900 τὸ
2514 850 2586 917 μὴ
2613 846 2765 918 μόνον
2792 849 2913 911 τοὺς
2942 856 3042 905 τῶν
3076 851 3247 926 ἱερέων
3272 851 3542 924 βεϐαιοτέ-

1941 956 2065 1013 ρους
2094 937 2375 1009 ἐράσασθαι
2400 937 2698 1011 λογισμοὺς,
2728 940 2749 970 ²
2777 939 2902 995 ἀλλά
2931 944 3012 995 καὶ
3050 944 3171 1004 τοὺς
3198 950 3298 998 τῶν
3329 944 3535 999 λαίκῶν.

1940 1030 2221 1105 Παράσχοι
2240 1028 2313 1087 δὲ.
2339 1031 2512 1109 ὥσπερ
2530 1032 2855 1104 πιστεύομεν,
2887 1030 2913 1087 ὁ
2942 1031 3087 1094 ἕλεος
3106 1039 3196 1089 τοῦ
3218 1041 3368 1096 Θεοῦ,
3397 1037 3533 1090 ὥστε

1938 1120 2076 1194 δίχα
2099 1129 2191 1177 τοῦ
2227 1123 2461 1197 γενέσθαι
2495 1125 2681 1194 ζημίαν
2715 1123 2900 1196 ψυχῆς
2931 1146 3061 1186 τινος
3103 1124 3369 1186 δυνηθῆναι
3401 1129 3535 1183 κατά

1937 1224 2038 1273 τῶν
2057 1223 2148 1273 τοῦ
2181 1215 2413 1273 διαϐόλου
2456 1218 2615 1291 βελῶν
2644 1221 2727 1273 καὶ
2752 1220 2818 1273 τὰ
2846 1220 2964 1292 ὑγιῆ
2994 1219 3417 1295 διαφυλαχθῐῃαι.
3450 1225 3536 1278 καί

1937 1312 2003 1366 τὰ
2027 1311 2469 1383 τραυματισθέντα
2497 1311 2880 1384 θεραπευθῆναι.
2913 1322 2969 1367 '0
3011 1312 3133 1374 Θεὸς
3162 1313 3449 1386 ὑγιαίνοντὰ
3469 1336 3533 1371 σε

1940 1402 1961 1434 ³
1987 1402 2295 1477 διαφυλάξαι,
2323 1402 2501 1476 ἀδελφέ
2526 1408 2824 1476 τιμιώτατα.

265 1497 407 1556 “sine
431 1501 549 1569 lege
578 1496 806 1566 peccati,
836 1506 891 1551 et
918 1495 1120 1551 veritas
1149 1495 1489 1551 affectionum
1521 1496 1622 1551 sub
1653 1496 2016 1550 moderamine
2046 1495 2270 1550 Deitatis
2301 1506 2356 1552 et
2385 1498 2603 1564 mentis,
2640 1512 2740 1553 nec
2770 1498 3076 1553 tentabatur
3107 1499 3396 1565 illecebris,
3432 1515 3535 1555 nec

264 1593 463 1652 cedebat
488 1591 723 1660 injuriis.
759 1589 927 1645 Verus
956 1588 1119 1645 homo
1149 1604 1278 1645 vero
1304 1590 1487 1647 unitus
1515 1599 1597 1643 est
1624 1588 1768 1654 Deo,
1802 1602 1902 1645 nec
1932 1588 2223 1643 secundum
2256 1589 2577 1644 existentem
2608 1591 2756 1659 prius
2784 1592 3019 1645 animam
3045 1591 3308 1647 deductus
3336 1600 3419 1648 est
3446 1602 3470 1631 θ
3500 1606 3534 1648 e

264 1689 401 1753 coelo,
432 1701 533 1742 nec
560 1685 854 1741 secundum
884 1696 1099 1739 carnem
1134 1692 1347 1737 creatus
1374 1697 1438 1737 ex
1468 1680 1668 1747 nihilo;
1700 1678 1721 1719 ί
1752 1682 1995 1737 eamdem
2026 1696 2220 1752 gerens
2250 1682 2303 1736 in
2333 1681 2492 1737 Verbi
2522 1682 2727 1737 Deitate
2756 1699 3063 1752 perennam,
3092 1694 3146 1741 et
3170 1695 3359 1741 tenens
3382 1701 3534 1741 com-

261 1798 451 1842 munem
479 1781 761 1837 nobiscum
794 1779 845 1832 in
874 1793 1101 1847 corpore
1134 1780 1419 1847 animaque
1455 1787 1722 1831 naturam.
1767 1776 1881 1832 Non
1920 1778 2063 1831 enim
2098 1782 2245 1831 esset
2279 1776 2371 1830 Dei
2408 1774 2793 1845 hominumque
2830 1776 3091 1832 mediator
3124 1777 3167 1847 (l
3197 1777 3326 1831 Tim.
3357 1795 3412 1841 ιι,
3446 1778 3530 1850 5),

261 1878 347 1932 nisi
388 1874 526 1929 idem
569 1872 714 1928 Deus
747 1871 999 1938 idemque
1035 1869 1200 1924 homo
1241 1871 1292 1924 in
1335 1878 1565 1935 utroque
1606 1880 1657 1924 et
1701 1885 1836 1923 unus
1878 1876 2023 1923 esset
2065 1878 2119 1923 et
2168 1883 2347 1922 verus.
2387 1876 2415 1915 Β
2456 1867 2646 1922 Incitat
2682 1868 2897 1937 quidem
2944 1884 3043 1924 nos
3086 1870 3152 1925 ad
3197 1868 3533 1927 latitudinem

260 1965 539 2025 disserendi
568 1964 812 2019 materia:
843 1961 1186 2033 magnitudo;
1230 1961 1323 2016 sed
1355 1962 1494 2032 apud
1527 1962 1882 2017 eruditionem
1917 1973 2058 2016 tuam
2091 1977 2195 2017 non
2224 1969 2309 2017 est
2332 1958 2364 1999 ιι
2389 1962 2611 2033 eopiose
2638 1962 2991 2018 laborandum
3027 1983 3041 2019 :
3075 1966 3373 2033 praesertim
3405 1981 3531 2023 cum

258 2062 347 2131 jam
383 2075 475 2130 per
512 2058 730 2113 nostrOs
765 2054 831 2110 ad
868 2056 1082 2110 fratrem
1121 2053 1433 2109 Flavianum
1466 2054 1793 2109 sufficientes
1824 2036 2028 2109 litteras
2060 2053 2384 2119 miserimus,
2426 2053 2492 2107 ad
2523 2053 2924 2109 confirmandos
2961 2056 3169 2112 animos
3208 2072 3313 2112 non
3354 2060 3532 2115 Solum

259 2154 600 2218 sacerdotum,
629 2152 723 2207 sed
751 2152 908 2205 etiam
939 2149 1223 2204 laicorum.
1247 2147 1549 2214 Prmstabit,
1575 2157 1632 2202 ut
1653 2146 1945 2216 credimus,
1970 2146 2333 2202 misericordia
2360 2146 2477 2210 Dei,
2506 2154 2565 2201 ut
2585 2147 2786 2216 absque
2807 2153 3122 2219 cujusquam
3147 2154 3339 2205 animze
3363 2155 3533 2209 detri-

256 2258 414 2305 mento
444 2247 658 2320 possint
687 2246 970 2301 adversum
1000 2242 1200 2299 diaboli
1230 2244 1404 2310 dolos,
1445 2254 1500 2298 et
1535 2259 1664 2299 sana
1701 2245 1937 2312 defendi,
1980 2255 2035 2301 et
2069 2244 2343 2301 vulnerata
2374 2245 2571 2301 curari.
2610 2242 2627 2281 ί
2661 2244 2794 2299 Data
2825 2244 3000 2302 idibus
3031 2246 3195 2316 Junii,
3228 2250 3444 2306 Asturio
3473 2258 3533 2307 et

255 2343 536 2414 Protogene
558 2340 691 2397 viris
717 2336 1028 2394 clarissimis
1055 2336 1385 2392 consulibus.

577 2481 745 2554 335
784 2475 1121 2535 EPISTOLA
1144 2475 1181 2526 'i
1231 2475 1472 2531 xxxvr.

255 2576 275 2617 δ
319 2592 379 2633 AD
422 2589 733 2632 FLAVIANUI
781 2587 1069 2629 EPISCOPUI
1119 2585 1822 2627 CONSTANTINOPOLITANUI.

253 2671 501 2726 SYNOPSIS.
524 2668 831 2723 -—Litteras
852 2675 898 2720 et
918 2675 1059 2747 gesta
1074 2664 1255 2735 synodi
1270 2664 1519 2747 adversus
1542 2662 1828 2735 Eutycltem

749 2754 802 2793 se
827 2745 1082 2808 accepisse
1109 2745 1299 2790 monet.

437 2855 719 2912 Fuvrmo
751 2854 1073 2910 charissimo
1113 2853 1264 2909 fratri
1305 2853 1419 2909 Lso
1451 2868 1605 2924 papa.

309 2949 535 3007 Litteras
579 2960 685 3006 tuae
723 2949 1030 3005 dilectionis
1076 2949 1259 3019 accepi
1308 2962 1430 3005 cum
1457 2950 1658 3021 gestis,
1704 2965 1825 3019 quae

312 3118 334 3145 ι
356 3109 560 3165 Omnes
592 3121 729 3162 mss.
762 3104 884 3159 libri
922 3105 1138 3159 collect.
1172 3103 1499 3160 Chalcedon.
1532 3116 1585 3160 et
1631 3105 1822 3163 Graeca

252 3182 424 3245 vet-sio,
458 3192 569 3233 nec
612 3193 719 3232 non
757 3177 1050 3231 Sichardus
1080 3191 1201 3230 cum
1232 3177 1391 3232 codd.
1424 3177 1637 3232 collect.
1675 3177 1745 3233 24
1770 3188 1824 3233 et

251 3254 457 3322 vulgatis
506 3249 807 3315 Quesnello
841 3247 1220 3322 anterioribus
1269 3248 1496 3322 addunt,
1522 3248 1826 3322 exJSpiritu

251 3318 424 3378 sancto.
454 3322 656 3376 Caneri
685 3320 852 3374 nostri
882 3318 1040 3373 codd.
1064 3329 1118 3372 et
1149 3334 1337 3373 novem
1369 3319 1641 3387 Quesnellt
1667 3321 1736 3375 ab
1759 3335 1825 3375 eo

251 3394 377 3449 citati
414 3402 535 3447 not.
568 3394 602 3447 5
639 3392 735 3464 has
766 3404 923 3464 voces
961 3391 1226 3464 ignorant.
1261 3391 1404 3464 Most,
1440 3392 1551 3445 sine
1578 3394 1824 3464 concupi-

255 3466 421 3524 scentia
444 3464 626 3517 carnis
651 3461 705 3517 in
730 3461 891 3516 codd.
923 3461 1138 3516 collect.
1173 3459 1231 3516 11
1267 3461 1402 3516 et2l
1437 3472 1595 3529 atque
1624 3465 1674 3515 in
1702 3459 1823 3517 vul-

276 3539 366 3590 atis
390 3547 520 3591 ante
544 3534 776 3603 Quesn.,
801 3533 893 3604 qui
920 3548 1112 3587 vocem
1134 3533 1304 3587 carnis
1331 3536 1383 3587 in
1408 3533 1529 3587 aliis
1554 3535 1751 3588 nostris
1774 3543 1830 3590 et

248 3551 428 3661 ﬁaluzti
480 3622 618 3661 mss.
656 3606 915 3660 Omissa!!!
966 3602 1288 3659 auctoritate
1329 3619 1549 3660 suorum
1577 3604 1826 3661 codicum

284 3609 428 3662 alusti
480 3622 618 3661 mss.
656 3602 915 3660 caussam
966 3602 1288 3659 auctoritate
1329 3619 1549 3660 suorum
1577 3604 1826 3661 codicum

249 3679 423 3733 rectius
450 3676 744 3748 expttnxit.

306 3748 417 3804 ltlta
448 3746 935 3815 ex'Ratisponensi
961 3761 1023 3801 ac
1061 3747 1232 3803 tribus
1265 3763 1396 3803 mss.
1424 3748 1636 3804 c0l|ect.
1663 3746 1828 3803 Chal.

248 3821 418 3876 cedon.
446 3830 504 3876 et
538 3835 605 3876 ex
631 3819 751 3874 Vat.
779 3819 995 3873 collect.
1030 3820 1122 3874 H.
1162 3819 1330 3885 Alias,
1370 3830 1568 3873 nostra.

308 3902 327 3931 ι
351 3891 495 3948 Unus
550 3904 735 3946 noster
761 3888 933 3944 codex
974 3905 1096 3943 cum
1136 3891 1292 3946 editis
1325 3891 1704 3958 conciliorum,
1739 3907 1829 3947 nec

1854 2490 1903 2551 Β
1928 2477 2067 2548 apud
2100 2490 2195 2532 vos
2230 2473 2247 2514 ι
2281 2476 2350 2532 de
2380 2474 2503 2531 fidei
2533 2477 2832 2545 quaestione
2856 2476 3101 2532 confeCta
3131 2487 3278 2533 sunt.
3312 2480 3379 2535 Et
3400 2482 3530 2547 quia

1934 2568 2387 2626 clementissimus
2428 2569 2723 2637 imperator
2744 2583 2841 2637 pro
2875 2570 3128 2625 Ecclesiae
3158 2587 3288 2640 pace
3320 2573 3530 2628 sollici-

1933 2674 2021 2720 tus
2069 2665 2333 2737 synodum
2376 2663 2545 2719 voluit
2587 2665 2936 2735 congregari,
2969 2668 3213 2734 quamvis
3243 2667 3526 2725 evidenter

1931 2768 2221 2829 appareat,
2255 2772 2392 2824 rem,
2433 2756 2500 2812 de
2530 2772 2634 2828 qua
2662 2759 2856 2828 agitur,
2899 2772 3235 2830 nequaquam
3279 2762 3529 2832 synodali

1932 2850 2175 2923 indigere
2202 2859 2462 2915 tractatu;
2490 2858 2673 2905 tamen
2697 2891 2712 2915 ,
2745 2848 2911 2905 frater
2937 2852 3293 2916 charissime,
3326 2862 3365 2889 ω
3396 2854 3528 2909 sub-

1932 2955 2150 3003 secutus
2185 2959 2307 3001 esse
2334 2945 2611 3016 signiﬁco,
2643 2960 2777 3015 quos
2810 2944 2862 2999 in
2893 2944 2995 3001 hac
3022 2961 3081 3001 re
3110 2946 3312 3016 placuit
3359 2948 3527 3003 desti-

2004 3105 2129 3158 mlta
2152 3104 2454 3157 anteriores
2476 3102 2744 3157 editiones
2761 3119 2882 3157 cum
2904 3107 3104 3158 nostris
3126 3105 3283 3161 eodd.
3304 3108 3523 3166 collect.

1934 3176 2024 3240 l2,
2053 3176 2170 3229 Vat.
2201 3184 2255 3229 et
2287 3174 2514 3228 Veneto.
2545 3175 2867 3239 Quesnellus
2907 3190 2968 3229 ex
2999 3175 3309 3231 Griinnnico
3337 3196 3527 3234 emen-

1933 3246 2167 3302 dandum
2211 3248 2414 3312 putavit
2452 3246 2837 3317 subsecuturos,
2880 3246 3003 3313 quia
3038 3248 3241 3317 legatos
3284 3252 3525 3306 nomium

1973 3318 2205 3372 rofectns
2232 3317 2440 3388 liquere
2461 3316 2671 3371 censuit
2695 3328 2804 3370 tum
2831 3334 2893 3373 ex
2923 3318 3021 3373 hac
3046 3316 3272 3384 epistola
3300 3324 3370 3373 ob
3392 3338 3523 3377 ver-

1934 3334 2205 3443 Brotectos
2233 3334 2440 3388 nqnere
2461 3334 2671 3371 censuit
2695 3334 2804 3370 tum
2831 3334 2893 3373 ex
2923 3334 3021 3373 nac
3046 3334 3272 3384 epistola
3300 3334 3370 3373 on
3392 3338 3523 3377 ver-

1973 3406 2058 3443 um
2088 3390 2247 3443 futuri
2282 3388 2541 3457 temporis
2567 3390 2861 3453 portabunt,
2890 3400 3000 3442 tum
3026 3406 3087 3443 ex
3117 3394 3275 3459 epist.
3303 3392 3373 3447 38
3398 3393 3524 3450 data

1932 3460 2003 3516 25
2030 3461 2190 3522 Julii,
2245 3461 2333 3514 ubi
2382 3460 2539 3529 legati
2574 3459 2795 3525 profecti
2827 3461 3132 3514 traduntur.
3176 3462 3299 3517 Haec
3343 3466 3523 3527 paucis

1937 3532 2192 3588 indicavit
2224 3533 2275 3584 in
2308 3532 2587 3597 marginalt
2620 3531 2833 3600 postilla
2866 3532 3107 3585 scribens
3149 3550 3159 3584 :
3196 3534 3260 3586 At
3293 3536 3522 3591 nondum

1935 3609 2188 3676 profectos
2215 3620 2325 3676 esse
2349 3604 2541 3675 legatos
2570 3612 2765 3676 constat
2791 3620 2852 3657 ea:
2878 3602 2975 3656 huc
2999 3604 3236 3676 epistola,
3267 3616 3314 3659 et
3331 3623 3394 3660 ex
3421 3608 3520 3674 54,

1937 3673 2072 3730 nunc
2112 3676 2197 3730 58.
2254 3675 2359 3730 Sed
2393 3673 2505 3728 haec
2545 3673 2677 3727 nihil
2724 3676 2997 3727 evincunt.
3040 3673 3327 3730 Portabant
3373 3680 3521 3734 enim

1936 3748 2037 3801 diei
2071 3748 2247 3817 potuit
2276 3748 2341 3801 de
2374 3747 2558 3815 legatis
2586 3746 2695 3813 jam
2726 3747 3006 3811 profeCIis,
3036 3750 3122 3817 qui
3168 3756 3342 3801 tamen
3377 3765 3519 3804 non-

1936 3815 2081 3874 dum
2105 3818 2624 3884 Constantinopolim
2658 3827 3034 3885 pervenerant.
3074 3815 3301 3886 Profecli
3335 3831 3519 3877 autem

1936 3891 2276 3944 aflirrnantur
2328 3890 2483 3955 legati
2528 3890 2686 3957 epist.
2719 3889 2807 3948 '58.
2854 3903 2973 3943 cum
3008 3889 3233 3942 Basilius
3273 3889 3521 3948 Flaviani

247 3963 540 4017 discordiam
575 3962 947 4034 desideriorum
974 3962 1215 4034 gignebat
1261 3963 1621 4034 compugnatio
1653 3951 1827 4029 (editi,
1856 3951 1902 4014 C
1938 3964 2143 4034 litteras
2172 3963 2349 4014 attulit
2374 3951 2388 4013 Ξ
2398 3960 2544 4034 quod
2565 3951 2747 4034 verum
2771 3968 2874 4025 est,
2890 3961 3107 4034 etiamsi
3130 3960 3201 4013 illi
3221 3972 3345 4017 ante
3371 3963 3516 4019 diem

249 4034 670 4105 compugnantia)
700 4032 1043 4105 voluntatum;
1083 4032 1534 4102 Ratisponeusis:
1577 4033 1688 4105 Nec
1717 4034 1825 4087 dis-

246 4102 821 4158 cordta'desideriorum
866 4103 1104 4174 gignebat
1144 4105 1544 4175 compngnantia
1588 4102 1827 4157 volunta-

246 4182 370 4240 tum;
400 4175 489 4229 ubi
522 4175 608 4227 vel
636 4175 897 4227 discordia
929 4175 1365 4245 prordt'scordiam
1390 4191 1668 4245 perperam
1693 4176 1824 4231 scri-

245 4254 373 4316 ptum
406 4246 531 4311 fuit,
564 4250 646 4299 vel
674 4244 1074 4316 compugnantia
1091 4261 1187 4312 pro
1214 4244 1685 4316 compugnandum.

300 4312 471 4373 dCod.
507 4316 675 4372 Cori).
700 4312 996 4388 Quesiielli,
1024 4316 1134 4388 sine
1158 4319 1310 4371 sorde
1331 4312 1552 4388 peccati.

306 4397 327 4424 °
359 4389 456 4443 Ms.
503 4388 737 4456 Ratisp.,
767 4403 829 4440 ea:
861 4386 982 4441 alto.
1019 4386 1246 4453 Quidam
1286 4386 1471 4457 c0dd.,
1505 4389 1757 4444 deductus
1794 4405 1823 4442 e

243 4458 351 4512 calo
368 4500 383 4525 ,
407 4462 614 4513 omisso
638 4460 803 4513 verbo
836 4466 924 4512 est.

307 4528 323 4562 π
359 4535 413 4581 tn
441 4531 635 4586 Graeca
680 4531 961 4592 versione,
1010 4529 1304 4598 Quesnello
1342 4532 1668 4588 observante
1703 4540 1819 4587 not.

243 4595 290 4663 7,
313 4600 388 4653 sic
420 4616 433 4651 :
470 4598 581 4653 Sed
604 4602 831 4655 eamdem
861 4595 1052 4655 habens
1070 4603 1120 4655 in
1143 4602 1410 4657 divinitate
1436 4616 1481 4657 et
1501 4603 1824 4658 humanitate

240 4683 520 4736 personam.

304 4740 496 4814 BACod.
556 4739 1032 4814 Ratiqurlncitat
1073 4742 1211 4796 enim
1254 4759 1366 4797 nos.
1407 4744 1559 4814 Cbig.
1603 4746 1817 4801 colleCt.

242 4810 592 4867 Chalcedon.:
626 4814 690 4867 At
712 4810 891 4868 incitet
922 4813 1124 4881 quidem
1156 4830 1266 4867 nos.
1296 4814 1488 4870 Graeca
1514 4810 1695 4872 versio
1726 4817 1824 4872 ad-

238 4882 321 4946 dit,
345 4888 507 4952 frater
528 4884 992 4939 honorabilissime.
1269 4899 1279 4914 '

300 4956 323 4990 ιι
360 4956 425 5009 Mt
450 4956 554 5010 lior
581 4958 696 5010 visa
730 4968 811 5013 εει
843 4958 956 5010 hmc
986 4956 1147 5029 lectio
1172 4955 1307 5029 cod.
1330 4956 1628 5013 Florentini
1657 4973 1815 5029 quam

239 5026 452 5101 aliorum
482 5039 536 5083 et
561 5028 1042 5101 editorum_,‘eopia‘
1059 5027 1419 5082 laborandum.

299 5097 312 5132 ί
348 5097 537 5152 Gmca
568 5101 745 5153 versio
775 5097 960 5152 addit:
1003 5097 1143 5153 Deus
1185 5108 1232 5152 te
1272 5110 1433 5154 servet
1481 5101 1815 5169 incolumem,

238 5168 667 5239 honorabilt'ssime
695 5170 881 5239 frater.

298 5236 309 5285 ἱ
346 5237 430 5292 Al.
456 5239 548 5295 32.
574 5236 706 5306 (ξιιεὲ
726 5249 908 5294 autem
934 5241 1006 5296 36
1036 5249 1175 5307 erat,
1208 5256 1351 5297 nunc
1379 5243 1472 5300 40.
1505 5242 1715 5315 Scripta
1742 5243 1815 5301 20

236 5305 359 5363 Junii
389 5326 481 5364 an.
514 5308 642 5366 M9.

262 5325 359 5363 untt
389 5326 481 5364 an.
514 5325 642 5365 449.

293 5379 319 5418 ιι
346 5379 503 5435 Edita
534 5384 632 5437 fuit
648 5381 765 5437 haec
784 5381 1009 5453 epistola
1036 5396 1066 5436 a
1093 5380 1317 5436 Merlino
1336 5398 1401 5436 ex
1428 5398 1556 5437 mss.
1582 5385 1796 5440 collect.

237 5451 311 5509 l2.
356 5453 682 5521 Quesnellus
718 5451 962 5510 eamdem
984 5453 1187 5509 invenit
1232 5454 1286 5508 in
1313 5454 1434 5509 cod.
1490 5454 1798 5510 Grimanico

236 5526 428 5581 collect.
480 5524 566 5582 18.
615 5525 723 5582 Nos
769 5529 918 5582 solos
941 5526 1154 5581 codices
1183 5526 1395 5580 collect.
1443 5523 1511 5579 12
1549 5524 1798 5583 conferre

235 5599 510 5722 pangimus.
534 5598 648 5683 Leo
669 5608 846 5654 autem
870 5599 971 5653 hac
991 5598 1220 5669 epistola
1242 5596 1533 5668 respondet
1552 5596 1799 5668 epistolae

373 5687 568 5722 aviam.

355 5671 568 5725 laviani.

301 5738 307 5774 '
348 5743 487 5795 Falui
516 5754 637 5798 ante
668 5744 866 5812 Quesn.
903 5759 1023 5799 cum
1068 5758 1199 5799 mss.
1251 5740 1465 5797 collect.
1501 5739 1605 5810 12,
1641 5756 1796 5813 super

242 5806 293 5849 ’Μ
327 5831 336 5853 ι
358 5817 651 5879 αμιαίδιὶυιιε.

500 5910 537 5958 Γ
556 5928 762 5967 rvunt“

888 5910 1025 5975 .l.l\’

1831 5348 1901 5453 .1).

1928 4032 1999 4089 20
2043 4034 2165 4087 .lulii
2210 4030 2502 4087 dicessiSse
2544 4032 2853 4085 credantur.
2888 4030 2940 4083 ld
2975 4042 3151 4084 autem
3195 4034 3347 4085 nobls
3382 4037 3518 4091 satis

1934 4105 2211 4174 probabile
2238 4112 2322 4156 est
2353 4118 2460 4157 tum
2495 4118 2558 4156 ex
2587 4102 2706 4154 data
2741 4102 2919 4153 iduum
2952 4100 3093 4155 Junii
3120 4144 3132 4165 ,
3174 4118 3273 4169 qua
3304 4119 3516 4171 praece-

1928 4176 2121 4231 dentes
2165 4175 2405 4244 epistolae
2447 4189 2541 4236 per
2576 4177 2779 4242 legatos
2814 4174 3141 4226 transmi~sre
3182 4174 3341 4240 paulo
3386 4188 3516 4230 ante

1927 4261 2116 4301 eorum
2169 4241 2557 4315 profectionem
2590 4241 2813 4313 signata:
2851 4244 3120 4305 videntur,
3156 4254 3265 4298 tum
3313 4262 3376 4300 ex
3423 4249 3517 4303 die

1899 4316 2274 4378 .kalenilarum
2322 4316 2542 4385 Augusti
2604 4315 2876 4383 Ephesino
2913 4316 3146 4370 concilio
3177 4319 3513 4385 prmstitnta,

1927 4404 2046 4459 qum
2078 4391 2348 4458 longmres
2382 4391 2677 4455 legatorum
2705 4401 2885 4459 moras
2914 4386 2964 4439 in
2997 4386 3139 4442 Urbe
3172 4403 3511 4458 nequaquam

1928 4458 2154 4516 ferebat.
2208 4460 2335 4515 Haec
2368 4461 2497 4512 satis
2526 4459 2771 4512 videntur
2794 4458 2858 4510 ad
2904 4460 3287 4524 praeferendam
3320 4475 3512 4515 Vocem

1925 4534 2242 4587 subsecutos.
2302 4531 2435 4585 Hinc
2466 4532 2621 4589 epist.
2654 4528 2723 4584 39
2751 4529 3038 4600 frequenter
3080 4545 3168 4595 per
3222 4533 3514 4586 occasiones

1924 4606 2138 4659 idoneas
2166 4604 2357 4657 litterm
2390 4602 2453 4655 ad
2480 4601 2793 4657 Flavianum
2818 4602 3033 4666 scriptae
3061 4602 3332 4667 dicuntur,
3364 4605 3511 4672 quod

1925 4677 2205 4746 epistolam
2239 4674 2307 4729 58
2339 4689 2433 4741 per
2460 4674 2822 4746 legatosutunc
2852 4672 3195 4746 transmissos
3224 4672 3509 4746 directam,

1926 4742 2065 4802 hanc
2090 4762 2216 4801 vero
2244 4756 2298 4801 et
2325 4747 2483 4813 episL
2519 4742 2587 4799 58
2614 4743 2732 4797 aliis
2754 4744 3127 4797 occasionibus
3155 4752 3276 4810 post
3306 4743 3318 4797 l

1924 4833 2044 4872 rum
2078 4820 2370 4872 discessum
2422 4815 2643 4878 missas,
2676 4829 2783 4869 non
2813 4814 3043 4868 obscure
3088 4816 3305 4867 indicat.
3353 4814 3511 4878 Quod

1925 4891 1970 4945 si
2006 4889 2240 4943 Flaviani
2287 4890 2483 4942 litterae
2509 4902 2627 4940 cum
2657 4886 3267 4953 ConSIantinopolitanis
3300 4886 3350 4940 in
3398 4888 3510 4942 En-

1927 4961 2137 5032 tychem
2169 4962 2334 5031 gestis
2359 4976 2386 5012 a
2421 4959 2599 5032 Leone
2621 4965 2889 5027 acceptae,
2917 4972 3033 5032 quae
3065 4957 3151 5032 hic
3177 4958 3509 5032 indit-antur.

1924 5028 2151 5104 quaeque
2175 5028 2571 5104 proculdubio
2600 5036 2726 5082 sunt
2755 5028 3507 5104 secundmojusdemlittera:

1925 5099 2159 5176 (priores
2188 5106 2346 5176 enim
2381 5102 2487 5156 Leo
2531 5108 2813 5176 acceperat
2842 5110 2963 5176 ante
2992 5099 3135 5176 dicm
3164 5100 3399 5176 _27.h‘laii
3434 5116 3502 5155 ex

1924 5170 2081 5245 epist.
2111 5173 2234 5245 27);
2261 5177 2328 5239 si,
2360 5176 2600 5240 inquam,
2631 5173 2712 5225 ha:
2738 5170 2993 5245 secunda:
3027 5170 3267 5223 Flaviani
3313 5171 3509 5225 littera:

1923 5242 2125 5302 eadem
2146 5242 2291 5309 sunt,
2309 5260 2371 5298 ac
2390 5247 2579 5308 scripta
2600 5243 2838 5309 ejusdem
2858 5244 2921 5295 ad
2949 5242 3181 5295 Leonem
3209 5249 3508 5296 riu-morata

1927 5320 1977 5371 in
2012 5320 2169 5385 epist.
2205 5320 2270 5372 5s
2296 5358 2311 5381 ,
2346 5325 2402 5369 ut
2428 5314 2746 5380 Quesnellus
2776 5314 3113 5385 praesumpsit
3142 5311 3286 5385 (vide
3315 5320 3509 5385 annot.

1913 5388 1946 5441 2
1968 5381 2084 5459 (Col
2107 5388 2232 5452 812,
2254 5388 2304 5458 υ)
2332 5386 2385 5441 in
2414 5385 2658 5441 eamdem
2688 5384 2848 5455 epist.
2870 5381 2990 5453 38),
3019 5398 3137 5438 cum
3170 5383 3284 5437 haec
3310 5383 3509 5450 scripta

3406 5468 3509 5524 per

1978 5598 1994 5628 ¹
2026 5594 2193 5667 Abest
2221 5592 2615 5667 riparipotv,sed
2650 5604 2957 5667 perperam,
2983 5603 3013 5643 a
3045 5603 3148 5643 ms.
3180 5587 3317 5644 Ven.

1975 5737 1996 5769 ³
2150 5665 2555 5791 ζξωωαὲανῖἒῗῗ
2584 5684 3210 5789 ἱζλῖιῗέςὶοὴωτθηιίιιε.
3256 5730 3469 5791 νυικιιιί

1974 5737 1996 5769 ⁸
2028 5738 2121 5794 Sic
2166 5753 2233 5794 ex
2276 5752 2379 5793 ms.
2427 5730 2543 5791 Vat'.
2586 5736 2779 5789 Latino
2827 5732 3210 5788 cohaerentius.
3256 5730 3507 5801 Vulgati,

1902 5810 2133 5884 φυλάξει.

2842 5903 2941 5966 ,26

3394 4758 3515 4801 ato-
