4020 6352
489 356 597 414 815

1617 342 1675 397 S.
1716 332 1965 396 LEONIS
2002 326 2217 392 MAGNI
2260 325 2644 392 EPISTOLAS.

3666 328 3768 389 816

486 474 788 539 congruant
816 461 1091 521 institutis.
1120 458 1355 515 Necesse
1389 460 1473 511 est
1498 453 1643 509 enim
1682 462 1739 508 ut
1765 467 1925 508 omne
1952 466 2076 507 cor-
2102 452 2157 514 Α
2178 448 2442 503 sumimus
2473 447 2577 501 hoc
2613 443 2930 514 probemus,
2961 442 3126 499 frater
3166 441 3499 499 cbarissime.
3533 441 3562 480 ιι
3590 444 3771 503 Mode-

487 575 592 633 pus
628 558 886 615 Ecclesia
922 551 1123 609 salubri
1156 555 1367 606 crescat
1403 553 1710 617 augmento,
1744 546 1789 601 si
1837 544 2076 600 membra

487 671 613 727 qua:
662 659 932 725 praesunt,
973 657 1029 703 et
1065 646 1248 716 vigore
1296 642 1561 698 excellant
1613 638 1969 705 auctoritatis,
2026 646 2082 692 et

490 745 884 817 tranquillitate
919 737 1330 797 moderaminis.
1359 734 1516 803 Quod
1546 748 1675 804 ergo
1713 732 1767 787 in
1799 730 2082 786 Arelaten-

488 839 632 895 sium
675 836 927 902 civitate,
975 830 1230 887 defuncto
1275 836 1476 885 sancta:
1521 824 1799 881 memoriae
1848 822 2079 888 Hilario,

491 930 671 985 virum
717 927 876 982 etiam
928 923 1084 979 nobis
1128 922 1414 994 probatum
1460 920 1677 975 fratrem
1718 917 2079 987 Ravennium,

490 1021 790 1079 secundum
837 1016 1106 1074 desideria
1154 1014 1308 1082 cleri,
1351 1012 1762 1078 honoratorum,
1807 1020 1862 1066 et
1890 1004 2103 1079 plebis,

460 1114 822 1183 unanimiter
852 1108 1234 1171 consecrastis,
1267 1107 1467 1162 bonum
1501 1102 1853 1159 fraternitatis
1890 1112 2085 1157 vestrae

491 1221 629 1277 opus
678 1214 867 1260 nostro
899 1201 1101 1273 judicio
1138 1199 1477 1254 roboramus.
1512 1207 1539 1234 ιι
1580 1196 1716 1264 Quia
1763 1194 2084 1250 electionem

490 1298 771 1369 pacificam
800 1307 961 1367 atque
986 1292 1333 1357 concordem,
1364 1290 1452 1346 cui
1492 1304 1596 1346 nec
1620 1291 1816 1344 merita
1849 1303 2082 1357 morum,

495 1406 599 1449 nec
640 1390 815 1446 studia
855 1389 1050 1444 civium
1090 1384 1403 1450 defuerunt,
1450 1382 1829 1453 postulationis
1869 1382 2087 1451 quidem

492 1485 769 1546 humanae,
798 1480 898 1536 sed
942 1475 1311 1547 inSpirationis
1340 1474 1621 1530 credimus
1669 1472 1836 1529 fuisse
1867 1474 2083 1529 divinze.

409 1583 415 1587 ’
498 1574 689 1633 Utatur
712 1575 914 1643 itaque,
938 1570 1133 1625 fratres
1156 1567 1482 1634 charissimi,
1508 1566 1599 1623 Dei
1627 1582 1852 1623 munere
1873 1581 2087 1621 memo-

496 1679 647 1727 ratus
692 1667 943 1735 antistes,
999 1673 1056 1722 et
1101 1663 1397 1720 secundum
1440 1662 1798 1717 consonantia
1846 1663 2088 1716 omnium

493 1768 744 1824 ordinum
793 1774 939 1832 vota,
975 1760 1103 1831 quid
1148 1776 1214 1817 ex
1251 1758 1370 1829 ipso
1403 1758 1707 1814 devotionis
1746 1764 2092 1828 exspectetur

2183 543 2302 596 stite
2330 540 2491 609 igitur
2543 549 2648 593 tuae
2693 552 2801 591 non
2852 534 2991 590 desit
3033 537 3360 605 auctoritas,
3415 538 3772 595 constantiam

2187 632 2545 689 mansuetudo
2572 629 2941 696 commendet,
2967 628 3226 698 justitiam
3261 629 3453 684 lenitas
3488 636 3772 699 temperet,

2188 725 2446 797 patientia
2475 724 2751 781 contineat
2772 722 3109 787 libertatem;
3130 731 3187 778 et
3206 722 3470 777 declinata
3500 722 3774 789 superbia,

2188 821 2273 873 cui
2305 819 2612 888 proximum
2655 824 2740 871 est
2778 825 2838 871 ut
2867 815 3101 880 decidat,
3134 825 3344 869 ametur
3374 814 3669 881 humilitas,
3693 815 3779 871 cui

2187 924 2405 981 semper
2428 908 2657 965 debetur
2698 918 2759 964 ut
2799 917 3030 963 crescat.
3072 907 3572 963 Ecclesiasticarum
3603 908 3779 977 legum

2191 1020 2296 1059 non
2332 1004 2517 1073 ignara
2545 1012 2631 1057 est
2664 1000 2882 1057 dilectio
2905 1012 3022 1067 tua,
3056 1009 3114 1055 ut
3152 1000 3291 1054 intra
3334 1015 3519 1055 earum
3571 1001 3782 1072 regulas

2188 1098 2354 1170 892
2381 1107 2541 1167 atque
2568 1110 2850 1153 mensuras
2876 1095 3055 1150 omnia
3086 1097 3366 1165 potestatis
3387 1104 3494 1151 tua:
3504 1095 3628 1163 jura
3652 1111 3785 1152 con-

2192 1193 2388 1248 tineas.
2425 1189 2439 1229 ί
2477 1191 2630 1247 Justo
2661 1190 2860 1262 quippe
2886 1189 3011 1246 ideo
3044 1189 3242 1246 dicitur
3272 1190 3359 1247 lex
3388 1207 3494 1245 non
3534 1206 3653 1247 esse
3681 1207 3784 1259 po-

2193 1286 2294 1340 sita
2322 1284 2369 1357 (l
2389 1282 2526 1340 Tim.
2561 1299 2600 1353 ι,
2632 1283 2714 1355 9),
2741 1286 2865 1356 quia
2898 1298 3141 1339 normam
3186 1284 3570 1354 praeceptionis
3601 1285 3793 1354 implet

2188 1378 2394 1449 judicio
2433 1378 2745 1443 voluntatis,
2773 1392 2900 1432 cum
2930 1390 3088 1431 verus
3108 1378 3243 1432 recti
3273 1392 3426 1433 amor
3455 1376 3469 1428 i
3504 1380 3555 1432 in
3584 1386 3789 1434 semet-

2194 1472 2314 1540 ipso
2338 1486 2446 1526 non
2480 1470 2675 1525 habeat
2701 1478 2755 1526 et
2778 1471 3109 1539 apostolicas
3135 1469 3509 1540 auctoritates,
3542 1480 3595 1527 et
3624 1486 3792 1527 cano-

2194 1563 2346 1619 nicas
2373 1562 2700 1619 sanctiones.
2720 1562 2960 1631 Quarum
2980 1563 3208 1618 devotus
3229 1571 3465 1617 sectator
3485 1573 3539 1618 et
3561 1562 3792 1634 diligens

2196 1668 2493 1712 exsecutor
2522 1656 2577 1711 in
2610 1671 2797 1711 eorum
2821 1655 3009 1725 procul
3032 1654 3198 1709 dubio
3227 1655 3500 1709 consortio
3520 1654 3795 1725 gloriabe-

2196 1751 2302 1816 ris,
2335 1750 2426 1820 qui
2465 1749 2534 1805 de
2578 1749 2907 1805 creditorum
2949 1748 3051 1803 sibi
3089 1746 3417 1819 profectibus
3462 1748 3793 1802 talentorum

494 1857 766 1928 intelligat
799 1874 811 1909 :
837 1867 897 1911 ut
923 1852 1340 1924 dispensationis
1368 1852 1471 1906 sibi
1503 1851 1726 1907 creditae
1765 1850 1994 1920 diligens
2028 1863 2092 1904 ac
2122 1853 2171 1913 Β
2198 1843 2388 1899 audire
2429 1850 2745 1899 meruerunt
2774 1860 2786 1895 :
2813 1840 2978 1913 Euge,
3006 1856 3152 1895 serve
3190 1841 3319 1894 bone
3356 1848 3406 1895 et
3450 1837 3643 1909 ﬁdelis,
3670 1838 3798 1909 quia

498 1963 807 2021 temperans
829 1958 1136 2010 exsecutor,
1162 1956 1345 2001 vestro
1365 1943 1673 2000 testimonio
1702 1959 1808 1998 non
1843 1942 2089 2013 inferior,

494 2054 552 2101 et
582 2054 769 2099 nostro
810 2057 906 2110 per
947 2040 1127 2095 omnia
1157 2039 1321 2110 891
1352 2037 1537 2092 favore
1584 2037 1655 2092 sit
1693 2036 1927 2107 dignior.
1951 2035 2094 2091 Deus

494 2152 591 2194 vos
645 2137 948 2192 incolumes
985 2132 1283 2199 custodiat,
1336 2132 1532 2185 fratres
1578 2129 1903 2185 charissimi.
1964 2128 2093 2182 Data

494 2232 523 2273 δ
550 2249 606 2290 xt
636 2231 851 2287 kalend.
884 2226 1218 2298 Septembr.,
1252 2223 1469 2280 Asturio
1499 2234 1555 2280 et
1586 2223 1892 2294 Protogene
1942 2236 2092 2278 coss.

962 2358 1335 2417 .EPISTOLA
1378 2368 1399 2395 ο
1448 2357 1588 2414 XLI.

683 2457 711 2494 (ι
744 2473 811 2512 AD
840 2468 1146 2511 RAVENNIUI
1193 2465 1579 2506 ARELATENSEI
1609 2465 1921 2507 EPISCOPUI.

498 2555 854 2609 erorsrs.——
878 2546 1141 2602 Ravennio
1169 2544 1223 2596 in
1255 2545 1551 2612 episcopum
1576 2545 1735 2597 electo
1762 2544 2097 2613 gratulatur;

565 2627 778 2678 virtutes
804 2619 1123 2688 episcopales
1148 2616 1504 2681 commendat;
1531 2623 1586 2669 ut
1614 2618 1682 2670 ad
1713 2616 1883 2688 ipsum
1908 2616 2099 2683 sapius

565 2696 755 2750 scribat
777 2692 1035 2746 hortatur.

749 2796 771 2823 ο
803 2782 1166 2840 Dilectissimo
1207 2779 1359 2837 fratri
1389 2780 1673 2836 RAVENNIO
1708 2779 1843 2837 Lso.

566 2880 978 2938 Provectionem
1024 2875 1335 2931 dilectionis
1364 2882 1489 2943 tute,
1526 2890 1647 2945 qua;
1679 2875 1876 2930 summi
1909 2890 2097 2931 sacer-

498 2974 629 3031 datii
651 2973 844 3043 adepta
873 2979 958 3025 est
987 2964 1323 3039 dignitatem,
1356 2967 1428 3021 ita
1460 2967 1615 3023 nobis
1656 2968 1873 3037 placere
1901 2982 2101 3038 cogno-

495 3083 619 3135 sce,
653 3076 711 3122 ut
755 3079 865 3121 non
905 3062 1081 3117 solum
1138 3060 1232 3115 tibi
1273 3059 1343 3114 de
1382 3058 1605 3123 honoris
1660 3071 1973 3131 augmento,
2003 3059 2100 3115 sed

496 3162 660 3218 etiam
707 3154 1013 3213 Arelatensi
1061 3152 1343 3216 Ecclesiae,
1370 3151 1458 3207 cui
1494 3160 1548 3209 te
1590 3150 1850 3207 Dominus
1883 3167 2096 3223 praepo-

2196 1952 2352 2007 super
2402 1950 2570 2007 pauca
2609 1935 2753 2005 fuisti
2778 1933 2967 2005 ﬁdelis,
2999 1948 3161 2003 supra
3190 1932 3357 1986 multa
3383 1940 3432 1986 te
3459 1932 3795 2000 constituam,

2196 2030 2332 2081 intra
2383 2030 2435 2082 in
2480 2030 2732 2099 gaudium
2773 2027 2987 2081 Domini
3029 2028 3104 2081 tui
3126 2023 3347 2097 (Matth.
3381 2024 3633 2092 xxv,23;
3661 2024 3797 2079 Luc.

2197 2137 2309 2189 xix,
2345 2121 2457 2193 l7).
2489 2120 2558 2178 Ut
2580 2130 2758 2176 autem
2800 2120 3048 2176 fiduciam
3081 2119 3388 2176 dilectionis
3430 2134 3556 2191 erga
3597 2131 3651 2176 te
3684 2134 3802 2197 “no-

2196 2226 2323 2272 stra:
2362 2216 2566 2272 habere
2619 2232 2726 2271 non
2774 2215 3013 2284 dubites,
3054 2217 3252 2285 saepius
3274 2230 3374 2271 nos
3417 2214 3487 2271 de
3535 2198 3805 2286 processu

2197 2322 2413 2367 actuum
2468 2319 2684 2367 tuorum
2732 2310 2896 2367 facias
2943 2311 3211 2367 certiores
3260 2328 3275 2366 :
3315 2312 3568 2383 quoniam
3608 2310 3806 2380 judicii

2200 2406 2371 2460 nostri
2422 2420 2687 2461 memores
2715 2406 2962 2476 cupimus
2991 2420 3207 2476 semper
3234 2404 3302 2461 de
3335 2405 3439 2460 tuis
3469 2404 3809 2476 profectibus

2202 2498 2256 2552 in
2296 2497 2528 2552 Domino
2567 2496 2806 2568 gloriari.
2844 2498 2984 2554 Deus
3034 2507 3089 2555 te
3135 2498 3459 2554 incolumem
3501 2496 3804 2565 custodiat,

2201 2590 2366 2647 frater
2394 2591 2713 2650 cbarissime
2746 2591 2794 2646 ιι.

2709 2707 3050 2765 EPISTULA
3094 2707 3111 2745 ί
3145 2708 3307 2764 XLII.

2238 2810 2279 2839 ω
2307 2818 2375 2857 ΑΙ)
2406 2817 2623 2859 ΕυΙΒΕΙΙ
2665 2818 2969 2859 RAVENNIUM
3005 2818 3400 2859 ARELATENSEM
3431 2818 3754 2860 EPISCOPUI.

2204 2897 2475 2952 Sruorms.
2506 2926 2575 2971 -έ-
2606 2897 2681 2952 De
2712 2896 3029 2971 Petroniana
3058 2916 3185 2971 vago
3212 2908 3259 2952 et
3289 2901 3563 2971 diaconum
3592 2898 3815 2971 δειρο-

2276 2972 2356 3023 nis
2391 2970 2665 3022 mentiente
2701 2970 2966 3035 admonet,
3002 2969 3217 3040 eumque
3263 2969 3327 3023 ab
3366 2972 3590 3025 omnium
3621 2970 3816 3026 Eccle-

2276 3043 2473 3094 siarum
2501 3045 2857 3095 communione
2884 3042 3069 3111 expelli
3096 3040 3344 3112 postulat.

2410 3133 2780 3190 Dilectissimo
2802 3134 2955 3190 fratri
2989 3134 3263 3192 Bavsnmo
3293 3134 3405 3192 Ι.ιο
3436 3150 3593 3207 papa.

496 3253 627 3321 suit,
652 3250 1003 3321 gaudeamus.
1037 3245 1121 3301 Ad
1158 3246 1399 3301 omnium
1446 3246 1591 3301 enim
1642 3246 1882 3301 fidelium
1928 3247 2097 3303 decus
2126 3238 2171 3299 C
2276 3247 2743 3317 Circumspecmm
2774 3256 2831 3304 te
2874 3250 3117 3303 volumus
3148 3265 3270 3304 esse
3309 3260 3470 3321 atque
3502 3249 3817 3304 sollicitum

497 3356 661 3416 atque
692 3343 977 3400 utilitatem
1001 3338 1427 3405 redundat,cum
1453 3340 1573 3394 talis
1599 3339 1827 3396 habetur
1844 3344 2093 3411 antistes,

499 3439 651 3508 cujus
689 3436 906 3507 plurimi
938 3445 993 3491 et
1029 3433 1358 3503 adjuventur
1395 3431 1680 3502 praesidio,
1706 3440 1761 3487 et
1805 3432 2099 3490 incitentur

499 3528 959 3601 exemplo.-Unde
987 3526 1113 3598 quia
1146 3538 1253 3580 non
1282 3526 1501 3595 ignoras
1532 3525 1661 3594 quid
1690 3525 1758 3581 de
1784 3527 2099 3585 sinceritate

499 3622 666 3679 animi
692 3621 763 3675 tui
788 3618 1085 3675 secundum
1119 3613 1141 3654 ί
1166 3616 1565 3687 praecedentem
1592 3618 1837 3672 notitiam
1860 3622 2100 3677 senseri-

501 3731 643 3783 mus,
672 3713 971 3783 justissime
1010 3724 1110 3766 nos
1132 3718 1157 3756 κ
1179 3706 1428 3780 agnoscis
1457 3708 1673 3779 exigere
1704 3720 1761 3764 ut
1792 3712 1934 3781 quod
1956 3727 2097 3784 prae-

576 3884 599 3909 ι
629 3870 761 3927 Cod.
798 3869 1067 3933 Vallicel.,
1102 3866 1241 3935 Qui;
1272 3882 1389 3938 quae
1428 3867 1609 3932 lectio,
1650 3867 1695 3922 si
1731 3878 1876 3924 esset
1906 3870 2102 3927 admit-

505 3944 689 4017 tcnda,
721 3942 883 4017 aliam
916 3941 1410 4017 interpunctionem
1434 3938 1724 4007 flagitaret.

572 4023 602 4058 ιι
627 4008 947 4085 Quesnellus
988 4008 1112 4069 cuin
1159 4008 1441 4067 Rainaudo
1493 4025 1589 4081 pro
1626 4027 1679 4065 xl
1712 4011 1832 4085 rkal.
1860 4016 2039 4082 posuit
2063 4031 2102 4072 ιι

504 4084 744 4157 kal.,ubi
778 4102 1064 4142 numerum
1089 4084 1387 4140 Romanum
1412 4098 1448 4137 ιι
1482 4098 1577 4152 pro
1602 4084 1832 4157 Arabico
1864 4087 1923 4142 ll
1955 4102 2103 4142 sum-

501 4155 679 4236 psisse
702 4161 947 4236 videtur;
975 4172 1095 4236 nam
1124 4155 1694 4236 inhmargiueiiqtavit
1722 4156 1865 4236 diem
1899 4157 2103 4236 agitu-

503 4225 670 4307 gusti,
711 4233 801 4307 qui
848 4229 1140 4307 respondet
1168 4227 1274 4283 diei
1310 4228 1369 4281 ll
1402 4226 1509 4280 kal.
1540 4225 2104 4307 Septenibris:_Er_ro—

506 4300 608 4365 nee
637 4305 852 4375 quidem
872 4303 958 4375 die
983 4316 1018 4354 ιι
1048 4300 1151 4352 kal.
1183 4309 1497 4375 poneretur,
1528 4314 1649 4375 cum
1678 4300 1839 4368 epist.
1874 4302 2104 4371 4‘2,data

502 4396 579 4433 vn
608 4370 715 4431 kal.
750 4373 991 4443 ejusdem
1040 4375 1259 4443 mensis
1290 4370 1440 4425 liisce
1472 4372 1667 4443 litteris
1712 4377 1979 4440 posterior
2011 4375 2101 4428 sit.

510 4441 830 4505 Sirmondus
862 4445 957 4497 has
986 4458 1200 4512 quoque
1232 4442 1438 4495 litteras
1475 4441 1707 4509 signavit
1759 4459 1831 4498 vn
1870 4444 1975 4497 kal.
2008 4445 2106 4499 Se-

506 4515 983 4590 plctttblffsl§eCllll
1008 4527 1193 4567 sumus
1220 4512 1462 4590 codicem
1487 4512 1917 4590 Vallicellanum.

586 4601 608 4629 ο
644 4589 726 4643 Al.
762 4587 852 4640 57.
892 4586 1024 4653 Quae
1059 4595 1236 4637 autem
1274 4582 1335 4637 4t
1379 4592 1514 4647 erat,
1550 4598 1692 4638 nunc
1732 4583 1824 4639 45.
1854 4585 1975 4640 Scr.
2006 4586 2107 4642 sub

510 4662 655 4721 idem
694 4671 904 4723 tempus
933 4654 1325 4710 antecedentis.

580 4700 1325 4784 ἵι¹¹ἰιιήἷὲίὶῗιῖἶτἷιῖἲῖὲέῗῶἰῖξ
1355 4724 1423 4778 l2
1453 4735 1509 4780 et
1543 4725 1615 4779 et
1638 4741 1702 4782 ac
1729 4725 1782 4780 in
1820 4726 1939 4780 Vat.
1974 4727 2099 4783 stt.
2132 4700 2185 4761 Ι)

584 4814 607 4839 ε
668 4800 989 4868 Quesnellus
1026 4797 1417 4868 cumivulgatis
1465 4796 1663 4851 Leonis
1715 4809 1770 4852 et
1825 4800 2105 4855 nonnullis

507 4867 704 4937 codd.,
728 4871 945 4923 Domino
967 4870 1136 4939 fratri.
1166 4867 1435 4939 lnsuetum
1463 4868 1672 4939 titulum
1697 4871 2105 4925 emendavimus

510 4964 575 5002 ex
611 4944 730 4999 Vat.
763 4940 889 5004 541,
918 4937 1005 4995 cui
1032 4937 1395 4995 emendationi
1440 4938 1707 4994 editiones
1745 4942 2105 4996 conciliorum

512 5024 635 5086 post
691 5013 1037 5069 Sirmondum
1091 5020 1147 5086 et
1189 5011 1466 5079 sequentis
1521 5011 1763 5086 epistolae
1826 5012 2106 5086 inscriptio

509 5080 836 5147 concinnat;
868 5099 932 5139 ex
964 5096 1071 5152 quo
1113 5081 1237 5151 jure
1289 5080 1643 5152 expungenda
1687 5081 1788 5137 fuit
1827 5080 2106 5149 Quesnelli

504 5158 727 5229 postilla
759 5174 770 5208 :
802 5153 943 5208 Nota
975 5153 1218 5229 Domino.

590 5228 606 5261 τ
643 5229 717 5284 lta
746 5242 866 5283 cum
908 5241 1013 5280 ms.
1048 5224 1306 5297 Tltuaneo
1336 5222 1643 5297 legendum,
1671 5240 1778 5297 non
1806 5240 1941 5297 vero
1971 5242 2105 5297 prte-

512 5311 726 5366 sentem,
772 5311 831 5353 ut
882 5298 1080 5352 habent
1123 5295 1253 5349 editi
1300 5305 1349 5349 et
1389 5296 1635 5364 plerique
1681 5296 1868 5364 codd.,
1902 5295 2108 5366 optime

510 5372 699 5428 statuit
722 5368 1046 5437 Quesnellus
1076 5378 1189 5423 n0t.
1224 5368 1275 5431 l,
1305 5368 1392 5421 cui
1424 5377 1477 5422 et
1500 5367 1775 5423 Sirmondi
1802 5368 1962 5424 lectio
1985 5368 2105 5425 suf-

508 5446 769 5500 fragatur.

585 5460 796 5569 Edilil‘d'iii
830 5512 1049 5575 Leonis,
1073 5511 1368 5584 agnoscitis,
1401 5510 1545 5581 quod
1576 5525 1680 5565 non
1712 5511 1955 5567 cohaeret
1981 5527 2105 5567 cum

509 5588 872 5652 antecedenti,
902 5602 1003 5639 non
1030 5584 1257 5654 ignoras.
1291 5584 1640 5654 Correximus
1670 5598 1733 5637 ex
1764 5585 1975 5638 duobus
1999 5600 2106 5638 no-

506 5659 821 5783 ?trislcodd.
858 5656 975 5712 Vat.
1006 5653 1106 5711 541
1140 5665 1195 5711 et
1226 5654 1431 5736 Veneto
1462 5653 1927 5711 169.Sirmondus
1944 5656 2109 5710 etiam

538 5742 634 5783 ave
664 5768 679 5783 .

538 5738 679 5783 avet.

584 5797 608 5835 ιι
636 5798 843 5869 Vulgati
870 5800 1065 5855 Leonis
1097 5809 1221 5853 ante
1241 5799 1445 5865 Quesn.
1468 5811 1592 5849 cum
1614 5811 1741 5851 mss.
1764 5798 1979 5853 collect.
2004 5796 2105 5869 ης

516 5867 788 5943 Modestus
829 5873 981 5937 igitur
1028 5881 1125 5923 tua:
1168 5885 1269 5923 non
1308 5869 1584 5921 auctoritas
1615 5872 1984 5935 constantiam,
2015 5868 2107 5922 sed

2208 3357 2275 3398 ne
2304 3341 2433 3413 quid
2463 3342 2565 3397 Sibi
2604 3342 2886 3411 plectenda
2919 3343 3088 3411 possit
3118 3345 3392 3399 vindicare
3420 3346 3819 3415 praesumptio;

2205 3452 2324 3507 qua:
2346 3450 2471 3491 cum
2504 3436 2705 3489 aditum
2735 3435 2867 3491 falsa
2896 3435 3250 3507 subreptione
3280 3439 3565 3508 repererit,
3587 3438 3653 3492 ad
3692 3453 3825 3491 ma-

2200 3528 2376 3599 jorem
2410 3543 2470 3584 se
2494 3529 2659 3600 893
2682 3531 3039 3584 temeritatem
3076 3530 3294 3585 nomine
3328 3540 3601 3600 usurpata:
3630 3530 3827 3599 digni-

2208 3624 2337 3678 tatis
2386 3625 2652 3678 cxtendit.
2706 3622 3094 3678 Petronianum
3165 3625 3451 3694 quemdam
3506 3641 3713 3694 vagum
3771 3632 3831 3680 et

2209 3730 2424 3785 semper
2463 3729 2786 3781 erroneum,
2836 3724 2987 3771 certa
3025 3729 3127 3771 nos
3151 3724 3181 3752 ιι
3224 3716 3547 3773 clericorum
3594 3727 3830 3771 tuorum

2206 3870 2547 3926 mansuetudo
2612 3872 2947 3925 commendet.
3008 3871 3289 3939 Quesnelli
3361 3873 3829 3931 emendationem

2207 3946 2438 4013 probant
2482 3944 2587 3998 duo
2633 3944 2800 3998 nostri
2845 3943 3007 3998 codd.
3066 3943 3183 3997 Vat.
3217 3943 3323 3999 544
3372 3945 3588 4000 collect.
3632 3947 3717 4001 24
3772 3955 3837 4002 et

2210 4015 2329 4070 Vat.
2365 4015 2492 4080 bu,
2519 4026 2681 4081 atque
2712 4013 2880 4069 editio
2909 4015 3204 4072 Sirmondi.
3232 4015 3367 4071 Vide
3401 4027 3512 4070 nat.
3544 4014 3579 4069 2
3599 4016 3834 4084 Quesn.

2284 4085 2301 4125 ί
2337 4086 2410 4141 Ita
2439 4100 2561 4141 cum
2582 4087 2860 4153 Qnesn.et
2886 4088 3051 4143 Sirm.
3075 4087 3247 4141 nostri
3278 4102 3408 4142 mss.
3437 4086 3557 4141 libri
3586 4090 3834 4148 cotlect.

2205 4160 2276 4215 Ἡ
2322 4167 2378 4214 et
2425 4158 2543 4212 Vat.
2579 4159 2706 4214 541.
2739 4159 2936 4215 Caeteri
2980 4159 3194 4215 codices
3239 4170 3293 4214 ct
3334 4160 3608 4229 impressi,
3659 4158 3840 4217 Justo

2211 4242 2381 4285 tamen
2409 4231 2617 4284 dicitur.

2290 4305 2305 4352 Ι
2335 4301 2477 4356 Editi
2496 4310 2620 4357 ante
2632 4303 2861 4372 Quesn.,
2881 4304 2933 4357 in
2955 4304 3221 4374 semetipso
3237 4303 3443 4359 habeat.
3459 4303 3668 4372 Quesn.
3694 4319 3839 4359 cum

2211 4374 2422 4429 duobus
2440 4390 2571 4428 mss'.
2590 4383 2645 4429 et
2672 4374 2979 4439 Hincmaro,
3012 4376 3205 4443 quibus
3234 4383 3287 4430 et
3316 4388 3426 4431 tres
3453 4378 3621 4429 nostri
3643 4377 3841 4430 codd.

2212 4445 2412 4511 favent,
2440 4445 2604 4500 edidit
2632 4447 2683 4500 in
2702 4448 2972 4511 semetipso
2997 4447 3178 4509 habet;
3208 4457 3260 4500 at
3291 4447 3448 4500 simul
3482 4455 3593 4501 not.
3623 4447 3660 4502 5
3684 4463 3843 4502 con-

2212 4516 2387 4588 fgssus
2412 4528 2498 4571 est
2523 4519 2659 4571 lianc
2687 4534 2901 4588 quoque
2933 4518 3216 4572 lectionem
3247 4532 3432 4572 carere
3462 4534 3591 4571 vero
3621 4531 3839 4571 sensu.

2213 4584 2326 4641 Etsi
2356 4588 2515 4657 enim,
2553 4584 2744 4657 inquit,
2776 4584 2925 4642 verus
2968 4589 3095 4642 recti
3135 4605 3282 4641 amor
3321 4599 3533 4641 mentem
3584 4588 3846 4643 hominis

2213 4658 2315 4728 legi
2343 4655 2443 4711 Dei
2487 4655 2749 4728 subjiciat,
2780 4659 3155 4730 perfectamque
3186 4659 3398 4728 inspiret
3442 4674 3536 4723 pro
3568 4656 3846 4713 humanis

2211 4732 2365 4783 etiam
2392 4732 2661 4801 praeceptis
2694 4730 3053 4801 obedientiam,
3078 4746 3357 4799 numquam
3387 4732 3463 4783 vel
3492 4730 3847 4799 apostolica-

2210 4816 2325 4853 rum
2372 4800 2758 4865 auctoritatum,
2791 4800 2869 4857 t'el
2910 4804 3275 4856 canonicarum
3318 4802 3676 4869 sanctionum,
3715 4820 3856 4871 qua:

2214 4872 2368 4942 leges,
2400 4881 2456 4924 ut
2483 4873 2651 4935 aiunt,
2682 4873 2911 4941 positivo:
2932 4883 3072 4937 sunt,
3090 4873 3323 4925 notitiam
3358 4888 3445 4936 per
3475 4874 3658 4925 semeti
3668 4891 3851 4938 psum

2213 4952 2378 5013 potest
2421 4944 2705 5014 impertire.
2746 4943 2872 4998 Haec
2908 4953 3087 4998 autem
3120 4942 3413 4998 difficultas
3465 4942 3690 5014 tollitur
3747 4945 3863 4997 atl-

2214 5015 2392 5086 dendo
2440 5013 2758 5083 particulam
2809 5015 3108 5086 negativam
3155 5030 3281 5082 non,
3326 5029 3485 5084 quam
3531 5013 3664 5068 cod.
3702 5013 3860 5068 Vat.

2215 5085 2355 5155 1548
2384 5087 2603 5139 collect.
2636 5089 2703 5140 l2
2731 5085 3116 5155 suppeditavit.

2286 5155 2314 5196 ι
2345 5154 2494 5211 Licet
2526 5158 2648 5212 huic
2675 5154 2919 5227 epistolae
2960 5157 3101 5211 desit
3148 5166 3271 5208 nota
3316 5155 3769 5227 chronica,_tam
3790 5173 3869 5213 en

2214 5228 2314 5282 sub
2356 5227 2496 5282 idem
2556 5225 2769 5298 tempus
2816 5230 3314 5298 quorantecedens,
3358 5228 3562 5298 scripta
3604 5225 3755 5297 fuit,
3807 5244 3875 5283 ut

2212 5298 2539 5368 Quesnellus
2571 5297 2739 5368 probe
2764 5297 3002 5368 ostendit
3032 5309 3147 5352 not.
3182 5298 3237 5352 4.

2291 5367 2309 5406 ι
2343 5369 2429 5424 Al.
2453 5368 2546 5424 38.
2572 5366 2710 5436 Quae
2730 5377 2912 5424 autem
2939 5367 3012 5425 η
3036 5377 3177 5435 erat,
3204 5382 3347 5424 nunc
3376 5366 3469 5424 49.
3498 5367 3745 5440 Scripta
3794 5371 3883 5428 26

2215 5441 2443 5510 August.
2470 5455 2557 5494 an.
2591 5440 2721 5496 449.

2285 5509 2327 5549 αἱ
2357 5511 2618 5566 Baronitts
2650 5512 2789 5567 hanc
2822 5525 3037 5583 quoque
3074 5509 3561 5583 epistolamedidit
3590 5526 3667 5566 ex
3728 5514 3880 5569 lau-

2212 5583 2338 5637 dato
2366 5586 2553 5637 codice
2585 5582 2911 5648 Arelatensi,
2938 5582 3090 5651 cujus
3128 5582 3497 5652 apograplium
3530 5583 3596 5636 ab
3630 5598 3722 5638 eo
3765 5600 3881 5640 ac-

2212 5668 2427 5722 ceptum
2459 5656 2691 5708 vidimus
2729 5657 2780 5708 in
2814 5669 2912 5709 ms.
2955 5655 3329 5718 Vallicellano,
3360 5653 3428 5719 G,
3454 5652 3543 5707 99.

2286 5736 2311 5762 η
2352 5725 2455 5794 Qui
2498 5724 2708 5782 scilicet
2756 5728 3012 5797 epistolas
3060 5725 3328 5797 Bavennii
3364 5735 3418 5781 et
3464 5728 3885 5797 comprovin-

3896 5446 3929 5531 l

2213 5798 2429 5853 cialium
2458 5798 2525 5853 de
2546 5794 3079 5868 ejusdem'ltavennii
3097 5798 3446 5869 promotione
3474 5794 3543 5851 ad
3568 5795 3899 5871 Leonem.

2212 5871 2531 5927 attulerant.

2736 5972 2762 5982 υ
