4020 6352
252 389 344 446 817
1316 378 1650 438 EPISTOLA
1693 380 1873 437 XLIII.
1914 409 1983 421 -—
2021 380 2411 437 ADMONITIO.
3409 378 3515 438 818

250 498 580 573 suggestione
605 493 891 551 didicimus
920 507 1015 565 per
1053 491 1255 549 Gallias
1308 506 1365 547 se
1410 504 1651 548 nostrum
1693 507 1813 548 esse
1843 496 1893 555 Α
1919 492 2215 563 detectum,
2249 495 2317 549 ab
2345 495 2583 549 omnium
2620 494 2983 551 Eccleslarum
3014 496 3414 564 communione,
3446 516 3514 555 ne

250 594 526 649 diaconum
553 588 847 659 jactitasse,
880 594 935 639 et
975 583 1078 639 sub
1122 584 1280 652 hujus
1328 582 1547 639 honoris
1593 584 1812 639 obtentu
1927 588 2153 642 ulterius
2201 587 2303 643 hoc
2331 599 2571 659 usurpet,
2601 590 2859 657 expellas.
2906 590 3167 647 Dominus
3209 600 3264 647 te
3307 593 3517 647 incolu-

248 685 488 741 diversas
539 682 655 752 ejus
694 677 985 750 provinciae
1034 675 1307 732 Ecclesias
1354 676 1604 732 circuire.
1654 678 1819 747 Cujus
1928 695 2069 734 mem
2119 680 2406 749 custodiat,
2440 682 2602 736 frater
2648 681 2985 738 charissime.
3021 683 3153 738 Data
3178 684 3280 738 sub
3325 684 3412 738 die
3444 700 3517 739 vit

248 778 480 835 audacia:
512 786 617 830 tam
644 773 888 828 nefandae
903 771 1244 827 dilectionem
1268 781 1436 838 tuam,
1465 771 1629 828 frater
1655 771 1821 845 894.
1926 772 2185 829 kalendas
2231 773 2565 843 Septembr.,
2600 775 2821 833 Asturio
2861 784 2915 833 et
2944 777 3264 851 Protogene,
3292 793 3380 833 vv.
3410 778 3520 832 οιςι-

249 869 580 932 cliarissime,
618 867 688 920 ita
731 864 979 919 volumus
1006 863 1249 930 obviare,
1271 875 1329 919 ut
1358 878 1503 930 eum,
1535 864 1822 920 admonitis
1928 865 2162 924 rissimis
2193 867 2523 923 consulibus.

249 964 406 1018 etiam
458 962 621 1017 totius
672 957 959 1030 provinciae
998 956 1297 1027 episcOpis,
1344 956 1402 1012 in
1447 969 1544 1012 sua
1593 957 1825 1013 falsitate

1062 1158 1518 1223 ADMONITIO
1560 1160 1643 1221 ΙΝ
1687 1160 2170 1237 SEQUENTEM
2212 1160 2695 1224 EPISTOLAM.

318 1276 369 1330 ι,
400 1272 532 1326 Duie
558 1275 845 1338 sequentes
863 1263 1128 1338 epistolae,
1152 1262 1222 1338 45
1251 1270 1305 1317 et
1330 1262 1423 1338 44,
1447 1261 1515 1338 de
1540 1276 1600 1315 re
1629 1263 1819 1317 eadem
1848 1278 1912 1317 ac
1931 1264 2147 1326 eodem,
2182 1263 2256 1338 uti
2302 1263 2607 1338 praefertur,
2640 1264 2727 1319 die
2758 1264 2824 1338 ad
2857 1265 3107 1321 eumdem
3136 1266 3515 1332 imperatorem

248 1342 613 1402 Theodosium
640 1334 882 1406 scriptae,
912 1334 1129 1389 easdem
1153 1334 1285 1396 fere,
1313 1334 1357 1387 si
1387 1334 1631 1406 Latinum
1663 1344 1864 1388 texuim
1889 1344 2123 1401 Spectes,
2155 1335 2350 1390 nedum
2379 1336 2693 1399 sententias,
2730 1336 2821 1391 sed
2849 1338 3009 1391 etiam
3040 1351 3199 1393 voces
3229 1339 3280 1389 in
3310 1348 3516 1405 partem

248 1415 536 1473 maximam
565 1404 843 1465 exhibent.
885 1406 938 1461 Id
970 1407 1203 1475 aliquam
1230 1404 1615 1471 suppositionis
1640 1407 2003 1473 suspicionem
2040 1406 2239 1475 injecit.
2275 1407 2443 1460 Porro
2472 1406 2695 1476 epistola
2736 1407 2805 1463 45
2830 1408 3032 1475 duplici
3074 1404 3359 1463 manifesto
3389 1408 3519 1463 vitio

249 1490 479 1543 laborat.
505 1482 688 1538 Primo
715 1486 919 1533 certum
961 1492 1201 1550 ermient
1232 1484 1438 1550 contra
1466 1476 1704 1530 historia:
1736 1477 2020 1550 veritatem
2055 1477 2293 1550 pra-fert
2315 1478 2420 1532 illis
2448 1478 2626 1550 verbis
2674 1495 2794 1546 cap.
2824 1481 2850 1535 1
2880 1497 2893 1533 :
2927 1479 3051 1535 Hac
3090 1480 3235 1535 nobis
3263 1491 3520 1550 comperta

248 1567 395 1615 sunt.
427 1596 468 1608 ..
490 1555 578 1608 .ab
606 1552 733 1618 ipsis
757 1548 1187 1621 revereiidissimis
1216 1548 1487 1617 episcopis,
1509 1551 1603 1621 qui
1635 1565 1667 1621 ᾳ
1696 1549 1836 1602 nobis
1863 1549 2006 1603 missi
2035 1558 2171 1604 sunt.
2207 1549 2367 1604 Solus
2402 1550 2548 1621 enim
2587 1548 2759 1604 Julius
2788 1552 3071 1621 episcopus
3104 1548 3425 1607 Puteolanas
3454 1553 3520 1605 ad

246 1627 522 1701 synodum
542 1626 745 1692 legatus
777 1619 878 1675 luit
904 1636 917 1671 :
958 1627 1309 1701 acopraiteriza
1345 1634 1481 1673 unus
1508 1618 1748 1701 Hilarius
1769 1620 2051 1701 diagiipiis,
2081 1620 2263 1701 quiex
2294 1620 2706 1701 ps_eudosynod_i_i
2737 1618 3003 1701 Ephesina
3032 1622 3519 1701 fugit,_res_gesta_s

247 1688 309 1755 ad
339 1688 645 1763 pontificem
674 1707 857 1747 coram
888 1689 1157 1755 retulisse,
1191 1688 1333 1763 nulla
1363 1703 1616 1758 umquam
1652 1690 1818 1763 ipsius
1856 1690 1983 1763 Julii
2026 1688 2321 1763 mentione
2342 1690 2501 1756 facta,
2529 1688 2794 1746 'traililur‘
2826 1693 2985 1757 epist.
3020 1693 3090 1748 44
3119 1702 3174 1749 et
3192 1694 3283 1749 45.
3317 1688 3520 1751 Ueinde

247 1760 438 1826 eodem
466 1782 586 1830 cap.
615 1765 642 1818 i
672 1773 857 1831 aperta
882 1764 1074 1817 lacuna
1114 1760 1401 1829 detegitur.
1434 1763 1564 1814 Cum
1612 1762 1755 1816 enim
1794 1762 1956 1816 verba
1988 1778 2081 1833 pro
2110 1762 2393 1833 supradicti
2421 1764 2701 1833 sacerdotis
2752 1764 2962 1818 arbitrio
2988 1765 3055 1819 ad
3088 1765 3404 1820 Dioscorum
3437 1781 3521 1820 re-

245 1843 509 1904 ferantur,
541 1836 783 1891 Dioscuri
817 1838 1143 1889 mentionem
1167 1833 1510 1904 praecessisse
1538 1836 1789 1899 innuunt,
1814 1834 1889 1887 uti
1914 1832 2247 1902 praicedit’in
2271 1833 2435 1904 epist.
2458 1832 2557 1898 44,
2590 1850 2708 1901 quae
2740 1843 2915 1889 tamen
2939 1836 3141 1889 mentio
3165 1851 3274 1889 non
3301 1846 3520 1903 apparet

249 1912 301 1967 in
330 1902 503 1977 epist.»
531 1910 617 1964 45.
647 1907 985 1977 Quapropter
1015 1907 1130 1977 haec
1152 1902 1378 1972 epistola
1404 1903 1566 1959 veluti
1597 1904 1781 1974 spuria
1812 1906 2090 1960 nonnullis
2118 1903 2449 1974 repudianda
2478 1907 2589 1959 visa
2616 1914 2719 1969 est,
2746 1905 2886 1961 inter
2914 1921 3051 1976 quos
3078 1906 3331 1977 legendus
3359 1907 3521 1963 Tille-

246 1974 486 2040 montius
514 1988 626 2034 not.
658 1980 718 2033 5|
746 1980 797 2031 in
826 1976 1020 2031 Leonis
1045 1974 1233 2029 vitam.

309 2052 371 2109 2.
396 2051 510 2107 Nos
528 2066 659 2105 vero
681 2065 748 2103 ne
779 2048 846 2102 de
868 2048 1235 2116 suppositione
1261 2060 1325 2100 ac
1350 2045 1581 2101 falsitate
1609 2046 1771 2116 hujus
1790 2047 2035 2114 epistolae
2065 2045 2421 2115 suSpicemur,
2456 2046 2660 2103 Gmcae
2680 2047 3016 2102 Collectionis
3036 2046 3518 2115 Chalcedonensis,

247 2124 299 2179 in
323 2139 436 2191 qua
468 2137 573 2175 non
608 2122 787 2176 minus
816 2118 1185 2191 ha:c_epistol_a
1202 2116 1549 2191 describitur,
1579 2133 1738 2191 quapi
1767 2120 1992 2187 epistola
2019 2118 2111 2181 44,
2144 2118 2436 2191 auctoritas
2469 2117 2631 2187 cogit.
2661 2118 2773 2191 Etsi
2805 2118 2947 2191 enim
2967 2118 3209 2173 eamdem
3237 2120 3517 2188 epistolam

246 2188 376 2250 satis
404 2193 684 2248 vindicare
713 2193 881 2259 possit
921 2188 1377 2261 Chalcedonensis
1407 2188 1657 2244 collectio
1686 2190 1894 2256 Latina,
1920 2205 2041 2261 qua:
2070 2201 2195 2244 ante
2222 2189 2455 2261 medium
2486 2205 2535 2261 vi
2566 2188 2821 2244 sa'culum
2854 2189 3130 2245 lucubrata
3164 2191 3301 2245 hanc
3323 2193 3521 2259 episto-

248 2264 353 2319 lam
382 2266 627 2326 exhibet,
653 2264 817 2315 multo
847 2273 1024 2315 tamen
1053 2259 1356 2314 evidentius
1387 2275 1600 2332 omnem
1625 2259 1989 2324 suspicionem
2020 2276 2274 2315 amovere
2311 2260 2469 2315 debet
2500 2260 2685 2315 Graeca
2728 2261 2999 2324 collectio,
3030 2263 3226 2332 quippe
3256 2277 3374 2332 qua:
3407 2263 3521 2332 ipso

248 2278 353 2319 tam
382 2278 627 2326 ειιιιυει,
653 2278 817 2315 ιιιυιιο
847 2278 1024 2315 tamen
1053 2278 1356 2314 ενιυυιιιιιιε
1387 2278 1600 2314 omnem
1625 2278 1833 2324 SIISDICI'

246 2334 430 2397 Leone
454 2336 671 2390 vivente
708 2342 989 2403 compacta
1019 2332 1112 2385 fuit
1146 2333 1285 2385 inter
1316 2346 1404 2384 an.
1432 2330 1539 2403 455
1560 2341 1613 2385 et
1642 2332 1769 2393 455,
1798 2349 1826 2383 ιι

1933 2278 1989 2313 ειη
2020 2278 2274 2315 amovere
2311 2278 2469 2315 aenet
2500 2278 2685 2315 Graeca
2728 2278 2999 2324 conecuo,
3030 2278 3226 2332 qnippe
3256 2278 3374 2332 qua:
3407 2280 3419 2316 i
3462 2278 3520 2316 so

1965 2332 2173 2401 praefat.
2208 2333 2272 2385 ad
2304 2332 2561 2400 epistolas
2604 2331 3092 2386 demonstravimus
3124 2349 3271 2387 num.
3302 2334 3390 2387 54.
3422 2278 3520 2403 Γεί-

247 2414 475 2465 turhoc
522 2415 765 2469 tempore
795 2401 1001 2457 eistitit
1035 2404 1173 2472 apud
1205 2403 1421 2457 Graecos
1448 2401 1697 2457 Latinum
1733 2403 1891 2470 hujus
1921 2406 2164 2469 θιιίμιοιίε
2205 2403 2626 2472 autographum,
2659 2418 2723 2456 ex
2771 2417 2880 2473 quo
2909 2403 3093 2458 Graeca
3144 2401 3522 2473 interpretaiio

247 2476 514 2535 manavit.
539 2477 711 2546 Majus
734 2484 788 2529 et
811 2473 1080 2542 antiquius
1106 2477 1475 2543 germanitatis
1501 2474 1865 2528 testimonium
1887 2475 2183 2528 desiderari
2214 2474 2420 2543 nequit,
2449 2473 2591 2543 quod
2623 2473 2767 2527 nulla
2792 2476 2999 2540 lacuna,
3023 2489 3206 2528 errore
3234 2476 3403 2537 nullo,
3432 2477 3521 2545 qui

247 2568 391 2607 nunc
425 2552 481 2605 in
511 2566 572 2604 ea
602 2545 825 2617 epistola
863 2556 1179 2614 appareant,
1210 2548 1392 2617 vocari
1418 2556 1591 2609 potest
1631 2546 1683 2598 in
1716 2545 1971 2599 dubium:
2003 2561 2159 2601 secus
2190 2546 2289 2617 alia
2320 2546 2691 2617 documenta,
2720 2561 2840 2613 quae
2881 2560 3001 2600 cum
3035 2548 3308 2601 erroribus
3334 2546 3418 2601 vel
3447 2549 3521 2601 la-

253 2624 413 2679 cunis
442 2621 510 2675 ad
538 2615 1047 2688 nos—pervenerunt,
1078 2620 1178 2671 etsi
1209 2615 1423 2669 aliunde
1442 2623 1629 2671 essent
1655 2617 1975 2688 certissima.
2008 2616 2280 2685 repudiari
2304 2616 2387 2670 vel
2418 2617 2469 2670 in
2500 2616 2859 2685 suspicionem
2898 2619 3077 2671 vocari
3113 2628 3349 2684 possent.

316 2696 373 2771 ξ).
409 2693 549 2746 Dom
571 2687 699 2771 iero
722 2690 791 2743 ob
818 2699 1019 2768 tantam
1050 2690 1428 2771 auctoritatem
1454 2697 1562 2771 stet
1582 2687 2050 2771 .liaiic_epis.tolam
2082 2689 2152 2743 s3
2188 2689 2710 2771 supposilitian‘ntion
2742 2702 2897 2770 esse;
2937 2687 3519 2771 quoadneaquae‘diffi-

248 2766 511 2822 cultatem
534 2762 782 2825 afferunt,
815 2760 915 2814 etsi
948 2774 1053 2812 non
1079 2774 1231 2827 seque
1258 2766 1408 2813 certo
1435 2760 1681 2821 delinire,
1725 2759 1927 2829 aliquid
1960 2768 2137 2814 tamen
2172 2774 2275 2813 non
2310 2758 2734 2827 improbabiliter
2777 2760 3067 2829 coniectari
3108 2758 3309 2817 licebit.
3350 2759 3522 2817 Antea

246 2851 376 2891 vero
409 2831 843 2902 praeniitteiidum
867 2838 989 2899 est,
1030 2829 1291 2884 hactenus
1313 2830 1529 2902 quidem
1564 2842 1947 2902 prmsumptum
1981 2830 2149 2885 fuisse
2188 2831 2468 2896 epistolam
2496 2830 2589 2897 45,
2614 2832 2688 2883 uti
2730 2829 2919 2902 Latine
2956 2829 3097 2884 edita
3122 2842 3205 2885 est
3239 2847 3302 2887 ex
3333 2832 3522 2887 Latina

246 2901 575 2963 collectione
600 2902 1043 2963 Clialcedonensi,
1074 2904 1248 2971 ipsum
1279 2916 1401 2955 esse
1427 2901 1688 2971 originale
1720 2901 1967 2956 Latinum
1998 2902 2057 2958 S.
2092 2902 2309 2967 Leonis,
2343 2902 2485 2970 quod
2516 2910 2666 2955 vetus
2695 2901 2954 2957 collector
2982 2902 3271 2969 invenerit,
3302 2917 3521 2971 suaeque

247 2977 560 3034 collectioni
590 2973 901 3040 inseruerit,
931 2980 989 3027 ut
1011 2974 1062 3027 in
1087 2975 1299 3029 caeteris
1328 2972 1598 3042 plerisque
1620 2972 1816 3027 Leonis
1845 2973 2086 3041 epistolis
2111 2972 2327 3039 accidit,
2346 2986 2410 3026 ac
2442 2973 2742 3039 praesertim
2776 2974 2827 3028 in
2849 2974 3073 3041 epistola
3094 2975 3204 3037 44,
3233 2974 3389 3043 cujus
3416 2976 3523 3029 ori-

246 3049 429 3119 ginale
458 3048 713 3119 Latinum
744 3045 811 3119 ab
839 3045 1031 3119 eodem
1064 3055 1358 3119 repertum,
1402 3043 1604 3099 Latinae
1644 3044 1951 3119 collectioni
1995 3046 2262 3119 insertum
2293 3044 2424 3119 fuit:
2458 3043 2512 3098 id
2554 3044 2695 3113 quod
2740 3045 3064 3119 cpntirinare
3117 3060 3275 3119 posse
3314 3046 3523 3119 videtur

249 3114 519 3175 chronica
550 3126 672 3171 nota
703 3115 824 3168 huic
844 3114 1085 3183 epistola:
1116 3114 1319 3170 Latinae
1349 3119 1575 3185 aposita,
1600 3130 1719 3186 quae
1749 3131 1869 3186 cum
1902 3116 1952 3167 in
1984 3116 2172 3171 Griiica
2201 3116 2450 3170 versione
2480 3129 2545 3169 ex
2578 3130 2729 3173 more
2759 3115 2936 3172 Graeci
2977 3117 3288 3185 interpretis
3322 3117 3523 3172 omissa

250 3193 437 3257 fuerit,
469 3204 543 3244 ex
574 3191 791 3241 invento
811 3186 1060 3255 originali
1092 3186 1282 3241 Latino
1308 3185 1542 3241 derivari
1567 3188 1799 3241 videtur.
1825 3185 1896 3241 At
1920 3186 2057 3241 hanc
2080 3187 2551 3255 praesumptionem
2571 3200 2691 3241 esse
2710 3187 2920 3255 falsam,
2944 3195 2999 3242 et
3024 3187 3270 3242 Latinum
3288 3196 3520 3257 textum,

320 3277 409 3315 em
439 3260 707 3315 habemus
735 3258 976 3324 epistola:
997 3258 1089 3321 45,
1120 3275 1224 3312 non
1248 3273 1371 3312 esse
1398 3259 1682 3325 originale,
1712 3273 1811 3312 nec
1840 3258 2117 3327 originalis
2149 3257 2321 3311 Latini
2351 3257 2687 3326 exemplum,
2721 3260 2850 3313 satis
2882 3260 3161 3314 manifeste
3199 3259 3516 3315 deteximus.

293 3350 383 3387 um
408 3334 558 3387 enim
582 3331 634 3385 in
655 3327 840 3384 Graeca
868 3330 1117 3382 versione
1144 3328 1301 3397 hujus
1346 3329 1588 3397 epistola:
1609 3346 1670 3382 ea
1714 3345 1817 3383 non
1849 3334 2046 3399 exigua
2076 3331 2263 3383 lacuna
2287 3330 2380 3391 sit,
2412 3344 2571 3397 quam
2607 3331 2767 3395 paulo
2794 3338 2921 3385 ante
2943 3331 3327 3396 indicavimus;
3355 3330 3400 3384 si
3431 3345 3525 3383 au-

248 3414 367 3458 ctor
398 3402 609 3458 Latinae
639 3399 972 3455 collectionis
990 3399 1331 3471 Chalcedon.
1363 3400 1608 3455 Latinum
1640 3402 1967 3468 exemplum,
1990 3401 2133 3471 quod
2165 3400 2450 3464 insereret,
2485 3411 2674 3455 nactus
2702 3401 2911 3467 fuisset,
2942 3404 3008 3454 ita
3040 3402 3091 3455 in
3117 3400 3307 3455 Latino
3354 3401 3525 3471 ipsius

250 3478 501 3542 epistolae
530 3482 680 3527 textu
703 3474 946 3540 suppleta
989 3470 1257 3539 legeretur
1283 3482 1579 3527 memorata
1604 3473 1817 3532 lacuna,
1848 3470 2099 3527 sicuti’ex
2132 3472 2323 3526 Latino
2348 3472 2628 3541 exemplo,
2669 3473 2812 3541 quod
2842 3472 3043 3526 invenit
3089 3473 3333 3540 cpistola;
3361 3470 3432 3525 55
3458 3473 3525 3525 ad

248 3544 554 3609 Julianum,
580 3543 843 3611 suppletae
873 3550 1168 3595 noscuntur
1195 3543 1397 3597 lacuna:
1424 3552 1653 3613 quatuor
1672 3558 1793 3611 qua:
1819 3544 1871 3597 in
1896 3542 2102 3611 Graeca,
2131 3543 2370 3613 ejusdem
2402 3543 2847 3609 interpretatione
2870 3544 3367 3606 deprehenduntur:
3405 3542 3528 3598 licet

247 3632 313 3670 ex
346 3618 434 3669 his
466 3632 573 3668 non
623 3613 849 3681 perinde
877 3613 1093 3667 vitietur
1143 3613 1311 3683 ipsius
1340 3614 1581 3685 epistola:
1630 3629 1841 3679 sensus,
1878 3616 2049 3685 utiex
2080 3617 2235 3669 unica
2266 3616 2500 3669 maxime
2545 3614 2756 3669 Izeditur
2791 3630 2983 3670 sensus
3012 3616 3254 3685 epistolae
3279 3616 3369 3670 45.
3403 3613 3527 3670 Ideo

250 3686 415 3757 igitur
443 3686 707 3739 collector
738 3698 843 3737 non
874 3686 1139 3757 supplevit
1170 3687 1221 3738 in
1254 3695 1395 3739 textu
1427 3684 1620 3741 Latino
1648 3686 1911 3739 versionis
1941 3684 2142 3757 Graeca:
2171 3686 2416 3740 lacunam
2446 3684 2606 3755 hujus
2634 3688 2892 3754 epistolie,
2926 3684 3061 3755 quia
3084 3687 3326 3740 Latinum
3359 3685 3529 3752 ipsius

249 3756 541 3826 originale,
564 3757 649 3811 vel
674 3756 981 3823 exemplum
1025 3770 1357 3825 nequaquam
1385 3758 1609 3812 invenit.
1645 3757 1794 3811 Adde
1816 3756 1959 3825 quod
1990 3758 2034 3811 si
2074 3758 2321 3811 Latinum
2350 3758 2653 3826 exemplum
2686 3758 2978 3812 invenisset
3000 3758 3278 3821 collector,
3304 3772 3408 3810 non
3431 3771 3527 3811 so-

249 3828 358 3883 lum
406 3830 656 3881 lacunam
685 3828 1017 3895 supplesset,
1044 3828 1137 3881 sed
1170 3844 1409 3881 errorem
1464 3831 1626 3883 etiam
1658 3829 1930 3883 historica:
1972 3828 2185 3882 veritati
2229 3831 2561 3884 ccutrarium
2607 3829 2803 3883 exinde
2842 3828 3200 3884 emendasset.
3232 3828 3527 3897 Exemplar

252 3902 395 3953 enim
431 3898 683 3954 Latinum
708 3913 859 3967 a-que
888 3898 1199 3951 mendosum
1230 3912 1291 3952 ac
1322 3900 1566 3954 mutilum
1594 3900 1662 3954 ab
1687 3915 1752 3953 eo
1782 3899 1949 3955 fuisse
1971 3902 2271 3962 inventum,
2304 3900 2457 3954 sicuti
2488 3900 2741 3953 mendosa
2776 3915 2839 3953 ac
2866 3902 3049 3954 mutila
3078 3911 3156 3954 est
3184 3900 3370 3955 Graeca
3404 3914 3527 3954 ver-

250 3970 358 4036 sio,
383 3972 613 4023 omnino
640 3968 954 4040 incredibile
984 3979 1085 4023 est.
1114 3968 1189 4022 De
1216 3982 1339 4023 nota
1372 3969 1651 4035 chronica,
1674 3986 1792 4040 qua:
1821 3973 1870 4023 in
1900 3971 2090 4025 Latino
2120 3971 2421 4035 praefertur.
2449 3972 2689 4024 dicemus
2714 3971 2872 4039 paulo
2902 3983 3037 4038 post.

318 4042 374 4095 4.
405 4041 545 4096 Cum
580 4039 928 4112 ergoLatino
958 4040 1227 4095 collectori
1255 4040 1483 4095 defuerit
1516 4042 1675 4111 hujus
1697 4039 1945 4112 epistola:
1971 4042 2232 4112 originale
2269 4042 2355 4097 vel
2397 4043 2673 4111 exemplar
2699 4042 2945 4097 Latinum
2969 4084 2981 4104 ,
3008 4058 3068 4098 ac
3099 4058 3206 4109 prae
3235 4042 3407 4097 oculis
3432 4040 3527 4100 ha-

248 4110 430 4167 buerit
466 4122 671 4166 tantum
702 4111 943 4166 Grecam
974 4112 1299 4175 versionem,
1344 4110 1599 4167 Latinum
1616 4110 1818 4167 textum
1863 4130 2021 4183 quem
2050 4110 2198 4169 dedit
2234 4118 2309 4169 sic
2351 4114 2419 4167 ab
2442 4110 2631 4168 eodem
2662 4127 2997 4182 compacuim
3024 4116 3363 4173 arbitramur.
3393 4117 3529 4171 Cum

247 4190 559 4255 reperisset
588 4183 838 4239 Latinum
862 4184 1141 4255 exemplar
1170 4184 1337 4237 solius
1364 4186 1606 4251 epistolae
1627 4188 1717 4245 44,
1764 4202 1882 4253 quae
1916 4186 2094 4255 plures
2119 4185 2336 4240 exhibet
2370 4188 2665 4245 sententias
2696 4186 2899 4243 similes
2926 4186 3166 4247 epistula:
3195 4190 3263 4244 45
3287 4231 3296 4249 ,
3325 4188 3413 4241 ubi
3448 4189 3529 4241 si-

248 4256 399 4330 milia
424 4255 513 4330 vel
533 4254 657 4330 _f'er_e_
684 4255 875 4330 Similia
911 4258 961 4308 in
988 4254 1231 4330 utrisque
1257 4257 1631 4330 deprehendit,
1664 4254 1937 4315 ab~tinens
1964 4257 2032 4315 ab
2062 4258 2506 4328 interpretatione
2546 4260 2716 4314 (ἕνανοί
2763 4271 2938 4314 textus
2961 4260 3118 4326 hujus
3140 4259 3403 4325 epistolae,
3435 4259 3529 4328 qui

251 4325 373 4401 [εξεο
405 4325 688 4396 υνὲεὶηθιίε
731 4324 1007 4401 habendus
1036 4324 1173 4393 erat',
1223 4328 1563 4401 traiisu'ips‘it
1607 4326 1792 4387 Latina
1822 4332 1983 4388 verba
2031 4324 2373 4401 integrasque
2421 4331 2675 4400 periodos
2703 4347 2769 4385 ex
2799 4324 3043 4399 originali
3071 4324 3262 4384 Latino
3285 4324 3528 4400 epistola:

247 4395 339 4459 Ην
373 4395 553 4473 Catille
600 4400 797 4465 ερικνίι
843 4398 1087 4473 cpistola;
1122 4401 1215 4457 45.
1250 4403 1346 4458 Ubi
1375 4395 1503 4459 vero
1534 4404 1777 4459 diversas
1804 4405 2097 4458 sententias
2130 4395 2571 4473 perspexit,'qua2
2602 4418 2707 4456 non
2753 4395 2965 4457 exsuint
2990 4401 3041 4455 in
3070 4402 3294 4468 epistola
3321 4395 3421 4466 1M,
3452 4402 3530 4455 uti

247 4472 446 4548 θέωσῖιι
489 4478 789 4548 ρτλθθηιηι
821 4472 1148 4548 ἱήερίεῑοιω
1172 4476 1395 4548 exordio
1418 4516 1432 4537 ,
1460 4476 1960 4548 interpretationem
1982 4491 2057 4548 ex
2090 4476 2281 4548 Graeco
2318 4472 2496 4548 facere
2524 4484 2753 4548 coactus,
2782 4474 2898 4528 fuit.
2925 4474 3385 4548 Interpretationis
3412 4474 3529 4540 qui-

247 4542 377 4606 tium
412 4542 677 4605 indicium
708 4542 955 4615 proditur
981 4550 1030 4598 in
1057 4546 1327 4599 nonnullis
1354 4548 1542 4616 capitis
1569 4542 1747 4616 primi,
1776 4562 1895 4616 quae
1921 4562 1949 4599 a
1980 4546 2213 4600 Leonina
2247 4547 2454 4599 ratione
2484 4545 2757 4599 scribendi
2780 4561 2885 4598 non
2909 4546 3177 4599 modicum
3197 4544 3526 4609 discrepant,

249 4638 351 4677 nec
385 4637 498 4676 non
526 4622 579 4676 in
610 4621 705 4674 illo
729 4616 1069 4679 imperatoris
1102 4617 1257 4669 titulo
1286 4615 1438 4670 initio
1464 4615 1583 4687 cap.
1613 4617 1648 4671 2
1678 4615 1882 4672 inserto
1908 4617 2340 4687 tranquillissime
2379 4618 2708 4685 principum.
2745 4632 2902 4685 quem
2936 4630 2963 4668 a
2999 4616 3253 4671 Leoninis
3286 4615 3532 4687 formulis

248 4694 642 4749 abhorrentem
664 4729 681 4756 ,
706 4690 772 4744 ad
804 4689 1044 4745 Graecam
1077 4687 1404 4742 locutionem
1449 4686 1669 4759 propius
1715 4689 1973 4744 accedere
2004 4686 2142 4743 idem
2169 4686 2551 4759 Tillemontins
2591 4687 2807 4741 laudato
2850 4690 2967 4743 loco
2999 4688 3286 4756 persensit.
3319 4686 3533 4741 Titulus

248 4768 417 4819 etiam
442 4763 887 4825 reverendiuimi,
916 4760 1005 4829 qui
1037 4759 1308 4829 episcopis
1338 4758 1525 4828 legatis
1550 4761 1725 4830 capite
1751 4760 1923 4830 primo
1964 4760 2231 4824 tribuitur,
2263 4775 2293 4812 a
2323 4758 2520 4813 Leonis
2550 4774 2700 4813 more
2736 4760 2965 4823 alienus,
2996 4775 3059 4813 ex
3093 4759 3284 4814 Graeco
3315 4774 3535 4812 manare

248 4838 629 4905 dignoscitur;
658 4835 800 4905 quod
832 4833 974 4886 enim
1005 4831 1194 4885 Graece
1222 4830 1590 4894 εὐλαϐέστατος
1620 4832 1905 4901 scribitur,
1940 4831 1993 4887 in
2035 4831 2250 4902 antiqua
2290 4834 2541 4887 versione
2568 4830 2784 4886 concilii
2811 4830 3271 4885 Chalcedonensis
3294 4845 3533 4884 revereri-

246 4904 498 4961 dissimus
530 4904 793 4960 redditur.

322 4979 382 5033 5.
414 4979 472 5032 Si
500 4991 632 5031 vero
662 4975 883 5029 Latinus
908 4982 1087 5029 textus
1116 4974 1184 5028 ab
1212 4982 1433 5029 auctore
1462 4974 1665 5029 Latinae
1689 4974 2026 5029 collectionis
2046 4972 2501 5030 Chalcedonensis
2530 4972 2603 5027 ita
2645 4987 2711 5028 ex
2738 4972 2965 5027 arbitrio
3003 4971 3303 5039 confectus,
3338 4972 3537 5029 Leoni-

249 5066 356 5103 nus
388 5048 675 5117 originalis
700 5062 799 5100 nec
831 5054 932 5111 est,
963 5060 1064 5100 nec
1091 5046 1275 5117 haberi
1304 5055 1518 5115 potest;
1556 5044 1664 5116 jam
1697 5056 1804 5100 tota
1834 5046 2139 5117 disquisitio
2169 5048 2371 5101 versari
2402 5044 2700 5117 debetnon
2725 5046 2866 5117 circa
2896 5044 3143 5117 Latinum
3177 5053 3406 5110 textum,
3442 5044 3536 5117 sed

247 5122 397 5174 circa
434 5113 721 5182 Graecum,
760 5119 850 5187 qui
881 5131 944 5171 ex
976 5117 1221 5187 originali
1252 5113 1607 5173 inOrientein
1637 5117 1806 5171 misso
1852 5113 2156 5186 profectus,
2200 5120 2289 5171 ubi
2324 5119 2475 5170 deest
2506 5116 2768 5185 originale
2797 5115 3045 5170 Latinum
3066 5157 3080 5179 ,
3108 5113 3538 5187 locooriginalis

251 5191 543 5245 habendus
574 5198 674 5242 est.
726 5184 970 5243 Graecum
1018 5184 1197 5243 autem
1227 5199 1431 5243 textum
1471 5184 1909 5257 expendeiitibus
1943 5191 2112 5255 palam
2145 5190 2272 5254 fiet,
2303 5204 2409 5243 non
2442 5184 2607 5241 unum
2645 5188 2926 5242 exordium
2958 5186 3199 5254 epistolas
3224 5185 3440 5238 diﬂ‘erre
3467 5184 3537 5239 ab

252 5263 486 5317 exordio
514 5261 756 5330 epistola:
781 5258 852 5313 44
870 5302 884 5326 ,
913 5258 1008 5313 sed
1040 5269 1177 5313 totas
1208 5261 1411 5314 litteras
1438 5258 1775 5330 discrepare,
1798 5262 1935 5314 adeo
1958 5272 2041 5325 ut,
2078 5262 2203 5315 licet
2238 5258 2442 5314 similes
2472 5258 2756 5312 sententia:
2785 5260 3107 5328 plerumque
3130 5265 3456 5330 concurrant
3482 5256 3536 5309 in

251 5327 623 5401 utriSque,'in
656 5331 895 5400 pluribus
924 5338 1100 5384 tamen
1148 5333 1391 5399 quamvis
1436 5327 1813 5386 minutioribus
1858 5332 2145 5387 differant:
2186 5346 2304 5401 quae
2344 5346 2449 5384 non
2480 5327 2925 5401 interpretationi
2970 5330 3195 5401 diversae
3220 5327 3535 5401 earumdem

250 5397 593 5467 litterarum,
626 5397 718 5457 sed
748 5401 951 5456 Latinis
979 5397 1331 5471 origiiialibus
1361 5402 1715 5457 dissimilibus
1762 5403 2042 5457 tribuenda
2074 5397 2218 5460 sunt;
2250 5401 2380 5457 Nam
2421 5400 2541 5456 alia:
2584 5397 2870 5456 sententia:
2910 5398 3246 5457 brevioribus
3276 5398 3459 5453 verbis
3483 5397 3537 5450 in

251 5474 449 5530 Graeco
481 5472 725 5544 epistolae
754 5474 824 5528 45
846 5473 1133 5544 expositae,
1158 5488 1276 5539 qua:
1307 5476 1462 5527 latius
1491 5475 1827 5544 explicantur
1854 5476 1905 5529 in
1929 5474 2086 5543 epist.
2112 5474 2205 5539 44,
2236 5474 2494 5528 nonnulla
2520 5482 2788 5528 commata
2818 5475 3091 5531 omittunt.
3122 5486 3242 5540 qua:
3268 5473 3536 5544 interpres

251 5562 369 5599 uno
399 5543 756 5611 prieterisset;
784 5543 904 5597 alia:
926 5558 1053 5597 vero
1079 5545 1288 5597 diversa
1318 5550 1478 5599 etiam
1504 5543 1710 5599 ratione
1755 5555 2145 5613 proponuntur,
2173 5556 2252 5613 ut,
2286 5545 2518 5612 exempli
2541 5546 2735 5614 gratia,
2779 5554 2861 5598 est
2888 5543 3019 5597 illtid
3047 5560 3059 5595 :
3084 5543 3248 5614 Atque
3273 5543 3384 5606 isti,
3410 5556 3537 5609 quo-

251 5631 379 5669 rum
404 5628 475 5669 est
502 5632 657 5669 causa
680 5617 907 5685 gravior,
936 5615 1015 5668 vel
1044 5616 1278 5686 consiliis
1302 5619 1648 5686 acquiescant,
1677 5612 1763 5668 vel
1786 5612 1978 5669 ab'uua
2002 5612 2245 5669 Ecclesia
2268 5612 2643 5670 exsciudan'tur
2666 5632 2682 5668 :
2712 5630 2831 5683 quae
2870 5614 3139 5686 sententia
3185 5612 3341 5686 aliter;
3367 5626 3539 5686 expo-

251 5692 410 5741 nitur
440 5689 490 5739 in
511 5684 788 5756 epist“,
814 5687 895 5739 liis
925 5689 1129 5740 verbis:
1155 5684 1387 5753 Ipsique,
1418 5702 1636 5755 quorum
1658 5698 1731 5739 est
1761 5702 1921 5741 causa
1949 5687 2158 5752 durior,
2185 5689 2228 5739 si
2251 5687 2486 5740 consiliis
2504 5686 2805 5739 melioribus
2823 5684 3183 5756 acquiescant,
3204 5684 3265 5736 ab
3292 5684 3540 5756 Ecclesia

252 5761 462 5810 unitate
483 5754 586 5809 non
618 5757 883 5811 excidant.
914 5757 1035 5811 Haec
1064 5758 1257 5824 duplex
1289 5754 1530 5827 ejusdem
1554 5759 1835 5811 sententia:
1853 5758 2185 5827 explicandae
2215 5763 2352 5811 ratio
2376 5774 2479 5811 non
2508 5774 2537 5811 a
2560 5759 2776 5811 diverso
2803 5755 3262 5827 Grmcoejusdem
3292 5754 3537 5821 epistolae

252 5827 579 5896 interprete,
607 5828 701 5881 sed
724 5829 791 5882 ab
819 5831 1072 5897 exemplo
1094 5828 1285 5883 Latino
1306 5826 1522 5884 diverso
1550 5829 1833 5884 manifeste
1874 5826 2089 5897 pendet.
2127 5828 2202 5882 Ex
2238 5830 2321 5883 liis
2345 5829 2630 5897 epistolam
2661 5827 2753 5891 45,
2787 5844 2905 5895 quin
2932 5826 3129 5879 collato
3161 5826 3350 5881 Graeco
3386 5835 3535 5897 textu

256 5903 341 5949 tot
372 5901 632 5964 capitibus
657 5900 967 5968 discrepare
988 5896 1339 5969 cognoscitur
1362 5903 1430 5956 ab
1450 5900 1675 5970 epistola
1701 5898 1794 5968 44,
1828 5896 1992 5957 aliam
2023 5914 2146 5957 esse
2173 5896 2480 5971 epistolam,
2506 5900 2641 5955 nihil
2664 5898 3018 5955 dubitandum
3052 5909 3135 5953 εει
3160 5915 3173 5964 ;
3220 5912 3281 5952 ac
3311 5896 3537 5967 proinde
