4020 6352
231 391 321 449 825

1567 388 1900 446 EPlSTOLA
1937 389 2123 447 XLIV.

3380 398 3486 457 826

230 500 732 561 treverendissimis
758 502 1029 574 episcopis
1067 504 1158 574 qui
1195 518 1226 558 a
1271 503 1429 559 nobis
1457 505 1607 559 missi
1640 515 1787 573 sunt,
1820 512 1870 571 Α
1896 506 2189 576 indignatio
2231 515 2573 578 pravocetur.
2620 508 2739 565 Prae
2783 510 2958 567 oculis
3004 510 3230 580 habete,
3276 519 3335 569 et
3376 520 3489 570 tota

228 608 275 658 et
298 594 607 651 ﬁdelissimo
635 610 817 651 rerum
843 611 966 665 qute
991 605 1158 667 gestae
1188 612 1314 654 sunt
1341 612 1621 655 narratore
1652 600 1797 656 Hila-

228 706 280 748 ro
304 687 528 743 diacono
558 697 765 743 nostro.
796 687 923 743 Haec
950 698 1129 745 autem
1160 690 1281 745 ideo
1307 691 1465 759 culpa
1511 694 1795 760 processit,

230 798 286 839 eo
306 780 443 850 quod
473 794 577 835 neu
608 795 756 849 pura.
771 783 1104 837 conscientia
1130 793 1184 837 et
1211 794 1360 839 recto
1382 783 1586 854 judicio
1609 800 1799 839 secun-

229 874 337 930 dum
376 872 824 928 consuetudinem
860 874 914 927 hi
956 877 1044 942 qui
1073 876 1285 931 collecti
1328 885 1459 931 sunt
1486 876 1554 930 de
1597 875 1702 930 ﬁde
1745 886 1801 931 et

228 964 567 1019 herrantibus
610 967 966 1035 protulerunt.
1003 966 1059 1021 In
1090 969 1208 1038 ipso
1246 981 1427 1023 autem
1455 968 1660 1037 judicio
1691 982 1798 1023 non

229 1072 402 1113 omnes
422 1059 512 1127 qui
536 1069 907 1114 convenerant
935 1060 1244 1117 interfuisse
1272 1066 1642 1133 cognovimus.
1668 1064 1798 1118 Nam

229 1156 342 1210 alios
384 1153 647 1222 rejectos,
684 1152 820 1208 alios
860 1154 1146 1210 didicimus
1184 1156 1557 1222 intromi~sos,
1587 1159 1674 1228 qui
1703 1172 1801 1227 pro

232 1261 251 1290 ο
275 1247 565 1318 supradicti
593 1248 889 1304 sacerdotis
918 1250 1143 1304 arbitrio
1177 1251 1354 1316 impiis
1383 1251 1800 1322 subscriptioni-

228 1342 312 1398 bus
339 1340 585 1409 captivas
616 1356 805 1395 manus
838 1337 865 1377 ἀ
891 1341 1185 1409 dederent,
1220 1353 1273 1395 et
1303 1343 1470 1415 908
1498 1346 1799 1398 nociturum

230 1435 375 1489 statui
400 1445 503 1487 suo
530 1434 760 1495 scirent,
795 1432 899 1487 nisi
927 1434 1188 1502 imperata
1219 1434 1495 1501 fecissent,
1533 1436 1803 1505 talemque

228 1526 285 1580 ab
310 1527 429 1593 ipso
459 1526 722 1595 prolatam
754 1541 873 1582 esse
902 1530 1258 1597 sententiam,
1293 1540 1346 1582 ut
1393 1530 1443 1582 in
1481 1544 1668 1583 omnes
1708 1545 1804 1597 per

227 1635 328 1677 eam
359 1620 650 1675 saaviretur
680 1620 967 1677 Ecclesias.
996 1620 1150 1689 Quod
1192 1624 1360 1676 nostri
1401 1623 1468 1676 ab
1509 1623 1802 1691 apostolica

225 1713 337 1769 sede
360 1714 580 1779 directi,
612 1713 747 1768 adeo
778 1714 1000 1784 impium
1030 1723 1085 1769 et
1112 1714 1399 1769 catholicae
1430 1715 1551 1769 ﬁdei
1584 1725 1801 1770 contra-

226 1809 348 1864 rium
382 1808 651 1873 videntes,
682 1809 838 1862 nobis
861 1808 1165 1877 signiﬁcare
1197 1819 1514 1864 noscuntur.

1903 599 2098 655 mentis
2128 602 2243 655 acie
2272 611 2586 657 reverenter
2611 601 2839 672 aspicite
2872 604 3011 659 beati
3058 605 3199 660 Petri
3239 607 3490 677 gloriam,

1901 702 1957 746 et
1982 706 2296 747 communes
2335 709 2458 748 cum
2503 696 2621 763 ipso
2662 695 2903 750 omnium
2934 698 3298 765 apostolorum
3334 713 3494 754 coro-

1901 800 2030 851 nas,
2073 800 2503 858 cunctarumque
2548 798 2844 861 martyrum
2886 791 3125 860 palmas,
3157 794 3351 862 quibus
3386 793 3493 849 alia

1904 892 2007 931 non
2052 876 2151 931 fuit
2195 893 2355 933 causa
2389 882 2646 948 patiendi,
2678 883 2776 936 nisi
2804 882 3075 938 Confessio
3105 899 3249 939 Vera:
3283 884 3491 939 Divini-

1900 969 2029 1025 tatis
2056 983 2109 1026 et
2140 987 2281 1026 vera:
2312 972 2661 1029 humanitatis
2687 975 2740 1029 in
2769 974 3006 1031 Christo.

1973 1063 2102 1121 CAP.
2137 1064 2435 1121 [IL—Cui
2482 1080 2847 1137 sacramento,
2892 1073 3014 1142 quia
3065 1072 3227 1142 impie
3273 1087 3416 1128 nunc
3464 1088 3495 1128 a

1904 1162 2093 1231 paucis
2132 1163 2565 1228 imprudentibus
2607 1164 2872 1229 obviatnr,
2904 1181 3091 1220 omnes
3128 1168 3353 1234 partium
3395 1180 3496 1219 no-

1902 1268 2136 1310 Strarum
2179 1256 2467 1322 Ecclesiae,
2501 1272 2690 1312 omnes
2718 1260 3115 1313 mansuetudini
3150 1269 3341 1313 vestrae
3372 1274 3494 1314 cum

1903 1348 2191 1416 gemitibus
2219 1355 2272 1401 et
2302 1348 2552 1418 lacrymis
2591 1351 2893 1418 supplicant
2923 1353 3254 1413 sacerdotes,
3289 1361 3342 1404 ut
3375 1352 3498 1419 quia

1904 1452 1958 1496 et
2001 1443 2171 1495 nostri
2219 1442 2449 1496 ﬁdeliter
2496 1443 2883 1511 ret-laniarunt,
2919 1455 2973 1499 et
3017 1448 3219 1500 eisdem
3260 1446 3496 1498 libellum

1905 1534 2289 1603 appellationis
2334 1534 2620 1589 Flavianus
2650 1536 2939 1606 episcopus
2970 1537 3152 1603 dedit,
3193 1536 3497 1605 generalem

1907 1627 2169 1696 synodum
2198 1627 2431 1694 jubeatis
2466 1628 2603 1681 intra
2637 1627 2843 1682 Italiam
2877 1630 3161 1695 celebrari,
3188 1627 3352 1700 909
3383 1641 3499 1695 tlUiP.

1906 1732 2096 1772 omnes
2127 1718 2450 1773 offensiones
2500 1719 2569 1773 ita
2622 1730 2712 1773 aut
2751 1720 2995 1788 repellat,
3032 1732 3124 1774 aut
3164 1721 3392 1787 mitiget,
3435 1732 3501 1773 ne

1910 1811 2051 1864 ultra
2083 1811 2285 1880 aliquid
2324 1813 2397 1864 sit
2425 1813 2502 1865 vel
2538 1813 2592 1866 in
2627 1812 2731 1867 lide
2760 1812 3011 1876 dubium,
3045 1812 3129 1865 vel
3160 1812 3209 1863 in
3238 1811 3502 1864 cltaritate

285 1897 410 1955 CAP.
447 1900 511 1956 ll.
535 1930 607 1941 —
630 1900 802 1967 Unde,
837 1910 860 1938 ε
892 1902 1331 1971 tranquillissime
1361 1900 1686 1972 principum,
1716 1916 1805 1958 re-
1838 1909 1886 1969 Β
1913 1901 2175 1966 divisum;
2206 1903 2650 1957 convenientibus
2683 1905 2864 1973 utique
2889 1902 3243 1956 Orientalium
3278 1900 3502 1970 provin-

226 2004 449 2064 movete,
479 2007 809 2064 quazsumns,
837 2004 1088 2049 a.vestr:e
1116 1996 1329 2065 pietatis
1356 1998 1687 2051 conscientia
1718 2011 1808 2066 pe.

226 2089 442 2145 riculum
473 2087 747 2157 religionis
776 2096 828 2142 et
857 2087 978 2143 ﬁdei
1011 2106 1025 2143 :
1059 2097 1117 2143 ut
1139 2088 1340 2144 Christi
1375 2088 1670 2158 Evangelii)
1703 2088 1807 2143 vim

227 2196 319 2235 non
360 2181 560 2234 inferat
601 2180 833 2234 humana
871 2186 1241 2252 praesumptio.
1276 2181 1295 2219 ¹
1331 2182 1473 2237 Ecce
1503 2196 1633 2251 ego,
1666 2181 1811 2237 chri—

226 2270 549 2325 stianissime
577 2280 633 2325 et
655 2271 980 2327 venerabilis
1012 2274 1328 2341 imperator,
1363 2288 1485 2327 cum
1518 2288 1809 2328 consacer-

226 2362 435 2418 dotibus
481 2364 617 2417 meis
664 2363 894 2433 implens
936 2378 1060 2433 erga
1102 2365 1464 2419 reverentiam
1509 2366 1813 2420 clementiae

225 2466 407 2510 vestra:
436 2455 635 2509 sinceri
673 2457 874 2508 amoris
903 2454 1140 2510 ofﬁcium
1165 2496 1180 2518 ,
1209 2459 1541 2527 cupiensque
1582 2472 1678 2512 vos
1718 2473 1817 2527 per

226 2545 394 2604 omnia
429 2546 647 2615 placere
675 2545 810 2611 Deo,
839 2546 923 2600 cui
955 2562 1051 2615 pro
1077 2548 1228 2603 vobis
1250 2548 1318 2601 ab
1345 2547 1587 2603 Ecclesia
1616 2549 1816 2620 suppli-

224 2648 390 2705 catur,
426 2654 499 2693 ne
522 2650 650 2694 ante
679 2638 915 2694 tribunal
955 2639 1190 2707 Domini,
1224 2642 1299 2695 rei
1326 2640 1394 2696 de
1422 2643 1640 2698 silentio
1663 2642 1815 2713 judi-

225 2744 425 2795 cemur,
459 2736 812 2787 obsecramus
836 2731 1033 2801 icoram
1077 2733 1240 2787 unius
1280 2732 1505 2789 Deitatis
1536 2736 1814 2805 insepara-

226 2823 311 2878 bili
338 2822 641 2888 Trinitate,
669 2838 786 2892 quae
812 2823 907 2877 tali
928 2823 1074 2879 facto
1098 2824 1333 2895 laeditur,
1362 2840 1483 2880 cum
1508 2826 1622 2896 ipsa
1653 2826 1817 2882 vestri

225 2915 288 2972 sit
312 2924 505 2971 custos
532 2926 587 2971 et
613 2926 801 2972 auctor
830 2917 1067 2987 imperii,
1091 2928 1146 2972 et
1169 2932 1349 2973 coram
1381 2921 1581 2974 sanctis
1611 2919 1818 2991 angelis

224 3007 456 3075 Christi,
496 3018 556 3064 ut
583 3009 765 3064 omnia
802 3009 856 3065 in
898 3025 963 3064 eo
1005 3018 1151 3065 statu
1186 3024 1309 3067 esse
1332 3010 1597 3081 jubeatis,
1630 3012 1683 3066 in
1710 3024 1820 3081 quo

226 3101 441 3157 fuerunt
482 3110 611 3158 ante
655 3116 818 3157 omne
856 3101 1158 3173 judicium,
1196 3103 1369 3159 donec
1400 3107 1570 3175 major
1597 3118 1663 3159 ex
1705 3113 1818 3160 toto

224 3196 347 3253 orbe
392 3196 744 3252 sacerdomm
788 3211 1046 3252 numerus
1074 3206 1463 3269 congregetur;
1503 3212 1601 3254 nec
1637 3198 1819 3254 alieno

1911 1994 2116 2051 ciarum
2144 1994 2433 2063 episeopis,
2457 2010 2684 2065 quorum
2710 1996 2753 2048 si
2781 1995 2868 2064 qui
2893 1994 3131 2061 superati
3157 1994 3318 2046 minis
3342 2002 3504 2061 atque

1913 2089 2127 2159 injuriis
2152 2104 2180 2143 a
2208 2090 2450 2143 veritatis
2483 2091 2697 2143 tramite
2724 2086 3028 2152 deviarunt,
3060 2085 3386 2140 salutaribus
3414 2080 3503 2136 re;

1914 2180 2109 2236 mediis
2138 2182 2190 2233 in
2224 2182 2488 2251 integrum
2518 2191 2840 2235 revocentur
2866 2196 2878 2231 :
2913 2178 3146 2248 ipsique,
3172 2191 3400 2247 quorum
3423 2186 3508 2229 est

1913 2289 2075 2329 causa
2122 2275 2327 2339 durior,
2361 2284 2385 2320 δ
2418 2274 2461 2326 si
2503 2272 2744 2325 consiliis
2783 2270 3097 2325 melioribus
3133 2273 3502 2337 acquiescant,

1914 2368 1981 2421 ah
2014 2366 2270 2420 Ecclesia:
2301 2368 2507 2419 unitate
2536 2380 2639 2419 non
2672 2364 2944 2418 excidant.
2972 2363 3145 2426 Quam
3176 2370 3355 2413 autem
3388 2366 3509 2427 post

1916 2459 2335 2530 appellationem
2368 2458 2742 2525 interpositam
2789 2455 2890 2508 hoc
2932 2450 3241 2508 necessaria
3263 2450 3506 2519 pestule-

1920 2564 2025 2618 tur,
2072 2567 2338 2606 canonum
2378 2550 2541 2621 910
2577 2548 2769 2604 Niczeae
2811 2547 3114 2601 habitorum
3164 2545 3380 2599 decreta
3429 2552 3509 2596 le-

1918 2650 2153 2707 stantur,
2184 2656 2318 2712 qua,
2340 2657 2369 2695 a
2407 2652 2573 2696 totius
2608 2639 2795 2695 mundi
2831 2647 2957 2693 sunt
2983 2635 3351 2692 sacerdotibus
3380 2646 3508 2687 con-

1919 2739 2123 2793 stitnta.
2156 2735 2355 2791 Favete
2394 2735 2677 2790 catholicis
2705 2742 2886 2789 vestro
2926 2747 3079 2787 more
3122 2738 3511 2800 parentumque

1917 2838 2252 2894 vestrorum,
2286 2825 2413 2881 date
2456 2822 2810 2880 defendenda:
2851 2822 2976 2878 ﬁdei
3018 2821 3341 2877 libertatem.
3374 2815 3509 2872 Cum

1920 2924 2063 2978 enim
2100 2920 2359 2975 Ecclesiae
2389 2917 2419 2956 ιι
2449 2932 2669 2981 causas,
2705 2928 2815 2972 tum
2847 2916 2998 2987 regni
3026 2914 3193 2971 vestri
3222 2916 3429 2984 agimus
3456 2921 3512 2967 et

1919 3014 2142 3082 salutis,
2170 3024 2231 3069 ut
2271 3012 2671 3082 provinciarum
2702 3021 3007 3065 vestrarum
3048 3008 3230 3079 quieto
3263 3005 3384 3076 jure
3416 3015 3514 3073 po-

1923 3106 2151 3161 tiamini.
2214 3102 2502 3159 Defendite
2548 3111 2737 3157 contra
2794 3100 3083 3155 hmreticos
3136 3100 3513 3152 inconcussum

1921 3197 2180 3254 Ecclesiae
2210 3208 2407 3253 statum
2444 3214 2456 3249 :
2488 3204 2546 3250 nt
2571 3204 2626 3250 et
2656 3202 2893 3249 vestrum
2925 3190 3127 3247 Christi
3162 3189 3384 3244 dextera
3414 3184 3512 3240 de-

224 3300 448 3358 peccato
483 3289 763 3360 patiamini
804 3304 901 3345 vos
944 3291 1155 3360 gravari
1187 3309 1199 3342 :
1230 3293 1382 3360 quia,
1413 3292 1557 3362 quod
1596 3306 1818 3347 necesse
1845 3291 1892 3355 C
1924 3291 2175 3347 fendatur
2211 3290 2516 3358 imperium.
2551 3297 2567 3326 ι
2605 3289 2797 3342 Datum
2850 3288 3010 3341 tertio
3058 3284 3177 3339 idus
3227 3278 3510 3349 Octobris,

225 3391 299 3437 est
325 3396 427 3438 nos
460 3382 667 3450 dicere,
694 3396 947 3439 veremur
983 3396 1052 3438 ne
1094 3382 1248 3453 cujus
1276 3383 1467 3453 religio
1496 3383 1815 3453 dissipatur,

1920 3384 2141 3439 Asturio
2166 3394 2219 3438 et
2246 3381 2553 3453 Protogene
2583 3382 2711 3435 viris
2739 3378 3060 3435 clarissimis
3088 3373 3421 3433 consulibus.

1563 3537 1898 3594 EPISTOLA
1940 3537 1954 3589 i
2010 3538 2191 3595 XLIV.

1340 3629 1368 3669 ιι
1397 3647 1465 3686 ω
1495 3646 1715 3687 ευιιυειι
1742 3648 2077 3691 rneooosmu
2107 3648 2407 3691 AUGUSTUI.

231 3748 245 3789 ¹
272 3749 547 3806 Smorsrs.
580 3777 652 3823 -_—
669 3747 710 3803 Ι.
742 3746 1207 3823 Rseudosynodum
1230 3745 1564 3823 Ephesinam,
1590 3766 1707 3803 cum
1735 3752 1947 3823 priuatis
1976 3754 2110 3806 odiis
2132 3759 2287 3823 favet,
2319 3753 2491 3807 omnia
2508 3752 2828 3823 pertttrbasse
2848 3754 2901 3806 in
2922 3751 3185 3817 Ecclesia;
3209 3750 3273 3804 ab
3298 3765 3357 3803 ea
3385 3764 3516 3822 apo-

289 3823 491 3876 stolica:
518 3821 657 3874 sedis
682 3821 873 3895 scripta
902 3823 1135 3895 rejecta;
1178 3822 1351 3895 omnia
1379 3821 1426 3895 vi
1454 3834 1570 3895 acta
1605 3838 1741 3888 esse;
1787 3822 2033 3877 Hilarum
2055 3821 2212 3877 unum
2236 3826 2320 3878 vix
2356 3821 2602 3889 evasisse,
2635 3840 2697 3879 ea:
2726 3826 2902 3895 legatis
2930 3825 3018 3893 qui
3046 3823 3466 3895 contradixerunt
3494 3836 3515 3886 ;

291 3906 577 3961 numquam
614 3907 648 3944 a
675 3890 792 3946 sede
832 3889 1121 3961 apostolica
1145 3892 1490 3961 recipiendam
1517 3892 1669 3947 istam
1704 3895 1981 3964 synodum.
2021 3924 2093 3935 —
2139 3896 2203 3950 ll.
2260 3895 2445 3950 Omnia
2494 3911 2653 3965 usque
2693 3896 2761 3948 ad
2775 3889 3033 3967 'majorcm
3060 3894 3315 3965 synodum
3344 3894 3396 3945 in
3425 3906 3516 3945 eo-

293 4076 321 4105 ι
350 4066 563 4123 Confer
590 4074 776 4138 annos.
798 4064 997 4138 27(001.
1030 4064 1157 4135 822,
1184 4066 1229 4138 ⁸)
1259 4067 1312 4122 in
1337 4066 1585 4123 eumdem
1608 4076 1814 4124 textum

226 4138 517 4203 Caecum;
549 4137 639 4192 ubi
661 4136 824 4207 hujus
840 4136 1523 4193 locierrorem‘deteximus
1548 4140 1818 4196 historica:

226 4211 447 4282 veritati
475 4219 833 4274 contrarium,
862 4224 1021 4278 quem
1042 4218 1198 4265 vetns
1222 4210 1381 4279 hujus
1412 4210 1519 4265 loci
1550 4212 1818 4282 interpres

227 4280 485 4343 Latinus,
522 4281 838 4350 postpositis
880 4289 1141 4351 praeterea
1181 4282 1431 4348 vocibus,
1468 4283 1555 4351 qui
1599 4300 1631 4335 a
1675 4280 1822 4340 nobis

226 4354 365 4407 missi
405 4360 565 4417 sunt,
610 4366 730 4421 qua:
771 4352 823 4405 in
863 4350 1055 4407 Graeco
1094 4361 1242 4408 textu
1283 4350 1707 4421 praemittuntur,
1753 4357 1824 4413 ita

226 4426 577 4479 conﬁrmavit
605 4430 663 4478 et
698 4422 958 4489 involvit,
986 4432 1043 4478 ut
1068 4425 1156 4494 qui
1188 4438 1341 4479 error
1373 4425 1423 4478 in
1453 4422 1642 4479 Grazco
1669 4426 1825 4484 facile

228 4494 405 4565 detegi
437 4505 494 4549 et
523 4494 808 4548 emendari
832 4504 1032 4561 potest,
1066 4500 1118 4550 in
1149 4496 1413 4563 ejusmodi
1446 4497 1692 4551 versione
1720 4497 1822 4553 La-

228 4569 337 4621 tina
372 4565 528 4621 nullo
559 4566 720 4620 modo
751 4568 943 4635 possit.
972 4566 1276 4620 Notandum
1310 4568 1529 4636 insuper
1571 4578 1657 4621 est
1698 4571 1825 4624 titn.

228 4636 337 4691 lum
361 4637 805 4711 reverendissimi,
832 4653 990 4711 quem
1018 4636 1076 4711 δ.
1108 4637 1218 4692 Leo
1240 4640 1508 4707 episcopis
1532 4653 1824 4711 numquam

233 4713 445 4771 trionit,
480 4710 761 4777 interpreti
794 4708 1137 4765 referendum
1167 4723 1310 4777 esse,
1342 4716 1431 4779 qui
1459 4722 1645 4764 vocem
1675 4708 1828 4767 Grae-

231 4795 345 4834 cam
374 4780 775 4837 εὐλαϐεστάτων
795 4783 871 4834 sic
887 4781 1075 4835 Latine
1091 4780 1345 4849 reddidit,
1370 4795 1491 4835 cttm
1522 4782 1654 4837 alias
1676 4784 1826 4839 reddi

230 4854 395 4923 etiarn
431 4856 612 4905 soleat
640 4852 1078 4923 religiosissimus.

303 4921 326 4959 ι’
365 4922 620 4977 Crabbus
645 4932 701 4976 et
729 4921 897 4994 editio
933 4928 1192 4994 Antnerp.
1229 4938 1319 4978 an.
1352 4922 1523 4988 1585,
1557 4926 1826 4979 erratibus.

233 4992 303 5046 lia
355 4996 524 5047 etiam
576 4993 813 5048 secunda
859 5008 1018 5047 manu
1065 4992 1268 5049 in'ms.
1303 4995 1596 5049 Veronensi
1642 4995 1731 5053 57.
1774 4997 1831 5052 ln

234 5066 481 5119 editione
513 5065 746 5131 Labbei,
779 5068 983 5119 erratis.

310 5147 331 5175 ε
367 5137 430 5191 Id
456 5146 542 5191 est
560 5136 809 5208 Dioscuri
828 5136 1203 5208 Alexandrini,
1229 5138 1316 5208 qui
1341 5138 1393 5192 in
1418 5138 1606 5192 lacuna
1636 5150 1821 5195 annot.

236 5206 268 5260 5
296 5207 493 5279 (Supra
527 5207 839 5280 ')indicata
870 5207 1174 5263 nominatus
1203 5206 1557 5280 proculdubio
1596 5208 1717 5276 fuit,
1753 5212 1828 5266 uti

236 5291 560 5335 nominatur
588 5279 641 5333 in
673 5280 899 5349 epistola
923 5281 1189 5349 sequenti.

308 5349 337 5386 ἀ
373 5350 701 5418 Quesnellns
742 5366 864 5403 cum
904 5350 1263 5406 anterioribus
1312 5352 1472 5406 editis
1497 5392 1511 5416 ,
1561 5352 1831 5420 dederunt,

238 5424 377 5491 quod
424 5425 733 5477 nociturum.
767 5420 1081 5477 Nostrorum
1131 5431 1185 5478 et
1224 5422 1423 5478 Baluzii
1468 5422 1712 5479 codicum
1755 5425 1835 5481 le-

238 5498 508 5558 ctionem,
540 5508 664 5567 qua:
711 5494 966 5567 probatur
995 5494 1153 5549 etiam
1198 5496 1252 5549 in
1301 5496 1533 5565 epistola
1564 5498 1834 5567 sequenti,

238 5564 682 5635 anteponendam
708 5565 1052 5620 credidimus.
1338 5564 1345 5565 ί
1647 5564 1655 5565 ί
1730 5566 1739 5573 ’

315 5647 343 5674 ο
377 5638 473 5691 δια
514 5637 770 5708 meliores
808 5639 1023 5708 codices
1060 5646 1113 5691 et
1148 5636 1366 5693 Grtrcus
1400 5646 1609 5705 textus,
1638 5654 1703 5694 ex
1734 5654 1841 5708 quo

239 5707 364 5764 hac
390 5720 559 5776 pauca
585 5706 742 5776 hujus
768 5707 957 5776 capitis
981 5709 1140 5763 verba
1168 5710 1376 5764 reddita
1409 5713 1643 5765 fuerunt.
1670 5706 1842 5776 Ques-

239 5780 442 5906 ziilus
461 5794 582 5833 cum
613 5779 775 5835 editis
805 5779 1001 5834 Leonis
1028 5791 1079 5835 et
1112 5782 1381 5837 nonnullis
1403 5796 1558 5848 mss.,
1589 5784 1840 5851 tranquil-

342 5866 461 5905 mn.

342 5866 461 5905 ιηιι.

322 5920 341 5961 ί
368 5920 712 5978 ιὶειίηιιίιηιιε
734 5922 1001 5992 vulgatam
1034 5922 1339 5991 lectionem,
1372 5925 1502 5981 nulli
1528 5926 1654 5981 licet
1683 5924 1839 5982 codi-

1854 4680 1905 4739 D

1922 4085 2015 4126 ces
2052 4074 2437 4143 sulfrugentur.
2484 4073 2615 4128 Nam
2658 4073 2797 4143 quod
2837 4082 2920 4143 est
2968 4072 3019 4126 in
3068 4087 3224 4135 mss.,
3254 4069 3367 4125 Ista
3395 4084 3512 4140 ego,

1924 4143 2009 4196 vel
2040 4141 2151 4197 Ista
2197 4141 2337 4215 ergo,
2376 4144 2538 4198 Istum
2569 4141 2689 4215 ego,
2716 4145 2800 4198 vel
2848 4142 3013 4197 Istum
3054 4159 3196 4213 ergo,
3227 4156 3512 4215 cum‘con:

1928 4223 2075 4269 textu
2105 4211 2297 4269 Latino
2327 4217 2487 4284 hujus
2510 4211 2763 4285 epistoltc
2782 4216 2929 4269 nullo
2957 4211 3408 4282 ttiodo'Congruit,
3437 4211 3515 4267 uti

1933 4290 2181 4356 caugruit
2215 4286 2337 4341 Htec
2365 4304 2456 4358 ego
2485 4284 2709 4341 in'textu
2737 4284 2927 4339 Gratco
2961 4303 2972 4339 :
2999 4295 3051 4338 ct
3074 4286 3288 4338 aliunde
3308 4294 3515 4358 certum

1932 4358 1997 4411 sit
2040 4355 2669 4413 eollectorem'Latinum
2713 4358 2827 4411 haec
2870 4359 3205 4425 excerpsisse
3244 4370 3310 4409 ex
3352 4355 3513 4423 epist.

1932 4428 2024 4489 M,
2055 4430 2140 4482 ubi
2172 4429 2303 4483 Ecce
2332 4446 2421 4500 ego
2449 4431 2658 4499 legitur.

2005 4509 2031 4545 8
2061 4500 2204 4555 Etlit.
2229 4497 2467 4556 Concil.:
2496 4497 2566 4554 sic
2596 4498 2823 4554 consiliis
2844 4499 3138 4554 melioribus
3156 4497 3507 4567 acquiescant,

1931 4579 1988 4624 ut
2014 4572 2077 4623 ab
2109 4570 2355 4626 Ecclesia:
2383 4574 2596 4626 unitate.

2003 4638 2030 4677 ιι
2056 4645 2143 4698 Sic
2182 4644 2424 4714 plerique
2464 4642 2681 4698 codices
2705 4684 2718 4705 ,
2770 4642 2842 4696 uti
2888 4646 3049 4714 etiam
3080 4641 3134 4696 in
3175 4638 3400 4714 epistola
3432 4652 3518 4714 se-

1936 4717 2140 4781 quenti.
2174 4709 2518 4782 Quesnellns,
2552 4729 2798 4780 causam;
2824 4713 2941 4767 alite
2971 4712 3239 4768 editiones
3278 4709 3516 4766 Leoois:

1935 4800 2091 4839 causa
2119 4797 2308 4839 statum
2337 4788 2478 4853 regni
2504 4788 2653 4839 vestri
2684 4802 2927 4855 agamus,
2961 4794 3007 4838 et
3038 4784 3238 4855 salutis.

2019 4856 2030 4893 ί
2071 4858 2217 4912 lianc
2244 4852 2553 4912 Chronicam
2582 4852 2911 4911 trctatinttetti
2936 4870 3039 4909 non
3069 4870 3187 4909 esse
3222 4852 3381 4921 hujus
3406 4852 3517 4921 cpi-

1938 4930 2090 4981 stola:
2123 4929 2390 4998 propriam
2416 4972 2431 4995 ,
2482 4928 2577 4983 sed
2607 4944 2637 4982 a
2677 4928 2966 4983 eolleciore
3000 4926 3192 4979 Latino
3231 4940 3350 4979 com
3399 4924 3521 4977 aliis

1942 5000 2123 5053 multis
2155 5002 2455 5054 traductam
2484 5015 2552 5054 ex
2584 5000 2809 5067 epistola
2839 5001 3115 5067 sequenti,
3157 4998 3211 5051 in
3242 4998 3519 5067 prmmissa

1940 5069 2903 5146 admonitionedemonstravimus.__
3284 5136 3337 5146 ,Α
3381 5137 3409 5146 η
3481 5135 3492 5146 ,

2016 5143 2029 5191 i
2076 5142 2263 5197 AI.40.
2288 5142 2415 5209 Quae
2446 5152 2625 5197 autem
2655 5152 2811 5197 antea
2840 5140 2911 5197 44
2936 5149 3076 5205 erat,
3105 5152 3247 5193 nunc
3271 5136 3359 5191 48.
3378 5136 3520 5193 Scri-

1938 5223 2027 5283 pta
2058 5214 2123 5268 15
2143 5214 2332 5268 Octob.
2354 5230 2443 5267 an.
2471 5212 2596 5268 449.

2014 5283 2038 5321 ¹ί
2073 5286 2253 5338 Exstat
2285 5284 2399 5340 hmc
2425 5285 2649 5353 epiStola
2681 5284 2735 5338 in
2758 5297 2886 5338 mss.
2918 5281 3132 5338 collect.
3157 5279 3190 5335 5
3217 5279 3366 5353 llisp.
3391 5276 3519 5332 lsid.

1951 5355 2035 5431 15,
2066 5356 2127 5431 l7
2161 5366 2223 5431 et
2244 5356 2333 5431 il),
2366 5350 2533 5431 usque
2559 5353 2740 5431 ad_24,
2768 5364 2824 5411 et
2846 5355 2985 5431 apud
3010 5350 3355 5431 iSic‘hardunt.
3382 5420 3395 5431 .

2023 5425 2037 5464 ι
2078 5430 2129 5480 In
2162 5428 2332 5481 tabult
2363 5422 2572 5482 collect.
2604 5425 2657 5487 5,
2690 5442 2806 5494 cap.
2844 5422 2934 5490 86,
2969 5428 3053 5479 hic
3079 5426 3262 5476 titulus
3293 5422 3520 5494 legitur:

1948 5500 2026 5551 Al
2053 5497 2392 5552 Theodosium
2416 5490 2795 5567 imperatorem,
2821 5508 2872 5550 ut
2894 5497 3112 5550 rescissa
3138 5492 3336 5567 synodo
3352 5490 3523 5567 Ephe-

1946 5572 2061 5623 siua
2090 5572 2139 5621 in
2165 5568 2322 5622 Italia
2341 5563 2610 5623 concilium
2636 5572 2745 5634 eius
2763 5584 3009 5622 consrnsu
3047 5566 3221 5619 debeat
3254 5563 3521 5634 celebrari.

1946 5642 2000 5695 lu
2036 5642 2183 5708 llisp.
2211 5649 2265 5695 et
2288 5640 2411 5695 Isid.
2438 5655 2497 5695 ac
2526 5633 2720 5695 exinde
2750 5640 2800 5693 in
2832 5643 2989 5693 editis
3020 5651 3145 5691 ante
3173 5637 3411 5704 Qnesn.:
3450 5633 3525 5708 De

1946 5706 2168 5766 secunda
2199 5712 2394 5782 synodo
2438 5712 2725 5779 Ephesiae,
2762 5711 2815 5763 in
2852 5727 2950 5779 qua
2984 5708 3281 5782 Eutychetis
3319 5706 3526 5761 Iucresis

1946 5780 2284 5853 quorumdam
2308 5782 2680 5855 Episcopurunt
2712 5797 2867 5848 pravo
2901 5780 3162 5834 intellectu
3201 5781 3382 5855 adjula
3412 5789 3525 5832 est:

1946 5858 2081 5910 unde
2104 5858 2337 5909 hortatur
2358 5854 2594 5908 eumdem
2620 5855 2928 5923 Augustum,
2963 5862 3015 5906 ut
3044 5856 3229 5924 prisca:
3255 5854 3376 5919 [idet
3406 5866 3527 5924 φης

1948 5928 2140 5982 stitutio
2179 5927 2242 5980 ab
2284 5928 2353 5981 ris
2385 5943 2486 5980 non
2516 5922 2730 5979 violetur
2756 5940 2772 5987 ;
2803 5928 2890 5980 sed
2925 5926 3015 5979 Dei
3047 5922 3343 5980 sacerdotes
3372 5922 3527 5977 totius
