4030 6356
254 355 341 412 8‘19
1563 330 1795 388 EPISTU

1937 328 2118 386 XLIV.

254 467 480 540 prolatam
508 469 623 511 esse
645 454 989 519 sententiam,
1023 459 1080 508 ut
1104 450 1230 507 dum
1260 449 1425 506 homo
1450 459 1590 506 unus
1619 450 1788 519 ἰωνο-

1905 448 2184 505 ἕπισιιόπευ
2211 457 2322 511 τῆς
2367 450 2604 505 dedit"
2631 451 2956 526 ὑπογραμῐς
2993 447 3360 540 ιιχμαλῶτσνς
3384 449 3485 513 τὰς

254 562 377 618 titur,
406 553 453 607 in
482 561 689 605 onmem
725 544 1020 601 Ecclesiam
1053 553 1080 586 ιι
1105 545 1408 599 saeviretur.
1437 542 1594 611 Quod
1621 545 1792 600 nostri

250 650 308 708 ab
331 641 601 715 apostolica
633 637 762 693 sede
792 637 981 692 directi
1015 636 1153 692 adeo
1179 636 1400 705 impium
1429 645 1484 690 et
1509 636 1794 690 catholica:

249 737 353 794 fidei
372 731 684 792 contrarium
709 743 829 785 esse
859 729 1129 792 viderunt,
1162 736 1222 782 ut
1245 727 1310 782 ad
1341 727 1791 783 consentiendum

250 829 373 884 nulla
394 823 653 894 potuerint
685 819 1034 891 oppressione
1063 819 1348 889 compelli;
1370 829 1793 890 constanterque

246 922 293 978 in
311 918 480 974 eadem
505 914 730 986 synodo,
756 923 813 966 ut
833 911 1038 976 decuit,
1063 910 1262 966 fuerint
1281 911 1564 982 potestati.
1589 927 1793 981 nequ.

248 1025 383 1081 quam
411 1008 457 1068 id
479 1005 619 1078 quod
646 1005 1072 1062 constituebatur
1099 1004 1283 1060 sedem
1308 1004 1658 1074 apostolicam
1699 1019 1791 1061 re-

247 1111 488 1170 cepturam
535 1116 547 1150 :
595 1098 848 1166 quoniam
879 1111 1066 1154 revera
1105 1111 1266 1152 omne
1304 1095 1626 1152 Chr-imitante
1665 1095 1792 1152 fidei

243 1200 632 1254 sacramentum,
655 1189 794 1259 quod
816 1190 955 1244 absit
982 1203 1012 1243 a
1046 1188 1378 1256 temporibus
1399 1197 1592 1244 vestra
1620 1190 1794 1258 pieta-

245 1283 299 1336 tis
319 1325 333 1348 ,
365 1280 388 1318 δ
417 1280 742 1342 cxsciiiditnr
769 1322 784 1347 ,
827 1280 926 1334 nisi
959 1279 1060 1334 hoc
1089 1279 1530 1336 scelestissimum
1559 1278 1790 1346 facinus,

239 1373 360 1443 quod
381 1384 563 1428 cuncta
591 1371 868 1440 sacrilegia
899 1371 1133 1436 excedit,
1157 1371 1453 1426 aboleatur.

297 1466 413 1520 CAP.
445 1463 506 1518 ll.
535 1494 602 1502 —
632 1462 766 1529 Quia
799 1477 925 1518 vero
953 1462 1215 1518 diabolica
1248 1463 1481 1533 nequitia
1523 1461 1793 1518 subtiliter

233 1557 353 1611 fallit
391 1555 664 1620 incautos,
697 1564 753 1608 et
784 1555 852 1606 ita
886 1554 1241 1622 quorumdam
1275 1553 1648 1621 imprudentia
1696 1569 1793 1623 per

234 1647 617 1702 similitudinem
652 1646 864 1714 pietatis
893 1645 1090 1712 illudit,
1122 1657 1181 1701 ut
1208 1660 1304 1715 pro
1331 1647 1634 1702 salubribus
1665 1661 1790 1715 per-

230 1739 429 1794 suadeat
455 1748 738 1804 noettura,
788 1746 1095 1805 removete,
1146 1753 1455 1808 quaesumus
1479 1777 1494 1805 ,
1535 1753 1568 1792 ιι
1597 1751 1793 1797 vestrm

1900 551 2088 617 χεῖρας
2132 540 2409 598 ἐπέδωκαν.
2460 540 2694 614 ’ᾔδεισαν
2735 544 2837 618 γὰρ
2879 541 3124 621 βλαϐερὸν
3167 549 3275 602 τοῖς
3317 539 3484 615 ἆγίοις

1899 637 2068 690 ἄύτῶν
2088 638 2370 708 ἀξιώμασιν
2391 633 2534 701 εἶναι,
2558 639 2600 690 εὶ
2626 642 2694 706 μή
2723 636 2786 691 τά
2806 635 3129 689 κελευσθέντα
3149 637 3478 693 πεποιήκασι.

1896 731 2145 787 Tamiani
2175 727 2225 784 δὲ
2255 732 2541 802 παράὺτσῦ
2569 731 2795 803 γενέσθαι
2822 733 2910 788 τόν
2938 729 2954 759 ¹
2984 729 3268 804 πρόφασιν.
3295 729 3479 790 ἵν’ίνός

1896 821 2161 895 ἀνθρώπου
2209 820 2394 884 ἀδίκως
2442 823 2759 895 ἐναγομίνου,
2790 823 2923 875 κατά
2968 823 3142 880 πάσης
3179 828 3269 880 τῆς
3309 821 3481 879 ίκκλη-

1895 916 2014 974 σίεις
2041 916 2343 987 χαλεπαίνῃ.
2373 912 2534 988 Ὅπερ
2564 914 2612 969 ei
2637 915 2871 982 ἡμέτεροι
2896 913 2996 966 ἀπὸ
3025 921 3114 971 τῆς
3142 912 3479 972 ἀποστολικῆς

1895 1007 2142 1085 καθίδρας
2183 1007 2574 1071 ἀποσταλέντες,
2600 1007 2623 1038 ⁸
2653 1011 2895 1061 τοσοῦτον
2941 1007 3125 1066 ἀσεϐὲς
3173 1006 3356 1064 ἰδόντες
3394 1006 3478 1059 ἐπὶ

1895 1109 1959 1177 τῇ
1984 1102 2367 1174 συγκαταθέσει,
2400 1098 2624 1172 μηδεμιᾷ
2663 1103 2962 1158 κατανοήσω
2990 1097 3257 1156 δυνηθῆναι
3286 1119 3479 1168 cru-ym-

1895 1193 2164 1248 ταθίσθαι·
2203 1194 2334 1248 ὥστε
2385 1198 2513 1262 μετά
2559 1192 2855 1262 παρῤησίας
2904 1192 2953 1244 ἓν
2997 1194 3127 1264 αὐτῇ
3166 1198 3228 1268 τῇ
3278 1188 3479 1259 συνόδῳ

1896 1284 2318 1362 διεμαρτύραντο,
2352 1285 2589 1356 οὐδαμῶς
2614 1293 2764 1340 τοῦτο
2793 1284 2850 1341 τὸ
2892 1284 3015 1362 παρ’
3034 1286 3196 1339 αὐτῶν
3236 1282 3477 1356 δογματι-

1899 1380 2036 1443 σθὲν,
2071 1378 2318 1434 δύνασθαι
2345 1380 2563 1449 πάμπαν
2605 1377 2843 1442 δέξασθαι
2881 1383 2969 1436 τήν
3009 1377 3349 1433 ἀποστολικὴν
3394 1397 3481 1429 κα·

1895 1470 2096 1547 θίδραν·
2132 1471 2208 1526 ὅτι
2240 1473 2308 1533 ὡς
2337 1472 2525 1531 άληθῶς
2555 1472 2728 1530 πάσης
2757 1478 2850 1531 τῆς
2884 1470 3144 1528 καθολικῆς
3174 1470 3395 1527 πίστεως
3425 1468 3481 1521 τὸ

1897 1568 2196 1638 μυστήριον,
2231 1562 2355 1638 ὅπερ
2396 1565 2546 1620 ἀπείη
2587 1563 2686 1616 ἀπὸ
2723 1569 2821 1616 τῶν
2862 1569 3049 1635 καιρῶν
3090 1568 3182 1620 τῆς
3229 1558 3482 1632 ὑμετέρας

1899 1657 2182 1722 εὐσεϐείας,
2218 1660 2481 1725 σχίζεται,
2516 1658 2559 1708 εἰ
2586 1659 2653 1725 μή
2682 1657 2809 1714 αὐτή
2838 1657 2868 1712 ri
2900 1654 3242 1723 χαλεπωτάτη
3272 1650 3477 1725 πρᾶξις.

1897 1749 2008 1808 ἥτις
2049 1755 2225 1803 πᾶσαν
2273 1749 2512 1802 ἀσέϐειαν
2551 1747 2571 1777 ³
2616 1748 2946 1826 ὑπερϐάλλει,
2993 1746 3308 1817 ιξαλειφθείη.
3359 1741 3482 1797 Ἀλλ’

229 1833 422 1902 pietatis
476 1832 810 1888 conscientia
865 1833 1158 1900 periculum
1210 1833 1487 1900 religionis
1533 1844 1587 1888 et
1641 1833 1789 1900 ﬁdei,

1905 1839 2072 1899 ἐπειδή
2118 1841 2146 1897 vi
2193 1839 2453 1898 διαϐολικὴ
2500 1843 2814 1914 κακουργία.
2860 1840 3184 1912 λεπτομερῶς
3235 1836 3484 1889 ἀπατῶσα

225 1925 456 1994 quodque
501 1924 565 1978 in
605 1923 956 1978 sacularibus
1004 1924 1236 1993 negotiis
1265 1923 1442 1992 legum
1492 1935 1794 1982 vestrarum

226 2019 453 2088 aequitate
489 2018 829 2083 conceditur,
859 2020 910 2074 in
943 2033 1122 2074 rerum
1158 2018 1460 2074 divinarum
1493 2027 1790 2087 pertracta-

224 2113 350 2170 tione
373 2121 628 2182 praestate
660 2128 674 2166 :
705 2121 762 2166 ut
784 2111 987 2166 Christi
1012 2112 1302 2178 Evangelio
1331 2112 1440 2166 vim
1465 2127 1570 2167 non
1603 2115 1797 2168 Inferat

224 2201 436 2258 humana
476 2202 851 2272 praesumptio.
894 2202 1035 2258 Ecce
1065 2217 1198 2272 ego,
1240 2202 1702 2260 Christianissime
1742 2214 1798 2260 et

223 2293 529 2350 venerabilis
573 2294 900 2363 imperator,
962 2308 1082 2350 cum
1133 2295 1607 2350 consacerdotibus
1659 2296 1797 2352 meis

222 2386 433 2458 implens
455 2402 595 2458 erga
622 2387 984 2444 reverentiam
1007 2387 1311 2442 clementia:
1331 2397 1524 2444 vestrae
1550 2398 1571 2426 ε
1599 2388 1796 2443 sinceri

218 2484 406 2538 amoris
437 2481 687 2538 officium
707 2522 722 2546 ,
769 2482 1100 2551 cupiensque
1144 2495 1241 2536 vos
1270 2481 1483 2549 placere
1506 2481 1670 2552 915
1701 2496 1797 2550 per

219 2575 382 2630 omnia
416 2576 530 2630 Deo
553 2615 580 2641 ,
622 2575 707 2632 cui
738 2589 836 2644 pro
865 2573 1017 2628 vobis
1056 2573 1127 2630 ah
1172 2573 1413 2630 Ecclesia
1443 2576 1796 2644 supplicatur,

216 2680 278 2720 ne
299 2677 421 2721 ante
443 2666 690 2721 tribunal
717 2662 744 2702 ἀ
768 2665 971 2721 Christi
995 2664 1207 2720 Domini
1232 2666 1309 2720 rei
1335 2666 1402 2720 de
1422 2667 1636 2721 silentio
1657 2667 1801 2736 judi-

216 2772 409 2826 cemur,
435 2761 796 2816 obsecramus
820 2774 1002 2813 coram
1031 2759 1190 2814 unius
1213 2758 1434 2814 Deitatis
1457 2759 1797 2832 inseparabili

217 2851 488 2918 Trinitate,
523 2869 653 2923 quae
683 2852 770 2906 tali
804 2853 946 2906 facto
973 2852 1216 2918 laeditur,
1248 2867 1370 2906 cum
1401 2852 1514 2922 ipsa
1540 2855 1700 2908 vestri
1731 2853 1801 2908 sit

213 2953 384 2999 custos
406 2956 463 2999 et
499 2953 526 2982 ο
557 2954 752 3000 auctor
778 2946 1010 3016 imperii,
1054 2953 1111 3000 et
1133 2959 1319 3001 coram
1359 2947 1558 3001 sanctis
1598 2946 1800 3017 angelis

213 3034 435 3105 Christi,
466 3050 530 3096 ut
562 3039 747 3095 omnia
783 3039 836 3094 in
876 3025 942 3095 eo
983 3047 1128 3096 statu
1157 3054 1276 3096 esse
1301 3039 1571 3110 iubeatis,
1611 3041 1668 3096 in
1695 3055 1801 3112 quo

211 3128 415 3185 luerunt
463 3141 606 3186 ante
645 3146 806 3186 omne
849 3131 1109 3200 judicium
1131 3171 1146 3195 ,
1190 3131 1361 3186 donec
1391 3132 1563 3201 major
1591 3147 1657 3187 ex
1688 3140 1801 3187 toto

1903 1936 2024 1993 τοὺς
2061 1933 2442 2008 ἀφελεστίρους.
2475 1941 2546 2002 τῷ
2585 1933 2758 2009 τρόπῳ
2800 1934 2968 2001 τούτῳ
3014 1936 3103 1989 τήν
3145 1926 3484 1984 ἀπαιδευσίαν

1901 2027 1987 2079 ἐπὶ
2027 2025 2307 2096 ὁμοιώματι
2345 2031 2436 2085 τῆς
2485 2025 2748 2085 εὐσεϐείας
2787 2025 2989 2093 ἀπατᾷν
3019 2022 3374 2094 ἐπεχείρησεν,
3405 2017 3486 2072 ἵνα

1902 2117 1922 2146 ⁸
1952 2119 2065 2173 ἀντι
2101 2126 2199 2173 τῶν
2235 2118 2563 2190 ὑγιαινόντων
2592 2119 2657 2172 τὰ
2688 2117 2914 2190 βλαϐερά
2957 2113 3318 2185 συμϐουλεύσῃ
3356 2111 3485 2165 ἀπο-

1903 2214 2140 2268 κινήσατε
2169 2254 2182 2276 ,
2229 2210 2653 2283 παρακαλοῦμεν,
2706 2209 2809 2261 ἀπὸ
2869 2215 2960 2266 τῆς
3007 2203 3347 2263 συνειδήσεως
3394 2209 3486 2261 τῆς

1902 2305 2148 2379 ὑμετέρας
2186 2305 2447 2362 εὐσεϐείας
2474 2305 2559 2358 τόν
2590 2300 2816 2357 κίνδυνον
2839 2310 2929 2361 τῆς
2967 2301 3251 2376 θρησκείας,
3283 2297 3369 2350 ιιαί
3395 2301 3488 2353 τῆς

1901 2400 2144 2458 πίστεως·
2173 2401 2256 2452 καί
2278 2394 2406 2472 ὅπερ
2448 2400 2533 2452 ἐπί
2575 2405 2680 2459 τοῖς
2711 2403 2969 2469 κοσμικοῐς
2999 2395 3268 2469 πράγμασι
3295 2399 3355 2463 τῇ
3383 2387 3487 2442 ίσό·

1903 2512 2016 2549 τητι
2055 2499 2154 2545 τῶν
2202 2491 2457 2564 ὑμετέρων
2497 2491 2663 2562 νόμων
2708 2495 3070 2565 συγχωρείται
3096 2529 3107 2550 ,
3163 2490 3248 2539 καὶ
3294 2485 3343 2537 ἐν
3383 2490 3490 2543 τοῖς

1900 2585 2051 2645 θείοις
2077 2583 2294 2655 δόγμασι
2329 2584 2633 2654 σκεψάμενοι
2671 2586 2999 2658 παράσχετε.
3044 2578 3149 2633 Ἰνα
3178 2585 3250 2647 τῷ
3279 2578 3490 2646 εὐαγγε-

1903 2679 1992 2749 λίῳ
2020 2686 2110 2733 τοῦ
2155 2685 2380 2754 Χριστοῦ
2426 2680 2541 2748 βίαν
2571 2682 2641 2749 μὴ
2671 2677 2690 2708 ⁵
2718 2678 2954 2749 ἐπενέγκῃ
2985 2678 3015 2733 ἡ
3044 2674 3330 2746 ἀνθρωπίνη
3360 2691 3490 2745 προ-

1903 2771 2095 2826 πέτεια.
2130 2769 2256 2826 Ἰδοὺ
2287 2771 2383 2843 γὰρ
2417 2772 2542 2841 ἐγὼ,
2572 2771 2838 2844 Χριστιανέ
2868 2772 2951 2821 καὶ
2979 2763 3202 2837 αἰδέσιμε
3235 2761 3444 2834 βασιλεῦ
3474 2799 3486 2820 .

1904 2865 2033 2934 μετὰ
2063 2863 2082 2892 ⁸
2112 2870 2200 2917 τοῦ
2232 2864 2619 2940 συλλειτουργοῦ
2650 2883 2746 2931 μου
2775 2862 2978 2932 πληρῶν
3007 2860 3073 2914 τὰ
3101 2860 3220 2934 περὶ
3248 2859 3339 2912 την
3365 2851 3490 2907 αἰδῶ

3069 2948 3088 2978 ⁷
3121 2951 3365 3017 ποιοῦμαι
3402 2949 3490 3002 τήν

1905 2961 1994 3016 τῆς
2044 2955 2294 3028 ὑμετέρας
2345 2953 2628 3015 εὐσεϐείας,
2660 2951 2862 3026 καθαρῷ
2906 2949 3042 3020 πόθῳ

1907 3045 2185 3109 διακονίαν,
2222 3047 2475 3117 ἐπιθυμῶν
2507 3045 2645 3114 ὑμᾶς
2863 3044 2913 3096 ἓν
2939 3047 3102 3098 πᾶσιν
3130 3041 3314 3113 ἀρέσαι
3357 3044 3487 3105 Θεῷ·

1906 3141 2036 3214 πρὸς
2065 3137 2116 3193 ὃν
2143 3140 2272 3216 ὑπὲρ
2298 3140 2440 3211 ὑμῶν
2463 3138 2516 3192 αὶ
2535 3137 2792 3193 ἐκκλησίαι
2815 3131 3164 3194 καταδίονται,
3188 3136 3256 3204 μὴ
3289 3131 3371 3183 ἐπὶ
3399 3134 3490 3184 τοῦ

209 3221 329 3277 orbe
363 3224 724 3278 sacerdotum
757 3237 1010 3279 numerus
1047 3231 1424 3294 congregetur.
1467 3221 1578 3280 Nec
1622 3225 1795 3282 alieno

1905 3234 2137 3304 βήματος
2166 3237 2252 3286 τοῦ
2283 3232 2466 3304 Κυρίου
2497 3228 2646 3285 αἴτιοι
2673 3235 2763 3290 τῆς
2799 3235 3000 3289 σιωπῆς
3028 3227 3292 3304 κριθῶμεν
3324 3244 3491 3298 παρα·

205 3326 419 3384 peccato
443 3316 739 3388 patiamini
767 3333 862 3372 vos
885 3317 1128 3390 gravari:
1154 3317 1278 3387 quia
1303 3317 1446 3390 quod
1470 3333 1689 3374 necesse
1714 3329 1800 3376 est

204 3422 295 3464 nos
318 3410 542 3476 dicere,
578 3424 834 3465 veremur
853 3449 870 3475 ,
926 3407 946 3448 ί
980 3425 1050 3466 ne
1079 3409 1233 3477 cujus
1262 3411 1452 3480 religio
1480 3411 1796 3482 dissipatur,

202 3501 498 3574 indignatio
547 3511 899 3572 provocetur.
957 3501 1074 3556 Prm
1110 3501 1287 3556 oculis
1315 3502 1536 3571 habete,
1584 3511 1639 3560 et
1686 3513 1797 3558 tota

200 3596 391 3649 mentis
423 3597 552 3650 acie
587 3603 901 3650 reverenter
930 3594 1151 3664 aspicite
1183 3593 1323 3651 beati
1363 3593 1506 3650 Petri
1547 3595 1796 3668 gloriam,

195 3693 241 3740 et
256 3703 595 3744 communes
619 3703 739 3743 cum
759 3691 877 3757 ipso
903 3687 1139 3742 omnium
1159 3687 1524 3756 apostolorum
1546 3701 1796 3755 coronas,

197 3794 642 3853 cnnctorumque
664 3792 958 3851 martyrum
979 3781 1201 3848 palmas,
1235 3779 1431 3851 quibus
1458 3780 1559 3835 alia
1577 3796 1682 3836 non
1701 3781 1801 3837 fuit

190 3887 342 3930 causa
375 3874 664 3945 patiendi,
690 3875 788 3928 nisi
813 3874 1079 3930 confessio
1101 3889 1241 3931 vero:
1263 3875 1561 3932 divinitatis
1579 3889 1635 3933 et
1655 3893 1799 3933 verae

192 3964 557 4023 humanitatis
597 3968 651 4022 in
683 3967 919 4023 Christo.

248 4063 381 4118 Car.
413 4060 704 4118 ηιμ-θυι
722 4070 1059 4118 sacramento
1079 4060 1201 4132 quia
1219 4061 1384 4134 impie
1411 4077 1551 4120 nunc
1568 4078 1595 4118 a
1617 4066 1802 4134 paucis

186 4153 646 4225 imprudentibus
677 4153 954 4221 obviatur,
999 4169 1188 4213 omnes
1218 4159 1450 4228 partium
1496 4166 1800 4214 nostrarum

177 4245 469 4312 Ecclesiae,
505 4262 714 4302 omnes
738 4248 1132 4304 mansuetudini
1156 4259 1351 4306 vestra:
1376 4266 1497 4306 cum
1515 4251 1802 4322 gemitibus

178 4349 228 4393 et
265 4343 550 4415 lacrymis
591 4345 900 4413 supplicant
928 4344 1272 4414 sacerdotes,
1304 4354 1363 4402 nt
1391 4346 1515 4416 quia
1548 4356 1601 4408 et
1633 4346 1801 4403 nostri

174 4434 416 4492 ﬁdeliter
446 4438 838 4495 reclamarnnt
860 4480 872 4503 ,
906 4449 958 4494 et
986 4438 1186 4494 eisdem
1216 4439 1458 4496 libellum
1487 4441 1804 4512 appellatio-

172 4527 252 4581 nis
289 4523 624 4585 Flavianus
654 4534 938 4601 episcopus
968 4531 1145 4598 dedit,
1189 4535 1500 4603 generalem
1540 4536 1804 4606 synodum

1908 3324 2157 3393 καλοῦμεν
2200 3324 2406 3378 ἐνώπιον
2461 3330 2552 3384 τῆς
2605 3326 2727 3392 μιᾶς
2778 3317 3010 3382 θεότητος
3059 3325 3149 3377 τῆς
3201 3313 3490 3390 ἀδιαιρέτου

1906 3414 2134 3491 τριάδος,
2168 3415 2189 3448 ⁸
2215 3416 2327 3475 ἥτις
2354 3412 2512 3486 φύλαξ
2537 3407 2669 3470 οὖσα
2706 3413 2951 3487 ὑμετέρα,
2980 3412 3066 3464 καί
3100 3409 3363 3482 αὺθίντρια
3400 3417 3494 3467 τῆς

1906 3510 2190 3581 βασιλείας,
2223 3509 2304 3561 καί
2334 3509 2537 3562 ἐνώπιον
2563 3513 2663 3561 τῶν
2694 3503 2917 3578 ἀγγέλων
2945 3510 3037 3558 τοῦ
3066 3507 3189 3559 Θεοῦ
3207 3544 3220 3567 ,
3251 3503 3414 3558 πάντα
3447 3503 3491 3553 ἔν

1907 3612 1969 3679 τῇ
1995 3603 2120 3675 αὐτῇ
2151 3602 2467 3660 καταστάσει
2508 3595 2630 3656 εἶναι
2654 3599 2949 3660 κελεύσατε,
2991 3598 3038 3652 ἐν
3067 3594 3097 3672 ᾖ
3125 3595 3364 3670 γεγόνασι
3394 3599 3495 3669 πρὸ

1907 3698 2078 3756 πάσης
2120 3697 2357 3769 κρίσεως,
2382 3695 2403 3726 ⁹
2427 3694 2520 3752 ἕως
2549 3687 2609 3746 ἀν
2637 3692 2692 3746 in
2733 3691 2926 3749 παντὸς
2954 3695 3040 3743 τοῦ
3077 3689 3270 3758 κόσμου
3310 3690 3494 3758 μείζων

1901 3789 2111 3865 ἀριθμὸς
2150 3788 2432 3858 συναχθείη
2476 3793 2575 3841 τῶν
2617 3785 2929 3841 δπισκόπωψ
2965 3786 3091 3856 μήτε
3130 3786 3226 3855 μὴν
3256 3781 3494 3857 ἀλλοτρίᾳ

1903 3881 2132 3960 ἁμαρτίᾳ
2178 3882 2422 3953 ἀνέχεσθε
2472 3879 2686 3938 ἑαυτοὺς
2733 3877 3074 3954 βαρυνθῆναι⁶
3119 3874 3316 3940 ίπειδή,
3368 3872 3492 3949 ὅπερ

1904 3978 2175 4046 ἀναγκαῖον
2198 3976 2320 4045 ἡμῖν
2347 3974 2484 4029 ἔστιν
2512 3975 2689 4038 εἰπεῖν,
2722 3969 3039 4041 δεδοίκαμεν,
3071 3973 3139 4041 μὴ
3168 3967 3491 4030 ἀπ’ίκείνου,

1905 4064 1965 4121 οὗ
1998 4069 2029 4125 ἦ
2056 4068 2301 4138 θρησκεία
2329 4066 2631 4142 βλάπτεται,
2665 4066 3006 4136 ἀγανάκτησις
3052 4061 3489 4138 παρακολουθήσῃ.

1906 4159 2002 4234 Πρὸ
2032 4159 2292 4230 ὀφθαλμῶν
2324 4155 2498 4228 ἔχετε,
2528 4159 2611 4211 καί
2640 4165 2700 4229 τῇ
2731 4163 2820 4215 τῆς
2852 4151 3066 4230 καρδίας
3105 4155 3311 4219 ὀξύτητι
3351 4151 3493 4208 εὐλα-

1908 4255 2008 4315 ϐῶς
2041 4252 2083 4283 ¹⁰
2110 4254 2402 4328 προσέχετε
2433 4257 2520 4308 τοῦ
2567 4251 2815 4324 μακαρίον
2857 4250 3046 4324 ῐιίτρου
3085 4252 3177 4305 την
3215 4244 3382 4311 δόξαν,
3412 4246 3495 4299 καί

1905 4351 2024 4408 τοὺς
2057 4348 2254 4408 rerum);
2294 4347 2571 4416 στεφάνους
2600 4345 2804 4400 πάντων
2834 4350 2932 4399 τῶν
2959 4341 3238 4408 μετάὒτοῦ
3268 4339 3495 4394 ἀποστό-

1901 4444 2023 4511 λων,
2052 4443 2254 4497 πάντων
2286 4462 2338 4498 τε
2378 4447 2476 4495 τῶν
2517 4439 2789 4513 μαρτύρων
2818 4440 2881 4494 τά
2906 4441 3188 4512 νικητήρια·
3224 4431 3296 4494 οἷς
3326 4435 3381 4488 οὐ
3407 4435 3494 4506 7i-

1907 4558 2046 4609 γονεν
2097 4532 2217 4593 ἄλλη
2254 4535 2455 4607 ἀφορμή
2500 4537 2591 4587 τοῦ
2635 4531 2860 4592 πάθους,
2891 4532 2935 4584 εί
2973 4533 3040 4598 μή
3070 4530 3100 4585 ἦ
3128 4526 3360 4598 ὁμολογία
3404 4533 3498 4584 τῆς

161 4619 404 4686 jubeatis
441 4624 613 4678 intra
632 4622 839 4678 Italiam
869 4624 1154 4691 celebrari,
1184 4641 1305 4696 qua!
1329 4641 1520 4682 omnes
1546 4628 1795 4685 oﬂ‘ensio-

1907 4629 2135 4689 ἀληθινῆς
2163 4628 2421 4688 θεότητος.
2453 4628 2536 4679 καὶ
2564 4638 2656 4685 τίς
2685 4624 2917 4683 ἀληθινῆς
2958 4622 3380 4698 ίνανθρωπήσεως
3406 4623 3497 4674 τοῦ

166 4725 258 4766 nes
289 4715 366 4770 ita
399 4723 514 4771 aut
548 4714 785 4786 repellat
819 4725 912 4772 aut
951 4717 1197 4786 mitiget,
1234 4731 1302 4773 ne
1331 4717 1533 4791 aliquid
1563 4719 1699 4778 ultra
1732 4724 1804 4782 sit

228 4910 254 4938 ι
284 4901 468 4973 Vulg.
498 4898 722 4957 Leonis
753 4909 880 4955 ante
908 4899 1111 4966 Queen.
1145 4914 1266 4956 cum
1302 4915 1435 4958 mss.
1463 4903 1675 4959 collect.
1707 4903 1799 4972 2i,

150 4978 339 5028 sevir:
367 4975 690 5029 rideretur.

219 5044 246 5082 δ
284 5047 450 5099 Edit.
494 5040 730 5097 Cuncil.
764 5056 885 5095 cum
916 5040 1102 5094 iisdem
1130 5058 1284 5106 mss,
1318 5044 1631 5098 excluditur.
1672 5043 1804 5100 Post

148 5128 324 5183 pauca
357 5112 891 5188 quidamcodices,
922 5113 1173 5188 aboletur.

216 5201 240 5228 ε
277 5183 564 5255 ιιιῐιιψη
607 5185 912 5255 sinceritatis
944 5183 1180 5254 ofﬁcium.

211 5257 239 5295 ά
276 5254 482 5314 Codd.
523 5257 745 5329 veroo.
775 5254 877 5323 57,
910 5257 1123 5324 utrique
1156 5255 1453 5312 Vindebun.
1493 5267 1548 5313 et
1588 5258 1794 5329 Ratisp.

140 5327 326 5387 delent
356 5328 624 5385 Christi.

211 5414 234 5439 ο
275 5405 460 5472 Vulg.
496 5397 722 5472 Leonis
745 5397 1040 5450 anteriores
1064 5397 1355 5472 Qttcsnello
1377 5415 1499 5454 cum
1529 5415 1658 5455 mss.
1687 5402 1802 5456 col-

121 5473 262 5527 -lect.
300 5471 418 5538 εκ
449 5471 738 5537 auctrix;
768 5478 822 5524 et
851 5479 1034 5537 postea
1057 5509 1071 5532 ,
1119 5471 1172 5524 in
1213 5487 1270 5525 eo
1298 5481 1438 5525 statu
1476 5488 1680 5527 manere
1707 5475 1798 5543 ju-

130 5545 319 5601 [νεαιιέ.

206 5618 224 5656 ί
268 5620 418 5671 Mss.
467 5615 626 5667 Vat.
660 5612 844 5678 Hisp.,
882 5609 1009 5664 Isid.
1043 5622 1096 5666 et
1125 5612 1244 5668 Vat.
1274 5614 1489 5668 collect.
1529 5615 1588 5669 tl
1611 5656 1625 5681 ,
1664 5632 1727 5670 ne
1751 5620 1798 5671 si

128 5689 240 5742 [uec
263 5690 486 5758 religio
529 5684 859 5758 dissipetur,
894 5687 945 5735 in
967 5698 1054 5758 vos
1084 5685 1370 5753 indignatio
1401 5696 1721 5753 provocetur.

197 5766 209 5792 ‘
252 5761 317 5815 Ιιι
351 5750 576 5827 εἴπητε.
621 5756 750 5827 edit.
783 5754 963 5827 Rom,
997 5750 1144 5815 ἴσως.
1175 5750 1448 5827 ἀπόφασιν.

197 5780 209 5792 '
252 5780 317 5815 ltl
351 5780 576 5827 marg.
621 5780 750 5808 Cllll.
783 5780 963 5817 num.,
1000 5780 1144 5815 ισως,
1175 5780 1278 5811 arto
1315 5780 1448 5814 ασιν.

193 5835 216 5865 ³
250 5834 318 5888 In
346 5843 569 5899 marg.
612 5826 743 5882 edit.
772 5826 956 5892 Bonn,
977 5833 1223 5883 τοσοῦτον
1253 5780 1383 5886 ex!»
1408 5831 1595 5895 ἀσεϐίς
1622 5833 1703 5888 καί
1728 5839 1794 5907 τῇ

1905 4728 2153 4798 Χριστοῦ.
2180 4715 2247 4791 ’ῼ
2276 4741 2372 4775 τινι
2400 4719 2669 4794 μυστηρίῳ
2697 4713 2868 4774 ἐπειδὴ
2897 4721 2982 4770 νῦν
3009 4713 3212 4774 ἀσεϐῶς
3252 4711 3352 4767 ἀπὸ
3392 4709 3495 4768 όλί-

1907 4901 2140 4969 καθολικῇ
2170 4904 2343 4956 πίστει
2373 4901 2612 4964 ίνειντίον,
2646 4899 2778 4953 ὥστε
2810 4895 3032 4969 μηδεμία
3062 4894 3327 4953 δυνηθῆναι
3371 4893 3500 4968 πρὸς

1909 4976 1965 5029 τὸ
1993 4962 2694 5054 συγκαταθίσθαιαακουχίᾳ
2723 4962 3154 5054 προσϐιασθῆναι.

1983 5044 2003 5076 ⁸
2036 5047 2135 5098 Ms.
2166 5042 2302 5097 Ven.
2330 5052 2382 5097 et
2409 5059 2462 5095 tn
2488 5055 2658 5098 marg.
2689 5039 2821 5096 edit.
2856 5039 3039 5098 Rom,
3068 5037 3298 5092 omam

1983 5049 2003 5076 '
2036 5049 2135 5098 Ms.
2169 5049 2302 5097 Ven.
2330 5052 2382 5097 et
2408 5049 2462 5095 in
2488 5055 2658 5108 marg.
2689 5049 2821 5096 edit.
2858 5049 3039 5101 Hom,
3068 5049 3365 5092 ὑποϐάλλει.

1979 5113 2001 5146 δ
2035 5116 2129 5169 Ms.
2168 5113 2302 5168 Ven.
2335 5124 2388 5167 et
2413 5114 2542 5167 edit.
2577 5111 2735 5165 Rom.
2768 5111 2834 5164 ad
2869 5123 3065 5180 marg..
3092 5109 3244 5180 ὑπὲρ.

1979 5187 2001 5218 ³
2029 5184 2291 5246 Ἐπινέ-γκη
2307 5185 2715 5240 emendavimus
2738 5197 2860 5238 cum
2884 5173 3013 5236 ιηεεῖ
3032 5179 3150 5234 Vat.
3165 5173 3339 5232 Graec.
3360 5173 3498 5229 N55

1911 5271 1962 5317 et
1985 5257 2163 5313 Ottob.
2185 5249 2276 5314 Q91
2306 5272 2404 5322 pro
2425 5269 2492 5309 eo
2517 5255 2657 5325 quod
2679 5263 2796 5308 erat
2819 5256 2870 5307 in
2896 5252 3126 5321 vulgatis
3156 5250 3494 5325 ἐπινέμεται.

1974 5329 1995 5360 ⁸
2027 5328 2082 5383 In
2116 5343 2281 5397 marg.
2308 5316 2450 5400 edit.
2476 5316 2660 5400 Βὸεειη
2694 5333 2794 5400 τῶν
2815 5316 3212 5400 συλλειτουργῶν
3237 5316 3332 5389 μου
3355 5316 3414 5370 L.

1980 5400 2001 5430 "
2034 5401 2104 5488 ita
2152 5401 2205 5454 in
2251 5414 2356 5453 ms.
2413 5399 2548 5456 Ven.
2580 5398 2640 5454 In
2683 5397 2912 5468 vulgatis
2956 5397 3143 5452 errore
3185 5402 3493 5460 operarum,

1908 5492 2179 5544 ποισυμαι.

1955 5543 2002 5631 M"
2033 5542 2085 5631 ivli
2107 5555 2274 5612 marg.
2290 5540 2420 5597 edit.
2443 5541 2751 5607 Βοω.,ἥτις
2767 5548 2840 5616 τῷ
2853 5547 2940 5594 νῦν
2953 5536 3184 5615 γεγονότι
3200 5533 3495 5607 ἀτιμοῦται,

1906 5614 2088 5688 φύλαξ.

1977 5687 1999 5719 ⁸
2029 5687 2126 5738 Ms.
2163 5683 2296 5737 Ven.
2329 5726 2342 5750 ,

1904 5754 2062 5812 Rom.
2075 5801 2086 5820 ,
2122 5759 2190 5818 ὡς
2221 5753 2306 5813 ἄν.

1976 5827 2019 5862 ⁸⁸
2045 5827 2105 5885 lu
2133 5843 2305 5900 marg.
2335 5828 2465 5886 edit.
2489 5828 2673 5896 Bom.,
2700 5826 2971 5884 θεάσασθε.

2391 5690 2461 5746 ὡς
2490 5683 2551 5740 ἃν
2576 5685 2790 5744 παντός.
2837 5682 2895 5737 lit
2932 5693 3102 5754 marg.
3144 5675 3331 5735 itidem
3361 5673 3496 5733 edit.
