4030 6356
491 329 590 388 85!

1619 326 1678 382 S.
1716 322 1960 380 LEONIS
1998 323 2214 381 MAGNI
2252 323 2633 381 EPISTOLE.

3646 318 3754 375 832

489 445 573 500 vel
600 444 656 500 in
674 441 778 499 ﬁde
804 441 1043 510 dubium,
1070 439 1158 497 vel
1182 440 1235 495 in
1261 438 1527 495 charitate
1553 435 1784 492 divisum
1810 454 1825 492 :
1856 452 2060 493 conve-

2187 460 2263 502 m
2307 439 2528 518 ἀφρόνων
2566 438 2909 506 ἐναντιοῦται,
2942 441 3144 496 πάντων
3179 447 3280 495 τῶν
3318 448 3483 518 μερῶν
3511 442 3653 511 ἡμῶν
3693 441 3749 495 αἱ

490 534 761 591 nieotibus
786 535 965 603 utique
978 530 1328 587 Orientalium
1350 527 1746 598 provinciarum
1758 528 2056 599 episcopis:

490 640 715 695 quorum
731 624 776 678 si
790 626 877 692 qui
905 621 1138 692 superati
1165 623 1322 675 minis
1338 630 1533 690 aatque
1558 620 1807 689 injuriisa
1826 620 2067 675 veritatis

492 721 702 775 tramite
729 717 1031 782 deviarunt,
1049 715 1211 788 917
1226 715 1547 770 salutaribus
1573 715 1826 771 remediis
1856 718 1908 768 in
1932 715 2065 768 inte-

489 825 640 879 grum
669 817 989 862 revocentur
1014 827 1028 871 ;
1061 809 1269 877 ipsique
1294 821 1522 877 quorum
1554 816 1640 861 est
1668 820 1829 861 causa
1856 805 2064 873 durior,

487 900 536 955 si
575 899 815 954 consiliis
861 899 1177 955 melioribus
1222 897 1251 938 ι»
1295 899 1669 969 acquiescant,
1711 898 1780 952 ab
1809 897 2067 954 Ecclesia:

488 991 696 1046 unitate
718 1005 823 1044 non
847 991 1113 1046 excidant.
1129 990 1299 1059 Quam
1313 1001 1490 1045 autem
1508 999 1627 1060 post
1640 990 2066 1060 appellationem

488 1081 862 1150 interpositam
896 1081 998 1136 hoc
1028 1083 1332 1137 necessarie
1362 1084 1693 1150 postuletur,
1731 1092 1755 1121 ο
1803 1096 2068 1137 canonum

488 1172 682 1228 Macae
714 1172 1019 1229 habitorum
1061 1172 1276 1230 decreta
1324 1183 1621 1237 testantur,
1674 1188 1796 1245 quas
1832 1188 1862 1227 a
1906 1175 2070 1230 totius

490 1266 678 1322 mundi
719 1278 847 1322 sunt
888 1267 1261 1324 sacerdotibus
1288 1269 1599 1331 constituta.
1628 1284 1854 1339 quaeque
1883 1268 2071 1324 subter

491 1374 700 1415 annexa
732 1369 875 1415 sunt.
911 1359 1107 1415 Favete
1135 1359 1417 1415 catholicis
1447 1370 1627 1415 vestro
1659 1374 1837 1427 more,
1872 1375 2068 1430 paren-

491 1457 713 1522 tumque
735 1459 1056 1506 vestrorum.
1076 1451 1206 1505 Date
1228 1449 1579 1505 defendendae
1596 1451 1717 1507 ﬁdei
1742 1452 2066 1522 libertatem,

2166 532 2429 589 έκκλησίαι
2456 536 2621 586 πᾶσαι
2654 538 2747 591 τῆς
2784 532 3038 607 ὑμετέρας
3073 533 3445 607 φιλανθρωπίας
3472 532 3745 590 καταδέονο

2166 639 2272 679 ται”
2312 620 2393 677 διὰ
2417 630 2516 676 τῶν
2545 622 2853 681 έπισκόπων.
2885 622 3058 683 έπειδή
3086 628 3168 678 καί
3207 626 3255 679 οί
3282 626 3519 701 ἡμέτεροι
3549 635 3753 685 πιστῶς

2169 716 2491 790 ἀντειρήκασι
2545 716 2632 767 καί
2676 714 2825 775 αὐτὸς
2867 716 3051 776 έκεῖνος
3093 716 3363 778 Φλαυιανός
3399 715 3426 771 ό
3470 720 3754 779 ἐπίσκοπος

2168 809 2387 865 λίϐελλον
2416 811 2651 870 ἐκκλήτου
2681 810 2950 867 έπιδίδωκε
2974 852 2989 876 ,
3020 818 3213 885 γενικήν
3244 810 3455 868 σύνοδον
3478 814 3753 869 κελεύσατε

2171 904 2221 959 έν
2245 912 2308 979 τῇ
2334 905 2517 981 Ἰταλίᾳ
2544 905 2812 960 συνελθεῖν.
2849 901 2911 960 Ἠ
2937 926 3016 967 τις
3054 907 3223 962 πάντα
3268 907 3333 961 τὰ
3374 906 3758 980 προσκόμματα

2171 996 2335 1057 οὕτως
2381 998 2675 1056 ἀποκινήσει
2713 1000 2801 1053 καί
2839 1004 3205 1075 meast-podia?
3235 998 3319 1052 ἵνα
3356 1003 3426 1071 μὴ
3463 1000 3759 1073 περαιτέρω

2169 1093 2223 1148 τί
2252 1111 2376 1147 ποτε
2403 1089 2435 1151 ἦ
2455 1094 2575 1166 περί
2602 1100 2695 1152 τῆς
2730 1092 2953 1152 πίστεως
3001 1092 3174 1165 εὑρεθῇ
3206 1091 3496 1163 ἀμφίϐολον,
3523 1090 3557 1151 ἦ
3600 1092 3650 1145 έν
3696 1098 3759 1162 τῇ

2368 1183 2759 1257 μεμερισμένον
2793 1182 3185 1258 συνερχομένων
3227 1180 3420 1242 δηλαδή
3450 1184 3466 1213 ¹
3497 1190 3599 1238 τῶν
3632 1184 3762 1239 κατᾶ

2170 1278 2262 1333 τὴν
2287 1273 2525 1332 ἀνατολὴν
2556 1274 2824 1350 ἐπαρχιῶν
2864 1273 3165 1328 ἐπισκόπων·
3194 1274 3277 1329 ἶνα
3317 1271 3438 1330 ὅσοι
3467 1295 3764 1335 καταπονη-

2170 1366 2335 1425 θέντες
2362 1364 2612 1429 ἀπειλαῖς,
2647 1369 2729 1420 καί
2756 1365 2987 1439 ὕϐρεσιν,
3014 1365 3116 1420 ἀπὸ
3142 1374 3234 1426 τῆς
3261 1363 3380 1421 ὁδοῦ
3405 1373 3498 1428 τῆς
3525 1366 3766 1427 ἀληθείας

2172 1456 2441 1521 ἐξέκλιναν.
2707 1459 2778 1517 εἰς
2824 1460 3081 1526 σωτηρίας
3126 1459 3449 1533 παραμυθίαν
3496 1456 3766 1532 ὁλόκληρον

492 1560 650 1613 quam
690 1546 837 1599 salva
862 1544 1163 1599 clementiae
1202 1554 1392 1601 vestra:
1420 1547 1722 1601 reverentia
1744 1586 1758 1612 ,
1791 1546 1933 1601 nulla
1965 1548 2068 1612 vis,

491 1637 672 1692 nullus
698 1640 915 1707 poterit,
949 1639 1248 1693 mundanus
1290 1648 1464 1693 terror
1498 1638 1730 1694 auferre.
1764 1640 1894 1693 Cum
1925 1640 2067 1695 enim

2187 1661 2361 1714 ρασις,
2394 1641 2476 1695 ἐὰν
2516 1644 2740 1715 γνώμαις
2786 1642 3077 1714 κρείττοσιν
3125 1641 3628 1707 ἐπακολουθήσωσιν,
3661 1643 3769 1697 ἀπὸ

491 1726 790 1784 Ecclesiaec|
819 1744 1031 1796 causas,
1059 1739 1167 1784 tum
1191 1731 1341 1800 regni
1370 1731 1535 1786 vestri
1564 1731 1833 1801 agimuset
1858 1733 2067 1798 salutis,

2187 1742 2268 1795 τῆς
2297 1734 2534 1793 ἓνότητος
2558 1741 2651 1793 τῆς
2680 1732 2945 1793 έκκλησίας
2975 1731 3225 1804 μηδαμῶς
3254 1735 3571 1789 ἀποστῶσιν.
3592 1729 3772 1794 Ὀπως

491 1832 549 1876 ut
589 1821 985 1891 provinciarum
1031 1832 1329 1878 vestrarum
1372 1825 1555 1893 quieto
1594 1824 1717 1894 jure
1764 1826 2067 1895 pcliamini.

2187 1828 2276 1901 γὰρ
2305 1828 2433 1898 μετά
2470 1831 2560 1885 τὴν
2589 1823 2825 1883 ἔκκλητον
2865 1831 3020 1881 τοῦτο
3062 1828 3346 1899 ἀναγκαίως
3374 1829 3635 1897 αἰτοῦμεν,
3666 1834 3772 1882 τῶν

492 1912 774 1968 Defendite
812 1926 1000 1967 contra
1049 1913 1329 1969 haereticos
1381 1914 1756 1973 inconcussum
1810 1916 2071 1972 Ecclesia:

493 2015 733 2071 statum,
787 2016 843 2059 ut
881 2014 934 2060 et
973 2017 1207 2062 vestrum
1237 2006 1430 2062 Christi
1476 2010 1696 2066 dextera
1746 2010 2069 2067 defendatur

493 2097 797 2165 imperium.
824 2097 1015 2152 Datum
1040 2107 1064 2136 ο
1093 2114 1152 2152 ιιι
1184 2099 1302 2154 idus
1321 2099 1592 2170 Octobris,
1618 2104 1836 2159 Asturio
1862 2113 1919 2159 et
1941 2104 2072 2160 Pro-

493 2199 685 2259 togene
715 2190 843 2243 viris
872 2191 1182 2246 clarissimis
1213 2194 1542 2249 consulibus.

2187 2202 2407 2275 πατρῴῳ
2437 2198 2561 2264 ἔθει,
2595 2203 2677 2254 καί
2704 2197 2819 2254 δότε
2848 2199 3143 2273 παρρησίαν
3172 2208 3265 2260 τῆς
3291 2201 3517 2261 πίστεως
3544 2202 3615 2261 είς
3643 2198 3782 2255 ἐκδί-

492 2300 663 2342 κησιν·
695 2286 755 2343 ἦν
781 2306 923 2349 τινα,
979 2287 1267 2357 σωζομένης
1298 2285 1436 2347 "ri:
1485 2288 1660 2350 αἰδοῦς
1705 2300 1796 2353 τῆς
1837 2293 2090 2367 ὑμετέρας
2131 2293 2411 2358 εὐσεϐείας,
2451 2292 2661 2365 οὐδεμία
2708 2294 2818 2363 βία,
2867 2291 3076 2364 οὐδεμία
3130 2298 3341 2362 κοσμική
3388 2296 3569 2355 ἀπειλή
3619 2295 3782 2356 δυνή-

494 2398 642 2432 σεται
693 2378 1016 2437 ἀποκινῆσαι.
1055 2375 1216 2433 Ὀταν
1257 2380 1361 2453 ’γὰρ
1405 2389 1495 2440 τῆς
1543 2382 1802 2444 ἐκκλησίας
1834 2386 1901 2439 τὰ
1949 2382 2179 2455 δόγματα
2202 2387 2573 2459 γυμνάζωμεν,
2620 2392 2713 2445 τῆς
2758 2386 3014 2460 ὑμετέρας
3070 2384 3350 2447 εὐσεϐείας,
3386 2389 3474 2440 καί
3514 2389 3784 2463 σωτηρίας

494 2471 830 2544 φροντίζομεν.
858 2471 942 2524 ἶνα
966 2477 1065 2524 τῶν
1104 2470 1359 2547 ὑμετέρων
1396 2473 1662 2547 ἐπαρχιῶν
1700 2477 1892 2546 ἡσύχῳ
1917 2473 2214 2547 δικαιώματι
2243 2476 2264 2508 ’⁵
2294 2478 2599 2535 ἀπολαὺητε·
2630 2475 2925 2536 έκδικήσατε
2966 2479 3228 2533 κατέναντι
3254 2485 3355 2534 τῶν
3394 2479 3663 2551 αἱρετικῶν
3689 2484 3787 2536 τόν

495 2563 769 2617 ἀσάλευτον
806 2570 897 2624 τῆς
919 2560 1187 2623 ἐκκλησίας
1226 2563 1426 2634 θεσμόν·
1457 2564 1536 2619 ’ίνα
1575 2568 1659 2619 καὶ
1703 2574 1794 2626 τῆς
1821 2567 2070 2643 ὑμετέρας
2105 2568 2361 2640 βασιλείας
2389 2576 2451 2643 τῇ
2472 2566 2609 2643 δεξίᾳ
2628 2574 2718 2624 τοῦ
2745 2573 2970 2643 Χριστοῦ
3003 2566 3271 2628 έκδικηθείη
3297 2569 3355 2625 τό
3379 2572 3588 2644 κράτος.

1825 2699 2161 2757 EPISTOLA
2266 2701 2427 2756 XLV.

1701 2805 1727 2844 ε
1775 2813 1843 2851 ΑΙ)
1880 2812 2215 2853 Ρυιοιιειιιω
2252 2812 2550 2854 ΛυῦυΒΤΑΙ.

2174 1548 2509 1607 ἀνακληθὸπιθ
2553 1552 2637 1603 καί
2662 1549 2807 1604 αὐτοὶ
2833 1546 2888 1603 δέ
2916 1545 2983 1602 ὧν
3013 1549 3149 1605 έστιν
3178 1550 3200 1579 ³
3231 1552 3261 1608 ἡ
3290 1549 3607 1623 σκληροτάτη
3633 1549 3770 1604 διπό-
3824 1572 3831 1577 ’

2179 1922 2309 1975 κατά
2360 1919 2572 1974 Νικαίαν
2616 1921 2834 1974 κανόνων
2877 1920 2930 1974 αἱ
2966 1919 3118 1992 ψῆφοι
3154 1925 3523 1998 μαρτυροῦσιν·
3557 1921 3611 1977 αἶ
3636 1941 3778 1981 τινες

2181 2013 2283 2067 ἀπό
2308 2019 2408 2068 τῶν
2428 2019 2702 2083 πανταχοῦ
2728 2018 2821 2067 τοῦ
2843 2012 3041 2082 κόσμου
3068 2012 3356 2068 ἐπισκόπων
3371 2011 3773 2090 καθιδρύθησαν,

2181 2106 2359 2182 ὥσπερ
2378 2107 2722 2176 ὑπετάξαμεν.
2747 2105 3003 2161 Συνέλθετε
3029 2113 3138 2166 τοῖς
3149 2106 3425 2167 καθολικοῖς
3446 2113 3517 2175 τῷ
3538 2108 3778 2179 ὑμετέρῳ

495 2906 524 2947 ⁵
552 2909 814 2969 Svuorsrs.
843 2941 915 2954 —
943 2910 983 2967 Ι.
1018 2910 1174 2967 Mittit
1200 2914 1461 2984 exemplar
1487 2914 1716 2984 epistola:
1734 2931 1768 2969 a
1792 2932 1844 2969 se
1869 2916 1940 2968 ad
1960 2931 2071 2970 eam
2097 2914 2301 2985 scripta:
2325 2921 2443 2967 ante
2467 2912 2745 2983 synodum.
2776 2941 2847 2953 —
2867 2910 2933 2968 ll.
2957 2910 3352 2982 Pseudosynodi
3376 2913 3606 2980 infausta
3631 2901 3788 2985 θὲεῖό

568 3062 594 3091 α
628 3053 747 3107 Vat.
769 3050 983 3107 collect.
1009 3050 1073 3104 ll
1098 3061 1146 3106 et
1174 3061 1279 3105 tres
1295 3049 1458 3106 codd.
1481 3051 1693 3106 collect.
1714 3048 2070 3115 Chalcedon,

497 3135 585 3184 aut
614 3125 842 3196 injuriis.
866 3120 1302 3196 Moxsalubribus
1325 3123 1567 3196 remediis
1578 3122 1643 3196 _in
1674 3122 2074 3196 tribusnostris

498 3206 554 3253 et
578 3192 785 3250 duobus
817 3193 1014 3247 Baluzii
1046 3208 1174 3248 mss.
1206 3192 1449 3259 ejusdem
1489 3192 1703 3247 collect.
1744 3192 2070 3246 Chalcedon.

570 3266 598 3305 δ
629 3266 747 3320 Vat.
773 3265 950 3334 Hisp.,
973 3274 1027 3334 et
1050 3263 1203 3331 lsid.,
1234 3264 1643 3334 acquiescent....
1674 3280 1776 3317 non
1804 3262 2073 3317 excedant.

2179 3051 2264 3106 nis
2287 3048 2554 3105 editiones
2577 3057 2921 3120 receperunt.
2951 3049 3072 3105 Mox
3097 3048 3299 3105 eaedem
3330 3048 3619 3119 editiones,
3647 3069 3786 3123 aga.

2179 3138 2315 3175 mus.

2256 3202 2281 3229 υ
2310 3191 2634 3259 Quesnellus
2658 3207 2779 3246 cum
2806 3190 3111 3247 Vindebon.
3141 3192 3357 3246 collect.
3391 3193 3424 3246 5
3447 3207 3571 3247 cum
3604 3194 3785 3249 utris-

2179 3279 2287 3335 que
2316 3264 2516 3318 nostris
2542 3262 2721 3331 Hisp.,
2761 3273 2964 3335 etcum
3008 3262 3127 3335 Vat.
3174 3262 3298 3317 lsid.
3342 3263 3572 3335 aliisque
3610 3265 3784 3322 codd.

499 3336 668 3392 Codd.
708 3332 919 3392 collect.
966 3333 1069 3399 24,
1119 3352 1221 3388 non
1260 3333 1541 3387 discedant.
1576 3333 1696 3388 Vat.
1727 3335 1832 3391 5&6
1860 3335 2073 3388 collect.
2180 3332 2393 3390 collect.
2438 3335 2498 3388 11
2548 3344 2603 3387 et
2639 3334 2739 3401 21,
2790 3333 2959 3387 idibus
3009 3332 3274 3399 Octobris;
3321 3334 3414 3388 sed
3458 3332 3781 3403 perperam.

499 3409 564 3462 21
599 3424 616 3463 :
645 3405 735 3462 Sic
755 3406 991 3476 consiliis
1009 3406 1302 3459 melioribus
1330 3405 1683 3476 acquiescant,
1713 3415 1767 3458 ut
1792 3405 1855 3458 ab
1891 3404 2074 3459 Eccle-
2110 3461 2151 3476 η
2180 3405 2316 3461 Cum
2342 3405 2485 3459 enim
2516 3403 2627 3459 Leo
2663 3404 2820 3474 hujus
2852 3404 3093 3475 epistola:
3129 3405 3406 3472 exemplar
3434 3406 3499 3459 ad
3534 3405 3779 3463 Pulche-

500 3461 589 3533 sia:
604 3461 811 3531 unitate
835 3492 937 3531 non
960 3475 1243 3532 discedant.
1403 3461 1416 3476 ’
1668 3461 1683 3473 ’
2105 3461 2152 3524 C
2185 3477 2317 3531 riam
2346 3477 2554 3530 miserit
2599 3492 2702 3530 una
2733 3461 2864 3531 'cum
2886 3461 3136 3545 'epistola
3180 3461 3424 3543 sequenti
3464 3478 3664 3543 scripta
3718 3461 3785 3535 in

573 3560 595 3588 ο
627 3547 684 3603 1η
713 3548 830 3602 haec
856 3546 1052 3601 Leonis
1079 3548 1242 3602 verba
1270 3548 1408 3603 hanc
1448 3547 1774 3617 notationem
1809 3545 2070 3615 Quesnel-
2108 3562 2111 3567 '
2178 3547 2293 3602 idus
2328 3545 2591 3611 Octobris,
2624 3546 2740 3617 haec
2766 3548 2929 3601 biduo
2956 3555 3079 3617 post
3115 3546 3237 3601 data
3260 3546 3368 3602 dici
3394 3548 3603 3616 nequit.
3635 3546 3785 3604 Tres

499 3619 584 3673 lus
613 3617 838 3688 subjecit
862 3636 875 3671 :
907 3636 925 3668 ε
956 3618 1200 3672 Canones
1222 3618 1488 3685 Nicaenos,
1510 3631 1646 3687 quos
1666 3616 1765 3672 sub
1790 3620 1944 3672 linem
1974 3618 2075 3672 bu-
2178 3618 2338 3673 codd.
2372 3618 2586 3688 collect.
2606 3616 2938 3688 Chalcedon.
2968 3628 3024 3673 et
3053 3617 3375 3685 Quesnellus
3404 3618 3459 3671 in
3479 3618 3730 3688 margine
3762 3638 3780 3674 :

500 3690 584 3759 jus
611 3687 850 3757 epistolte
888 3689 1086 3756 allegat
1115 3689 1222 3743 Leo
1248 3701 1453 3753 noster,
1486 3703 1725 3757 quosque
1750 3688 1934 3744 subter
1976 3704 2074 3743 an-
2177 3705 2230 3743 tv
2257 3690 2373 3743 idus
2399 3687 2655 3759 Octobris.
2680 3687 2991 3759 Lectionem
3021 3704 3150 3759 vero
3179 3698 3306 3743 ante
3335 3688 3603 3743 editorum
3630 3704 3797 3745 con-7

503 3756 670 3815 nexos
695 3759 845 3823 dicit,
877 3759 1011 3831 alios
1034 3774 1284 3831 nonesse
1302 3775 1470 3831 quam
1499 3756 1849 3816 Sardicenses
1880 3760 2073 3815 merito
2178 3758 2592 3831 ﬁrmatamaliis
2620 3758 2780 3814 codd.
2811 3760 3021 3815 collect.
3068 3756 3424 3822 Chalcedon.,
3460 3759 3672 3831 Ratisp.
3720 3772 3787 3817 et

504 3832 843 3898 suspicantur
884 3829 986 3883 viri
1026 3830 1241 3885 eruditi.
1282 3829 1499 3888 Cértum
1542 3831 1738 3900 quippe
1769 3841 1852 3885 est
1880 3846 1945 3885 ex
1980 3845 2073 3885 eo-
2176 3829 2418 3884 Florent.
2452 3829 2508 3884 S.
2538 3830 2739 3895 Marci,
2769 3844 2869 3885 nec
2895 3846 3000 3884 non
3033 3844 3165 3884 mss.
3192 3829 3531 3885 collectionis
3560 3829 3668 3894 24,
3706 3846 3781 3886 ac

504 3916 623 3955 rum
657 3903 882 3968 primum
922 3915 985 3955 ac
1012 3903 1345 3970 potissimum
1374 3902 1691 3956 auctoritate
1718 3902 1806 3969 jus
1836 3902 2073 3969 appella-
2175 3902 2424 3968 exemplo
2456 3901 2699 3956 Sicltardi
2748 3901 2949 3956 idcirco
2980 3902 3314 3969 przetulimns
3337 3944 3352 3967 ,
3386 3901 3510 3968 quia
3552 3912 3783 3958 caetera

505 3972 708 4026 tionum
737 3970 991 4025 Romanis
1016 3975 1353 4041 pontilicihns
1379 3988 1500 4027 esse
1518 3983 1802 4035 assertum,
1827 3972 2072 4026 eosdem-
2174 3971 2419 4040 epistola:
2446 3970 2545 4025 hac
2570 3974 2853 4027 occasione
2880 3972 3095 4041 scripta:
3139 3985 3203 4025 ac
3249 3971 3428 4025 missae
3475 3971 3531 4024 in
3572 3970 3783 4027 Orien-

503 4056 609 4109 que
630 4056 775 4110 saepe
801 4044 997 4111 smpius
1027 4044 1241 4113 nomine
1263 4044 1597 4098 Nicaenorum
1619 4058 1882 4113 canonum
1908 4043 2071 4097 luisse
2176 4053 2281 4097 tem
2303 4085 2316 4107 ,
2358 4058 2413 4096 ιιι
2456 4042 2573 4095 idus
2600 4044 2909 4113 signantur;
2958 4043 3066 4097 Leo
3095 4051 3272 4097 autem
3304 4044 3355 4113 in
3392 4042 3628 4110 negotiis
3649 4058 3783 4111 quae

506 4113 818 4167 adornatos.
863 4113 974 4167 Hoc
1009 4127 1074 4167 ex
1117 4112 1320 4167 Graecis
1358 4113 1571 4168 concilii
1614 4111 2072 4167 Chalcedonensis
2175 4115 2357 4181 plures
2385 4111 3014 4179 epistolas'postulabant
3055 4127 3151 4182 per
3196 4112 3444 4167 eumdem
3483 4113 3781 4168 hominem

508 4183 642 4237 actis
664 4182 1029 4248 conﬁrmatur,
1058 4198 1175 4249 qua:
1204 4184 1256 4237 in
1282 4185 1427 4240 calce
1463 4185 1620 4253 hujus
1656 4185 1899 4252 epistola:
1939 4186 2070 4238 suh-
2175 4182 2614 4237 transmittendas
2634 4226 2649 4248 ,
2681 4198 2871 4238 omnes
2902 4184 3095 4238 eodem
3125 4182 3212 4237 die
3243 4192 3429 4237 notare
3451 4184 3777 4238 consuevit.

503 4252 706 4322 jectum
738 4253 940 4325 habent
967 4253 1338 4325 Sardicensem
1386 4271 1643 4325 canonein
1675 4255 1740 4320 4,
1774 4270 1931 4325 quem
1962 4254 2073 4309 dis-
2175 4253 2328 4308 Adde
2362 4254 2503 4322 quod
2547 4253 2664 4308 dies
2704 4270 2762 4308 ιιι
2790 4255 2908 4307 idus
2947 4255 3187 4325 signatus
3220 4254 3270 4308 in
3304 4253 3471 4325 veteri
3513 4256 3783 4321 exemplo

504 4324 780 4396 sertationi
828 4335 1030 4396 nostra).
1051 4323 1085 4379 8
1115 4329 1434 4391 inserimus,
1467 4327 1554 4380 ubi
1601 4324 1668 4380 de
1713 4323 2071 4396 appellatione
2175 4326 2417 4393 epistola:
2448 4326 2825 4396 praecedentis.
2858 4334 3103 4394 sumptus
3152 4324 3250 4396 fuit
3296 4338 3363 4396 ex
3410 4324 3495 4377 his
3528 4326 3774 4396 litteris,

507 4392 748 4449 Flaviani
791 4409 861 4449 ex
884 4393 1151 4464 professo
1193 4397 1417 4465 agimus.
1458 4416 1477 4448 ι
1515 4396 1639 4450 Haec
1688 4392 1811 4464 ille,
1868 4395 2071 4464 optime
2175 4392 2234 4447 ut
2257 4396 2306 4449 in
2331 4392 2696 4450 admonitione
2720 4392 3093 4463 probavimus;
3127 4395 3269 4450 unde
3298 4394 3414 4449 haec
3443 4402 3570 4465 nota
3595 4393 3779 4465 chro-

506 4467 752 4537 qutdem,
781 4476 1043 4537 quatenus
1083 4464 1287 4520 monuit
1314 4466 1647 4521 Nicaenorum
1677 4481 1947 4521 canonum
1976 4482 2073 4519 nu-
2177 4466 2295 4519 nica
2327 4468 2379 4521 in
2409 4466 2507 4520 hac
2532 4469 2757 4534 epistola
2786 4468 2854 4521 ab
2875 4465 3096 4537 antiquo
3122 4465 3416 4520 collectore
3451 4464 3649 4520 Latino
3682 4464 3787 4521 in-

507 4535 656 4606 mine
701 4539 802 4590 hoc
850 4536 966 4591 loco
1005 4535 1224 4606 intelligi
1256 4537 1639 4599 Sardicenses,
1671 4551 1805 4604 quos
1844 4552 1974 4591 sane
2018 4537 2069 4591 in
2174 4546 2333 4606 venta
2363 4536 2717 4604 dignoscitur.

506 4604 749 4677 pluribus
793 4604 1193 4677 antiquissimis
1216 4608 1643 4677 collectionibus
1664 4606 1869 4661 Latinis
1910 4623 2073 4661 cano—
2250 4605 2269 4643 τ
2302 4606 2514 4677 Αιειι.
2538 4608 2668 4673 Quae
2693 4616 2874 4661 autem
2903 4614 3061 4662 antea
3089 4606 3158 4662 45
3179 4614 3317 4672 erat,
3343 4619 3487 4661 nunc
3507 4606 3599 4663 50.
3617 4604 3792 4662 Scri-

507 4675 667 4747 nibus
694 4674 1220 4747 Nicaniis'subjectos
1258 4681 1375 4732 sine
1409 4676 1756 4732 disliﬂCliOlle
1786 4678 1889 4731 ulla
1910 4718 1925 4740 ,
1972 4693 2069 4747 pro
2174 4686 2262 4747 pta
2288 4678 2355 4733 15
2381 4674 2574 4732 Octob.
2604 4693 2694 4731 an.
2720 4677 2845 4732 M9.

506 4744 737 4818 Nicaenis
759 4746 967 4818 habitos
993 4744 1373 4818 et'appellatos
1395 4748 1561 4803 fuisse
1582 4748 1705 4802 alibi
1736 4744 2073 4818 demonstra—
2176 4744 2190 4747 ’
2245 4756 2271 4794 ι
2306 4748 2431 4803 Haec
2458 4750 2681 4817 epistola
2713 4749 2765 4803 in
2790 4748 2977 4818 iisdem
2999 4748 3410 4803 collectionibus
3429 4788 3441 4808 .
3478 4748 3533 4802 in
3563 4746 3783 4818 quibus

508 4816 728 4904 bimus.)
748 4814 943 4898 Confer
983 4814 1401 4904 admonitionem
1446 4820 1777 4889 prarmissam
1829 4817 2071 4904 epistola:
2098 4843 2151 4904 Β
2175 4818 2433 4904 anterior,
2465 4814 2789 4904 continetur.
2823 4817 3220 4904 Crzecam'vet'o
3249 4822 3556 4904 versione-rp
3580 4814 3786 4904 tiabe-

506 4886 845 4942 antecedenti
888 4902 1034 4941 num.
1066 4887 1131 4951 8,
1162 4888 1255 4960 ubi
1282 4886 1541 4944 canon'em
1590 4901 1838 4960 quartum
1884 4888 2068 4944 Sardi-
2098 4886 2148 4904 "’
2178 4903 2295 4960 mus
2321 4892 2496 4942 solum
2522 4903 2590 4960 ex
2622 4888 2892 4960 Cotelerio
2918 4901 3047 4943 tom.
3077 4888 3099 4944 ι
3131 4888 3460 4960 Monument.
3496 4888 3788 4945 Ecclesia

507 4971 722 5029 censem
753 4972 857 5029 non
891 4961 1037 5021 hulc,
1085 4958 1176 5012 sed
1216 4962 1534 5027 praecedenti
1576 4956 1819 5029 epistola:
1859 4961 1911 5015 in
1941 4976 2067 5014 mss.
2175 4956 2399 5023 Griecaa,
2424 4974 2545 5029 pag.
2576 4959 2667 5025 54,
2697 4973 2799 5015 nec
2819 4960 2874 5015 in
2902 4960 3010 5016 ullo
3037 4969 3223 5015 nostro
3248 4958 3442 5015 Graaco
3469 4975 3572 5014 ms.
3596 4975 3790 5029 repe-

507 5026 706 5100 Graecis
747 5027 1042 5100 subnexum
1087 5026 1436 5100 ostendimus.
1468 5032 1536 5086 At
1563 5026 1753 5086 falsum
1781 5040 1895 5094 est,
1928 5031 2069 5100 quod
2176 5031 2284 5100 rir‘e
2318 5026 2603 5095 pouiinius.

507 5098 685 5163 addit,
714 5113 777 5152 ex
806 5098 1200 5155 Sardicensium
1230 5113 1496 5157 canonum
1525 5104 1824 5157 auctoritate
1851 5098 2071 5169 primum

506 5178 551 5221 et
581 5169 899 5239 potissimum
918 5169 1011 5240 jus
1041 5170 1444 5243 appellationum
1479 5171 1721 5227 Romanis
1750 5172 2070 5243 pontiﬁcibus

507 5255 613 5314 esse
639 5250 919 5314 assertum;
948 5251 1213 5314 quatenus
1240 5242 1384 5296 enim
1414 5244 1515 5298 hoc
1539 5244 1626 5313 jus
1653 5260 1714 5299 ex
1742 5242 1968 5314 primatu
1990 5242 2071 5295 di-

506 5311 644 5364 vina;
673 5312 1018 5367 institutionis
1042 5311 1310 5379 dirnanet,
1356 5311 1842 5371 demonstrabimus
1881 5314 1935 5367 in
1972 5314 2067 5368 ob-

505 5382 895 5506 zegvagonibus
936 5382 1005 5438 ad
1043 5382 1177 5439 diss.
1219 5384 1254 5439 5
1298 5386 1465 5455 ipsius
1512 5386 1781 5453 Quesnelli
1826 5393 1964 5455 part.
2010 5399 2065 5451 ι,

504 5465 622 5517 cap.
651 5465 705 5506 7.

575 5520 603 5558 ά
649 5523 724 5577 lta
765 5522 893 5578 edit.
940 5524 1134 5580 concil.
1176 5540 1297 5581 cum

2245 5097 2275 5137 ¹ι
2304 5101 2359 5156 In
2388 5102 2567 5154 tabula
2605 5100 2816 5155 collect.
2845 5100 2901 5163 5.
2944 5114 3062 5171 cap.
3091 5100 3181 5168 87,
3216 5099 3304 5155 hic
3333 5099 3521 5154 titulus
3546 5107 3790 5156 tantum

2214 5173 2457 5225 raefertur
2483 5172 2545 5225 de
2573 5175 2768 5233 eodem,
2801 5186 2863 5226 ac
2887 5173 2937 5225 in
2963 5172 3224 5241 superiori
3252 5171 3459 5224 scilicet
3500 5172 3791 5241 erustola.

2201 5259 2230 5295 ιι
2276 5242 2425 5308 Hisp.
2460 5253 2634 5296 autem
2680 5261 2693 5296 :
2730 5242 2920 5298 Contra
2948 5239 3178 5297 eamdem
3213 5242 3489 5294 secundam
3534 5239 3797 5307 Ephesi-

2174 5329 2291 5367 nam
2338 5313 2619 5384 synodum,
2662 5323 2718 5368 ut
2749 5318 2861 5387 ejus
2899 5329 3096 5370 errores
3122 5314 3178 5367 in
3206 5313 3313 5367 alia
3341 5312 3539 5384 synodo
3577 5321 3797 5366 retra-

2174 5393 2390 5438 cientur.

1341 5526 1632 5595 potioribus
1674 5528 1871 5581 nostris
1910 5527 2068 5581 codd.

504 5591 822 5657 Quesuellus
851 5610 972 5650 cum
1007 5593 1309 5652 Vindebon.
1339 5591 1553 5651 collect.
1583 5596 1637 5661 5,
1673 5611 1897 5651 causam.
1936 5597 2066 5653 Viu-

503 5664 701 5743 debon.
754 5664 904 5731 Hisp.
952 5680 1211 5743 erronee,
1238 5683 1394 5743 causa
1433 5674 1675 5743 statutum
1716 5672 1857 5743 regni
1896 5671 2067 5723 vestri.

507 5730 604 5786 Hic
624 5749 773 5787 error
800 5730 1115 5791 emendatus
1146 5730 1242 5792 luit
1272 5741 1321 5792 in
1349 5738 1465 5792 Vat.
1495 5738 1644 5805 HiSp.
1670 5730 1884 5802 ειιξιάη
1910 5756 2065 5793 causa

504 5809 692 5891 statuas
715 5808 856 5873 regni
879 5809 1063 5874 vestri;
1092 5823 1250 5876 quam
1272 5809 1553 5867 lectionem
1574 5810 1904 5876 antiquiores
1928 5810 2066 5869 Leo-

2173 5525 2275 5581 levi
2305 5526 2503 5581 excidit
2529 5541 2557 5578 a
2587 5526 2838 5596 vulgatis.

2212 5599 2267 5687 "
2296 5597 2353 5653 lu
2384 5612 2552 5666 marg.
2583 5593 2712 5653 edit.
2746 5598 2935 5663 iiom.,
2967 5597 3311 5673 χαλεπώτερα
3334 5598 3401 5654 τὰ
3425 5593 3758 5670 ἢκλῆμσετα
3786 5637 3811 5667 ,

2168 5668 2276 5724 έοίν.

2241 5739 2261 5770 ³
2292 5738 2387 5792 Ms.
2416 5738 2574 5804 Ἴδη..
2604 5748 2695 5800 τῆς
2724 5737 2872 5793 αἰδῶ.

2238 5809 2259 5841 ⁸
2284 5809 2383 5868 Ms.
2422 5809 2578 5878 Ven.,
2609 5812 2911 5868 ἀπολαύετε.

2252 5456 2268 5486 ⁸
2298 5454 2674 5525 Supplevimus
2704 5462 2806 5512 τῶν
2836 5469 2900 5510 ex
2933 5468 3034 5510 ms.
3066 5449 3226 5521 Ven.,
3257 5453 3399 5523 quod
3428 5466 3616 5509 errore
3654 5470 3801 5511 non
3888 5479 3909 5490 ο
