4020 6352
538 332 645 394 839

1675 323 1737 384 S.
1776 321 2027 382 LEONIS
2064 321 2283 385 MAGNI
2311 323 2692 384 EPISTOLE.

3718 316 3823 377 840

540 445 744 504 multus
770 453 827 502 et
870 442 994 501 odia
1019 439 1301 498 saecularia
1331 453 1364 494 a
1407 437 1667 495 Dioscoro
1689 438 1948 509 episcopo
1973 447 2115 511 gesta

2230 462 2326 496 νων
2363 439 2450 497 διὰ
2486 439 2711 516 θορύϐου
2750 439 2838 493 καί
2883 438 3073 509 μίσους
3114 434 3353 507 βιωτικοῦ
3400 430 3505 487 ἀπὸ
3546 430 3835 507 Διοσκόρω·

539 551 687 609 ευηι,
722 547 778 594 et
803 538 945 591 nulla
980 535 1190 590 ratione
1246 533 1361 587 haec
1415 532 1466 585 in
1513 530 1597 585 his
1635 531 1876 600 partibus
1925 532 2124 603 suscipi

539 646 719 702 posse,
771 643 891 699 quae
937 642 1031 696 per
1086 624 1378 694 potentiam
1425 622 1689 694 praedicti,
1749 639 1861 680 non
1888 625 2100 680 siuelze

537 725 693 779 sione
717 722 862 786 fidei,
894 729 949 775 et
975 718 1290 791 praejudicio
1310 717 1639 773 sanctissimi
1661 717 1761 772 viri
1783 717 2123 787 innoxiique,

535 813 826 872 commissa
857 825 1000 868 sunt.
1032 812 1164 879 Quae
1196 826 1327 867 vero
1357 810 1628 866 constanti
1652 823 1714 866 ac
1762 808 1890 865 forti
1940 820 2125 866 aucto-

534 910 690 964 ritate
713 923 810 979 pro
838 908 942 963 fide
982 923 1012 962 a
1055 923 1141 962 me
1186 905 1427 961 nuntiata
1453 916 1579 961 sunt
1599 904 1929 975 superfluum
1956 904 2124 961 credo

536 1015 756 1054 narrare
790 1018 802 1051 :
835 1016 955 1054 nam
988 1001 1103 1054 hazc
1130 1014 1199 1055 ex
1229 998 1427 1053 litteris
1462 997 1758 1054 beatissimi
1791 1013 1944 1069 papa:
1969 989 2127 1069 pote--

534 1095 651 1150 ritis
672 1109 985 1164 agnoscere.
1010 1092 1186 1160 Unde,
1206 1092 1462 1147 “domina
1489 1090 2122 1162 splendidissima,93o

533 1198 697 1257 atque
716 1186 1135 1242 clementissima
1162 1187 1421 1255 Augusta,
1446 1184 1721 1239 adoranda
1746 1194 1925 1239 veStra
1948 1186 2121 1252 pietas

532 1280 587 1336 in
618 1281 811 1352 quibus
840 1280 1070 1335 libenter
1102 1279 1224 1334 fecit
1254 1277 1493 1341 initium,
1551 1278 1856 1347 relinquere
1887 1293 1996 1331 non
2024 1276 2120 1333 de-

532 1374 645 1441 bet,
679 1375 772 1430 sed
799 1373 915 1430 haec
943 1375 1060 1430 zelo
1090 1372 1344 1443 religioso
1375 1370 1501 1428 fidei
1546 1373 1816 1428 constanti
1846 1372 2119 1427 voluntate

530 1466 560 1509 ι’
584 1483 831 1525 servare.

1015 1743 1352 1801 EPISTOLA
1378 1753 1402 1783 ο
1437 1741 1647 1799 XLVII.

611 1860 638 1897 δ
665 1875 734 1915 ΔΙ)
762 1873 1097 1915 Δηιδτιειυι
1135 1873 1429 1915 EPISCOPUI
1470 1868 2031 1912 THESSALONICENSEI.

525 1976 803 2033 Srsorsts.
832 2005 902 2016 —
939 1974 982 2029 1.
1020 1973 1173 2040 Quod

597 2047 905 2120 gratulatur.
929 2036 1101 2120 ‘-—‘Il.
1136 2036 1311 2120 Monet
1345 2053 1399 2098 ut
1443 2036 1599 2113 ﬁdem
1632 2050 1820 2108 servet,
1860 2036 2119 2093 Flauiana

598 2116 883 2184 att/iterent,
913 2116 1103 2187 fratres
1128 2116 1412 2185 confirmet.

526 2262 643 2318 Leo
665 2261 953 2333 episcopus
981 2259 1133 2333 urbis
1176 2252 1748 2333 Romaedilectissimo
1786 2249 1947 2333 fratri
1975 2249 2121 2306 ANA-

831 2324 1019 2387 s‘rttsto
1040 2331 1298 2400 episcopo
1326 2324 1824 2383 Thessalonicensi.

595 2470 729 2527 CAP.
751 2469 793 2524 I.
821 2499 889 2510 —
910 2468 1182 2537 Quantum
1209 2464 1473 2520 relatione
1502 2461 1672 2517 Hilari
1702 2459 1912 2515 diaconi
1947 2457 2119 2513 nostri

529 2562 903 2635 cognovimus,
932 2574 1183 2630 magnum
1228 2558 1432 2612 facinus
1464 2553 1830 2611 Alexandrino
1862 2554 2118 2622 episcopo

525 2665 746 2710 auctore
792 2652 881 2708 vel
925 2663 1246 2707 exsecutore
1293 2648 1641 2704 commissum
1699 2653 1781 2701 est
1820 2652 1880 2698 ut
1904 2642 2031 2697 dum
2060 2641 2119 2696 in

523 2744 745 2800 fratrem
776 2754 1020 2797 nostrum
1064 2740 1373 2795 Flavianum
1400 2746 1614 2793 veteres
1659 2737 2034 2790 aemulationes
2061 2740 2121 2788 et

522 2839 645 2894 odia
694 2836 897 2907 privata
953 2833 1274 2896 desaeviunt,
1314 2846 1415 2886 nec
1468 2829 1795 2883 innocentia:
1853 2824 2120 2895 probatis-

522 2929 647 2985 simi
692 2926 1013 2993 sacerdotis,
1073 2940 1176 2980 nec
1229 2922 1556 2978 Christiana:
1602 2918 1727 2974 fidei
1781 2925 2114 2986 parceretur.

531 3020 683 3077 Unde
708 3020 933 3073 multum
966 3016 1237 3072 dilectioni
1271 3025 1377 3070 tute
1413 3012 1854 3084 congratulantur
1881 3010 2024 3079 quod
2058 3016 2115 3064 te

524 3111 593 3167 ad
623 3113 765 3166 illam
798 3109 1062 3182 synodum
1103 3107 1185 3162 ire
1213 3108 1519 3174 cupientem
1567 3112 1887 3174 Opportums
1926 3103 2113 3157 obsta-

522 3204 662 3259 culis
713 3216 904 3256 manns
960 3199 1137 3254 divina
1191 3197 1424 3252 detinuit
1455 3212 1469 3249 :
1500 3211 1567 3250 ne
1607 3195 1957 3249 abstenturus
1990 3205 2116 3261 pro-

523 3295 777 3351 culdubio
798 3310 828 3348 a
858 3302 1005 3348 tanto
1027 3294 1255 3357 scelere,
1281 3291 1516 3360 indignis
1547 3290 1754 3359 injuriis
1775 3289 2111 3357 subjaceres,

524 3397 582 3445 et
606 3388 774 3443 furori
802 3386 964 3455 impio
988 3385 1266 3449 militibus,
1297 3395 1560 3452 quantum
1581 3381 1893 3445 didicimus,
1921 3381 2117 3435 armis-

523 3496 628 3551 que
657 3477 877 3533 sull'ulto
907 3475 1178 3530 contraire
1228 3489 1334 3528 non
1384 3488 1594 3544 posses.
1644 3472 1777 3540 Quia
1826 3487 1957 3542 ergo
1990 3487 2117 3541 pro-

524 3572 669 3641 rupit
699 3580 721 3608 ε
756 3571 808 3624 in
840 3581 1084 3639 apertum
1119 3568 1341 3636 perlidia
1372 3581 1492 3637 qua:
1546 3566 1766 3634 latebat,
1818 3577 1872 3620 et
1919 3566 1972 3619 in
2020 3580 2117 3621 ne-

523 3662 897 3717 fandissimum
927 3660 1174 3714 Incresitn
1206 3658 1365 3713 unius
1389 3657 1775 3725 imperitissimi
1799 3655 1947 3711 senis
1968 3670 2117 3711 asse-

524 3754 623 3810 cla:
655 3753 1004 3816 transierunt,
1063 3761 1273 3820 tempus
1314 3749 1649 3820 probationis
1699 3758 1902 3804 nostrae
1947 3748 2116 3804 debe-

524 3858 645 3898 mus
695 3858 1013 3913 agnoscere,
1070 3850 1125 3896 et
1181 3853 1371 3895 contra
1426 3840 1658 3909 impetus
1706 3840 2110 3895 adversantium

526 3937 912 3993 munitionibus
942 3935 1254 3992 cmlestibus
1279 3933 1425 4002 freti,
1460 3933 1924 3989 incommutabilis
1948 3932 2115 3987 animi

523 4032 880 4084 constantiam
915 4042 1243 4099 praeparare.
1278 4025 1521 4093 Scimus,
1564 4025 1733 4081 frater
1771 4026 2115 4093 charissima,

524 4122 646 4189 quia
674 4131 1012 4175 sacramento
1039 4133 1249 4191 magnas
1292 4119 1508 4189 pietatis
1534 4134 1648 4175 sure
1699 4118 1874 4175 aderit
1929 4118 2117 4174 divina

527 4214 808 4282 protectio.

596 4308 721 4361 Car.
758 4306 819 4360 ll.
842 4336 913 4347 —
935 4306 991 4363 Si
1035 4306 1161 4377 quid
1201 4306 1365 4377 igitur
1396 4306 1720 4362 fraternitati
1773 4315 1881 4363 tua:
1912 4305 1981 4361 de
2011 4306 2115 4362 im-

527 4398 629 4469 piis
674 4400 1148 4454 constitutionibus
1188 4400 1349 4455 fuerit
1395 4401 1660 4470 ingestum
1688 4442 1704 4469 ,
1757 4411 2121 4467 protestamur

526 4495 728 4563 pariter
756 4508 819 4548 ac
853 4508 1134 4547 monemus
1164 4507 1231 4548 ne
1257 4494 1344 4548 vel
1372 4491 1391 4531 τ
1422 4496 1473 4548 in
1501 4493 1904 4548 damnationem
1934 4491 2117 4547 fratris

527 4586 780 4653 insontis,
818 4585 905 4641 vel
956 4585 1012 4641 in
1041 4584 1406 4655 receptionem
1438 4584 1629 4643 nefarii
1682 4586 1953 4657 dogmatis
1982 4600 2116 4642 con-

1232 1972 1627 2045 pseudosynodo
1681 1986 1784 2023 non
1830 1966 2123 2045 interfuerit
2154 1972 2201 2034 Β

2226 541 2317 589 τοῦ
2357 533 2639 590 ἐπισκόπου
2676 530 2920 605 γινόμενα
2937 569 2954 596 ,
2995 532 3078 585 καί
3108 526 3284 599 μηδενὶ
3317 525 3449 599 λόγῳ
3485 530 3657 580 ταῦτα
3693 524 3821 580 ὑπο·

2226 626 2473 699 δεχθῆναι
2508 626 2763 683 δύνασθαι
2791 625 2895 681 ἀπὸ
2926 631 3028 680 τῶν
3058 630 3224 699 μερῶν
3251 618 3474 683 τούτων,
3514 618 3652 696 ἅπερ
3691 619 3825 675 κατά
3853 688 3856 695 Ι

2227 720 2531 778 δυναστείαν
2584 725 2681 775 τοῦ
2724 718 3141 795 προειρημένου,
3182 716 3272 770 οὐκ
3327 715 3446 768 ἄνευ
3489 711 3683 773 ϐλάϐης
3732 698 3853 770 τιδι’Δ

2226 817 2470 880 πίστεως,
2513 815 2585 873 είς
2622 808 2887 889 πρόκριμα
2923 815 3021 864 τοῦ
3082 806 3228 881 ἁγίου
3283 803 3467 881 ἀνδρὸς
3520 806 3607 857 καί
3659 802 3826 857 διθώου

2225 907 2577 981 ἐπλημμέλησε
2626 902 2813 976 [Forte
2854 896 3253 975 ἐπλημμελήθη].
3292 899 3388 953 Καί
3424 893 3559 971 ἅπερ
3590 901 3655 970 τῇ
3697 914 3833 950 στα-

2222 1004 2352 1076 θηρᾷ
2397 1002 2485 1057 καί
2524 1001 2731 1075 ἰσχυρᾷ
2781 995 3019 1069 αὐθεντίᾳ
3059 994 3196 1068 ὑπὲρ
3232 999 3326 1051 τῆς
3365 990 3595 1050 πίστεως
3627 984 3829 1057 σχεδὸν

2224 1095 2315 1150 ἀπ’
2344 1096 2469 1167 ἐμοῦ
2506 1096 2821 1165 μεμήνυται,
2862 1088 3099 1163 περιττὸν
3135 1088 3356 1160 ἠγοῦμαι
3391 1084 3566 1155 λέγειν·
3608 1083 3691 1137 καί
3730 1081 3827 1155 γὰρ

2225 1189 2326 1245 ἀπὸ
2348 1194 2447 1242 τῶν
2475 1189 2791 1259 γραμμάτων
2814 1188 2905 1238 τοῦ
2933 1180 3312 1235 εὐλαϐεστάτου
3337 1178 3490 1232 Πὰπα
3508 1174 3825 1246 μαθήσεσθε.

2222 1276 2366 1334 Ὀθεν
2398 1276 2641 1332 δέσποινα
2876 1273 3250 1345 ἐπιφανεστάτη
3271 1274 3357 1325 καὶ
3382 1267 3827 1342 φιλανθρωποτάτη

2226 1372 2528 1443 Δύγούστα,
2560 1370 2592 1426 ἦ
2620 1368 2956 1443 προσκυνητή
2986 1384 3082 1418 σου
3121 1363 3387 1427 εὐσέϐεια,
3426 1362 3459 1419 ἦ
3494 1381 3574 1420 τις
3620 1361 3707 1413 καὶ
3736 1364 3829 1415 τὸν

2224 1464 2398 1540 ἀρχὴν
2426 1460 2650 1515 λαϐόντα
2676 1457 3070 1525 καταλιμπάνειν
3102 1456 3194 1510 οὐκ
3221 1455 3419 1528 ὀφείλει,
3453 1457 3545 1508 τοῦ
3580 1450 3827 1508 εὐλαϐοὗς

2225 1563 2319 1615 τῆς
2346 1556 2584 1628 ἀκεραίου
2612 1552 2843 1610 πίστεως
2861 1548 3014 1619 ζήλῳ,
3046 1548 3239 1619 μονίμῳ
3262 1545 3464 1619 διανοίᾳ
3492 1542 3823 1608 συνταξάτω.

2225 1747 2445 1789 sensum
2479 1733 2554 1787 tui
2585 1730 2765 1787 cordis
2798 1731 3125 1788 immisceas.
3151 1728 3324 1799 Major
3350 1734 3436 1784 est
3463 1729 3608 1782 enim
3636 1727 3729 1798 qui
3763 1726 3823 1783 in

2227 1825 2386 1880 nobis
2420 1833 2504 1879 est
2542 1837 2703 1893 quam
2750 1824 2841 1893 qui
2898 1822 3159 1877 adversus
3212 1835 3313 1874 nos
3365 1816 3597 1891 (1.1οαη.
3635 1833 3709 1886 tv,
3736 1817 3820 1890 4).

2230 1918 2494 1972 Annitere
2526 1915 2721 1985 potius,
2778 1925 3038 1984 quantum
3091 1920 3144 1966 te
3192 1913 3310 1981 ipse
3362 1918 3570 1965 natura:
3618 1917 3826 1965 nostra:

2229 2018 2514 2077 susceptor
2541 2018 2593 2062 et
2619 2005 2951 2077 glorificator
2972 2003 3256 2075 adjuverit,
3304 2012 3364 2057 ut
3414 2000 3656 2057 omnium
3713 2001 3826 2056 fra-

2231 2109 2375 2155 trum
2431 2086 2742 2153 nostrorum
2788 2095 2952 2152 corda
2988 2094 3298 2151 confirmes.
3347 2092 3516 2149 Nobis
3562 2091 3707 2147 enim
3756 2091 3828 2147 ab

2227 2192 2526 2262 Evangelio
2547 2190 2937 2262 generationis,
2970 2197 3025 2243 et
3062 2186 3247 2242 mortis
3299 2199 3363 2241 ac
3405 2182 3827 2241 resurrectionis

2225 2286 2437 2342 Domini
2468 2294 2495 2333 ε
2524 2285 2694 2340 nostri
2722 2283 2849 2339 Jesu
2880 2282 3081 2339 Christi
3106 2280 3414 2336 nullatenus
3439 2276 3827 2334 recedentibus

2225 2380 2664 2436 delinitissimum
2697 2386 2800 2447 est,
2835 2378 2889 2431 in
2921 2386 3121 2431 nostra:
3161 2371 3557 2430 communionis
3588 2384 3826 2428 numero

2225 2488 2334 2529 non
2360 2472 2570 2527 futuros
2599 2486 2695 2527 eos
2726 2470 2818 2541 qui
2846 2479 3111 2525 conantur
3132 2468 3350 2537 antiqua
3377 2462 3659 2521 catholicae
3694 2461 3827 2520 ﬁdei

2225 2567 2574 2623 fundamenta
2626 2564 2954 2621 convellere.
2999 2562 3128 2618 Data
3174 2562 3335 2618 tertio
3377 2559 3497 2615 idus
3542 2556 3822 2623 Octobris,

2225 2658 2442 2715 Asturio
2471 2669 2524 2714 et
2554 2656 2859 2728 Protogene
2886 2655 3019 2711 viris
3048 2652 3370 2711 clarissimis
3406 2649 3747 2709 consulibus.

2686 2810 3019 2868 EPISTOLA
3048 2809 3079 2848 ιι
3112 2808 3343 2865 XLVIII.

2512 2926 2527 2965 ί
2556 2944 2623 2983 an
2648 2941 2907 2982 IULIANUII
2948 2938 3238 2981 artscornn
3269 2934 3531 2978 COENSEI.

2223 3042 2501 3098 SYNOPSIS.
2524 3070 2597 3082 —
2617 3039 2747 3094 Post
2778 3037 3093 3110 Ephesinam
3117 3036 3317 3090 cladem
3346 3033 3663 3101 consolatur,
3690 3030 3821 3086 hor-

2685 3109 2919 3179 taturque
2939 3120 2995 3162 ut
3019 3109 3174 3177 ﬁdem
3198 3115 3384 3161 teneat.

2364 3250 2478 3307 Leo
2503 3250 2733 3307 Juuano
2772 3247 2929 3305 fratri
2965 3255 3023 3304 et
3054 3247 3378 3316 coepiscopo
3421 3243 3671 3299 salutem.

2141 3359 2189 3425 α
2294 3387 2538 3460 Cognitis
2569 3403 2690 3456 qua:
2738 3386 2879 3457 apud
2913 3385 3184 3456 Ephesum
3229 3386 3387 3440 unius
3412 3382 3651 3438 hominis
3680 3396 3826 3451 pra:-

2223 3483 2538 3550 sumptione
2563 3489 2691 3534 sunt
2715 3491 2890 3550 gesta,
2924 3492 3121 3550 magno
3150 3476 3370 3548 quidem
3415 3475 3605 3530 dolore
3632 3472 3826 3529 affecti

2221 3588 2410 3628 sumus
2439 3575 2508 3628 de
2534 3571 2614 3626 bis
2636 3587 2757 3640 quae
2788 3571 2953 3640 impie
2984 3571 3291 3640 furioseque
3337 3565 3629 3625 commissa
3653 3574 3824 3631 sunt;

2223 3665 2319 3722 sed
2349 3664 2414 3721 ad
2446 3665 2731 3719 Dominum
2766 3662 2781 3715 i
2824 3674 3066 3719 nostrum
3095 3663 3307 3717 animos
3336 3656 3827 3730 dirigentes,‘mul-

2224 3768 2332 3813 tam
2356 3757 2603 3814 fiduciam
2633 3756 2701 3811 ab
2728 3757 2843 3827 ipsa
2870 3771 3031 3827 quam
3080 3756 3358 3826 sequimur
3406 3752 3636 3808 veritate
3683 3764 3827 3806 cou-

2223 3851 2475 3919 cipimus,
2504 3866 2609 3904 non
2641 3850 2957 3905 omittentes
2983 3849 3159 3904 omnia
3182 3862 3343 3919 agere
3370 3862 3489 3916 quae
3516 3843 3823 3900 auxiliante

2227 3942 2323 3997 Dei
2344 3942 2517 4012 gratia
2544 3942 2817 3997 credimus
2846 3942 3146 4013 profutura.
3173 3940 3492 3997 Tenendum
3541 3953 3673 4008 ergo
3719 3951 3828 3994 no-

2223 4033 2310 4089 bis
2338 4042 2424 4089 est
2458 4033 2601 4103 qucd
2636 4044 2902 4101 tenemus,
2945 4044 3000 4091 et
3036 4035 3303 4090 saviente
3330 4032 3357 4071 ιε
3383 4034 3541 4089 unius
3589 4030 3832 4089 turbinis

2226 4126 2489 4195 procella,
2520 4127 2882 4183 serenissima:
2938 4126 3060 4183 fidei
3114 4135 3199 4183 est
3244 4124 3615 4195 amplectenda
3674 4133 3833 4180 tran-

2226 4218 2493 4286 quillitas;
2525 4216 2699 4273 donec
2755 4218 2937 4274 radios
2986 4234 3117 4274 suos
3165 4219 3365 4274 veritas
3412 4232 3510 4289 per
3567 4216 3834 4271 universa

2224 4312 2509 4377 diffundat,
2539 4320 2597 4367 et
2620 4313 2906 4383 caliginem
2942 4312 3277 4369 infidelitatis
3320 4320 3627 4368 consumat.
3689 4309 3837 4377 Quae

2225 4417 2405 4459 autem
2442 4401 2460 4442 ι
2493 4405 2753 4474 disposita
2798 4406 2925 4473 sint,
2954 4420 3051 4476 per
3081 4406 3270 4461 latoris
3299 4419 3607 4461 sermonem
3656 4417 3839 4473 agno—

2226 4514 2369 4555 sces.
2406 4500 2539 4554 Data
2570 4498 2731 4555 tertio
2773 4499 2894 4555 idus
2935 4500 3217 4567 Octobris,
3259 4500 3482 4556 Asturio
3523 4507 3579 4553 et
3625 4496 3839 4552 Proto-

2222 4605 2360 4661 gens
2388 4590 2521 4647 viris
2549 4589 2871 4647 clarissimis
2891 4592 3218 4647 consulibus.

598 4852 625 4881 ι
656 4844 779 4899 Haec
811 4845 1039 4919 formula
1065 4846 1373 4903 Grzecornm
1403 4848 1617 4919 propria
1678 4863 1745 4903 ex
1776 4846 1993 4919 iGraeco
2020 4846 2106 4902 di-
2142 4855 2192 4915 ι)
2287 4858 2313 4897 ε
2336 4847 2658 4904 Addidimus
2690 4849 2854 4903 nostri
2877 4863 2947 4903 ex
2973 4847 3098 4905 cod.
3146 4847 3347 4919 Grim.,
3377 4845 3530 4919 cuius
3556 4856 3833 4906 exactum

527 4923 728 4981 manat,
786 4918 925 4972 unde
964 4918 1016 4972 in
1059 4918 1427 4975 antecedentis
1472 4918 1714 4986 epistolae
1759 4918 1943 4973 Graeca
1987 4935 2110 4974 ver-

526 4987 679 5061 sione
703 4990 914 5057 legitur,
949 4989 1000 5043 in
1035 4991 1221 5044 Latino
1265 4990 1511 5061 originali
1540 5007 1647 5061 non
1709 4990 1922 5059 legitur.
1970 4989 2109 5047 Vide

524 5059 579 5113 in
594 5062 850 5134 eamdem
875 5062 1156 5130 epistolam
1179 5059 1370 5116 annot.
1396 5060 1465 5115 M
1494 5060 1629 5134 (Col.
1658 5061 1786 5127 855,
1812 5063 1882 5132 ο).

594 5128 621 5168 ι’
648 5129 872 5197 Veron.,
903 5128 1116 5186 servate.

596 5202 739 5282 ιρι.
769 5201 890 5282 i3.“
917 5204 1046 5282 Quae
1092 5211 1286 5282 autern
1319 5211 1474 5259 antea
1522 5202 1592 5259 47
1638 5212 1772 5271 erat,
1811 5217 1957 5260 nunc
2011 5201 2103 5260 5f.

522 5269 733 5336 Scripta
764 5274 828 5328 l3
854 5274 1043 5329 Octob.
1073 5290 1161 5329 an.
1185 5272 1313 5329 449.

526 5413 539 5425 ,
593 5340 622 5380 ἀ
648 5344 799 5426 Edita
834 5346 929 5428 fuit
954 5362 1019 5400 ex
1061 5361 1194 5401 mss.
1233 5345 1447 5401 collect.
1499 5344 1588 5415 12,
1638 5345 1693 5402 in
1738 5347 1930 5418 quibus
1956 5347 2106 5402 solus

524 5428 695 5483 ipsam
722 5431 1040 5483 Invenimus,

524 5552 570 5569 ﬂ
598 5494 622 5521 θ
655 5486 974 5569 ῡυοηοοέά.
1023 5487 1259 5569 laudata
1305 5488 1521 5569 collect.
1565 5489 1654 5555 12,
1687 5489 1808 5543 Vat.
1847 5489 2009 5557 1540,
2049 5498 2107 5546 et

523 5552 761 5631 Venetus
789 5561 853 5631 δη
878 5558 1036 5631 Marci
1065 5558 1188 5624 169,
1213 5564 1466 5631 omittunt
1488 5562 1542 5615 in
1570 5552 1826 5631 apertum.

525 5694 541 5708 .
601 5625 621 5664 ¹’
648 5626 723 5708 Ita
753 5642 819 5682 ex
842 5629 1333 5708 iisdem‘codicibus
1356 5632 1548 5687 melius
1576 5625 1736 5708 quam
1765 5636 1817 5708 in
1848 5632 2101 5708 vulgatis,

523 5698 581 5774 in
610 5698 801 5767 quibus
820 5714 885 5774 ex
916 5700 1141 5774 Merlino
1179 5699 1477 5757 habebatur
1520 5698 1734 5774 quidem
1785 5705 1839 5758 in
1884 5698 2103 5758 damna-

526 5769 732 5848 tionem,
767 5770 859 5848 sed
894 5780 1075 5848 postea
1104 5772 1157 5825 in
1198 5774 1503 5848 receptique.
1538 5769 1708 5844 'Apud
1748 5775 2100 5843 Qucsncllum

526 5852 655 5893 vero
671 5839 722 5891 in
750 5839 1097 5906 damnatione,
1131 5854 1180 5898 ct
1209 5846 1258 5895 in
1288 5839 1591 5907 receptione.

2216 4923 2591 4991 apogtaphum
2614 4920 2860 4976 adhibuit
2885 4919 2947 4975 P.
2971 4920 3284 4976 Cacciarius
3315 4917 3372 4973 in
3396 4918 3643 4975 Romana
3695 4920 3835 4976 edi-

2217 5000 2425 5115 υοιῗῖῐι.
2477 5061 2563 5117 44.
2616 5062 2749 5129 Quae
2791 5070 2971 5117 autem
3018 5072 3178 5118 antea
3216 5060 3287 5118 48
3334 5069 3475 5131 erat,
3525 5075 3674 5117 nunc
3723 5062 3837 5123 60.

2215 5132 2427 5200 Scripta
2462 5136 2528 5189 15
2556 5133 2746 5188 Oetob.
2778 5150 2867 5188 an.
2900 5133 3027 5189 M9.

2292 5202 2308 5240 ί
2347 5204 2494 5259 Hanc
2515 5220 2730 5277 quoque
2755 5206 3039 5274 epistolam
3098 5204 3155 5261 in
3202 5217 3335 5260 mss.
3382 5202 3551 5259 sollus
3590 5203 3839 5263 collect.

2217 5274 2283 5328 12
2316 5290 2634 5341 reperimus.

2290 5344 2304 5395 i
2338 5346 2425 5403 Sic
2455 5364 2519 5401 ex
2549 5348 2751 5403 nostris
2780 5345 2940 5405 codd.
2974 5357 3028 5403 et
3073 5346 3235 5403 editis
3261 5354 3389 5403 ante
3429 5346 3636 5415 Quesn.
3676 5350 3847 5417 apud

2213 5432 2374 5488 quem
2404 5426 2627 5473 nostros.

2286 5486 2311 5527 ι
2352 5491 2422 5542 Ita
2456 5489 2615 5544 iidem
2641 5490 2856 5547 codices
2879 5499 2935 5546 et
2988 5489 3253 5546 editiones
3300 5488 3597 5560 Quesnello
3660 5499 3883 5545 antc-x

2212 5559 2405 5630 tiores.
2442 5560 2491 5616 Is
2522 5573 2722 5625 autem,
2745 5564 2899 5615 unius
2928 5561 3145 5617 turbidae
3174 5559 3336 5616 nubis
3352 5560 3604 5630 procella.

2287 5596 2405 5616 ηπ.
2442 5596 2491 5616 ω
2522 5596 2697 5615 συιδ...
2747 5596 2899 5615 ..ηηη
2928 5596 3093 5615 ....υ...
3174 5596 3203 5615 ,ι
3248 5596 3274 5615 υ
3388 5596 3604 5614 um"...
3892 5596 3897 5599 μ

2287 5628 2307 5669 1
2334 5632 2497 5703 Magis
2521 5604 2722 5700 placuif
2748 5633 2862 5688 haec
2888 5634 3068 5700 lectio,
3095 5596 3259 5703 (Tuam
3280 5596 3523 5702 "prlmfert
3548 5629 3679 5703 cod.
3714 5630 3851 5685 Ve-
3900 5684 3901 5687 η

2208 5712 2369 5830 rimis
2402 5697 2533 5770 1⁷09,
2560 5718 2625 5760 ac
2654 5703 2825 5775 prima
2853 5697 3132 5771 Quesnelli
3158 5697 3351 5762 editio.
3378 5702 3492 5769 AL,
3551 5701 3854 5771 disposita
3910 5697 3915 5700 ’
3944 5742 3953 5761 ;

3392 5951 3432 5960 ς..
