  <div class='ocr_page' id='page_1' title='image "/cluster/home/n/w/nwhite01/storage/ocr_20150623/54/hvd.32044015471584/424.png"; bbox 0 0 4020 6352; ppageno 0'>
   <div class='ocr_carea' id='block_1_1' title="bbox 224 370 1809 441">
    <p class='ocr_par' dir='ltr' id='par_1_1' title="bbox 224 374 1809 441">
     <span class='ocr_line' id='line_1_1' title="bbox 224 374 1809 441; baseline -0.005 -2"><span class='ocrx_word' id='word_1_1' title='bbox 224 378 311 441; x_wconf 76' lang='grc' dir='ltr'><strong>ιιι</strong></span> <span class='ocrx_word' id='word_1_2' title='bbox 1651 374 1809 432; x_wconf 69' lang='grc' dir='ltr'>ΕΡ18⁷</span> 
     </span>
    </p>
   </div>
   <div class='ocr_carea' id='block_1_2' title="bbox 1923 370 2075 441">
    <p class='ocr_par' dir='ltr' id='par_1_2' title="bbox 1923 370 2075 430">
     <span class='ocr_line' id='line_1_2' title="bbox 1923 370 2075 430; baseline 0.013 -2"><span class='ocrx_word' id='word_1_3' title='bbox 1923 376 1972 428; x_wconf 84' lang='lat' dir='ltr'><strong>.A</strong></span> <span class='ocrx_word' id='word_1_4' title='bbox 2016 370 2075 430; x_wconf 86' lang='lat' dir='ltr'><strong>L.</strong></span> 
     </span>
    </p>
   </div>
   <div class='ocr_carea' id='block_1_3' title="bbox 1831 477 3497 559">
    <p class='ocr_par' dir='ltr' id='par_1_3' title="bbox 1831 477 3497 559">
     <span class='ocr_line' id='line_1_3' title="bbox 1831 477 3497 559; baseline -0.006 -14"><span class='ocrx_word' id='word_1_5' title='bbox 1831 496 1887 554; x_wconf 79' lang='grc' dir='ltr'><strong>Α</strong></span> <span class='ocrx_word' id='word_1_6' title='bbox 1910 490 2156 551; x_wconf 80' lang='lat' dir='ltr'><strong>damenta</strong></span> <span class='ocrx_word' id='word_1_7' title='bbox 2194 485 2519 559; x_wconf 93' lang='lat' dir='ltr'><strong>quatiuntur.</strong></span> <span class='ocrx_word' id='word_1_8' title='bbox 2553 482 2686 552; x_wconf 84' lang='lat' dir='ltr'><strong>Quia</strong></span> <span class='ocrx_word' id='word_1_9' title='bbox 2718 492 2848 537; x_wconf 86' lang='lat' dir='ltr'><strong>vero</strong></span> <span class='ocrx_word' id='word_1_10' title='bbox 2879 477 3214 550; x_wconf 79' lang='lat' dir='ltr'><strong>providentia</strong></span> <span class='ocrx_word' id='word_1_11' title='bbox 3237 477 3329 533; x_wconf 87' lang='lat' dir='ltr'><strong>Dei</strong></span> <span class='ocrx_word' id='word_1_12' title='bbox 3353 492 3497 536; x_wconf 87' lang='lat' dir='ltr'><strong>sem-</strong></span> 
     </span>
    </p>
   </div>
   <div class='ocr_carea' id='block_1_4' title="bbox 598 488 1395 564">
    <p class='ocr_par' dir='ltr' id='par_1_4' title="bbox 598 488 1395 564">
     <span class='ocr_line' id='line_1_4' title="bbox 598 488 1395 564; baseline -0.01 -13"><span class='ocrx_word' id='word_1_13' title='bbox 598 491 759 564; x_wconf 77' lang='lat'><strong>931</strong></span> <span class='ocrx_word' id='word_1_14' title='bbox 783 489 1117 546; x_wconf 82' lang='lat' dir='ltr'><strong>EPISTOLA</strong></span> <span class='ocrx_word' id='word_1_15' title='bbox 1147 499 1170 527; x_wconf 74' lang='grc' dir='ltr'>α</span> <span class='ocrx_word' id='word_1_16' title='bbox 1203 488 1395 544; x_wconf 77' lang='lat' dir='ltr'><strong>XLIX.</strong></span> 
     </span>
    </p>
   </div>
   <div class='ocr_carea' id='block_1_5' title="bbox 252 627 1765 683">
    <p class='ocr_par' dir='ltr' id='par_1_5' title="bbox 252 627 1765 683">
     <span class='ocr_line' id='line_1_5' title="bbox 252 627 1765 683; baseline -0.004 0"><span class='ocrx_word' id='word_1_17' title='bbox 252 627 275 667; x_wconf 70' lang='grc' dir='ltr'>δ</span> <span class='ocrx_word' id='word_1_18' title='bbox 302 642 373 683; x_wconf 72' lang='lat' dir='ltr'><strong>AD</strong></span> <span class='ocrx_word' id='word_1_19' title='bbox 401 640 705 681; x_wconf 72' lang='lat' dir='ltr'><strong>FLAVIANUI</strong></span> <span class='ocrx_word' id='word_1_20' title='bbox 743 639 1032 680; x_wconf 71' lang='lat' dir='ltr'><strong>EPISCOPUI</strong></span> <span class='ocrx_word' id='word_1_21' title='bbox 1068 638 1765 679; x_wconf 69' lang='lat' dir='ltr'><strong>CONSTANTINOPOLITANUM.</strong></span> 
     </span>
    </p>
   </div>
   <div class='ocr_carea' id='block_1_6' title="bbox 221 695 1803 765">
    <p class='ocr_par' dir='ltr' id='par_1_6' title="bbox 221 695 1803 765">
     <span class='ocr_line' id='line_1_6' title="bbox 221 695 1803 765; baseline -0.006 -10"><span class='ocrx_word' id='word_1_22' title='bbox 221 696 908 762; x_wconf 71' lang='lat' dir='ltr'><strong>SYNOPSIS.—Flavianum,</strong></span> <span class='ocrx_word' id='word_1_23' title='bbox 942 697 995 748; x_wconf 87' lang='lat' dir='ltr'><strong>in</strong></span> <span class='ocrx_word' id='word_1_24' title='bbox 1025 711 1173 765; x_wconf 84' lang='lat' dir='ltr'><strong>quem</strong></span> <span class='ocrx_word' id='word_1_25' title='bbox 1208 695 1480 749; x_wconf 77' lang='lat' dir='ltr'><strong>Dioscorus</strong></span> <span class='ocrx_word' id='word_1_26' title='bbox 1513 696 1803 749; x_wconf 72' lang='lat' dir='ltr'><strong>immaniter</strong></span> 
     </span>
    </p>
   </div>
   <div class='ocr_carea' id='block_1_7' title="bbox 280 767 1531 837">
    <p class='ocr_par' dir='ltr' id='par_1_7' title="bbox 280 767 1531 837">
     <span class='ocr_line' id='line_1_7' title="bbox 280 767 1531 837; baseline -0.005 -13"><span class='ocrx_word' id='word_1_27' title='bbox 280 773 535 835; x_wconf 73' lang='lat' dir='ltr'><strong>swvierat,</strong></span> <span class='ocrx_word' id='word_1_28' title='bbox 565 768 883 834; x_wconf 79' lang='lat' dir='ltr'><strong>consolatur,</strong></span> <span class='ocrx_word' id='word_1_29' title='bbox 912 767 1055 837; x_wconf 87' lang='lat' dir='ltr'><strong>eique</strong></span> <span class='ocrx_word' id='word_1_30' title='bbox 1083 782 1230 837; x_wconf 88' lang='lat' dir='ltr'><strong>opem</strong></span> <span class='ocrx_word' id='word_1_31' title='bbox 1260 767 1531 836; x_wconf 74' lang='lat' dir='ltr'><strong>promittit.</strong></span> 
     </span>
    </p>
   </div>
   <div class='ocr_carea' id='block_1_8' title="bbox 318 901 1693 975">
    <p class='ocr_par' dir='ltr' id='par_1_8' title="bbox 318 901 1693 975">
     <span class='ocr_line' id='line_1_8' title="bbox 318 901 1693 975; baseline -0.007 -12"><span class='ocrx_word' id='word_1_32' title='bbox 318 907 434 963; x_wconf 75' lang='lat' dir='ltr'><strong>Leo</strong></span> <span class='ocrx_word' id='word_1_33' title='bbox 476 905 748 962; x_wconf 76' lang='lat' dir='ltr'><strong>Fuvntno</strong></span> <span class='ocrx_word' id='word_1_34' title='bbox 794 905 1050 975; x_wconf 91' lang='lat' dir='ltr'><strong>episcopo</strong></span> <span class='ocrx_word' id='word_1_35' title='bbox 1069 901 1693 973; x_wconf 81' lang='lat' dir='ltr'><strong>Constantinopolitano.</strong></span> 
     </span>
    </p>
   </div>
   <div class='ocr_carea' id='block_1_9' title="bbox 284 1056 1800 1133">
    <p class='ocr_par' dir='ltr' id='par_1_9' title="bbox 284 1056 1800 1133">
     <span class='ocr_line' id='line_1_9' title="bbox 284 1056 1800 1133; baseline -0.005 -15"><span class='ocrx_word' id='word_1_36' title='bbox 284 1064 415 1131; x_wconf 90' lang='lat' dir='ltr'><strong>Quae</strong></span> <span class='ocrx_word' id='word_1_37' title='bbox 444 1070 500 1118; x_wconf 90' lang='lat' dir='ltr'><strong>et</strong></span> <span class='ocrx_word' id='word_1_38' title='bbox 529 1070 723 1133; x_wconf 90' lang='lat' dir='ltr'><strong>quanta</strong></span> <span class='ocrx_word' id='word_1_39' title='bbox 751 1061 967 1118; x_wconf 85' lang='lat' dir='ltr'><strong>dilectio</strong></span> <span class='ocrx_word' id='word_1_40' title='bbox 1010 1069 1098 1117; x_wconf 88' lang='lat' dir='ltr'><strong>tua</strong></span> <span class='ocrx_word' id='word_1_41' title='bbox 1133 1076 1229 1133; x_wconf 93' lang='lat' dir='ltr'><strong>pro</strong></span> <span class='ocrx_word' id='word_1_42' title='bbox 1258 1059 1536 1116; x_wconf 72' lang='lat' dir='ltr'><strong>catholicae</strong></span> <span class='ocrx_word' id='word_1_43' title='bbox 1560 1056 1684 1113; x_wconf 90' lang='lat' dir='ltr'><strong>ﬁdei</strong></span> <span class='ocrx_word' id='word_1_44' title='bbox 1706 1056 1800 1111; x_wconf 93' lang='lat' dir='ltr'><strong>de-</strong></span> 
     </span>
    </p>
   </div>
   <div class='ocr_carea' id='block_1_10' title="bbox 222 1150 1806 1223">
    <p class='ocr_par' dir='ltr' id='par_1_10' title="bbox 222 1150 1806 1223">
     <span class='ocr_line' id='line_1_10' title="bbox 222 1150 1806 1223; baseline -0.004 -12"><span class='ocrx_word' id='word_1_45' title='bbox 222 1155 461 1211; x_wconf 87' lang='lat' dir='ltr'><strong>fensione</strong></span> <span class='ocrx_word' id='word_1_46' title='bbox 516 1154 749 1223; x_wconf 89' lang='lat' dir='ltr'><strong>patiatur</strong></span> <span class='ocrx_word' id='word_1_47' title='bbox 774 1195 789 1221; x_wconf 95' lang='lat'><strong>,</strong></span> <span class='ocrx_word' id='word_1_48' title='bbox 824 1169 922 1223; x_wconf 88' lang='lat' dir='ltr'><strong>per</strong></span> <span class='ocrx_word' id='word_1_49' title='bbox 954 1155 1241 1209; x_wconf 89' lang='lat' dir='ltr'><strong>Diaconem</strong></span> <span class='ocrx_word' id='word_1_50' title='bbox 1277 1198 1291 1222; x_wconf 94' lang='lat'><strong>,</strong></span> <span class='ocrx_word' id='word_1_51' title='bbox 1339 1153 1427 1222; x_wconf 88' lang='lat' dir='ltr'><strong>qui</strong></span> <span class='ocrx_word' id='word_1_52' title='bbox 1480 1151 1549 1206; x_wconf 90' lang='lat' dir='ltr'><strong>ab</strong></span> <span class='ocrx_word' id='word_1_53' title='bbox 1592 1150 1806 1219; x_wconf 86' lang='lat' dir='ltr'><strong>Epheso</strong></span> 
     </span>
    </p>
   </div>
   <div class='ocr_carea' id='block_1_11' title="bbox 224 1241 1813 1317">
    <p class='ocr_par' dir='ltr' id='par_1_11' title="bbox 224 1241 1813 1317">
     <span class='ocr_line' id='line_1_11' title="bbox 224 1241 1813 1317; baseline -0.006 -14"><span class='ocrx_word' id='word_1_54' title='bbox 224 1248 400 1303; x_wconf 90' lang='lat' dir='ltr'><strong>furtim</strong></span> <span class='ocrx_word' id='word_1_55' title='bbox 429 1255 513 1301; x_wconf 92' lang='lat' dir='ltr'><strong>est</strong></span> <span class='ocrx_word' id='word_1_56' title='bbox 540 1248 778 1317; x_wconf 88' lang='lat' dir='ltr'><strong>elapsus,</strong></span> <span class='ocrx_word' id='word_1_57' title='bbox 803 1248 1139 1314; x_wconf 81' lang='lat' dir='ltr'><strong>agnovimus.</strong></span> <span class='ocrx_word' id='word_1_58' title='bbox 1187 1246 1256 1301; x_wconf 86' lang='lat' dir='ltr'><strong>Et</strong></span> <span class='ocrx_word' id='word_1_59' title='bbox 1307 1245 1436 1300; x_wconf 89' lang='lat' dir='ltr'><strong>licet</strong></span> <span class='ocrx_word' id='word_1_60' title='bbox 1498 1241 1813 1312; x_wconf 75' lang='lat' dir='ltr'><strong>magniﬁce-</strong></span> 
     </span>
    </p>
   </div>
   <div class='ocr_carea' id='block_1_12' title="bbox 222 1333 1810 1411">
    <p class='ocr_par' dir='ltr' id='par_1_12' title="bbox 222 1333 1810 1411">
     <span class='ocr_line' id='line_1_12' title="bbox 222 1333 1810 1411; baseline -0.004 -16"><span class='ocrx_word' id='word_1_61' title='bbox 222 1354 335 1395; x_wconf 87' lang='lat' dir='ltr'><strong>mus</strong></span> <span class='ocrx_word' id='word_1_62' title='bbox 369 1339 535 1411; x_wconf 72' lang='grc'><strong>932</strong></span> <span class='ocrx_word' id='word_1_63' title='bbox 576 1339 774 1407; x_wconf 90' lang='lat' dir='ltr'><strong>Deum,</strong></span> <span class='ocrx_word' id='word_1_64' title='bbox 801 1340 891 1410; x_wconf 91' lang='lat' dir='ltr'><strong>qui</strong></span> <span class='ocrx_word' id='word_1_65' title='bbox 933 1350 985 1395; x_wconf 90' lang='lat' dir='ltr'><strong>te</strong></span> <span class='ocrx_word' id='word_1_66' title='bbox 1013 1339 1198 1411; x_wconf 70' lang='lat' dir='ltr'><strong>gratiae</strong></span> <span class='ocrx_word' id='word_1_67' title='bbox 1229 1353 1340 1393; x_wconf 76' lang='lat' dir='ltr'><strong>suae</strong></span> <span class='ocrx_word' id='word_1_68' title='bbox 1367 1338 1567 1391; x_wconf 88' lang='lat' dir='ltr'><strong>virtute</strong></span> <span class='ocrx_word' id='word_1_69' title='bbox 1594 1333 1810 1389; x_wconf 88' lang='lat' dir='ltr'><strong>confor-</strong></span> 
     </span>
    </p>
   </div>
   <div class='ocr_carea' id='block_1_13' title="bbox 226 1427 1811 1500">
    <p class='ocr_par' dir='ltr' id='par_1_13' title="bbox 226 1427 1811 1500">
     <span class='ocr_line' id='line_1_13' title="bbox 226 1427 1811 1500; baseline -0.003 -15"><span class='ocrx_word' id='word_1_70' title='bbox 226 1441 317 1500; x_wconf 73' lang='lat' dir='ltr'><strong>lat,</strong></span> <span class='ocrx_word' id='word_1_71' title='bbox 351 1446 578 1487; x_wconf 89' lang='lat' dir='ltr'><strong>necesse</strong></span> <span class='ocrx_word' id='word_1_72' title='bbox 609 1442 691 1486; x_wconf 91' lang='lat' dir='ltr'><strong>est</strong></span> <span class='ocrx_word' id='word_1_73' title='bbox 714 1442 889 1487; x_wconf 90' lang='lat' dir='ltr'><strong>tamen</strong></span> <span class='ocrx_word' id='word_1_74' title='bbox 918 1445 1017 1487; x_wconf 90' lang='lat' dir='ltr'><strong>nos</strong></span> <span class='ocrx_word' id='word_1_75' title='bbox 1058 1431 1245 1487; x_wconf 86' lang='lat' dir='ltr'><strong>dolere</strong></span> <span class='ocrx_word' id='word_1_76' title='bbox 1265 1444 1451 1485; x_wconf 89' lang='lat' dir='ltr'><strong>eorum</strong></span> <span class='ocrx_word' id='word_1_77' title='bbox 1482 1427 1687 1490; x_wconf 88' lang='lat' dir='ltr'><strong>ruinas,</strong></span> <span class='ocrx_word' id='word_1_78' title='bbox 1714 1440 1811 1495; x_wconf 90' lang='lat' dir='ltr'><strong>per</strong></span> 
     </span>
    </p>
   </div>
   <div class='ocr_carea' id='block_1_14' title="bbox 222 1517 1814 1595">
    <p class='ocr_par' dir='ltr' id='par_1_14' title="bbox 222 1517 1814 1595">
     <span class='ocr_line' id='line_1_14' title="bbox 222 1517 1814 1595; baseline -0.004 -18"><span class='ocrx_word' id='word_1_79' title='bbox 222 1538 352 1594; x_wconf 87' lang='lat' dir='ltr'><strong>quos</strong></span> <span class='ocrx_word' id='word_1_80' title='bbox 384 1522 587 1579; x_wconf 89' lang='lat' dir='ltr'><strong>veritas</strong></span> <span class='ocrx_word' id='word_1_81' title='bbox 617 1523 979 1595; x_wconf 80' lang='lat' dir='ltr'><strong>impugnatur,</strong></span> <span class='ocrx_word' id='word_1_82' title='bbox 1007 1533 1062 1580; x_wconf 91' lang='lat' dir='ltr'><strong>et</strong></span> <span class='ocrx_word' id='word_1_83' title='bbox 1082 1523 1200 1595; x_wconf 84' lang='lat' dir='ltr'><strong>ipsa</strong></span> <span class='ocrx_word' id='word_1_84' title='bbox 1225 1524 1387 1578; x_wconf 85' lang='lat' dir='ltr'><strong>totius</strong></span> <span class='ocrx_word' id='word_1_85' title='bbox 1411 1518 1668 1576; x_wconf 86' lang='lat' dir='ltr'><strong>Ecclesiae</strong></span> <span class='ocrx_word' id='word_1_86' title='bbox 1693 1517 1814 1572; x_wconf 89' lang='lat' dir='ltr'><strong>fun-</strong></span> 
     </span>
    </p>
   </div>
   <div class='ocr_carea' id='block_1_15' title="bbox 3390 366 3493 421">
    <p class='ocr_par' dir='ltr' id='par_1_15' title="bbox 3390 366 3493 421">
     <span class='ocr_line' id='line_1_15' title="bbox 3390 366 3493 421; baseline 0 -1"><span class='ocrx_word' id='word_1_87' title='bbox 3390 366 3493 421; x_wconf 68' lang='grc'><strong>812</strong></span> 
     </span>
    </p>
   </div>
   <div class='ocr_carea' id='block_1_16' title="bbox 1910 573 3497 653">
    <p class='ocr_par' dir='ltr' id='par_1_16' title="bbox 1910 573 3497 653">
     <span class='ocr_line' id='line_1_16' title="bbox 1910 573 3497 653; baseline -0.006 -14"><span class='ocrx_word' id='word_1_88' title='bbox 1910 599 2004 653; x_wconf 89' lang='lat' dir='ltr'><strong>per</strong></span> <span class='ocrx_word' id='word_1_89' title='bbox 2025 582 2136 637; x_wconf 89' lang='lat' dir='ltr'><strong>suis</strong></span> <span class='ocrx_word' id='word_1_90' title='bbox 2158 577 2521 636; x_wconf 88' lang='lat' dir='ltr'><strong>necessarium</strong></span> <span class='ocrx_word' id='word_1_91' title='bbox 2552 584 2769 645; x_wconf 70' lang='lat' dir='ltr'><strong>praestat</strong></span> <span class='ocrx_word' id='word_1_92' title='bbox 2816 573 3096 639; x_wconf 81' lang='lat' dir='ltr'><strong>auxilium,</strong></span> <span class='ocrx_word' id='word_1_93' title='bbox 3151 573 3292 629; x_wconf 85' lang='lat' dir='ltr'><strong>scire</strong></span> <span class='ocrx_word' id='word_1_94' title='bbox 3334 573 3497 631; x_wconf 85' lang='lat' dir='ltr'><strong>debet</strong></span> 
     </span>
    </p>
   </div>
   <div class='ocr_carea' id='block_1_17' title="bbox 1909 663 3491 738">
    <p class='ocr_par' dir='ltr' id='par_1_17' title="bbox 1909 663 3491 738">
     <span class='ocr_line' id='line_1_17' title="bbox 1909 663 3491 738; baseline -0.007 -9"><span class='ocrx_word' id='word_1_95' title='bbox 1909 674 2217 730; x_wconf 80' lang='lat' dir='ltr'><strong>fraternitas</strong></span> <span class='ocrx_word' id='word_1_96' title='bbox 2249 681 2357 737; x_wconf 88' lang='lat' dir='ltr'><strong>tua,</strong></span> <span class='ocrx_word' id='word_1_97' title='bbox 2392 684 2490 724; x_wconf 92' lang='lat' dir='ltr'><strong>nos</strong></span> <span class='ocrx_word' id='word_1_98' title='bbox 2514 683 2609 738; x_wconf 90' lang='lat' dir='ltr'><strong>pro</strong></span> <span class='ocrx_word' id='word_1_99' title='bbox 2636 664 2911 723; x_wconf 89' lang='lat' dir='ltr'><strong>communi</strong></span> <span class='ocrx_word' id='word_1_100' title='bbox 2937 678 3097 719; x_wconf 89' lang='lat' dir='ltr'><strong>causa</strong></span> <span class='ocrx_word' id='word_1_101' title='bbox 3119 663 3252 718; x_wconf 90' lang='lat' dir='ltr'><strong>nihil</strong></span> <span class='ocrx_word' id='word_1_102' title='bbox 3276 680 3491 727; x_wconf 87' lang='lat' dir='ltr'><strong>eorum,</strong></span> 
     </span>
    </p>
   </div>
   <div class='ocr_carea' id='block_1_18' title="bbox 1908 753 3492 838">
    <p class='ocr_par' dir='ltr' id='par_1_18' title="bbox 1908 753 3492 838">
     <span class='ocr_line' id='line_1_18' title="bbox 1908 753 3492 838; baseline -0.009 -17"><span class='ocrx_word' id='word_1_103' title='bbox 1908 782 2027 838; x_wconf 73' lang='lat' dir='ltr'><strong>qua:</strong></span> <span class='ocrx_word' id='word_1_104' title='bbox 2079 762 2281 835; x_wconf 80' lang='lat' dir='ltr'><strong>agenda</strong></span> <span class='ocrx_word' id='word_1_105' title='bbox 2316 770 2474 826; x_wconf 87' lang='lat' dir='ltr'><strong>sunt,</strong></span> <span class='ocrx_word' id='word_1_106' title='bbox 2524 758 2850 829; x_wconf 63' lang='lat' dir='ltr'><strong>praeterire:</strong></span> <span class='ocrx_word' id='word_1_107' title='bbox 2892 763 2952 810; x_wconf 92' lang='lat' dir='ltr'><strong>ut</strong></span> <span class='ocrx_word' id='word_1_108' title='bbox 2997 753 3241 824; x_wconf 85' lang='lat' dir='ltr'><strong>primitus</strong></span> <span class='ocrx_word' id='word_1_109' title='bbox 3288 754 3355 807; x_wconf 90' lang='lat' dir='ltr'><strong>ad</strong></span> <span class='ocrx_word' id='word_1_110' title='bbox 3405 769 3492 821; x_wconf 88' lang='lat' dir='ltr'><strong>ea,</strong></span> 
     </span>
    </p>
   </div>
   <div class='ocr_carea' id='block_1_19' title="bbox 1909 846 3495 930">
    <p class='ocr_par' dir='ltr' id='par_1_19' title="bbox 1909 846 3495 930">
     <span class='ocr_line' id='line_1_19' title="bbox 1909 846 3495 930; baseline -0.01 -17"><span class='ocrx_word' id='word_1_111' title='bbox 1909 873 2031 930; x_wconf 68' lang='lat' dir='ltr'><strong>quae</strong></span> <span class='ocrx_word' id='word_1_112' title='bbox 2062 853 2399 911; x_wconf 84' lang='lat' dir='ltr'><strong>universitati</strong></span> <span class='ocrx_word' id='word_1_113' title='bbox 2427 850 2664 905; x_wconf 90' lang='lat' dir='ltr'><strong>ﬁdelium</strong></span> <span class='ocrx_word' id='word_1_114' title='bbox 2690 848 2916 918; x_wconf 90' lang='lat' dir='ltr'><strong>prosint,</strong></span> <span class='ocrx_word' id='word_1_115' title='bbox 2957 846 3239 916; x_wconf 81' lang='lat' dir='ltr'><strong>pervenire</strong></span> <span class='ocrx_word' id='word_1_116' title='bbox 3286 861 3495 901; x_wconf 83' lang='lat' dir='ltr'><strong>nterea-</strong></span> 
     </span>
    </p>
   </div>
   <div class='ocr_carea' id='block_1_20' title="bbox 1912 937 3496 1016">
    <p class='ocr_par' dir='ltr' id='par_1_20' title="bbox 1912 937 3496 1016">
     <span class='ocr_line' id='line_1_20' title="bbox 1912 937 3496 1016; baseline -0.009 -11"><span class='ocrx_word' id='word_1_117' title='bbox 1912 966 2052 1005; x_wconf 90' lang='lat' dir='ltr'><strong>mur.</strong></span> <span class='ocrx_word' id='word_1_118' title='bbox 2090 959 2111 987; x_wconf 77' lang='grc' dir='ltr'><strong>ο</strong></span> <span class='ocrx_word' id='word_1_119' title='bbox 2145 946 2406 1016; x_wconf 84' lang='lat' dir='ltr'><strong>Superest</strong></span> <span class='ocrx_word' id='word_1_120' title='bbox 2431 954 2486 997; x_wconf 89' lang='lat' dir='ltr'><strong>ut</strong></span> <span class='ocrx_word' id='word_1_121' title='bbox 2510 940 2720 997; x_wconf 90' lang='lat' dir='ltr'><strong>fortiter</strong></span> <span class='ocrx_word' id='word_1_122' title='bbox 2742 941 2953 994; x_wconf 89' lang='lat' dir='ltr'><strong>interim</strong></span> <span class='ocrx_word' id='word_1_123' title='bbox 2986 939 3203 994; x_wconf 86' lang='lat' dir='ltr'><strong>dilectio</strong></span> <span class='ocrx_word' id='word_1_124' title='bbox 3237 947 3324 992; x_wconf 88' lang='lat' dir='ltr'><strong>tua</strong></span> <span class='ocrx_word' id='word_1_125' title='bbox 3370 937 3496 991; x_wconf 86' lang='lat' dir='ltr'><strong>tole-</strong></span> 
     </span>
    </p>
   </div>
   <div class='ocr_carea' id='block_1_21' title="bbox 1912 1031 3497 1111">
    <p class='ocr_par' dir='ltr' id='par_1_21' title="bbox 1912 1031 3497 1111">
     <span class='ocr_line' id='line_1_21' title="bbox 1912 1031 3497 1111; baseline -0.01 -12"><span class='ocrx_word' id='word_1_126' title='bbox 1912 1054 2013 1110; x_wconf 87' lang='lat' dir='ltr'><strong>ret,</strong></span> <span class='ocrx_word' id='word_1_127' title='bbox 2045 1056 2163 1111; x_wconf 68' lang='lat' dir='ltr'><strong>quae</strong></span> <span class='ocrx_word' id='word_1_128' title='bbox 2189 1039 2290 1093; x_wconf 89' lang='lat' dir='ltr'><strong>sibi</strong></span> <span class='ocrx_word' id='word_1_129' title='bbox 2317 1038 2384 1091; x_wconf 86' lang='lat' dir='ltr'><strong>ad</strong></span> <span class='ocrx_word' id='word_1_130' title='bbox 2409 1044 2664 1089; x_wconf 66' lang='lat' dir='ltr'><strong>aeternam</strong></span> <span class='ocrx_word' id='word_1_131' title='bbox 2696 1033 2920 1103; x_wconf 85' lang='lat' dir='ltr'><strong>gloriam</strong></span> <span class='ocrx_word' id='word_1_132' title='bbox 2953 1048 3057 1085; x_wconf 90' lang='lat' dir='ltr'><strong>non</strong></span> <span class='ocrx_word' id='word_1_133' title='bbox 3086 1031 3293 1086; x_wconf 84' lang='lat' dir='ltr'><strong>dubitat</strong></span> <span class='ocrx_word' id='word_1_134' title='bbox 3316 1032 3497 1099; x_wconf 44' lang='lat' dir='ltr'><strong>prolu‘</strong></span> 
     </span>
    </p>
   </div>
   <div class='ocr_carea' id='block_1_22' title="bbox 1914 1124 3495 1193">
    <p class='ocr_par' dir='ltr' id='par_1_22' title="bbox 1914 1124 3495 1193">
     <span class='ocr_line' id='line_1_22' title="bbox 1914 1124 3495 1193; baseline -0.009 -2"><span class='ocrx_word' id='word_1_135' title='bbox 1914 1145 2053 1191; x_wconf 89' lang='lat' dir='ltr'><strong>tura.</strong></span> <span class='ocrx_word' id='word_1_136' title='bbox 2094 1131 2334 1188; x_wconf 85' lang='lat' dir='ltr'><strong>Perlator</strong></span> <span class='ocrx_word' id='word_1_137' title='bbox 2360 1143 2492 1183; x_wconf 86' lang='lat' dir='ltr'><strong>sane</strong></span> <span class='ocrx_word' id='word_1_138' title='bbox 2531 1126 2711 1181; x_wconf 88' lang='lat' dir='ltr'><strong>brevis</strong></span> <span class='ocrx_word' id='word_1_139' title='bbox 2749 1124 2905 1192; x_wconf 82' lang='lat' dir='ltr'><strong>hujus</strong></span> <span class='ocrx_word' id='word_1_140' title='bbox 2928 1124 3171 1193; x_wconf 68' lang='lat' dir='ltr'><strong>epistolae</strong></span> <span class='ocrx_word' id='word_1_141' title='bbox 3206 1124 3343 1178; x_wconf 85' lang='lat' dir='ltr'><strong>ﬁdeli</strong></span> <span class='ocrx_word' id='word_1_142' title='bbox 3378 1138 3495 1177; x_wconf 83' lang='lat' dir='ltr'><strong>ser-</strong></span> 
     </span>
    </p>
   </div>
   <div class='ocr_carea' id='block_1_23' title="bbox 1915 1216 3494 1297">
    <p class='ocr_par' dir='ltr' id='par_1_23' title="bbox 1915 1216 3494 1297">
     <span class='ocr_line' id='line_1_23' title="bbox 1915 1216 3494 1297; baseline -0.009 -13"><span class='ocrx_word' id='word_1_143' title='bbox 1915 1244 2075 1284; x_wconf 91' lang='lat' dir='ltr'><strong>mone</strong></span> <span class='ocrx_word' id='word_1_144' title='bbox 2115 1225 2313 1297; x_wconf 86' lang='lat' dir='ltr'><strong>poterit</strong></span> <span class='ocrx_word' id='word_1_145' title='bbox 2349 1236 2626 1287; x_wconf 84' lang='lat' dir='ltr'><strong>enarrare,</strong></span> <span class='ocrx_word' id='word_1_146' title='bbox 2662 1218 2919 1290; x_wconf 84' lang='lat' dir='ltr'><strong>quidquid</strong></span> <span class='ocrx_word' id='word_1_147' title='bbox 2946 1218 3076 1272; x_wconf 90' lang='lat' dir='ltr'><strong>illud</strong></span> <span class='ocrx_word' id='word_1_148' title='bbox 3102 1227 3204 1282; x_wconf 91' lang='lat' dir='ltr'><strong>est,</strong></span> <span class='ocrx_word' id='word_1_149' title='bbox 3233 1217 3299 1271; x_wconf 90' lang='lat' dir='ltr'><strong>ad</strong></span> <span class='ocrx_word' id='word_1_150' title='bbox 3328 1216 3494 1286; x_wconf 88' lang='lat' dir='ltr'><strong>quod,</strong></span> 
     </span>
    </p>
   </div>
   <div class='ocr_carea' id='block_1_24' title="bbox 1916 1312 3495 1393">
    <p class='ocr_par' dir='ltr' id='par_1_24' title="bbox 1916 1312 3495 1393">
     <span class='ocr_line' id='line_1_24' title="bbox 1916 1312 3495 1393; baseline -0.011 -13"><span class='ocrx_word' id='word_1_151' title='bbox 1916 1324 2204 1393; x_wconf 88' lang='lat' dir='ltr'><strong>adjuvante</strong></span> <span class='ocrx_word' id='word_1_152' title='bbox 2245 1319 2494 1381; x_wconf 89' lang='lat' dir='ltr'><strong>Domino,</strong></span> <span class='ocrx_word' id='word_1_153' title='bbox 2552 1314 2728 1369; x_wconf 88' lang='lat' dir='ltr'><strong>studio</strong></span> <span class='ocrx_word' id='word_1_154' title='bbox 2761 1312 2887 1368; x_wconf 90' lang='lat' dir='ltr'><strong>ﬁdei</strong></span> <span class='ocrx_word' id='word_1_155' title='bbox 2912 1323 2966 1367; x_wconf 89' lang='lat' dir='ltr'><strong>et</strong></span> <span class='ocrx_word' id='word_1_156' title='bbox 2998 1312 3274 1366; x_wconf 84' lang='lat' dir='ltr'><strong>charitatis</strong></span> <span class='ocrx_word' id='word_1_157' title='bbox 3314 1313 3495 1365; x_wconf 85' lang='lat' dir='ltr'><strong>inten-</strong></span> 
     </span>
    </p>
   </div>
   <div class='ocr_carea' id='block_1_25' title="bbox 1916 1405 3497 1473">
    <p class='ocr_par' dir='ltr' id='par_1_25' title="bbox 1916 1405 3497 1473">
     <span class='ocr_line' id='line_1_25' title="bbox 1916 1405 3497 1473; baseline -0.009 -2"><span class='ocrx_word' id='word_1_158' title='bbox 1916 1417 2115 1472; x_wconf 80' lang='lat' dir='ltr'><strong>dimus.</strong></span> <span class='ocrx_word' id='word_1_159' title='bbox 2144 1406 2387 1467; x_wconf 72' lang='lat' dir='ltr'><strong>Datadin</strong></span> <span class='ocrx_word' id='word_1_160' title='bbox 2410 1407 2529 1463; x_wconf 87' lang='lat' dir='ltr'><strong>idus</strong></span> <span class='ocrx_word' id='word_1_161' title='bbox 2558 1405 2823 1473; x_wconf 86' lang='lat' dir='ltr'><strong>Octobris,</strong></span> <span class='ocrx_word' id='word_1_162' title='bbox 2874 1405 3093 1459; x_wconf 75' lang='lat' dir='ltr'><strong>Asturio</strong></span> <span class='ocrx_word' id='word_1_163' title='bbox 3120 1413 3173 1458; x_wconf 90' lang='lat' dir='ltr'><strong>et</strong></span> <span class='ocrx_word' id='word_1_164' title='bbox 3200 1405 3497 1473; x_wconf 78' lang='lat' dir='ltr'><strong>Protogene</strong></span> 
     </span>
    </p>
   </div>
   <div class='ocr_carea' id='block_1_26' title="bbox 1921 1498 2748 1563">
    <p class='ocr_par' dir='ltr' id='par_1_26' title="bbox 1921 1498 2748 1563">
     <span class='ocr_line' id='line_1_26' title="bbox 1921 1498 2748 1563; baseline -0.01 0"><span class='ocrx_word' id='word_1_165' title='bbox 1921 1509 2049 1563; x_wconf 79' lang='lat' dir='ltr'><strong>viris</strong></span> <span class='ocrx_word' id='word_1_166' title='bbox 2078 1502 2395 1563; x_wconf 84' lang='lat' dir='ltr'><strong>clarissimis</strong></span> <span class='ocrx_word' id='word_1_167' title='bbox 2417 1498 2748 1556; x_wconf 89' lang='lat' dir='ltr'><strong>consulibus.</strong></span> 
     </span>
    </p>
   </div>
   <div class='ocr_carea' id='block_1_27' title="bbox 1619 1624 2111 1691">
    <p class='ocr_par' dir='ltr' id='par_1_27' title="bbox 1619 1624 2111 1691">
     <span class='ocr_line' id='line_1_27' title="bbox 1619 1624 2111 1691; baseline -0.022 0"><span class='ocrx_word' id='word_1_168' title='bbox 1619 1629 1954 1691; x_wconf 75' lang='lat' dir='ltr'><strong>EPISTULA</strong></span> <span class='ocrx_word' id='word_1_169' title='bbox 1995 1636 2016 1664; x_wconf 75' lang='grc' dir='ltr'><strong>θ</strong></span> <span class='ocrx_word' id='word_1_170' title='bbox 2050 1624 2111 1680; x_wconf 85' lang='lat' dir='ltr'><strong>L.</strong></span> 
     </span>
    </p>
   </div>
   <div class='ocr_carea' id='block_1_28' title="bbox 533 1725 1809 1800">
    <p class='ocr_par' dir='ltr' id='par_1_28' title="bbox 533 1734 1809 1800">
     <span class='ocr_line' id='line_1_28' title="bbox 533 1734 1809 1800; baseline -0.009 -8"><span class='ocrx_word' id='word_1_171' title='bbox 533 1734 552 1773; x_wconf 69' lang='grc' dir='ltr'>τ</span> <span class='ocrx_word' id='word_1_172' title='bbox 585 1753 653 1792; x_wconf 76' lang='lat' dir='ltr'><strong>AD</strong></span> <span class='ocrx_word' id='word_1_173' title='bbox 708 1748 1374 1800; x_wconf 70' lang='lat' dir='ltr'><strong>consnnrinoeounnos,</strong></span> <span class='ocrx_word' id='word_1_174' title='bbox 1428 1749 1531 1788; x_wconf 75' lang='lat' dir='ltr'><strong>pett</strong></span> <span class='ocrx_word' id='word_1_175' title='bbox 1555 1744 1809 1786; x_wconf 76' lang='lat' dir='ltr'><strong>EPIPHANII</strong></span> 
     </span>
    </p>
   </div>
   <div class='ocr_carea' id='block_1_29' title="bbox 1923 1725 3174 1800">
    <p class='ocr_par' dir='ltr' id='par_1_29' title="bbox 1923 1725 3174 1777">
     <span class='ocr_line' id='line_1_29' title="bbox 1923 1725 3174 1777; baseline -0.013 0"><span class='ocrx_word' id='word_1_176' title='bbox 1923 1738 1972 1777; x_wconf 72' lang='grc' dir='ltr'><strong>ΞΤ</strong></span> <span class='ocrx_word' id='word_1_177' title='bbox 1996 1733 2273 1775; x_wconf 70' lang='grc' dir='ltr'><strong>υιοιιιιειυιι</strong></span> <span class='ocrx_word' id='word_1_178' title='bbox 2316 1731 2543 1772; x_wconf 68' lang='grc' dir='ltr'><strong>ΒΟΙΔΝιΕ</strong></span> <span class='ocrx_word' id='word_1_179' title='bbox 2585 1725 2849 1770; x_wconf 64' lang='grc' dir='ltr'>Εεοιεειε</span> <span class='ocrx_word' id='word_1_180' title='bbox 2892 1725 3174 1765; x_wconf 70' lang='grc' dir='ltr'><strong>Νοτλιιιυιι.</strong></span> 
     </span>
    </p>
   </div>
   <div class='ocr_carea' id='block_1_30' title="bbox 225 1802 3498 1899">
    <p class='ocr_par' dir='ltr' id='par_1_30' title="bbox 225 1802 3498 1899">
     <span class='ocr_line' id='line_1_30' title="bbox 225 1802 3498 1899; baseline -0.008 -15"><span class='ocrx_word' id='word_1_181' title='bbox 225 1824 571 1884; x_wconf 69' lang='lat' dir='ltr'><strong>SHOPSIS.—</strong></span> <span class='ocrx_word' id='word_1_182' title='bbox 598 1828 639 1883; x_wconf 91' lang='lat' dir='ltr'><strong>l.</strong></span> <span class='ocrx_word' id='word_1_183' title='bbox 670 1827 795 1883; x_wconf 82' lang='lat' dir='ltr'><strong>Post</strong></span> <span class='ocrx_word' id='word_1_184' title='bbox 823 1829 1276 1899; x_wconf 13' lang='lat' dir='ltr'><strong>pseudosynoduﬁm</strong></span> <span class='ocrx_word' id='word_1_185' title='bbox 1301 1823 1858 1899; x_wconf 52' lang='lat' dir='ltr'><strong>Ephesmamliortatur</strong></span> <span class='ocrx_word' id='word_1_186' title='bbox 1888 1808 2485 1899; x_wconf 61' lang='lat' dir='ltr'><strong>Gottstantittqpolitanos</strong></span> <span class='ocrx_word' id='word_1_187' title='bbox 2515 1818 2567 1862; x_wconf 91' lang='lat' dir='ltr'><strong>ut</strong></span> <span class='ocrx_word' id='word_1_188' title='bbox 2595 1807 2716 1877; x_wconf 83' lang='lat' dir='ltr'><strong>ﬁdei</strong></span> <span class='ocrx_word' id='word_1_189' title='bbox 2738 1816 2781 1858; x_wconf 85' lang='lat' dir='ltr'><strong>et</strong></span> <span class='ocrx_word' id='word_1_190' title='bbox 2806 1803 3058 1857; x_wconf 82' lang='lat' dir='ltr'><strong>Flaviano</strong></span> <span class='ocrx_word' id='word_1_191' title='bbox 3080 1802 3395 1857; x_wconf 77' lang='lat' dir='ltr'><strong>adhwreaut.</strong></span> <span class='ocrx_word' id='word_1_192' title='bbox 3429 1834 3498 1849; x_wconf 58' lang='grc' dir='ltr'><strong>-κ</strong></span> 
     </span>
    </p>
   </div>
   <div class='ocr_carea' id='block_1_31' title="bbox 1187 1883 2525 1956">
    <p class='ocr_par' dir='ltr' id='par_1_31' title="bbox 1187 1883 2525 1956">
     <span class='ocr_line' id='line_1_31' title="bbox 1187 1883 2525 1956; baseline -0.013 -3"><span class='ocrx_word' id='word_1_193' title='bbox 1187 1898 1249 1953; x_wconf 83' lang='lat' dir='ltr'><strong>Il.</strong></span> <span class='ocrx_word' id='word_1_194' title='bbox 1284 1883 1592 1952; x_wconf 70' lang='lat' dir='ltr'><strong>Cdnsolatur</strong></span> <span class='ocrx_word' id='word_1_195' title='bbox 1616 1896 1676 1947; x_wconf 89' lang='lat' dir='ltr'><strong>de</strong></span> <span class='ocrx_word' id='word_1_196' title='bbox 1705 1888 1947 1946; x_wconf 83' lang='lat' dir='ltr'><strong>Flaviani</strong></span> <span class='ocrx_word' id='word_1_197' title='bbox 1972 1886 2167 1956; x_wconf 87' lang='lat' dir='ltr'><strong>injusta</strong></span> <span class='ocrx_word' id='word_1_198' title='bbox 2193 1883 2525 1949; x_wconf 83' lang='lat' dir='ltr'><strong>depositione.</strong></span> 
     </span>
    </p>
   </div>
   <div class='ocr_carea' id='block_1_32' title="bbox 226 1995 1809 2087">
    <p class='ocr_par' dir='ltr' id='par_1_32' title="bbox 226 2013 1797 2087">
     <span class='ocr_line' id='line_1_32' title="bbox 226 2013 1797 2087; baseline -0.006 -14"><span class='ocrx_word' id='word_1_199' title='bbox 226 2018 331 2074; x_wconf 77' lang='lat' dir='ltr'><strong>Leo</strong></span> <span class='ocrx_word' id='word_1_200' title='bbox 353 2017 645 2087; x_wconf 71' lang='lat' dir='ltr'><strong>episc0pus</strong></span> <span class='ocrx_word' id='word_1_201' title='bbox 674 2026 729 2073; x_wconf 92' lang='lat' dir='ltr'><strong>et</strong></span> <span class='ocrx_word' id='word_1_202' title='bbox 756 2026 939 2073; x_wconf 90' lang='lat' dir='ltr'><strong>sancta</strong></span> <span class='ocrx_word' id='word_1_203' title='bbox 968 2018 1211 2074; x_wconf 72' lang='lat' dir='ltr'><strong>Srnoous</strong></span> <span class='ocrx_word' id='word_1_204' title='bbox 1237 2033 1355 2087; x_wconf 78' lang='lat' dir='ltr'><strong>quae</strong></span> <span class='ocrx_word' id='word_1_205' title='bbox 1388 2018 1438 2070; x_wconf 89' lang='lat' dir='ltr'><strong>in</strong></span> <span class='ocrx_word' id='word_1_206' title='bbox 1474 2014 1603 2068; x_wconf 80' lang='lat' dir='ltr'><strong>urbe</strong></span> <span class='ocrx_word' id='word_1_207' title='bbox 1630 2013 1797 2087; x_wconf 78' lang='lat' dir='ltr'><strong>Roma</strong></span> 
     </span>
    </p>
   </div>
   <div class='ocr_carea' id='block_1_33' title="bbox 1923 1995 3497 2087">
    <p class='ocr_par' dir='ltr' id='par_1_33' title="bbox 1923 1995 3497 2087">
     <span class='ocr_line' id='line_1_33' title="bbox 1923 1995 3497 2087; baseline -0.006 -25"><span class='ocrx_word' id='word_1_208' title='bbox 1923 2008 2040 2063; x_wconf 53' lang='grc' dir='ltr'>λέων</span> <span class='ocrx_word' id='word_1_209' title='bbox 2079 2007 2375 2087; x_wconf 54' lang='grc' dir='ltr'>ἐπίσκοποί,</span> <span class='ocrx_word' id='word_1_210' title='bbox 2408 2004 2494 2056; x_wconf 81' lang='grc' dir='ltr'><strong>καί</strong></span> <span class='ocrx_word' id='word_1_211' title='bbox 2525 2002 2555 2059; x_wconf 80' lang='grc' dir='ltr'>ἡ</span> <span class='ocrx_word' id='word_1_212' title='bbox 2584 1999 2706 2071; x_wconf 80' lang='grc' dir='ltr'>ἁγία</span> <span class='ocrx_word' id='word_1_213' title='bbox 2736 1996 2946 2087; x_wconf 58' lang='grc' dir='ltr'>σένοδος</span> <span class='ocrx_word' id='word_1_214' title='bbox 2974 1998 3003 2055; x_wconf 82' lang='grc' dir='ltr'>ἡ</span> <span class='ocrx_word' id='word_1_215' title='bbox 3032 1995 3082 2050; x_wconf 85' lang='grc' dir='ltr'>ἐν</span> <span class='ocrx_word' id='word_1_216' title='bbox 3112 2006 3174 2068; x_wconf 80' lang='grc' dir='ltr'><strong>τῇ</strong></span> <span class='ocrx_word' id='word_1_217' title='bbox 3202 1997 3345 2087; x_wconf 79' lang='grc' dir='ltr'>πόλει</span> <span class='ocrx_word' id='word_1_218' title='bbox 3379 2011 3497 2053; x_wconf 77' lang='grc' dir='ltr'><strong>Ῥω-</strong></span> 
     </span>
    </p>
   </div>
   <div class='ocr_carea' id='block_1_34' title="bbox 289 2085 1802 2157">
    <p class='ocr_par' dir='ltr' id='par_1_34' title="bbox 289 2085 1802 2157">
     <span class='ocr_line' id='line_1_34' title="bbox 289 2085 1802 2157; baseline -0.003 -16"><span class='ocrx_word' id='word_1_219' title='bbox 289 2085 562 2154; x_wconf 75' lang='lat' dir='ltr'><strong>convenit,</strong></span> <span class='ocrx_word' id='word_1_220' title='bbox 607 2090 784 2154; x_wconf 91' lang='lat' dir='ltr'><strong>clero,</strong></span> <span class='ocrx_word' id='word_1_221' title='bbox 833 2089 1136 2153; x_wconf 85' lang='lat' dir='ltr'><strong>honoratis,</strong></span> <span class='ocrx_word' id='word_1_222' title='bbox 1188 2085 1432 2157; x_wconf 40' lang='lat' dir='ltr'><strong>et‘plebi</strong></span> <span class='ocrx_word' id='word_1_223' title='bbox 1489 2085 1802 2140; x_wconf 86' lang='lat' dir='ltr'><strong>consistenti</strong></span> 
     </span>
    </p>
   </div>
   <div class='ocr_carea' id='block_1_35' title="bbox 288 2157 1800 2286">
    <p class='ocr_par' dir='ltr' id='par_1_35' title="bbox 288 2157 1800 2286">
     <span class='ocr_line' id='line_1_35' title="bbox 288 2157 1800 2285; baseline -0.005 -70"><span class='ocrx_word' id='word_1_224' title='bbox 288 2160 750 2285; x_wconf 64' lang='lat' dir='ltr'><strong>Colustantinopoli</strong></span> <span class='ocrx_word' id='word_1_225' title='bbox 784 2203 799 2228; x_wconf 91' lang='lat'><strong>,</strong></span> <span class='ocrx_word' id='word_1_226' title='bbox 848 2160 1257 2216; x_wconf 70' lang='lat' dir='ltr'><strong>8dilectissimis</strong></span> <span class='ocrx_word' id='word_1_227' title='bbox 1305 2160 1425 2213; x_wconf 85' lang='lat' dir='ltr'><strong>liliis</strong></span> <span class='ocrx_word' id='word_1_228' title='bbox 1471 2159 1524 2211; x_wconf 88' lang='lat' dir='ltr'><strong>in</strong></span> <span class='ocrx_word' id='word_1_229' title='bbox 1573 2157 1800 2210; x_wconf 87' lang='lat' dir='ltr'><strong>Domino</strong></span> 
     </span>
     <span class='ocr_line' id='line_1_36' title="bbox 290 2240 541 2286; baseline -0.004 -1"><span class='ocrx_word' id='word_1_230' title='bbox 290 2245 344 2285; x_wconf 89' lang='lat' dir='ltr'><strong>sa</strong></span> <span class='ocrx_word' id='word_1_231' title='bbox 369 2240 541 2286; x_wconf 86' lang='lat' dir='ltr'><strong>utent.</strong></span> 
     </span>
    </p>
   </div>
   <div class='ocr_carea' id='block_1_36' title="bbox 290 2245 541 2285">
    <p class='ocr_par' dir='ltr' id='par_1_36' title="bbox 290 2245 541 2285">
     <span class='ocr_line' id='line_1_37' title="bbox 290 2245 541 2285; baseline 0 0"><span class='ocrx_word' id='word_1_232' title='bbox 290 2245 541 2285; x_wconf 82' lang='lat' dir='ltr'><strong>salutent.</strong></span> 
     </span>
    </p>
   </div>
   <div class='ocr_carea' id='block_1_37' title="bbox 292 2342 1807 2414">
    <p class='ocr_par' dir='ltr' id='par_1_37' title="bbox 292 2342 1807 2414">
     <span class='ocr_line' id='line_1_38' title="bbox 292 2342 1807 2414; baseline -0.003 -14"><span class='ocrx_word' id='word_1_233' title='bbox 292 2345 421 2400; x_wconf 68' lang='lat' dir='ltr'><strong>Car.</strong></span> <span class='ocrx_word' id='word_1_234' title='bbox 449 2344 642 2400; x_wconf 85' lang='lat' dir='ltr'><strong>l.—-ln</strong></span> <span class='ocrx_word' id='word_1_235' title='bbox 669 2345 913 2401; x_wconf 90' lang='lat' dir='ltr'><strong>notitiam</strong></span> <span class='ocrx_word' id='word_1_236' title='bbox 940 2353 1201 2411; x_wconf 90' lang='lat' dir='ltr'><strong>nostram,</strong></span> <span class='ocrx_word' id='word_1_237' title='bbox 1240 2360 1360 2414; x_wconf 61' lang='lat' dir='ltr'><strong>quae</strong></span> <span class='ocrx_word' id='word_1_238' title='bbox 1385 2342 1585 2413; x_wconf 88' lang='lat' dir='ltr'><strong>Ephesi</strong></span> <span class='ocrx_word' id='word_1_239' title='bbox 1622 2349 1807 2396; x_wconf 89' lang='lat' dir='ltr'><strong>contra</strong></span> 
     </span>
    </p>
   </div>
   <div class='ocr_carea' id='block_1_38' title="bbox 230 2434 1809 2507">
    <p class='ocr_par' dir='ltr' id='par_1_38' title="bbox 230 2434 1809 2507">
     <span class='ocr_line' id='line_1_39' title="bbox 230 2434 1809 2507; baseline -0.001 -18"><span class='ocrx_word' id='word_1_240' title='bbox 230 2436 537 2505; x_wconf 81' lang='lat' dir='ltr'><strong>opinionem</strong></span> <span class='ocrx_word' id='word_1_241' title='bbox 570 2436 809 2492; x_wconf 89' lang='lat' dir='ltr'><strong>omnium</strong></span> <span class='ocrx_word' id='word_1_242' title='bbox 847 2448 970 2491; x_wconf 89' lang='lat' dir='ltr'><strong>sunt</strong></span> <span class='ocrx_word' id='word_1_243' title='bbox 996 2446 1134 2503; x_wconf 91' lang='lat' dir='ltr'><strong>acta,</strong></span> <span class='ocrx_word' id='word_1_244' title='bbox 1167 2436 1406 2505; x_wconf 87' lang='lat' dir='ltr'><strong>perlatis,</strong></span> <span class='ocrx_word' id='word_1_245' title='bbox 1456 2450 1654 2507; x_wconf 80' lang='lat' dir='ltr'><strong>magno</strong></span> <span class='ocrx_word' id='word_1_246' title='bbox 1693 2434 1809 2487; x_wconf 91' lang='lat' dir='ltr'><strong>ani-</strong></span> 
     </span>
    </p>
   </div>
   <div class='ocr_carea' id='block_1_39' title="bbox 226 2528 1807 2584">
    <p class='ocr_par' dir='ltr' id='par_1_39' title="bbox 226 2528 1807 2584">
     <span class='ocr_line' id='line_1_40' title="bbox 226 2528 1807 2584; baseline -0.003 -1"><span class='ocrx_word' id='word_1_247' title='bbox 226 2544 361 2583; x_wconf 82' lang='lat' dir='ltr'><strong>ntum</strong></span> <span class='ocrx_word' id='word_1_248' title='bbox 385 2538 633 2583; x_wconf 87' lang='lat' dir='ltr'><strong>nostrum</strong></span> <span class='ocrx_word' id='word_1_249' title='bbox 668 2528 899 2584; x_wconf 80' lang='lat' dir='ltr'><strong>fatemur</strong></span> <span class='ocrx_word' id='word_1_250' title='bbox 929 2544 1161 2583; x_wconf 73' lang='lat' dir='ltr'><strong>mmrore</strong></span> <span class='ocrx_word' id='word_1_251' title='bbox 1188 2528 1469 2583; x_wconf 90' lang='lat' dir='ltr'><strong>confusum</strong></span> <span class='ocrx_word' id='word_1_252' title='bbox 1504 2545 1516 2580; x_wconf 92' lang='lat'><strong>:</strong></span> <span class='ocrx_word' id='word_1_253' title='bbox 1565 2542 1664 2583; x_wconf 89' lang='lat' dir='ltr'><strong>nec</strong></span> <span class='ocrx_word' id='word_1_254' title='bbox 1690 2535 1807 2580; x_wconf 90' lang='lat' dir='ltr'><strong>tan-</strong></span> 
     </span>
    </p>
   </div>
   <div class='ocr_carea' id='block_1_40' title="bbox 226 2622 1810 2693">
    <p class='ocr_par' dir='ltr' id='par_1_40' title="bbox 226 2622 1810 2693">
     <span class='ocr_line' id='line_1_41' title="bbox 226 2622 1810 2693; baseline -0.001 -17"><span class='ocrx_word' id='word_1_255' title='bbox 226 2630 327 2676; x_wconf 87' lang='lat' dir='ltr'><strong>tum</strong></span> <span class='ocrx_word' id='word_1_256' title='bbox 360 2622 581 2677; x_wconf 83' lang='lat' dir='ltr'><strong>licuisse</strong></span> <span class='ocrx_word' id='word_1_257' title='bbox 608 2622 893 2693; x_wconf 74' lang='lat' dir='ltr'><strong>iniquitati,</strong></span> <span class='ocrx_word' id='word_1_258' title='bbox 919 2622 1082 2693; x_wconf 79' lang='lat'><strong>933</strong></span> <span class='ocrx_word' id='word_1_259' title='bbox 1122 2622 1274 2675; x_wconf 90' lang='lat' dir='ltr'><strong>facile</strong></span> <span class='ocrx_word' id='word_1_260' title='bbox 1298 2622 1660 2690; x_wconf 88' lang='lat' dir='ltr'><strong>potuissemus</strong></span> <span class='ocrx_word' id='word_1_261' title='bbox 1694 2634 1810 2675; x_wconf 90' lang='lat' dir='ltr'><strong>cre-</strong></span> 
     </span>
    </p>
   </div>
   <div class='ocr_carea' id='block_1_41' title="bbox 224 2710 1807 2781">
    <p class='ocr_par' dir='ltr' id='par_1_41' title="bbox 224 2710 1807 2781">
     <span class='ocr_line' id='line_1_42' title="bbox 224 2710 1807 2781; baseline 0 -15"><span class='ocrx_word' id='word_1_262' title='bbox 224 2712 364 2780; x_wconf 88' lang='lat' dir='ltr'><strong>dere,</strong></span> <span class='ocrx_word' id='word_1_263' title='bbox 391 2710 557 2768; x_wconf 75' lang='lat' dir='ltr'><strong>nisih</strong></span> <span class='ocrx_word' id='word_1_264' title='bbox 610 2714 747 2767; x_wconf 89' lang='lat' dir='ltr'><strong>ﬁlius</strong></span> <span class='ocrx_word' id='word_1_265' title='bbox 798 2726 983 2769; x_wconf 81' lang='lat' dir='ltr'><strong>nOSter</strong></span> <span class='ocrx_word' id='word_1_266' title='bbox 1038 2712 1254 2767; x_wconf 84' lang='lat' dir='ltr'><strong>Hilarus</strong></span> <span class='ocrx_word' id='word_1_267' title='bbox 1306 2712 1600 2778; x_wconf 86' lang='lat' dir='ltr'><strong>diaconus,</strong></span> <span class='ocrx_word' id='word_1_268' title='bbox 1644 2712 1733 2781; x_wconf 89' lang='lat' dir='ltr'><strong>qui</strong></span> <span class='ocrx_word' id='word_1_269' title='bbox 1779 2726 1807 2765; x_wconf 76' lang='grc' dir='ltr'><strong>ιι</strong></span> 
     </span>
    </p>
   </div>
   <div class='ocr_carea' id='block_1_42' title="bbox 225 2803 1809 2876">
    <p class='ocr_par' dir='ltr' id='par_1_42' title="bbox 225 2803 1809 2876">
     <span class='ocr_line' id='line_1_43' title="bbox 225 2803 1809 2876; baseline -0.003 -16"><span class='ocrx_word' id='word_1_270' title='bbox 225 2806 369 2861; x_wconf 87' lang='lat' dir='ltr'><strong>nobis</strong></span> <span class='ocrx_word' id='word_1_271' title='bbox 401 2807 524 2862; x_wconf 89' lang='lat' dir='ltr'><strong>vice</strong></span> <span class='ocrx_word' id='word_1_272' title='bbox 553 2815 736 2862; x_wconf 89' lang='lat' dir='ltr'><strong>nostra</strong></span> <span class='ocrx_word' id='word_1_273' title='bbox 761 2822 881 2861; x_wconf 91' lang='lat' dir='ltr'><strong>cum</strong></span> <span class='ocrx_word' id='word_1_274' title='bbox 912 2805 1031 2861; x_wconf 88' lang='lat' dir='ltr'><strong>aliis</strong></span> <span class='ocrx_word' id='word_1_275' title='bbox 1054 2814 1110 2860; x_wconf 90' lang='lat' dir='ltr'><strong>ut</strong></span> <span class='ocrx_word' id='word_1_276' title='bbox 1137 2807 1420 2861; x_wconf 86' lang='lat' dir='ltr'><strong>interesset</strong></span> <span class='ocrx_word' id='word_1_277' title='bbox 1448 2804 1654 2876; x_wconf 87' lang='lat' dir='ltr'><strong>synodo</strong></span> <span class='ocrx_word' id='word_1_278' title='bbox 1676 2803 1809 2857; x_wconf 87' lang='lat' dir='ltr'><strong>mis-</strong></span> 
     </span>
    </p>
   </div>
   <div class='ocr_carea' id='block_1_43' title="bbox 223 2895 1810 2968">
    <p class='ocr_par' dir='ltr' id='par_1_43' title="bbox 223 2895 1810 2968">
     <span class='ocr_line' id='line_1_44' title="bbox 223 2895 1810 2968; baseline -0.003 -14"><span class='ocrx_word' id='word_1_279' title='bbox 223 2911 308 2954; x_wconf 72' lang='lat' dir='ltr'><strong>cus</strong></span> <span class='ocrx_word' id='word_1_280' title='bbox 335 2896 538 2964; x_wconf 88' lang='lat' dir='ltr'><strong>fuerat,</strong></span> <span class='ocrx_word' id='word_1_281' title='bbox 573 2897 780 2968; x_wconf 75' lang='lat' dir='ltr'><strong>fugiens</strong></span> <span class='ocrx_word' id='word_1_282' title='bbox 811 2899 1146 2963; x_wconf 88' lang='lat' dir='ltr'><strong>revertisset,</strong></span> <span class='ocrx_word' id='word_1_283' title='bbox 1177 2896 1477 2961; x_wconf 87' lang='lat' dir='ltr'><strong>declinans,</strong></span> <span class='ocrx_word' id='word_1_284' title='bbox 1508 2912 1573 2951; x_wconf 90' lang='lat' dir='ltr'><strong>ne</strong></span> <span class='ocrx_word' id='word_1_285' title='bbox 1598 2895 1810 2965; x_wconf 79' lang='lat' dir='ltr'><strong>injustae</strong></span> 
     </span>
    </p>
   </div>
   <div class='ocr_carea' id='block_1_44' title="bbox 226 2986 1807 3059">
    <p class='ocr_par' dir='ltr' id='par_1_44' title="bbox 226 2986 1807 3059">
     <span class='ocr_line' id='line_1_45' title="bbox 226 2986 1807 3059; baseline -0.002 -16"><span class='ocrx_word' id='word_1_286' title='bbox 226 2992 493 3059; x_wconf 79' lang='lat' dir='ltr'><strong>particeps</strong></span> <span class='ocrx_word' id='word_1_287' title='bbox 524 2999 667 3045; x_wconf 88' lang='lat' dir='ltr'><strong>esset</strong></span> <span class='ocrx_word' id='word_1_288' title='bbox 697 2990 996 3045; x_wconf 60' lang='lat' dir='ltr'><strong>sententiae.</strong></span> <span class='ocrx_word' id='word_1_289' title='bbox 1055 2990 1265 3059; x_wconf 87' lang='lat' dir='ltr'><strong>Quippe</strong></span> <span class='ocrx_word' id='word_1_290' title='bbox 1318 3003 1439 3043; x_wconf 92' lang='lat' dir='ltr'><strong>cum</strong></span> <span class='ocrx_word' id='word_1_291' title='bbox 1490 3004 1591 3041; x_wconf 87' lang='lat' dir='ltr'><strong>vox</strong></span> <span class='ocrx_word' id='word_1_292' title='bbox 1634 2986 1746 3041; x_wconf 91' lang='lat' dir='ltr'><strong>illic</strong></span> <span class='ocrx_word' id='word_1_293' title='bbox 1776 3002 1807 3040; x_wconf 90' lang='lat' dir='ltr'><strong>a</strong></span> 
     </span>
    </p>
   </div>
   <div class='ocr_carea' id='block_1_45' title="bbox 226 3079 1811 3152">
    <p class='ocr_par' dir='ltr' id='par_1_45' title="bbox 226 3079 1811 3152">
     <span class='ocr_line' id='line_1_46' title="bbox 226 3079 1811 3152; baseline -0.001 -18"><span class='ocrx_word' id='word_1_294' title='bbox 226 3082 421 3137; x_wconf 84' lang='lat' dir='ltr'><strong>nostris</strong></span> <span class='ocrx_word' id='word_1_295' title='bbox 450 3081 895 3139; x_wconf 86' lang='lat' dir='ltr'><strong>contradictionis</strong></span> <span class='ocrx_word' id='word_1_296' title='bbox 925 3081 1121 3138; x_wconf 88' lang='lat' dir='ltr'><strong>emissa</strong></span> <span class='ocrx_word' id='word_1_297' title='bbox 1143 3084 1233 3147; x_wconf 88' lang='lat' dir='ltr'><strong>sit,</strong></span> <span class='ocrx_word' id='word_1_298' title='bbox 1285 3096 1446 3152; x_wconf 92' lang='lat' dir='ltr'><strong>quam</strong></span> <span class='ocrx_word' id='word_1_299' title='bbox 1488 3079 1811 3135; x_wconf 82' lang='lat' dir='ltr'><strong>Alexandri-</strong></span> 
     </span>
    </p>
   </div>
   <div class='ocr_carea' id='block_1_46' title="bbox 226 3172 1807 3247">
    <p class='ocr_par' dir='ltr' id='par_1_46' title="bbox 226 3172 1807 3247">
     <span class='ocr_line' id='line_1_47' title="bbox 226 3172 1807 3247; baseline -0.003 -17"><span class='ocrx_word' id='word_1_300' title='bbox 226 3189 321 3230; x_wconf 88' lang='lat' dir='ltr'><strong>nus</strong></span> <span class='ocrx_word' id='word_1_301' title='bbox 340 3174 707 3247; x_wconf 84' lang='lat' dir='ltr'><strong>antistes,qui</strong></span> <span class='ocrx_word' id='word_1_302' title='bbox 738 3185 908 3231; x_wconf 86' lang='lat' dir='ltr'><strong>totum</strong></span> <span class='ocrx_word' id='word_1_303' title='bbox 940 3176 1088 3231; x_wconf 88' lang='lat' dir='ltr'><strong>solus</strong></span> <span class='ocrx_word' id='word_1_304' title='bbox 1114 3172 1133 3213; x_wconf 76' lang='grc' dir='ltr'>ί</span> <span class='ocrx_word' id='word_1_305' title='bbox 1160 3174 1488 3245; x_wconf 71' lang='lat' dir='ltr'><strong>impotentia:</strong></span> <span class='ocrx_word' id='word_1_306' title='bbox 1538 3189 1647 3227; x_wconf 62' lang='lat' dir='ltr'><strong>suae</strong></span> <span class='ocrx_word' id='word_1_307' title='bbox 1691 3173 1807 3226; x_wconf 85' lang='lat' dir='ltr'><strong>vin-</strong></span> 
     </span>
    </p>
   </div>
   <div class='ocr_carea' id='block_1_47' title="bbox 228 3266 1807 3339">
    <p class='ocr_par' dir='ltr' id='par_1_47' title="bbox 228 3266 1807 3339">
     <span class='ocr_line' id='line_1_48' title="bbox 228 3266 1807 3339; baseline -0.001 -18"><span class='ocrx_word' id='word_1_308' title='bbox 228 3266 443 3334; x_wconf 83' lang='lat' dir='ltr'><strong>dicavit,</strong></span> <span class='ocrx_word' id='word_1_309' title='bbox 471 3268 663 3325; x_wconf 87' lang='lat' dir='ltr'><strong>audire</strong></span> <span class='ocrx_word' id='word_1_310' title='bbox 681 3270 1029 3339; x_wconf 89' lang='lat' dir='ltr'><strong>contempsit,</strong></span> <span class='ocrx_word' id='word_1_311' title='bbox 1047 3268 1102 3324; x_wconf 92' lang='lat' dir='ltr'><strong>in</strong></span> <span class='ocrx_word' id='word_1_312' title='bbox 1127 3268 1455 3324; x_wconf 87' lang='lat' dir='ltr'><strong>consortium</strong></span> <span class='ocrx_word' id='word_1_313' title='bbox 1481 3282 1591 3323; x_wconf 69' lang='lat' dir='ltr'><strong>suae</strong></span> <span class='ocrx_word' id='word_1_314' title='bbox 1614 3266 1807 3321; x_wconf 87' lang='lat' dir='ltr'><strong>volun-</strong></span> 
     </span>
    </p>
   </div>
   <div class='ocr_carea' id='block_1_48' title="bbox 229 3358 1805 3433">
    <p class='ocr_par' dir='ltr' id='par_1_48' title="bbox 229 3358 1805 3433">
     <span class='ocr_line' id='line_1_49' title="bbox 229 3358 1805 3433; baseline -0.002 -20"><span class='ocrx_word' id='word_1_315' title='bbox 229 3360 344 3414; x_wconf 87' lang='lat' dir='ltr'><strong>tatis</strong></span> <span class='ocrx_word' id='word_1_316' title='bbox 394 3360 639 3416; x_wconf 81' lang='lat' dir='ltr'><strong>invitosl</strong></span> <span class='ocrx_word' id='word_1_317' title='bbox 677 3364 994 3433; x_wconf 87' lang='lat' dir='ltr'><strong>pertrahens</strong></span> <span class='ocrx_word' id='word_1_318' title='bbox 1061 3360 1408 3427; x_wconf 89' lang='lat' dir='ltr'><strong>sacerdotes,</strong></span> <span class='ocrx_word' id='word_1_319' title='bbox 1458 3367 1511 3413; x_wconf 89' lang='lat' dir='ltr'><strong>ut</strong></span> <span class='ocrx_word' id='word_1_320' title='bbox 1552 3373 1644 3425; x_wconf 83' lang='lat' dir='ltr'><strong>per</strong></span> <span class='ocrx_word' id='word_1_321' title='bbox 1700 3358 1805 3412; x_wconf 93' lang='lat' dir='ltr'><strong>vim</strong></span> 
     </span>
    </p>
   </div>
   <div class='ocr_carea' id='block_1_49' title="bbox 228 3452 1809 3527">
    <p class='ocr_par' dir='ltr' id='par_1_49' title="bbox 228 3452 1809 3527">
     <span class='ocr_line' id='line_1_50' title="bbox 228 3452 1809 3527; baseline -0.002 -19"><span class='ocrx_word' id='word_1_322' title='bbox 228 3456 394 3510; x_wconf 86' lang='lat' dir='ltr'><strong>coacti</strong></span> <span class='ocrx_word' id='word_1_323' title='bbox 418 3455 858 3522; x_wconf 85' lang='lat' dir='ltr'><strong>subscriberent,</strong></span> <span class='ocrx_word' id='word_1_324' title='bbox 900 3456 990 3527; x_wconf 90' lang='lat' dir='ltr'><strong>qui</strong></span> <span class='ocrx_word' id='word_1_325' title='bbox 1038 3456 1236 3511; x_wconf 88' lang='lat' dir='ltr'><strong>nullam</strong></span> <span class='ocrx_word' id='word_1_326' title='bbox 1272 3452 1640 3509; x_wconf 85' lang='lat' dir='ltr'><strong>damnationis</strong></span> <span class='ocrx_word' id='word_1_327' title='bbox 1682 3467 1809 3506; x_wconf 85' lang='lat' dir='ltr'><strong>can-</strong></span> 
     </span>
    </p>
   </div>
   <div class='ocr_carea' id='block_1_50' title="bbox 228 3552 1810 3624">
    <p class='ocr_par' dir='ltr' id='par_1_50' title="bbox 228 3552 1810 3624">
     <span class='ocr_line' id='line_1_51' title="bbox 228 3552 1810 3624; baseline 0.002 -22"><span class='ocrx_word' id='word_1_328' title='bbox 228 3562 335 3604; x_wconf 85' lang='lat' dir='ltr'><strong>sam</strong></span> <span class='ocrx_word' id='word_1_329' title='bbox 420 3552 669 3608; x_wconf 87' lang='lat' dir='ltr'><strong>idoneam</strong></span> <span class='ocrx_word' id='word_1_330' title='bbox 720 3554 1070 3624; x_wconf 88' lang='lat' dir='ltr'><strong>reperissent.</strong></span> <span class='ocrx_word' id='word_1_331' title='bbox 1120 3553 1226 3610; x_wconf 89' lang='lat' dir='ltr'><strong>Sed</strong></span> <span class='ocrx_word' id='word_1_332' title='bbox 1274 3554 1373 3608; x_wconf 87' lang='lat' dir='ltr'><strong>hos</strong></span> <span class='ocrx_word' id='word_1_333' title='bbox 1423 3566 1586 3607; x_wconf 87' lang='lat' dir='ltr'><strong>ausus</strong></span> <span class='ocrx_word' id='word_1_334' title='bbox 1622 3552 1708 3621; x_wconf 91' lang='lat' dir='ltr'><strong>pio</strong></span> <span class='ocrx_word' id='word_1_335' title='bbox 1755 3559 1810 3605; x_wconf 93' lang='lat' dir='ltr'><strong>et</strong></span> 
     </span>
    </p>
   </div>
   <div class='ocr_carea' id='block_1_51' title="bbox 228 3637 1807 3716">
    <p class='ocr_par' dir='ltr' id='par_1_51' title="bbox 228 3637 1807 3716">
     <span class='ocr_line' id='line_1_52' title="bbox 228 3637 1807 3716; baseline 0.001 -21"><span class='ocrx_word' id='word_1_336' title='bbox 228 3637 249 3675; x_wconf 66' lang='lat'>*</span> <span class='ocrx_word' id='word_1_337' title='bbox 272 3640 586 3699; x_wconf 87' lang='lat' dir='ltr'><strong>Christiano</strong></span> <span class='ocrx_word' id='word_1_338' title='bbox 618 3644 839 3716; x_wconf 89' lang='lat' dir='ltr'><strong>principi</strong></span> <span class='ocrx_word' id='word_1_339' title='bbox 865 3646 1184 3701; x_wconf 85' lang='lat' dir='ltr'><strong>conﬁdimus</strong></span> <span class='ocrx_word' id='word_1_340' title='bbox 1228 3646 1447 3700; x_wconf 88' lang='lat' dir='ltr'><strong>minime</strong></span> <span class='ocrx_word' id='word_1_341' title='bbox 1495 3644 1807 3712; x_wconf 89' lang='lat' dir='ltr'><strong>placitnros.</strong></span> 
     </span>
    </p>
   </div>
   <div class='ocr_carea' id='block_1_52' title="bbox 232 3728 1811 3806">
    <p class='ocr_par' dir='ltr' id='par_1_52' title="bbox 232 3728 1811 3806">
     <span class='ocr_line' id='line_1_53' title="bbox 232 3728 1811 3806; baseline 0.001 -19"><span class='ocrx_word' id='word_1_342' title='bbox 232 3728 249 3767; x_wconf 82' lang='grc'><strong>¹</strong></span> <span class='ocrx_word' id='word_1_343' title='bbox 275 3732 430 3789; x_wconf 82' lang='lat' dir='ltr'><strong>Nune</strong></span> <span class='ocrx_word' id='word_1_344' title='bbox 458 3736 584 3805; x_wconf 89' lang='lat' dir='ltr'><strong>quia</strong></span> <span class='ocrx_word' id='word_1_345' title='bbox 617 3735 915 3792; x_wconf 89' lang='lat' dir='ltr'><strong>Ecclesiam</strong></span> <span class='ocrx_word' id='word_1_346' title='bbox 948 3745 1180 3792; x_wconf 88' lang='lat' dir='ltr'><strong>vestram</strong></span> <span class='ocrx_word' id='word_1_347' title='bbox 1207 3736 1306 3792; x_wconf 86' lang='lat' dir='ltr'><strong>hac</strong></span> <span class='ocrx_word' id='word_1_348' title='bbox 1328 3736 1536 3791; x_wconf 85' lang='lat' dir='ltr'><strong>ratione</strong></span> <span class='ocrx_word' id='word_1_349' title='bbox 1567 3735 1811 3806; x_wconf 65' lang='lat' dir='ltr'><strong>cognovi.</strong></span> 
     </span>
    </p>
   </div>
   <div class='ocr_carea' id='block_1_53' title="bbox 229 3826 1811 3897">
    <p class='ocr_par' dir='ltr' id='par_1_53' title="bbox 229 3826 1811 3897">
     <span class='ocr_line' id='line_1_54' title="bbox 229 3826 1811 3897; baseline 0 -17"><span class='ocrx_word' id='word_1_350' title='bbox 229 3839 342 3880; x_wconf 87' lang='lat' dir='ltr'><strong>mus</strong></span> <span class='ocrx_word' id='word_1_351' title='bbox 392 3826 731 3896; x_wconf 87' lang='lat' dir='ltr'><strong>dissipatam,</strong></span> <span class='ocrx_word' id='word_1_352' title='bbox 792 3828 1150 3884; x_wconf 90' lang='lat' dir='ltr'><strong>consolandos</strong></span> <span class='ocrx_word' id='word_1_353' title='bbox 1200 3828 1674 3897; x_wconf 87' lang='lat' dir='ltr'><strong>adhortandosque</strong></span> <span class='ocrx_word' id='word_1_354' title='bbox 1715 3841 1811 3880; x_wconf 85' lang='lat' dir='ltr'><strong>vos</strong></span> 
     </span>
    </p>
   </div>
   <div class='ocr_carea' id='block_1_54' title="bbox 233 3918 1811 3990">
    <p class='ocr_par' dir='ltr' id='par_1_54' title="bbox 233 3918 1811 3990">
     <span class='ocr_line' id='line_1_55' title="bbox 233 3918 1811 3990; baseline 0.001 -20"><span class='ocrx_word' id='word_1_355' title='bbox 233 3931 350 3973; x_wconf 87' lang='lat' dir='ltr'><strong>esse</strong></span> <span class='ocrx_word' id='word_1_356' title='bbox 370 3928 413 3955; x_wconf 78' lang='grc' dir='ltr'><strong>ω</strong></span> <span class='ocrx_word' id='word_1_357' title='bbox 440 3918 769 3975; x_wconf 89' lang='lat' dir='ltr'><strong>credidimus</strong></span> <span class='ocrx_word' id='word_1_358' title='bbox 795 3921 992 3975; x_wconf 88' lang='lat' dir='ltr'><strong>nostris</strong></span> <span class='ocrx_word' id='word_1_359' title='bbox 1019 3920 1284 3990; x_wconf 87' lang='lat' dir='ltr'><strong>epistolis,</strong></span> <span class='ocrx_word' id='word_1_360' title='bbox 1319 3929 1375 3973; x_wconf 93' lang='lat' dir='ltr'><strong>ut</strong></span> <span class='ocrx_word' id='word_1_361' title='bbox 1405 3934 1503 3989; x_wconf 93' lang='lat' dir='ltr'><strong>pro</strong></span> <span class='ocrx_word' id='word_1_362' title='bbox 1530 3919 1811 3974; x_wconf 73' lang='lat' dir='ltr'><strong>catholica:</strong></span> 
     </span>
    </p>
   </div>
   <div class='ocr_carea' id='block_1_55' title="bbox 230 4008 1810 4084">
    <p class='ocr_par' dir='ltr' id='par_1_55' title="bbox 230 4008 1810 4084">
     <span class='ocr_line' id='line_1_56' title="bbox 230 4008 1810 4084; baseline 0.001 -20"><span class='ocrx_word' id='word_1_363' title='bbox 230 4008 352 4066; x_wconf 89' lang='lat' dir='ltr'><strong>ﬁdei</strong></span> <span class='ocrx_word' id='word_1_364' title='bbox 377 4011 693 4069; x_wconf 81' lang='lat' dir='ltr'><strong>defensione</strong></span> <span class='ocrx_word' id='word_1_365' title='bbox 714 4013 1043 4084; x_wconf 87' lang='lat' dir='ltr'><strong>perﬁdorum</strong></span> <span class='ocrx_word' id='word_1_366' title='bbox 1085 4012 1338 4083; x_wconf 85' lang='lat' dir='ltr'><strong>nequitiae</strong></span> <span class='ocrx_word' id='word_1_367' title='bbox 1368 4012 1651 4067; x_wconf 88' lang='lat' dir='ltr'><strong>resistatis.</strong></span> <span class='ocrx_word' id='word_1_368' title='bbox 1703 4009 1810 4066; x_wconf 82' lang='lat' dir='ltr'><strong>No-</strong></span> 
     </span>
    </p>
   </div>
   <div class='ocr_carea' id='block_1_56' title="bbox 299 4230 1812 4302">
    <p class='ocr_par' dir='ltr' id='par_1_56' title="bbox 299 4230 1812 4302">
     <span class='ocr_line' id='line_1_57' title="bbox 299 4230 1812 4302; baseline -0.003 -11"><span class='ocrx_word' id='word_1_369' title='bbox 299 4235 443 4291; x_wconf 77' lang='grc' dir='ltr'><strong>ιΑι.</strong></span> <span class='ocrx_word' id='word_1_370' title='bbox 476 4234 570 4289; x_wconf 70' lang='grc'><strong>42.</strong></span> <span class='ocrx_word' id='word_1_371' title='bbox 614 4234 743 4302; x_wconf 62' lang='lat' dir='ltr'><strong>Quae</strong></span> <span class='ocrx_word' id='word_1_372' title='bbox 792 4242 967 4289; x_wconf 87' lang='lat' dir='ltr'><strong>autem</strong></span> <span class='ocrx_word' id='word_1_373' title='bbox 1018 4244 1177 4290; x_wconf 89' lang='lat' dir='ltr'><strong>antea</strong></span> <span class='ocrx_word' id='word_1_374' title='bbox 1222 4234 1294 4290; x_wconf 73' lang='lat'><strong>49</strong></span> <span class='ocrx_word' id='word_1_375' title='bbox 1342 4240 1482 4298; x_wconf 88' lang='lat' dir='ltr'><strong>erat,</strong></span> <span class='ocrx_word' id='word_1_376' title='bbox 1538 4247 1679 4287; x_wconf 91' lang='lat' dir='ltr'><strong>nunc</strong></span> <span class='ocrx_word' id='word_1_377' title='bbox 1723 4230 1812 4287; x_wconf 85' lang='grc'><strong>61.</strong></span> 
     </span>
    </p>
   </div>
   <div class='ocr_carea' id='block_1_57' title="bbox 229 4304 1030 4375">
    <p class='ocr_par' dir='ltr' id='par_1_57' title="bbox 229 4304 1030 4375">
     <span class='ocr_line' id='line_1_58' title="bbox 229 4304 1030 4375; baseline -0.006 -12"><span class='ocrx_word' id='word_1_378' title='bbox 229 4304 444 4375; x_wconf 83' lang='lat' dir='ltr'><strong>Scripta</strong></span> <span class='ocrx_word' id='word_1_379' title='bbox 469 4306 538 4360; x_wconf 79' lang='grc'><strong>15</strong></span> <span class='ocrx_word' id='word_1_380' title='bbox 574 4305 763 4360; x_wconf 79' lang='lat' dir='ltr'><strong>Octob.</strong></span> <span class='ocrx_word' id='word_1_381' title='bbox 790 4321 878 4360; x_wconf 93' lang='lat' dir='ltr'><strong>an.</strong></span> <span class='ocrx_word' id='word_1_382' title='bbox 904 4304 1030 4360; x_wconf 68' lang='lat'><strong>449.</strong></span> 
     </span>
    </p>
   </div>
   <div class='ocr_carea' id='block_1_58' title="bbox 231 4373 1813 4502">
    <p class='ocr_par' dir='ltr' id='par_1_58' title="bbox 231 4373 1813 4502">
     <span class='ocr_line' id='line_1_59' title="bbox 231 4373 1813 4502; baseline -0.003 -71"><span class='ocrx_word' id='word_1_383' title='bbox 231 4376 323 4502; x_wconf 58' lang='grc' dir='ltr'><strong>ηδ</strong></span> <span class='ocrx_word' id='word_1_384' title='bbox 350 4373 479 4502; x_wconf 53' lang='lat' dir='ltr'><strong>Haec;</strong></span> <span class='ocrx_word' id='word_1_385' title='bbox 509 4377 734 4447; x_wconf 81' lang='lat' dir='ltr'><strong>epistola</strong></span> <span class='ocrx_word' id='word_1_386' title='bbox 764 4393 795 4430; x_wconf 89' lang='lat' dir='ltr'><strong>a</strong></span> <span class='ocrx_word' id='word_1_387' title='bbox 821 4376 975 4431; x_wconf 89' lang='lat' dir='ltr'><strong>nobis</strong></span> <span class='ocrx_word' id='word_1_388' title='bbox 999 4377 1212 4432; x_wconf 88' lang='lat' dir='ltr'><strong>inventa</strong></span> <span class='ocrx_word' id='word_1_389' title='bbox 1240 4375 1415 4431; x_wconf 88' lang='lat' dir='ltr'><strong>fuitin</strong></span> <span class='ocrx_word' id='word_1_390' title='bbox 1439 4389 1569 4430; x_wconf 89' lang='lat' dir='ltr'><strong>mss.</strong></span> <span class='ocrx_word' id='word_1_391' title='bbox 1595 4373 1813 4429; x_wconf 88' lang='lat' dir='ltr'><strong>collect.</strong></span> 
     </span>
     <span class='ocr_line' id='line_1_60' title="bbox 322 4458 497 4502; baseline -0.011 0"><span class='ocrx_word' id='word_1_392' title='bbox 322 4458 379 4502; x_wconf 91' lang='lat' dir='ltr'><strong>et</strong></span> <span class='ocrx_word' id='word_1_393' title='bbox 483 4487 497 4500; x_wconf 96' lang='lat'><strong>.</strong></span> 
     </span>
    </p>
   </div>
   <div class='ocr_carea' id='block_1_59' title="bbox 322 4458 497 4502">
    <p class='ocr_par' dir='ltr' id='par_1_59' title="bbox 322 4458 497 4502">
     <span class='ocr_line' id='line_1_61' title="bbox 322 4458 497 4502; baseline -0.011 0"><span class='ocrx_word' id='word_1_394' title='bbox 322 4458 379 4502; x_wconf 91' lang='lat' dir='ltr'><strong>et</strong></span> <span class='ocrx_word' id='word_1_395' title='bbox 404 4458 497 4502; x_wconf 63' lang='grc'><strong>25.</strong></span> 
     </span>
    </p>
   </div>
   <div class='ocr_carea' id='block_1_60' title="bbox 303 4514 1815 4583">
    <p class='ocr_par' dir='ltr' id='par_1_60' title="bbox 303 4514 1815 4583">
     <span class='ocr_line' id='line_1_62' title="bbox 303 4514 1815 4583; baseline -0.001 -11"><span class='ocrx_word' id='word_1_396' title='bbox 303 4530 325 4555; x_wconf 69' lang='grc' dir='ltr'><strong>ε</strong></span> <span class='ocrx_word' id='word_1_397' title='bbox 355 4520 433 4572; x_wconf 89' lang='lat' dir='ltr'><strong>Ita</strong></span> <span class='ocrx_word' id='word_1_398' title='bbox 468 4534 590 4574; x_wconf 90' lang='lat' dir='ltr'><strong>cum</strong></span> <span class='ocrx_word' id='word_1_399' title='bbox 621 4518 909 4583; x_wconf 85' lang='lat' dir='ltr'><strong>Quesnello</strong></span> <span class='ocrx_word' id='word_1_400' title='bbox 939 4519 1111 4575; x_wconf 85' lang='lat' dir='ltr'><strong>nostri</strong></span> <span class='ocrx_word' id='word_1_401' title='bbox 1130 4519 1366 4576; x_wconf 85' lang='lat' dir='ltr'><strong>codices.</strong></span> <span class='ocrx_word' id='word_1_402' title='bbox 1396 4518 1499 4574; x_wconf 88' lang='lat' dir='ltr'><strong>Alii</strong></span> <span class='ocrx_word' id='word_1_403' title='bbox 1526 4516 1685 4583; x_wconf 89' lang='lat' dir='ltr'><strong>editi,</strong></span> <span class='ocrx_word' id='word_1_404' title='bbox 1718 4514 1815 4572; x_wconf 85' lang='lat' dir='ltr'><strong>Sin</strong></span> 
     </span>
    </p>
   </div>
   <div class='ocr_carea' id='block_1_61' title="bbox 230 4588 655 4658">
    <p class='ocr_par' dir='ltr' id='par_1_61' title="bbox 230 4588 655 4658">
     <span class='ocr_line' id='line_1_63' title="bbox 230 4588 655 4658; baseline -0.002 -15"><span class='ocrx_word' id='word_1_405' title='bbox 230 4599 322 4651; x_wconf 77' lang='lat' dir='ltr'><strong>est,</strong></span> <span class='ocrx_word' id='word_1_406' title='bbox 348 4600 406 4642; x_wconf 85' lang='lat' dir='ltr'><strong>ut</strong></span> <span class='ocrx_word' id='word_1_407' title='bbox 433 4588 655 4658; x_wconf 80' lang='lat' dir='ltr'><strong>fortiter.</strong></span> 
     </span>
    </p>
   </div>
   <div class='ocr_carea' id='block_1_62' title="bbox 298 4659 1808 4732">
    <p class='ocr_par' dir='ltr' id='par_1_62' title="bbox 298 4659 1808 4732">
     <span class='ocr_line' id='line_1_64' title="bbox 298 4659 1808 4732; baseline -0.001 -17"><span class='ocrx_word' id='word_1_408' title='bbox 298 4659 325 4697; x_wconf 72' lang='grc'>⁸</span> <span class='ocrx_word' id='word_1_409' title='bbox 349 4660 497 4715; x_wconf 83' lang='lat' dir='ltr'><strong>Editi</strong></span> <span class='ocrx_word' id='word_1_410' title='bbox 527 4670 650 4715; x_wconf 91' lang='lat' dir='ltr'><strong>ante</strong></span> <span class='ocrx_word' id='word_1_411' title='bbox 675 4660 876 4728; x_wconf 90' lang='lat' dir='ltr'><strong>Quesn.</strong></span> <span class='ocrx_word' id='word_1_412' title='bbox 905 4676 973 4716; x_wconf 82' lang='lat' dir='ltr'><strong>ex</strong></span> <span class='ocrx_word' id='word_1_413' title='bbox 1003 4661 1245 4732; x_wconf 84' lang='lat' dir='ltr'><strong>Merlino,</strong></span> <span class='ocrx_word' id='word_1_414' title='bbox 1292 4664 1382 4729; x_wconf 86' lang='lat' dir='ltr'><strong>qui</strong></span> <span class='ocrx_word' id='word_1_415' title='bbox 1442 4660 1627 4717; x_wconf 89' lang='lat' dir='ltr'><strong>codice</strong></span> <span class='ocrx_word' id='word_1_416' title='bbox 1678 4673 1808 4732; x_wconf 79' lang='lat' dir='ltr'><strong>usus</strong></span> 
     </span>
    </p>
   </div>
   <div class='ocr_carea' id='block_1_63' title="bbox 228 4730 1811 4800">
    <p class='ocr_par' dir='ltr' id='par_1_63' title="bbox 228 4730 1811 4800">
     <span class='ocr_line' id='line_1_65' title="bbox 228 4730 1811 4800; baseline -0.003 -13"><span class='ocrx_word' id='word_1_417' title='bbox 228 4741 310 4787; x_wconf 82' lang='lat' dir='ltr'><strong>est</strong></span> <span class='ocrx_word' id='word_1_418' title='bbox 341 4732 563 4785; x_wconf 87' lang='lat' dir='ltr'><strong>collect.</strong></span> <span class='ocrx_word' id='word_1_419' title='bbox 606 4732 693 4800; x_wconf 73' lang='lat' dir='ltr'><strong>l2,</strong></span> <span class='ocrx_word' id='word_1_420' title='bbox 746 4732 963 4795; x_wconf 87' lang='lat' dir='ltr'><strong>habent,</strong></span> <span class='ocrx_word' id='word_1_421' title='bbox 1017 4749 1073 4787; x_wconf 93' lang='grc' dir='ltr'><strong>ιιι</strong></span> <span class='ocrx_word' id='word_1_422' title='bbox 1118 4730 1238 4789; x_wconf 56' lang='lat' dir='ltr'><strong>kal.</strong></span> <span class='ocrx_word' id='word_1_423' title='bbox 1286 4733 1540 4789; x_wconf 81' lang='lat' dir='ltr'><strong>Octobris.</strong></span> <span class='ocrx_word' id='word_1_424' title='bbox 1589 4732 1659 4786; x_wconf 87' lang='lat' dir='ltr'><strong>At</strong></span> <span class='ocrx_word' id='word_1_425' title='bbox 1704 4730 1811 4784; x_wconf 92' lang='lat' dir='ltr'><strong>duo</strong></span> 
     </span>
    </p>
   </div>
   <div class='ocr_carea' id='block_1_64' title="bbox 233 4802 1812 4872">
    <p class='ocr_par' dir='ltr' id='par_1_64' title="bbox 233 4802 1812 4872">
     <span class='ocr_line' id='line_1_66' title="bbox 233 4802 1812 4872; baseline 0 -17"><span class='ocrx_word' id='word_1_426' title='bbox 233 4802 407 4857; x_wconf 83' lang='lat' dir='ltr'><strong>nostri</strong></span> <span class='ocrx_word' id='word_1_427' title='bbox 436 4803 653 4857; x_wconf 88' lang='lat' dir='ltr'><strong>codices</strong></span> <span class='ocrx_word' id='word_1_428' title='bbox 684 4804 921 4872; x_wconf 87' lang='lat' dir='ltr'><strong>ejusdem</strong></span> <span class='ocrx_word' id='word_1_429' title='bbox 958 4806 1169 4859; x_wconf 87' lang='lat' dir='ltr'><strong>collect.</strong></span> <span class='ocrx_word' id='word_1_430' title='bbox 1209 4806 1273 4860; x_wconf 75' lang='grc'><strong>12</strong></span> <span class='ocrx_word' id='word_1_431' title='bbox 1312 4804 1582 4871; x_wconf 83' lang='lat' dir='ltr'><strong>Quesnelli</strong></span> <span class='ocrx_word' id='word_1_432' title='bbox 1625 4816 1812 4858; x_wconf 87' lang='lat' dir='ltr'><strong>emen-</strong></span> 
     </span>
    </p>
   </div>
   <div class='ocr_carea' id='block_1_65' title="bbox 228 4873 1807 4943">
    <p class='ocr_par' dir='ltr' id='par_1_65' title="bbox 228 4873 1807 4943">
     <span class='ocr_line' id='line_1_67' title="bbox 228 4873 1807 4943; baseline -0.001 -17"><span class='ocrx_word' id='word_1_433' title='bbox 228 4874 509 4927; x_wconf 85' lang='lat' dir='ltr'><strong>dationem</strong></span> <span class='ocrx_word' id='word_1_434' title='bbox 540 4874 786 4943; x_wconf 80' lang='lat' dir='ltr'><strong>probant.</strong></span> <span class='ocrx_word' id='word_1_435' title='bbox 836 4875 1087 4931; x_wconf 81' lang='lat' dir='ltr'><strong>Proxime</strong></span> <span class='ocrx_word' id='word_1_436' title='bbox 1140 4877 1348 4931; x_wconf 90' lang='lat' dir='ltr'><strong>accedit</strong></span> <span class='ocrx_word' id='word_1_437' title='bbox 1402 4892 1504 4929; x_wconf 85' lang='lat' dir='ltr'><strong>ms.</strong></span> <span class='ocrx_word' id='word_1_438' title='bbox 1547 4873 1807 4943; x_wconf 80' lang='lat' dir='ltr'><strong>Ottobon.</strong></span> 
     </span>
    </p>
   </div>
   <div class='ocr_carea' id='block_1_66' title="bbox 228 4942 1810 5016">
    <p class='ocr_par' dir='ltr' id='par_1_66' title="bbox 228 4942 1810 5016">
     <span class='ocr_line' id='line_1_68' title="bbox 228 4942 1810 5016; baseline 0 -19"><span class='ocrx_word' id='word_1_439' title='bbox 228 4945 330 4999; x_wconf 75' lang='lat'><strong>297</strong></span> <span class='ocrx_word' id='word_1_440' title='bbox 360 4947 579 4999; x_wconf 89' lang='lat' dir='ltr'><strong>collect.</strong></span> <span class='ocrx_word' id='word_1_441' title='bbox 605 4942 697 5006; x_wconf 74' lang='grc'><strong>25,</strong></span> <span class='ocrx_word' id='word_1_442' title='bbox 720 4946 775 4999; x_wconf 90' lang='lat' dir='ltr'><strong>in</strong></span> <span class='ocrx_word' id='word_1_443' title='bbox 798 4960 902 5014; x_wconf 91' lang='lat' dir='ltr'><strong>quo</strong></span> <span class='ocrx_word' id='word_1_444' title='bbox 956 4946 1169 5016; x_wconf 82' lang='lat' dir='ltr'><strong>legitur,</strong></span> <span class='ocrx_word' id='word_1_445' title='bbox 1216 4949 1384 5001; x_wconf 79' lang='lat' dir='ltr'><strong>idibus</strong></span> <span class='ocrx_word' id='word_1_446' title='bbox 1426 4945 1688 5008; x_wconf 85' lang='lat' dir='ltr'><strong>Octobris;</strong></span> <span class='ocrx_word' id='word_1_447' title='bbox 1714 4942 1810 5016; x_wconf 72' lang='lat' dir='ltr'><strong>sed</strong></span> 
     </span>
    </p>
   </div>
   <div class='ocr_carea' id='block_1_67' title="bbox 229 5014 1812 5084">
    <p class='ocr_par' dir='ltr' id='par_1_67' title="bbox 229 5014 1812 5084">
     <span class='ocr_line' id='line_1_69' title="bbox 229 5014 1812 5084; baseline 0.001 -18"><span class='ocrx_word' id='word_1_448' title='bbox 229 5019 382 5069; x_wconf 81' lang='lat' dir='ltr'><strong>tertio</strong></span> <span class='ocrx_word' id='word_1_449' title='bbox 406 5017 526 5068; x_wconf 86' lang='lat' dir='ltr'><strong>idus</strong></span> <span class='ocrx_word' id='word_1_450' title='bbox 571 5016 738 5084; x_wconf 78' lang='lat' dir='ltr'><strong>magis</strong></span> <span class='ocrx_word' id='word_1_451' title='bbox 796 5019 985 5082; x_wconf 89' lang='lat' dir='ltr'><strong>placet,</strong></span> <span class='ocrx_word' id='word_1_452' title='bbox 1011 5014 1129 5072; x_wconf 75' lang='lat' dir='ltr'><strong>cum</strong></span> <span class='ocrx_word' id='word_1_453' title='bbox 1180 5019 1279 5072; x_wconf 81' lang='lat' dir='ltr'><strong>hoc</strong></span> <span class='ocrx_word' id='word_1_454' title='bbox 1329 5018 1516 5072; x_wconf 74' lang='lat' dir='ltr'><strong>eodem</strong></span> <span class='ocrx_word' id='word_1_455' title='bbox 1561 5016 1646 5069; x_wconf 91' lang='lat' dir='ltr'><strong>die</strong></span> <span class='ocrx_word' id='word_1_456' title='bbox 1692 5014 1812 5067; x_wconf 74' lang='lat' dir='ltr'><strong>alite</strong></span> 
     </span>
    </p>
   </div>
   <div class='ocr_carea' id='block_1_68' title="bbox 228 5086 1813 5157">
    <p class='ocr_par' dir='ltr' id='par_1_68' title="bbox 228 5086 1813 5157">
     <span class='ocr_line' id='line_1_70' title="bbox 228 5086 1813 5157; baseline -0.003 -17"><span class='ocrx_word' id='word_1_457' title='bbox 228 5089 483 5155; x_wconf 84' lang='lat' dir='ltr'><strong>epistolae</strong></span> <span class='ocrx_word' id='word_1_458' title='bbox 514 5088 811 5155; x_wconf 81' lang='lat' dir='ltr'><strong>signentur,</strong></span> <span class='ocrx_word' id='word_1_459' title='bbox 835 5097 887 5141; x_wconf 91' lang='lat' dir='ltr'><strong>et</strong></span> <span class='ocrx_word' id='word_1_460' title='bbox 919 5090 1072 5143; x_wconf 89' lang='lat' dir='ltr'><strong>valde</strong></span> <span class='ocrx_word' id='word_1_461' title='bbox 1098 5088 1370 5157; x_wconf 86' lang='lat' dir='ltr'><strong>probabile</strong></span> <span class='ocrx_word' id='word_1_462' title='bbox 1395 5090 1461 5141; x_wconf 87' lang='lat' dir='ltr'><strong>sit</strong></span> <span class='ocrx_word' id='word_1_463' title='bbox 1490 5087 1550 5141; x_wconf 89' lang='lat' dir='ltr'><strong>S.</strong></span> <span class='ocrx_word' id='word_1_464' title='bbox 1579 5086 1813 5141; x_wconf 85' lang='lat' dir='ltr'><strong>Leonem</strong></span> 
     </span>
    </p>
   </div>
   <div class='ocr_carea' id='block_1_69' title="bbox 230 5158 1813 5229">
    <p class='ocr_par' dir='ltr' id='par_1_69' title="bbox 230 5158 1813 5229">
     <span class='ocr_line' id='line_1_71' title="bbox 230 5158 1813 5229; baseline -0.001 -18"><span class='ocrx_word' id='word_1_465' title='bbox 230 5160 411 5225; x_wconf 79' lang='lat' dir='ltr'><strong>prima</strong></span> <span class='ocrx_word' id='word_1_466' title='bbox 456 5158 737 5229; x_wconf 86' lang='lat' dir='ltr'><strong>occasione</strong></span> <span class='ocrx_word' id='word_1_467' title='bbox 776 5158 844 5211; x_wconf 88' lang='lat' dir='ltr'><strong>ad</strong></span> <span class='ocrx_word' id='word_1_468' title='bbox 879 5158 1190 5215; x_wconf 85' lang='lat' dir='ltr'><strong>Flavianum</strong></span> <span class='ocrx_word' id='word_1_469' title='bbox 1230 5159 1533 5229; x_wconf 87' lang='lat' dir='ltr'><strong>scripsisse,</strong></span> <span class='ocrx_word' id='word_1_470' title='bbox 1585 5164 1644 5213; x_wconf 91' lang='lat' dir='ltr'><strong>ut</strong></span> <span class='ocrx_word' id='word_1_471' title='bbox 1692 5170 1813 5209; x_wconf 92' lang='lat' dir='ltr'><strong>eum</strong></span> 
     </span>
    </p>
   </div>
   <div class='ocr_carea' id='block_1_70' title="bbox 230 5228 809 5284">
    <p class='ocr_par' dir='ltr' id='par_1_70' title="bbox 230 5228 809 5284">
     <span class='ocr_line' id='line_1_72' title="bbox 230 5228 809 5284; baseline 0 -4"><span class='ocrx_word' id='word_1_472' title='bbox 230 5230 395 5284; x_wconf 80' lang='lat' dir='ltr'><strong>citius</strong></span> <span class='ocrx_word' id='word_1_473' title='bbox 417 5228 809 5283; x_wconf 85' lang='lat' dir='ltr'><strong>consolaretur.</strong></span> 
     </span>
    </p>
   </div>
   <div class='ocr_carea' id='block_1_71' title="bbox 302 5295 1814 5366">
    <p class='ocr_par' dir='ltr' id='par_1_71' title="bbox 302 5295 1814 5366">
     <span class='ocr_line' id='line_1_73' title="bbox 302 5295 1814 5366; baseline -0.001 -12"><span class='ocrx_word' id='word_1_474' title='bbox 302 5309 328 5338; x_wconf 73' lang='grc' dir='ltr'><strong>ε</strong></span> <span class='ocrx_word' id='word_1_475' title='bbox 360 5301 452 5354; x_wconf 79' lang='lat' dir='ltr'><strong>Al.</strong></span> <span class='ocrx_word' id='word_1_476' title='bbox 510 5297 603 5352; x_wconf 74' lang='grc'><strong>45.</strong></span> <span class='ocrx_word' id='word_1_477' title='bbox 656 5298 788 5366; x_wconf 69' lang='lat' dir='ltr'><strong>Quae</strong></span> <span class='ocrx_word' id='word_1_478' title='bbox 838 5309 1017 5354; x_wconf 89' lang='lat' dir='ltr'><strong>autem</strong></span> <span class='ocrx_word' id='word_1_479' title='bbox 1071 5313 1225 5356; x_wconf 88' lang='lat' dir='ltr'><strong>antea</strong></span> <span class='ocrx_word' id='word_1_480' title='bbox 1273 5300 1342 5357; x_wconf 82' lang='lat'><strong>50</strong></span> <span class='ocrx_word' id='word_1_481' title='bbox 1370 5307 1502 5361; x_wconf 86' lang='lat' dir='ltr'><strong>erat.</strong></span> <span class='ocrx_word' id='word_1_482' title='bbox 1556 5312 1695 5353; x_wconf 92' lang='lat' dir='ltr'><strong>nunc</strong></span> <span class='ocrx_word' id='word_1_483' title='bbox 1726 5295 1814 5353; x_wconf 88' lang='lat'><strong>66.</strong></span> 
     </span>
    </p>
   </div>
   <div class='ocr_carea' id='block_1_72' title="bbox 231 5368 1035 5440">
    <p class='ocr_par' dir='ltr' id='par_1_72' title="bbox 231 5368 1035 5440">
     <span class='ocr_line' id='line_1_74' title="bbox 231 5368 1035 5440; baseline 0 -15"><span class='ocrx_word' id='word_1_484' title='bbox 231 5368 451 5440; x_wconf 86' lang='lat' dir='ltr'><strong>Scripta</strong></span> <span class='ocrx_word' id='word_1_485' title='bbox 482 5370 550 5424; x_wconf 84' lang='grc'><strong>15</strong></span> <span class='ocrx_word' id='word_1_486' title='bbox 569 5372 757 5423; x_wconf 90' lang='lat' dir='ltr'><strong>Octob.</strong></span> <span class='ocrx_word' id='word_1_487' title='bbox 789 5385 879 5425; x_wconf 91' lang='lat' dir='ltr'><strong>an.</strong></span> <span class='ocrx_word' id='word_1_488' title='bbox 910 5372 1035 5425; x_wconf 72' lang='lat'><strong>449.</strong></span> 
     </span>
    </p>
   </div>
   <div class='ocr_carea' id='block_1_73' title="bbox 306 5440 1816 5509">
    <p class='ocr_par' dir='ltr' id='par_1_73' title="bbox 306 5440 1816 5509">
     <span class='ocr_line' id='line_1_75' title="bbox 306 5440 1816 5509; baseline 0 -13"><span class='ocrx_word' id='word_1_489' title='bbox 306 5441 327 5481; x_wconf 72' lang='grc' dir='ltr'><em>τ</em></span> <span class='ocrx_word' id='word_1_490' title='bbox 366 5445 557 5496; x_wconf 79' lang='lat' dir='ltr'><strong>Exstat</strong></span> <span class='ocrx_word' id='word_1_491' title='bbox 584 5440 700 5494; x_wconf 73' lang='lat' dir='ltr'><strong>haec</strong></span> <span class='ocrx_word' id='word_1_492' title='bbox 727 5442 954 5508; x_wconf 90' lang='lat' dir='ltr'><strong>epistola</strong></span> <span class='ocrx_word' id='word_1_493' title='bbox 980 5442 1031 5496; x_wconf 89' lang='lat' dir='ltr'><strong>in</strong></span> <span class='ocrx_word' id='word_1_494' title='bbox 1059 5457 1188 5498; x_wconf 89' lang='lat' dir='ltr'><strong>mss.</strong></span> <span class='ocrx_word' id='word_1_495' title='bbox 1239 5442 1453 5497; x_wconf 89' lang='lat' dir='ltr'><strong>collect.</strong></span> <span class='ocrx_word' id='word_1_496' title='bbox 1482 5442 1567 5505; x_wconf 74' lang='grc'>12,</span> <span class='ocrx_word' id='word_1_497' title='bbox 1603 5443 1690 5509; x_wconf 87' lang='grc'>17,</span> <span class='ocrx_word' id='word_1_498' title='bbox 1728 5442 1816 5506; x_wconf 89' lang='grc'><strong>18,</strong></span> 
     </span>
    </p>
   </div>
   <div class='ocr_carea' id='block_1_74' title="bbox 231 5511 1820 5579">
    <p class='ocr_par' dir='ltr' id='par_1_74' title="bbox 231 5511 1820 5579">
     <span class='ocr_line' id='line_1_76' title="bbox 231 5511 1820 5579; baseline -0.002 -10"><span class='ocrx_word' id='word_1_499' title='bbox 231 5512 320 5579; x_wconf 84' lang='grc'><strong>19,</strong></span> <span class='ocrx_word' id='word_1_500' title='bbox 346 5511 428 5567; x_wconf 68' lang='grc'><strong>22</strong></span> <span class='ocrx_word' id='word_1_501' title='bbox 453 5521 510 5567; x_wconf 90' lang='lat' dir='ltr'><strong>et</strong></span> <span class='ocrx_word' id='word_1_502' title='bbox 537 5512 642 5575; x_wconf 74' lang='lat'><strong>2&#39;5;</strong></span> <span class='ocrx_word' id='word_1_503' title='bbox 667 5511 855 5567; x_wconf 70' lang='lat' dir='ltr'><strong>Graeca</strong></span> <span class='ocrx_word' id='word_1_504' title='bbox 883 5524 1062 5567; x_wconf 88' lang='lat' dir='ltr'><strong>autem</strong></span> <span class='ocrx_word' id='word_1_505' title='bbox 1094 5515 1269 5569; x_wconf 88' lang='lat' dir='ltr'><strong>versio</strong></span> <span class='ocrx_word' id='word_1_506' title='bbox 1309 5514 1450 5568; x_wconf 92' lang='lat' dir='ltr'><strong>edita</strong></span> <span class='ocrx_word' id='word_1_507' title='bbox 1477 5512 1574 5567; x_wconf 86' lang='lat' dir='ltr'><strong>fuit</strong></span> <span class='ocrx_word' id='word_1_508' title='bbox 1609 5529 1637 5566; x_wconf 90' lang='lat' dir='ltr'><strong>a</strong></span> <span class='ocrx_word' id='word_1_509' title='bbox 1662 5515 1820 5568; x_wconf 63' lang='lat' dir='ltr'><strong>(lme-</strong></span> 
     </span>
    </p>
   </div>
   <div class='ocr_carea' id='block_1_75' title="bbox 232 5583 1813 5654">
    <p class='ocr_par' dir='ltr' id='par_1_75' title="bbox 232 5583 1813 5654">
     <span class='ocr_line' id='line_1_77' title="bbox 232 5583 1813 5654; baseline 0 -17"><span class='ocrx_word' id='word_1_510' title='bbox 232 5585 373 5638; x_wconf 86' lang='lat' dir='ltr'><strong>lerio</strong></span> <span class='ocrx_word' id='word_1_511' title='bbox 408 5596 539 5638; x_wconf 90' lang='lat' dir='ltr'><strong>tom.</strong></span> <span class='ocrx_word' id='word_1_512' title='bbox 571 5583 946 5639; x_wconf 72' lang='lat' dir='ltr'><strong>lbionument.</strong></span> <span class='ocrx_word' id='word_1_513' title='bbox 978 5584 1235 5640; x_wconf 67' lang='lat' dir='ltr'><strong>Ecclesiae</strong></span> <span class='ocrx_word' id='word_1_514' title='bbox 1282 5584 1507 5649; x_wconf 67' lang='lat' dir='ltr'><strong>Griecac,</strong></span> <span class='ocrx_word' id='word_1_515' title='bbox 1556 5599 1676 5654; x_wconf 79' lang='lat' dir='ltr'><strong>pag.</strong></span> <span class='ocrx_word' id='word_1_516' title='bbox 1722 5583 1813 5638; x_wconf 84' lang='lat'><strong>57.</strong></span> 
     </span>
    </p>
   </div>
   <div class='ocr_carea' id='block_1_76' title="bbox 234 5654 1819 5725">
    <p class='ocr_par' dir='ltr' id='par_1_76' title="bbox 234 5654 1819 5725">
     <span class='ocr_line' id='line_1_78' title="bbox 234 5654 1819 5725; baseline -0.001 -17"><span class='ocrx_word' id='word_1_517' title='bbox 234 5654 460 5709; x_wconf 74' lang='lat' dir='ltr'><strong>Missam</strong></span> <span class='ocrx_word' id='word_1_518' title='bbox 482 5668 614 5709; x_wconf 86' lang='lat' dir='ltr'><strong>vero</strong></span> <span class='ocrx_word' id='word_1_519' title='bbox 652 5655 817 5709; x_wconf 90' lang='lat' dir='ltr'><strong>fuisse</strong></span> <span class='ocrx_word' id='word_1_520' title='bbox 848 5658 985 5710; x_wconf 83' lang='lat' dir='ltr'><strong>hanc</strong></span> <span class='ocrx_word' id='word_1_521' title='bbox 1027 5656 1304 5725; x_wconf 88' lang='lat' dir='ltr'><strong>epistolam</strong></span> <span class='ocrx_word' id='word_1_522' title='bbox 1336 5671 1428 5725; x_wconf 90' lang='lat' dir='ltr'><strong>per</strong></span> <span class='ocrx_word' id='word_1_523' title='bbox 1464 5654 1819 5725; x_wconf 81' lang='lat' dir='ltr'><strong>Epiphanium</strong></span> 
     </span>
    </p>
   </div>
   <div class='ocr_carea' id='block_1_77' title="bbox 232 5725 1479 5798">
    <p class='ocr_par' dir='ltr' id='par_1_77' title="bbox 232 5725 1479 5798">
     <span class='ocr_line' id='line_1_79' title="bbox 232 5725 1479 5798; baseline -0.002 -17"><span class='ocrx_word' id='word_1_524' title='bbox 232 5736 289 5781; x_wconf 86' lang='lat' dir='ltr'><strong>et</strong></span> <span class='ocrx_word' id='word_1_525' title='bbox 316 5726 636 5798; x_wconf 80' lang='lat' dir='ltr'><strong>Dionysium</strong></span> <span class='ocrx_word' id='word_1_526' title='bbox 664 5725 922 5782; x_wconf 86' lang='lat' dir='ltr'><strong>discimus</strong></span> <span class='ocrx_word' id='word_1_527' title='bbox 951 5743 1015 5783; x_wconf 81' lang='lat' dir='ltr'><strong>ex</strong></span> <span class='ocrx_word' id='word_1_528' title='bbox 1041 5731 1197 5796; x_wconf 91' lang='lat' dir='ltr'><strong>epist.</strong></span> <span class='ocrx_word' id='word_1_529' title='bbox 1231 5725 1320 5789; x_wconf 84' lang='lat'><strong>59,</strong></span> <span class='ocrx_word' id='word_1_530' title='bbox 1350 5742 1399 5780; x_wconf 94' lang='lat' dir='ltr'><strong>c.</strong></span> <span class='ocrx_word' id='word_1_531' title='bbox 1433 5727 1479 5781; x_wconf 92' lang='grc'><strong>1.</strong></span> 
     </span>
    </p>
   </div>
   <div class='ocr_carea' id='block_1_78' title="bbox 308 5797 1821 5867">
    <p class='ocr_par' dir='ltr' id='par_1_78' title="bbox 308 5797 1821 5867">
     <span class='ocr_line' id='line_1_80' title="bbox 308 5797 1821 5867; baseline -0.003 -16"><span class='ocrx_word' id='word_1_532' title='bbox 308 5806 335 5843; x_wconf 74' lang='grc' dir='ltr'><strong>ε</strong></span> <span class='ocrx_word' id='word_1_533' title='bbox 366 5797 621 5866; x_wconf 74' lang='lat' dir='ltr'><strong>Quinque</strong></span> <span class='ocrx_word' id='word_1_534' title='bbox 669 5813 849 5863; x_wconf 90' lang='lat' dir='ltr'><strong>voces,</strong></span> <span class='ocrx_word' id='word_1_535' title='bbox 885 5799 1226 5853; x_wconf 82' lang='lat' dir='ltr'><strong>dilectissimis</strong></span> <span class='ocrx_word' id='word_1_536' title='bbox 1255 5797 1381 5867; x_wconf 83' lang='lat' dir='ltr'><strong>ﬁliis</strong></span> <span class='ocrx_word' id='word_1_537' title='bbox 1410 5800 1462 5850; x_wconf 84' lang='lat' dir='ltr'><strong>in</strong></span> <span class='ocrx_word' id='word_1_538' title='bbox 1493 5797 1713 5851; x_wconf 84' lang='lat' dir='ltr'><strong>Domino</strong></span> <span class='ocrx_word' id='word_1_539' title='bbox 1738 5812 1821 5849; x_wconf 85' lang='lat' dir='ltr'><strong>sa-</strong></span> 
     </span>
    </p>
   </div>
   <div class='ocr_carea' id='block_1_79' title="bbox 235 5866 1821 5938">
    <p class='ocr_par' dir='ltr' id='par_1_79' title="bbox 235 5866 1821 5938">
     <span class='ocr_line' id='line_1_81' title="bbox 235 5866 1821 5938; baseline -0.002 -14"><span class='ocrx_word' id='word_1_540' title='bbox 235 5866 428 5933; x_wconf 81' lang='lat' dir='ltr'><strong>lutem,</strong></span> <span class='ocrx_word' id='word_1_541' title='bbox 453 5868 745 5938; x_wconf 87' lang='lat' dir='ltr'><strong>adjecitnus</strong></span> <span class='ocrx_word' id='word_1_542' title='bbox 772 5883 838 5924; x_wconf 79' lang='lat' dir='ltr'><strong>ex</strong></span> <span class='ocrx_word' id='word_1_543' title='bbox 864 5870 1115 5926; x_wconf 87' lang='lat' dir='ltr'><strong>omnibus</strong></span> <span class='ocrx_word' id='word_1_544' title='bbox 1142 5866 1270 5925; x_wconf 85' lang='lat' dir='ltr'><strong>mss.</strong></span> <span class='ocrx_word' id='word_1_545' title='bbox 1318 5880 1428 5925; x_wconf 86' lang='lat' dir='ltr'><strong>tum</strong></span> <span class='ocrx_word' id='word_1_546' title='bbox 1458 5869 1672 5935; x_wconf 87' lang='lat' dir='ltr'><strong>nostris,</strong></span> <span class='ocrx_word' id='word_1_547' title='bbox 1710 5878 1821 5922; x_wconf 89' lang='lat' dir='ltr'><strong>tum</strong></span> 
     </span>
    </p>
   </div>
   <div class='ocr_carea' id='block_1_80' title="bbox 528 5965 1007 6027">
    <p class='ocr_par' dir='ltr' id='par_1_80' title="bbox 528 5965 1007 6027">
     <span class='ocr_line' id='line_1_82' title="bbox 528 5965 1007 6027; baseline -0.002 -1"><span class='ocrx_word' id='word_1_548' title='bbox 528 5969 800 6027; x_wconf 76' lang='lat' dir='ltr'><strong>PATIOL.</strong></span> <span class='ocrx_word' id='word_1_549' title='bbox 848 5965 1007 6026; x_wconf 84' lang='lat' dir='ltr'><strong>LIV.</strong></span> 
     </span>
    </p>
   </div>
   <div class='ocr_carea' id='block_1_81' title="bbox 2057 2070 3500 2145">
    <p class='ocr_par' dir='ltr' id='par_1_81' title="bbox 2057 2070 3500 2145">
     <span class='ocr_line' id='line_1_83' title="bbox 2057 2070 3500 2145; baseline -0.004 -14"><span class='ocrx_word' id='word_1_550' title='bbox 2057 2080 2141 2131; x_wconf 91' lang='grc' dir='ltr'><strong>ίων</strong></span> <span class='ocrx_word' id='word_1_551' title='bbox 2163 2075 2507 2145; x_wconf 78' lang='grc' dir='ltr'><strong>συναχθεῖσα,</strong></span> <span class='ocrx_word' id='word_1_552' title='bbox 2530 2070 2713 2145; x_wconf 76' lang='grc' dir='ltr'>κλήρῳ.</span> <span class='ocrx_word' id='word_1_553' title='bbox 2744 2070 3117 2145; x_wconf 70' lang='grc' dir='ltr'>ἁξιωματικοζς,</span> <span class='ocrx_word' id='word_1_554' title='bbox 3142 2071 3401 2145; x_wconf 22' lang='grc' dir='ltr'>καίᾼπαντί</span> <span class='ocrx_word' id='word_1_555' title='bbox 3428 2078 3500 2141; x_wconf 87' lang='grc' dir='ltr'>τῷ</span> 
     </span>
    </p>
   </div>
   <div class='ocr_carea' id='block_1_82' title="bbox 2008 2139 3502 2221">
    <p class='ocr_par' dir='ltr' id='par_1_82' title="bbox 2008 2139 3502 2221">
     <span class='ocr_line' id='line_1_84' title="bbox 2008 2139 3502 2221; baseline -0.006 -18"><span class='ocrx_word' id='word_1_556' title='bbox 2008 2150 2102 2221; x_wconf 83' lang='grc' dir='ltr'>ἁῳ,</span> <span class='ocrx_word' id='word_1_557' title='bbox 2132 2155 2242 2206; x_wconf 77' lang='grc' dir='ltr'><strong>τοῖς</strong></span> <span class='ocrx_word' id='word_1_558' title='bbox 2289 2139 2511 2199; x_wconf 81' lang='grc' dir='ltr'>οἷκοῦσιν</span> <span class='ocrx_word' id='word_1_559' title='bbox 2542 2144 2589 2196; x_wconf 81' lang='grc' dir='ltr'>ἐν</span> <span class='ocrx_word' id='word_1_560' title='bbox 2621 2139 3145 2195; x_wconf 69' lang='grc' dir='ltr'>ἱίωνσταντινουπόλει</span> <span class='ocrx_word' id='word_1_561' title='bbox 3164 2183 3177 2207; x_wconf 83' lang='grc'><strong>,</strong></span> <span class='ocrx_word' id='word_1_562' title='bbox 3220 2139 3502 2213; x_wconf 73' lang='grc' dir='ltr'><strong>ἀγαπητοῖς</strong></span> 
     </span>
    </p>
   </div>
   <div class='ocr_carea' id='block_1_83' title="bbox 1982 2216 2667 2289">
    <p class='ocr_par' dir='ltr' id='par_1_83' title="bbox 1982 2216 2667 2289">
     <span class='ocr_line' id='line_1_85' title="bbox 1982 2216 2667 2289; baseline -0.015 -14"><span class='ocrx_word' id='word_1_563' title='bbox 1982 2216 2132 2283; x_wconf 80' lang='grc' dir='ltr'><strong>υἱοῖς,</strong></span> <span class='ocrx_word' id='word_1_564' title='bbox 2171 2220 2220 2272; x_wconf 79' lang='grc' dir='ltr'>ἐν</span> <span class='ocrx_word' id='word_1_565' title='bbox 2250 2218 2413 2289; x_wconf 73' lang='grc' dir='ltr'><strong>Κυρίῳ</strong></span> <span class='ocrx_word' id='word_1_566' title='bbox 2444 2216 2667 2288; x_wconf 82' lang='grc' dir='ltr'><strong>χαίρειν.</strong></span> 
     </span>
    </p>
   </div>
   <div class='ocr_carea' id='block_1_84' title="bbox 1981 2325 3503 2407">
    <p class='ocr_par' dir='ltr' id='par_1_84' title="bbox 1981 2325 3503 2407">
     <span class='ocr_line' id='line_1_86' title="bbox 1981 2325 3503 2407; baseline -0.008 -17"><span class='ocrx_word' id='word_1_567' title='bbox 1981 2338 2064 2396; x_wconf 79' lang='grc' dir='ltr'><strong>Εἰς</strong></span> <span class='ocrx_word' id='word_1_568' title='bbox 2086 2340 2271 2407; x_wconf 85' lang='grc' dir='ltr'>γνῶσιν</span> <span class='ocrx_word' id='word_1_569' title='bbox 2296 2332 2412 2403; x_wconf 79' lang='grc' dir='ltr'>ἡμῖν</span> <span class='ocrx_word' id='word_1_570' title='bbox 2447 2327 2676 2382; x_wconf 76' lang='grc' dir='ltr'><strong>ἐλθόντων</strong></span> <span class='ocrx_word' id='word_1_571' title='bbox 2707 2325 2840 2399; x_wconf 76' lang='grc' dir='ltr'><strong>ἅπερ</strong></span> <span class='ocrx_word' id='word_1_572' title='bbox 2867 2325 2914 2378; x_wconf 76' lang='grc' dir='ltr'>ἐν</span> <span class='ocrx_word' id='word_1_573' title='bbox 2938 2333 3000 2401; x_wconf 80' lang='grc' dir='ltr'>τῇ</span> <span class='ocrx_word' id='word_1_574' title='bbox 3027 2327 3215 2399; x_wconf 73' lang='grc' dir='ltr'><em>Ἐφέσῳ</em></span> <span class='ocrx_word' id='word_1_575' title='bbox 3243 2328 3387 2401; x_wconf 84' lang='grc' dir='ltr'>παρὰ</span> <span class='ocrx_word' id='word_1_576' title='bbox 3414 2332 3503 2386; x_wconf 75' lang='grc' dir='ltr'><strong>τήν</strong></span> 
     </span>
    </p>
   </div>
   <div class='ocr_carea' id='block_1_85' title="bbox 1909 2417 3503 2506">
    <p class='ocr_par' dir='ltr' id='par_1_85' title="bbox 1909 2417 3503 2506">
     <span class='ocr_line' id='line_1_87' title="bbox 1909 2417 3503 2506; baseline -0.009 -21"><span class='ocrx_word' id='word_1_577' title='bbox 1909 2426 2218 2506; x_wconf 81' lang='grc' dir='ltr'><strong>προσδοκίαν</strong></span> <span class='ocrx_word' id='word_1_578' title='bbox 2248 2425 2451 2481; x_wconf 83' lang='grc' dir='ltr'>πάντων</span> <span class='ocrx_word' id='word_1_579' title='bbox 2491 2421 2803 2496; x_wconf 75' lang='grc' dir='ltr'>πέπρακται,</span> <span class='ocrx_word' id='word_1_580' title='bbox 2826 2418 3017 2492; x_wconf 74' lang='grc' dir='ltr'>μεγάλῃ</span> <span class='ocrx_word' id='word_1_581' title='bbox 3045 2419 3180 2491; x_wconf 75' lang='grc' dir='ltr'>λύπῃ</span> <span class='ocrx_word' id='word_1_582' title='bbox 3206 2422 3294 2477; x_wconf 75' lang='grc' dir='ltr'>τήν</span> <span class='ocrx_word' id='word_1_583' title='bbox 3322 2417 3503 2490; x_wconf 70' lang='grc' dir='ltr'>ψυχήν</span> 
     </span>
    </p>
   </div>
   <div class='ocr_carea' id='block_1_86' title="bbox 1911 2509 3502 2593">
    <p class='ocr_par' dir='ltr' id='par_1_86' title="bbox 1911 2509 3502 2593">
     <span class='ocr_line' id='line_1_88' title="bbox 1911 2509 3502 2593; baseline -0.009 -17"><span class='ocrx_word' id='word_1_584' title='bbox 1911 2524 2049 2593; x_wconf 75' lang='grc' dir='ltr'>ἡμῶν</span> <span class='ocrx_word' id='word_1_585' title='bbox 2080 2518 2420 2590; x_wconf 81' lang='grc' dir='ltr'>ὁμολογοῦμεν</span> <span class='ocrx_word' id='word_1_586' title='bbox 2450 2513 2795 2585; x_wconf 70' lang='grc' dir='ltr'><strong>συγχυθῆναι,</strong></span> <span class='ocrx_word' id='word_1_587' title='bbox 2821 2509 2933 2566; x_wconf 73' lang='grc' dir='ltr'><strong>οὐδὲ</strong></span> <span class='ocrx_word' id='word_1_588' title='bbox 2960 2516 3207 2566; x_wconf 83' lang='grc' dir='ltr'>τοσοῦτον</span> <span class='ocrx_word' id='word_1_589' title='bbox 3234 2511 3415 2573; x_wconf 81' lang='grc' dir='ltr'>ἐξεῖναι</span> <span class='ocrx_word' id='word_1_590' title='bbox 3441 2519 3502 2586; x_wconf 72' lang='grc' dir='ltr'><strong>τῇ</strong></span> 
     </span>
    </p>
   </div>
   <div class='ocr_carea' id='block_1_87' title="bbox 1910 2603 3503 2689">
    <p class='ocr_par' dir='ltr' id='par_1_87' title="bbox 1910 2603 3503 2689">
     <span class='ocr_line' id='line_1_89' title="bbox 1910 2603 3503 2689; baseline -0.01 -20"><span class='ocrx_word' id='word_1_591' title='bbox 1910 2616 2092 2689; x_wconf 78' lang='grc' dir='ltr'>ἀνομίᾳ</span> <span class='ocrx_word' id='word_1_592' title='bbox 2139 2614 2375 2685; x_wconf 79' lang='grc' dir='ltr'><strong>εὐχερῶς</strong></span> <span class='ocrx_word' id='word_1_593' title='bbox 2630 2603 2943 2675; x_wconf 77' lang='grc' dir='ltr'><strong>ἠδυνήθημεν</strong></span> <span class='ocrx_word' id='word_1_594' title='bbox 2991 2609 3307 2661; x_wconf 82' lang='grc' dir='ltr'>πιστεῦσαι.</span> <span class='ocrx_word' id='word_1_595' title='bbox 3342 2604 3385 2654; x_wconf 83' lang='grc' dir='ltr'>εἰ</span> <span class='ocrx_word' id='word_1_596' title='bbox 3432 2607 3503 2672; x_wconf 73' lang='grc' dir='ltr'>μή</span> 
     </span>
    </p>
   </div>
   <div class='ocr_carea' id='block_1_88' title="bbox 1910 2694 3503 2779">
    <p class='ocr_par' dir='ltr' id='par_1_88' title="bbox 1910 2694 3503 2779">
     <span class='ocr_line' id='line_1_90' title="bbox 1910 2694 3503 2779; baseline -0.011 -15"><span class='ocrx_word' id='word_1_597' title='bbox 1910 2709 1936 2765; x_wconf 91' lang='grc' dir='ltr'><strong>ό</strong></span> <span class='ocrx_word' id='word_1_598' title='bbox 1969 2710 2076 2770; x_wconf 86' lang='grc' dir='ltr'><strong>υίὸς</strong></span> <span class='ocrx_word' id='word_1_599' title='bbox 2124 2710 2262 2779; x_wconf 82' lang='grc' dir='ltr'>ἡμῶν</span> <span class='ocrx_word' id='word_1_600' title='bbox 2312 2704 2535 2779; x_wconf 83' lang='grc' dir='ltr'>Ἱλαρίων</span> <span class='ocrx_word' id='word_1_601' title='bbox 2559 2699 2584 2755; x_wconf 87' lang='grc' dir='ltr'>ὁ</span> <span class='ocrx_word' id='word_1_602' title='bbox 2610 2697 2861 2764; x_wconf 79' lang='grc' dir='ltr'>διάκονος,</span> <span class='ocrx_word' id='word_1_603' title='bbox 2896 2694 2950 2758; x_wconf 84' lang='grc' dir='ltr'><strong>ὅς</strong></span> <span class='ocrx_word' id='word_1_604' title='bbox 2990 2717 3068 2758; x_wconf 80' lang='grc' dir='ltr'>τις</span> <span class='ocrx_word' id='word_1_605' title='bbox 3119 2698 3191 2758; x_wconf 77' lang='grc' dir='ltr'><strong>εἰς</strong></span> <span class='ocrx_word' id='word_1_606' title='bbox 3228 2695 3383 2749; x_wconf 87' lang='grc' dir='ltr'>τόπον</span> <span class='ocrx_word' id='word_1_607' title='bbox 3420 2695 3503 2749; x_wconf 87' lang='grc' dir='ltr'><strong>τόν</strong></span> 
     </span>
    </p>
   </div>
   <div class='ocr_carea' id='block_1_89' title="bbox 1910 2786 3500 2881">
    <p class='ocr_par' dir='ltr' id='par_1_89' title="bbox 1910 2786 3500 2881">
     <span class='ocr_line' id='line_1_91' title="bbox 1910 2786 3500 2881; baseline -0.013 -20"><span class='ocrx_word' id='word_1_608' title='bbox 1910 2803 2144 2881; x_wconf 78' lang='grc' dir='ltr'>ἡμέτερον</span> <span class='ocrx_word' id='word_1_609' title='bbox 2168 2796 2446 2872; x_wconf 74' lang='grc' dir='ltr'>μετ’ἆλλων</span> <span class='ocrx_word' id='word_1_610' title='bbox 2472 2795 2558 2849; x_wconf 80' lang='grc' dir='ltr'>ἵνα</span> <span class='ocrx_word' id='word_1_611' title='bbox 2600 2793 2944 2871; x_wconf 77' lang='grc' dir='ltr'>παραγένηται</span> <span class='ocrx_word' id='word_1_612' title='bbox 2975 2790 3024 2843; x_wconf 85' lang='grc' dir='ltr'>ἐν</span> <span class='ocrx_word' id='word_1_613' title='bbox 3052 2796 3114 2865; x_wconf 77' lang='grc' dir='ltr'><strong>τῇ</strong></span> <span class='ocrx_word' id='word_1_614' title='bbox 3145 2786 3338 2857; x_wconf 83' lang='grc' dir='ltr'><strong>συνόδῳ</strong></span> <span class='ocrx_word' id='word_1_615' title='bbox 3369 2789 3500 2841; x_wconf 79' lang='grc' dir='ltr'>ἁπο-</span> 
     </span>
    </p>
   </div>
   <div class='ocr_carea' id='block_1_90' title="bbox 1909 2879 3498 2967">
    <p class='ocr_par' dir='ltr' id='par_1_90' title="bbox 1909 2879 3498 2967">
     <span class='ocr_line' id='line_1_92' title="bbox 1909 2879 3498 2967; baseline -0.013 -14"><span class='ocrx_word' id='word_1_616' title='bbox 1909 2879 2130 2957; x_wconf 77' lang='grc' dir='ltr'>σταλείς,</span> <span class='ocrx_word' id='word_1_617' title='bbox 2162 2894 2355 2967; x_wconf 79' lang='grc' dir='ltr'>φεύγων</span> <span class='ocrx_word' id='word_1_618' title='bbox 2385 2886 2727 2966; x_wconf 74' lang='grc' dir='ltr'>ὑπέστρεψεν,</span> <span class='ocrx_word' id='word_1_619' title='bbox 2765 2884 2995 2937; x_wconf 79' lang='grc' dir='ltr'><strong>ἐκκλίνων</strong></span> <span class='ocrx_word' id='word_1_620' title='bbox 3023 2890 3114 2941; x_wconf 81' lang='grc' dir='ltr'><strong>τῆς</strong></span> <span class='ocrx_word' id='word_1_621' title='bbox 3144 2879 3343 2941; x_wconf 79' lang='grc' dir='ltr'><strong>ἀδικίας</strong></span> <span class='ocrx_word' id='word_1_622' title='bbox 3392 2900 3498 2933; x_wconf 85' lang='grc' dir='ltr'>κοι-</span> 
     </span>
    </p>
   </div>
   <div class='ocr_carea' id='block_1_91' title="bbox 1910 2974 3503 3059">
    <p class='ocr_par' dir='ltr' id='par_1_91' title="bbox 1910 2974 3503 3059">
     <span class='ocr_line' id='line_1_93' title="bbox 1910 2974 3503 3059; baseline -0.011 -15"><span class='ocrx_word' id='word_1_623' title='bbox 1910 2989 2063 3049; x_wconf 81' lang='grc' dir='ltr'>νωνὸς</span> <span class='ocrx_word' id='word_1_624' title='bbox 2116 2987 2363 3059; x_wconf 73' lang='grc' dir='ltr'>γενέσθαι.</span> <span class='ocrx_word' id='word_1_625' title='bbox 2422 2985 2479 3036; x_wconf 82' lang='grc' dir='ltr'><strong>Εἰ</strong></span> <span class='ocrx_word' id='word_1_626' title='bbox 2523 2983 2608 3034; x_wconf 84' lang='grc' dir='ltr'><strong>καί</strong></span> <span class='ocrx_word' id='word_1_627' title='bbox 2658 2982 2725 3034; x_wconf 80' lang='grc' dir='ltr'>τὰ</span> <span class='ocrx_word' id='word_1_628' title='bbox 2770 2975 2994 3047; x_wconf 74' lang='grc' dir='ltr'>μάλιστα</span> <span class='ocrx_word' id='word_1_629' title='bbox 3035 2980 3166 3047; x_wconf 79' lang='grc' dir='ltr'>φωνή</span> <span class='ocrx_word' id='word_1_630' title='bbox 3216 2974 3503 3047; x_wconf 68' lang='grc' dir='ltr'><strong>ἀντιλογίας</strong></span> 
     </span>
    </p>
   </div>
   <div class='ocr_carea' id='block_1_92' title="bbox 1911 3068 3501 3152">
    <p class='ocr_par' dir='ltr' id='par_1_92' title="bbox 1911 3068 3501 3152">
     <span class='ocr_line' id='line_1_94' title="bbox 1911 3068 3501 3152; baseline -0.009 -16"><span class='ocrx_word' id='word_1_631' title='bbox 1911 3084 2065 3138; x_wconf 77' lang='grc' dir='ltr'><strong>ἐκεῖσε</strong></span> <span class='ocrx_word' id='word_1_632' title='bbox 2107 3081 2207 3135; x_wconf 83' lang='grc' dir='ltr'>ἀπὸ</span> <span class='ocrx_word' id='word_1_633' title='bbox 2253 3085 2352 3132; x_wconf 85' lang='grc' dir='ltr'>τῶν</span> <span class='ocrx_word' id='word_1_634' title='bbox 2398 3076 2650 3152; x_wconf 76' lang='grc' dir='ltr'><strong>ἡμετέρων</strong></span> <span class='ocrx_word' id='word_1_635' title='bbox 2692 3071 3051 3151; x_wconf 75' lang='grc' dir='ltr'>προϐέϐληκεν¹</span> <span class='ocrx_word' id='word_1_636' title='bbox 3100 3071 3158 3127; x_wconf 75' lang='grc' dir='ltr'>ἦν</span> <span class='ocrx_word' id='word_1_637' title='bbox 3199 3091 3313 3123; x_wconf 88' lang='grc' dir='ltr'>τινα</span> <span class='ocrx_word' id='word_1_638' title='bbox 3350 3068 3374 3121; x_wconf 88' lang='grc' dir='ltr'>ὁ</span> <span class='ocrx_word' id='word_1_639' title='bbox 3408 3076 3501 3128; x_wconf 80' lang='grc' dir='ltr'><strong>τῆς</strong></span> 
     </span>
    </p>
   </div>
   <div class='ocr_carea' id='block_1_93' title="bbox 1908 3157 3503 3250">
    <p class='ocr_par' dir='ltr' id='par_1_93' title="bbox 1908 3157 3503 3250">
     <span class='ocr_line' id='line_1_95' title="bbox 1908 3157 3503 3250; baseline -0.012 -21"><span class='ocrx_word' id='word_1_640' title='bbox 1908 3170 2276 3250; x_wconf 77' lang='grc' dir='ltr'>’Δλεξανδρείας</span> <span class='ocrx_word' id='word_1_641' title='bbox 2305 3169 2604 3226; x_wconf 73' lang='grc' dir='ltr'>ἐπίσκοπος.</span> <span class='ocrx_word' id='word_1_642' title='bbox 2636 3160 2689 3223; x_wconf 82' lang='grc' dir='ltr'><strong>ὅς</strong></span> <span class='ocrx_word' id='word_1_643' title='bbox 2719 3182 2797 3221; x_wconf 82' lang='grc' dir='ltr'>τις</span> <span class='ocrx_word' id='word_1_644' title='bbox 2834 3160 3004 3233; x_wconf 71' lang='grc' dir='ltr'>ἕαυτῷ</span> <span class='ocrx_word' id='word_1_645' title='bbox 3034 3157 3117 3213; x_wconf 79' lang='grc' dir='ltr'><strong>διὰ</strong></span> <span class='ocrx_word' id='word_1_646' title='bbox 3154 3166 3247 3217; x_wconf 79' lang='grc' dir='ltr'><strong>τῆς</strong></span> <span class='ocrx_word' id='word_1_647' title='bbox 3281 3159 3503 3234; x_wconf 73' lang='grc' dir='ltr'>ἀμέτρου</span> 
     </span>
    </p>
   </div>
   <div class='ocr_carea' id='block_1_94' title="bbox 1911 3252 3505 3323">
    <p class='ocr_par' dir='ltr' id='par_1_94' title="bbox 1911 3252 3505 3323">
     <span class='ocr_line' id='line_1_96' title="bbox 1911 3252 3505 3323; baseline -0.011 -2"><span class='ocrx_word' id='word_1_648' title='bbox 1911 3266 2210 3322; x_wconf 74' lang='grc' dir='ltr'>δυναστιίας</span> <span class='ocrx_word' id='word_1_649' title='bbox 2248 3262 2305 3317; x_wconf 85' lang='grc' dir='ltr'>τὸ</span> <span class='ocrx_word' id='word_1_650' title='bbox 2348 3264 2449 3315; x_wconf 79' lang='grc' dir='ltr'>πᾶν</span> <span class='ocrx_word' id='word_1_651' title='bbox 2488 3254 2723 3323; x_wconf 80' lang='grc' dir='ltr'>ἐξεδίκει,</span> <span class='ocrx_word' id='word_1_652' title='bbox 2776 3256 2998 3309; x_wconf 74' lang='grc' dir='ltr'>ἀκοῦσαι</span> <span class='ocrx_word' id='word_1_653' title='bbox 3042 3252 3395 3313; x_wconf 81' lang='grc' dir='ltr'><strong>κατέπτυσεν,</strong></span> <span class='ocrx_word' id='word_1_654' title='bbox 3434 3254 3505 3310; x_wconf 76' lang='grc' dir='ltr'><strong>εἰς</strong></span> 
     </span>
    </p>
   </div>
   <div class='ocr_carea' id='block_1_95' title="bbox 1911 3342 3503 3428">
    <p class='ocr_par' dir='ltr' id='par_1_95' title="bbox 1911 3342 3503 3428">
     <span class='ocr_line' id='line_1_97' title="bbox 1911 3342 3503 3428; baseline -0.012 -15"><span class='ocrx_word' id='word_1_655' title='bbox 1911 3359 2164 3413; x_wconf 82' lang='grc' dir='ltr'>κοινωνίαν</span> <span class='ocrx_word' id='word_1_656' title='bbox 2202 3363 2293 3415; x_wconf 80' lang='grc' dir='ltr'><strong>τῆς</strong></span> <span class='ocrx_word' id='word_1_657' title='bbox 2338 3354 2493 3407; x_wconf 72' lang='grc' dir='ltr'>αὐτοῦ</span> <span class='ocrx_word' id='word_1_658' title='bbox 2540 3349 2885 3428; x_wconf 83' lang='grc' dir='ltr'>προαιρέσεως·</span> <span class='ocrx_word' id='word_1_659' title='bbox 2922 3342 3136 3405; x_wconf 67' lang='grc' dir='ltr'>ἄκοντας</span> <span class='ocrx_word' id='word_1_660' title='bbox 3183 3344 3336 3398; x_wconf 75' lang='grc' dir='ltr'>ἕλκων</span> <span class='ocrx_word' id='word_1_661' title='bbox 3381 3344 3503 3402; x_wconf 73' lang='grc' dir='ltr'>τοὺς·</span> 
     </span>
    </p>
   </div>
   <div class='ocr_carea' id='block_1_96' title="bbox 1916 3436 3505 3513">
    <p class='ocr_par' dir='ltr' id='par_1_96' title="bbox 1916 3436 3505 3513">
     <span class='ocr_line' id='line_1_98' title="bbox 1916 3436 3505 3513; baseline -0.012 -5"><span class='ocrx_word' id='word_1_662' title='bbox 1916 3450 2251 3511; x_wconf 79' lang='grc' dir='ltr'><strong>ἐπισκόπους,</strong></span> <span class='ocrx_word' id='word_1_663' title='bbox 2277 3449 2362 3501; x_wconf 85' lang='grc' dir='ltr'>ἶνα</span> <span class='ocrx_word' id='word_1_664' title='bbox 2392 3444 2476 3500; x_wconf 77' lang='grc' dir='ltr'><strong>διὰ</strong></span> <span class='ocrx_word' id='word_1_665' title='bbox 2505 3448 2594 3501; x_wconf 75' lang='grc' dir='ltr'><strong>τήν</strong></span> <span class='ocrx_word' id='word_1_666' title='bbox 2625 3443 2741 3513; x_wconf 83' lang='grc' dir='ltr'>βίαν</span> <span class='ocrx_word' id='word_1_667' title='bbox 2771 3439 3153 3511; x_wconf 70' lang='grc' dir='ltr'>ἀναγκασθῶσιν</span> <span class='ocrx_word' id='word_1_668' title='bbox 3184 3436 3505 3513; x_wconf 71' lang='grc' dir='ltr'><strong>ὑπογράψαι,</strong></span> 
     </span>
    </p>
   </div>
   <div class='ocr_carea' id='block_1_97' title="bbox 1915 3531 3506 3613">
    <p class='ocr_par' dir='ltr' id='par_1_97' title="bbox 1915 3531 3506 3613">
     <span class='ocr_line' id='line_1_99' title="bbox 1915 3531 3506 3613; baseline -0.014 -12"><span class='ocrx_word' id='word_1_669' title='bbox 1915 3548 2120 3605; x_wconf 78' lang='grc' dir='ltr'>οἵτινες</span> <span class='ocrx_word' id='word_1_670' title='bbox 2166 3545 2280 3597; x_wconf 82' lang='grc' dir='ltr'><strong>οὐδέ</strong></span> <span class='ocrx_word' id='word_1_671' title='bbox 2324 3543 2440 3613; x_wconf 84' lang='grc' dir='ltr'>μίαν</span> <span class='ocrx_word' id='word_1_672' title='bbox 2483 3536 2820 3613; x_wconf 82' lang='grc' dir='ltr'>καθαιρέσεως</span> <span class='ocrx_word' id='word_1_673' title='bbox 2854 3536 3077 3611; x_wconf 78' lang='grc' dir='ltr'>ἀφορμὴν</span> <span class='ocrx_word' id='word_1_674' title='bbox 3125 3532 3297 3589; x_wconf 74' lang='grc' dir='ltr'>ἱκανήν</span> <span class='ocrx_word' id='word_1_675' title='bbox 3341 3531 3506 3607; x_wconf 77' lang='grc' dir='ltr'>εὑρεῖν</span> 
     </span>
    </p>
   </div>
   <div class='ocr_carea' id='block_1_98' title="bbox 1914 3621 3507 3699">
    <p class='ocr_par' dir='ltr' id='par_1_98' title="bbox 1914 3621 3507 3699">
     <span class='ocr_line' id='line_1_100' title="bbox 1914 3621 3507 3699; baseline -0.014 -4"><span class='ocrx_word' id='word_1_676' title='bbox 1914 3639 2247 3699; x_wconf 75' lang='grc' dir='ltr'>ἠδυνήθησαν.</span> <span class='ocrx_word' id='word_1_677' title='bbox 2278 3633 2419 3688; x_wconf 73' lang='grc' dir='ltr'><strong>Ἀλλά</strong></span> <span class='ocrx_word' id='word_1_678' title='bbox 2457 3631 2648 3687; x_wconf 79' lang='grc' dir='ltr'>ταύτην</span> <span class='ocrx_word' id='word_1_679' title='bbox 2696 3631 2784 3684; x_wconf 77' lang='grc' dir='ltr'>τήν</span> <span class='ocrx_word' id='word_1_680' title='bbox 2833 3624 3015 3695; x_wconf 79' lang='grc' dir='ltr'>τόλμην</span> <span class='ocrx_word' id='word_1_681' title='bbox 3061 3630 3135 3695; x_wconf 82' lang='grc' dir='ltr'>τῷ</span> <span class='ocrx_word' id='word_1_682' title='bbox 3178 3621 3381 3676; x_wconf 60' lang='grc' dir='ltr'>εὐσεϐεῖ</span> <span class='ocrx_word' id='word_1_683' title='bbox 3421 3623 3507 3674; x_wconf 86' lang='grc' dir='ltr'>καὶ</span> 
     </span>
    </p>
   </div>
   <div class='ocr_carea' id='block_1_99' title="bbox 1912 3712 3503 3808">
    <p class='ocr_par' dir='ltr' id='par_1_99' title="bbox 1912 3712 3503 3808">
     <span class='ocr_line' id='line_1_101' title="bbox 1912 3712 3503 3808; baseline -0.013 -22"><span class='ocrx_word' id='word_1_684' title='bbox 1912 3736 2199 3808; x_wconf 79' lang='grc' dir='ltr'>Χριστιανῷ</span> <span class='ocrx_word' id='word_1_685' title='bbox 2219 3725 2420 3799; x_wconf 72' lang='grc' dir='ltr'>βασιλεῖ</span> <span class='ocrx_word' id='word_1_686' title='bbox 2435 3721 2745 3791; x_wconf 78' lang='grc' dir='ltr'>πιστεύομεν</span> <span class='ocrx_word' id='word_1_687' title='bbox 2766 3715 3206 3793; x_wconf 55' lang='grc' dir='ltr'>οὐδαμῶς,,ᾀρέσαι</span> <span class='ocrx_word' id='word_1_688' title='bbox 3231 3712 3503 3768; x_wconf 71' lang='grc' dir='ltr'>δύνασθαι.</span> 
     </span>
    </p>
   </div>
   <div class='ocr_carea' id='block_1_100' title="bbox 1914 3806 3509 3895">
    <p class='ocr_par' dir='ltr' id='par_1_100' title="bbox 1914 3806 3509 3895">
     <span class='ocr_line' id='line_1_102' title="bbox 1914 3806 3509 3895; baseline -0.013 -17"><span class='ocrx_word' id='word_1_689' title='bbox 1914 3806 2013 3881; x_wconf 66' lang='lat' dir='ltr'><strong>Nini</strong></span> <span class='ocrx_word' id='word_1_690' title='bbox 2040 3824 2211 3895; x_wconf 84' lang='grc' dir='ltr'>μέντοι</span> <span class='ocrx_word' id='word_1_691' title='bbox 2254 3816 2426 3875; x_wconf 70' lang='grc' dir='ltr'>ἐπειδὴ</span> <span class='ocrx_word' id='word_1_692' title='bbox 2458 3821 2546 3874; x_wconf 73' lang='grc' dir='ltr'>τήν</span> <span class='ocrx_word' id='word_1_693' title='bbox 2577 3812 2837 3869; x_wconf 82' lang='grc' dir='ltr'>ἐκκλησίαν</span> <span class='ocrx_word' id='word_1_694' title='bbox 2879 3814 3013 3880; x_wconf 81' lang='grc' dir='ltr'><strong>ὗμῶν</strong></span> <span class='ocrx_word' id='word_1_695' title='bbox 3042 3809 3206 3876; x_wconf 78' lang='grc' dir='ltr'>ταύτῃ</span> <span class='ocrx_word' id='word_1_696' title='bbox 3236 3814 3297 3882; x_wconf 81' lang='grc' dir='ltr'>τῇ</span> <span class='ocrx_word' id='word_1_697' title='bbox 3326 3806 3509 3884; x_wconf 77' lang='grc' dir='ltr'>πράξει</span> 
     </span>
    </p>
   </div>
   <div class='ocr_carea' id='block_1_101' title="bbox 1916 3902 3506 3992">
    <p class='ocr_par' dir='ltr' id='par_1_101' title="bbox 1916 3902 3506 3992">
     <span class='ocr_line' id='line_1_103' title="bbox 1916 3902 3506 3992; baseline -0.013 -19"><span class='ocrx_word' id='word_1_698' title='bbox 1916 3917 2132 3992; x_wconf 73' lang='grc' dir='ltr'>ἔγνωμεν</span> <span class='ocrx_word' id='word_1_699' title='bbox 2184 3911 2701 3990; x_wconf 85' lang='grc' dir='ltr'>διασκορπισθεῐσαν,</span> <span class='ocrx_word' id='word_1_700' title='bbox 2758 3902 3183 3982; x_wconf 80' lang='grc' dir='ltr'>παραμυθητέους</span> <span class='ocrx_word' id='word_1_701' title='bbox 3245 3903 3327 3954; x_wconf 90' lang='grc' dir='ltr'>καὶ</span> <span class='ocrx_word' id='word_1_702' title='bbox 3376 3920 3506 3977; x_wconf 83' lang='grc' dir='ltr'><strong>προ-</strong></span> 
     </span>
    </p>
   </div>
   <div class='ocr_carea' id='block_1_102' title="bbox 1916 3994 3507 4093">
    <p class='ocr_par' dir='ltr' id='par_1_102' title="bbox 1916 3994 3507 4093">
     <span class='ocr_line' id='line_1_104' title="bbox 1916 3994 3507 4093; baseline -0.014 -25"><span class='ocrx_word' id='word_1_703' title='bbox 1916 4011 2193 4093; x_wconf 80' lang='grc' dir='ltr'>τριπτέους</span> <span class='ocrx_word' id='word_1_704' title='bbox 2220 4008 2358 4078; x_wconf 79' lang='grc' dir='ltr'>ὑμᾶς</span> <span class='ocrx_word' id='word_1_705' title='bbox 2386 3999 2514 4059; x_wconf 81' lang='grc' dir='ltr'>εἶναι</span> <span class='ocrx_word' id='word_1_706' title='bbox 2538 4000 2857 4069; x_wconf 77' lang='grc' dir='ltr'>πιστεύομεν</span> <span class='ocrx_word' id='word_1_707' title='bbox 2886 3994 2969 4051; x_wconf 82' lang='grc' dir='ltr'>διὰ</span> <span class='ocrx_word' id='word_1_708' title='bbox 2996 4001 3094 4050; x_wconf 87' lang='grc' dir='ltr'><strong>τῶν</strong></span> <span class='ocrx_word' id='word_1_709' title='bbox 3114 3994 3370 4071; x_wconf 77' lang='grc' dir='ltr'>ἡμετέρων</span> <span class='ocrx_word' id='word_1_710' title='bbox 3394 3994 3507 4046; x_wconf 81' lang='grc' dir='ltr'><strong>ἐπι⁶</strong></span> 
     </span>
    </p>
   </div>
   <div class='ocr_carea' id='block_1_103' title="bbox 1925 4215 3511 4284">
    <p class='ocr_par' dir='ltr' id='par_1_103' title="bbox 1925 4215 3511 4284">
     <span class='ocr_line' id='line_1_105' title="bbox 1925 4215 3511 4284; baseline -0.008 0"><span class='ocrx_word' id='word_1_711' title='bbox 1925 4229 2126 4284; x_wconf 85' lang='lat' dir='ltr'><strong>Baluzii</strong></span> <span class='ocrx_word' id='word_1_712' title='bbox 2170 4226 2384 4282; x_wconf 87' lang='lat' dir='ltr'><strong>collect.</strong></span> <span class='ocrx_word' id='word_1_713' title='bbox 2444 4224 2504 4277; x_wconf 86' lang='lat' dir='ltr'><strong>l7</strong></span> <span class='ocrx_word' id='word_1_714' title='bbox 2560 4218 2887 4276; x_wconf 74' lang='lat' dir='ltr'><strong>Chalcedon.</strong></span> <span class='ocrx_word' id='word_1_715' title='bbox 2925 4230 3024 4271; x_wconf 90' lang='lat' dir='ltr'><strong>nec</strong></span> <span class='ocrx_word' id='word_1_716' title='bbox 3067 4230 3172 4270; x_wconf 91' lang='lat' dir='ltr'><strong>non</strong></span> <span class='ocrx_word' id='word_1_717' title='bbox 3217 4230 3285 4270; x_wconf 82' lang='lat' dir='ltr'><strong>ex</strong></span> <span class='ocrx_word' id='word_1_718' title='bbox 3325 4215 3511 4272; x_wconf 86' lang='lat' dir='ltr'><strong>codice</strong></span> 
     </span>
    </p>
   </div>
   <div class='ocr_carea' id='block_1_104' title="bbox 1926 4285 3511 4362">
    <p class='ocr_par' dir='ltr' id='par_1_104' title="bbox 1926 4285 3511 4362">
     <span class='ocr_line' id='line_1_106' title="bbox 1926 4285 3511 4362; baseline -0.009 -6"><span class='ocrx_word' id='word_1_719' title='bbox 1926 4300 2132 4356; x_wconf 79' lang='lat' dir='ltr'><strong>Veneto</strong></span> <span class='ocrx_word' id='word_1_720' title='bbox 2190 4297 2400 4353; x_wconf 87' lang='lat' dir='ltr'><strong>collect.</strong></span> <span class='ocrx_word' id='word_1_721' title='bbox 2450 4293 2540 4357; x_wconf 65' lang='lat'><strong>22,</strong></span> <span class='ocrx_word' id='word_1_722' title='bbox 2597 4292 2786 4362; x_wconf 76' lang='lat' dir='ltr'><strong>quibus</strong></span> <span class='ocrx_word' id='word_1_723' title='bbox 2826 4287 3061 4342; x_wconf 85' lang='lat' dir='ltr'><strong>concinit</strong></span> <span class='ocrx_word' id='word_1_724' title='bbox 3108 4287 3271 4341; x_wconf 84' lang='lat' dir='ltr'><strong>etiam</strong></span> <span class='ocrx_word' id='word_1_725' title='bbox 3323 4285 3511 4343; x_wconf 62' lang='lat' dir='ltr'><strong>Graeca</strong></span> 
     </span>
    </p>
   </div>
   <div class='ocr_carea' id='block_1_105' title="bbox 1925 4386 2122 4426">
    <p class='ocr_par' dir='ltr' id='par_1_105' title="bbox 1925 4386 2122 4426">
     <span class='ocr_line' id='line_1_107' title="bbox 1925 4386 2122 4426; baseline 0.005 -2"><span class='ocrx_word' id='word_1_726' title='bbox 1925 4386 2122 4426; x_wconf 68' lang='grc' dir='ltr'><strong>νει-διο.</strong></span> 
     </span>
    </p>
   </div>
   <div class='ocr_carea' id='block_1_106' title="bbox 1994 4427 3511 4498">
    <p class='ocr_par' dir='ltr' id='par_1_106' title="bbox 1994 4427 3511 4498">
     <span class='ocr_line' id='line_1_108' title="bbox 1994 4427 3511 4498; baseline -0.009 -1"><span class='ocrx_word' id='word_1_727' title='bbox 1994 4439 2023 4479; x_wconf 70' lang='grc' dir='ltr'><strong>ιι</strong></span> <span class='ocrx_word' id='word_1_728' title='bbox 2055 4442 2224 4496; x_wconf 84' lang='lat' dir='ltr'><strong>Voces</strong></span> <span class='ocrx_word' id='word_1_729' title='bbox 2252 4440 2319 4492; x_wconf 87' lang='lat' dir='ltr'><strong>ad</strong></span> <span class='ocrx_word' id='word_1_730' title='bbox 2351 4454 2441 4491; x_wconf 85' lang='lat' dir='ltr'><strong>nos</strong></span> <span class='ocrx_word' id='word_1_731' title='bbox 2468 4436 2552 4488; x_wconf 86' lang='lat' dir='ltr'><strong>liic</strong></span> <span class='ocrx_word' id='word_1_732' title='bbox 2581 4449 2608 4487; x_wconf 90' lang='lat' dir='ltr'><strong>a</strong></span> <span class='ocrx_word' id='word_1_733' title='bbox 2637 4429 2925 4498; x_wconf 83' lang='lat' dir='ltr'><strong>Quesnello</strong></span> <span class='ocrx_word' id='word_1_734' title='bbox 2954 4428 3183 4498; x_wconf 82' lang='lat' dir='ltr'><strong>insertas</strong></span> <span class='ocrx_word' id='word_1_735' title='bbox 3210 4427 3511 4483; x_wconf 85' lang='lat' dir='ltr'><strong>delevimus</strong></span> 
     </span>
    </p>
   </div>
   <div class='ocr_carea' id='block_1_107' title="bbox 1923 4497 3509 4572">
    <p class='ocr_par' dir='ltr' id='par_1_107' title="bbox 1923 4497 3509 4572">
     <span class='ocr_line' id='line_1_109' title="bbox 1923 4497 3509 4572; baseline -0.008 -4"><span class='ocrx_word' id='word_1_736' title='bbox 1923 4514 2239 4568; x_wconf 83' lang='lat' dir='ltr'><strong>auctoritate</strong></span> <span class='ocrx_word' id='word_1_737' title='bbox 2262 4509 2461 4565; x_wconf 88' lang='lat' dir='ltr'><strong>codicis</strong></span> <span class='ocrx_word' id='word_1_738' title='bbox 2483 4497 2689 4572; x_wconf 82' lang='lat' dir='ltr'><strong>Raiisp.</strong></span> <span class='ocrx_word' id='word_1_739' title='bbox 2708 4512 2763 4557; x_wconf 86' lang='lat' dir='ltr'><strong>et</strong></span> <span class='ocrx_word' id='word_1_740' title='bbox 2785 4497 3270 4572; x_wconf 59' lang='lat' dir='ltr'><strong>manuscriptorum</strong></span> <span class='ocrx_word' id='word_1_741' title='bbox 3297 4499 3509 4555; x_wconf 89' lang='lat' dir='ltr'><strong>collect.</strong></span> 
     </span>
    </p>
   </div>
   <div class='ocr_carea' id='block_1_108' title="bbox 1923 4570 3513 4642">
    <p class='ocr_par' dir='ltr' id='par_1_108' title="bbox 1923 4570 3513 4642">
     <span class='ocr_line' id='line_1_110' title="bbox 1923 4570 3513 4642; baseline -0.01 -2"><span class='ocrx_word' id='word_1_742' title='bbox 1923 4582 2397 4642; x_wconf 69' lang='lat' dir='ltr'><strong>Chalcedonemis,</strong></span> <span class='ocrx_word' id='word_1_743' title='bbox 2424 4592 2521 4631; x_wconf 88' lang='lat' dir='ltr'><strong>nec</strong></span> <span class='ocrx_word' id='word_1_744' title='bbox 2545 4570 2650 4628; x_wconf 82' lang='lat' dir='ltr'><strong>non</strong></span> <span class='ocrx_word' id='word_1_745' title='bbox 2674 4570 3130 4642; x_wconf 78' lang='lat' dir='ltr'><strong>interpretationis</strong></span> <span class='ocrx_word' id='word_1_746' title='bbox 3153 4570 3373 4642; x_wconf 62' lang='lat' dir='ltr'><strong>Graecae,</strong></span> <span class='ocrx_word' id='word_1_747' title='bbox 3392 4587 3513 4639; x_wconf 83' lang='lat' dir='ltr'><strong>quae</strong></span> 
     </span>
    </p>
   </div>
   <div class='ocr_carea' id='block_1_109' title="bbox 1913 4641 3515 4721">
    <p class='ocr_par' dir='ltr' id='par_1_109' title="bbox 1913 4641 3515 4721">
     <span class='ocr_line' id='line_1_111' title="bbox 1913 4641 3515 4721; baseline -0.008 -10"><span class='ocrx_word' id='word_1_748' title='bbox 1913 4672 2035 4711; x_wconf 84' lang='lat' dir='ltr'><strong>mox</strong></span> <span class='ocrx_word' id='word_1_749' title='bbox 2070 4668 2345 4721; x_wconf 85' lang='lat' dir='ltr'><strong>perperam</strong></span> <span class='ocrx_word' id='word_1_750' title='bbox 2375 4641 2469 4717; x_wconf 81' lang='lat' dir='ltr'><strong>pro</strong></span> <span class='ocrx_word' id='word_1_751' title='bbox 2499 4644 2960 4721; x_wconf 50' lang='lat' dir='ltr'><strong>ilarusnpraclert</strong></span> <span class='ocrx_word' id='word_1_752' title='bbox 2991 4641 3219 4713; x_wconf 81' lang='grc' dir='ltr'>ἰλαρίων</span> <span class='ocrx_word' id='word_1_753' title='bbox 3240 4681 3255 4709; x_wconf 85' lang='grc'><strong>,</strong></span> <span class='ocrx_word' id='word_1_754' title='bbox 3295 4641 3433 4696; x_wconf 91' lang='lat' dir='ltr'><strong>sicut</strong></span> <span class='ocrx_word' id='word_1_755' title='bbox 3460 4653 3515 4698; x_wconf 90' lang='lat' dir='ltr'><strong>et</strong></span> 
     </span>
    </p>
   </div>
   <div class='ocr_carea' id='block_1_110' title="bbox 1913 4714 2959 4781">
    <p class='ocr_par' dir='ltr' id='par_1_110' title="bbox 1913 4714 2959 4781">
     <span class='ocr_line' id='line_1_112' title="bbox 1913 4714 2959 4781; baseline -0.015 0"><span class='ocrx_word' id='word_1_756' title='bbox 1913 4726 2020 4781; x_wconf 89' lang='lat' dir='ltr'><strong>duo</strong></span> <span class='ocrx_word' id='word_1_757' title='bbox 2050 4714 2221 4779; x_wconf 68' lang='lat' dir='ltr'><strong>nostri</strong></span> <span class='ocrx_word' id='word_1_758' title='bbox 2252 4714 2423 4775; x_wconf 82' lang='lat' dir='ltr'><strong>Latini</strong></span> <span class='ocrx_word' id='word_1_759' title='bbox 2457 4718 2672 4772; x_wconf 63' lang='lat' dir='ltr'><strong>codicrrs</strong></span> <span class='ocrx_word' id='word_1_760' title='bbox 2700 4714 2959 4769; x_wconf 84' lang='lat' dir='ltr'><strong>Hilarius.</strong></span> 
     </span>
    </p>
   </div>
   <div class='ocr_carea' id='block_1_111' title="bbox 1994 4783 3514 4864">
    <p class='ocr_par' dir='ltr' id='par_1_111' title="bbox 1994 4783 3514 4864">
     <span class='ocr_line' id='line_1_113' title="bbox 1994 4783 3514 4864; baseline -0.009 -13"><span class='ocrx_word' id='word_1_761' title='bbox 1994 4796 2009 4835; x_wconf 76' lang='grc' dir='ltr'>ί</span> <span class='ocrx_word' id='word_1_762' title='bbox 2045 4796 2121 4851; x_wconf 88' lang='lat' dir='ltr'><strong>lta</strong></span> <span class='ocrx_word' id='word_1_763' title='bbox 2156 4797 2333 4864; x_wconf 89' lang='lat' dir='ltr'><strong>plures</strong></span> <span class='ocrx_word' id='word_1_764' title='bbox 2361 4801 2413 4845; x_wconf 88' lang='lat' dir='ltr'><strong>et</strong></span> <span class='ocrx_word' id='word_1_765' title='bbox 2441 4791 2675 4864; x_wconf 77' lang='lat' dir='ltr'><strong>potiores</strong></span> <span class='ocrx_word' id='word_1_766' title='bbox 2716 4785 2883 4864; x_wconf 75' lang='lat' dir='ltr'><strong>nostri</strong></span> <span class='ocrx_word' id='word_1_767' title='bbox 2922 4783 3195 4864; x_wconf 60' lang='lat' dir='ltr'><strong>codices,</strong></span> <span class='ocrx_word' id='word_1_768' title='bbox 3219 4792 3272 4836; x_wconf 91' lang='lat' dir='ltr'><strong>et</strong></span> <span class='ocrx_word' id='word_1_769' title='bbox 3300 4797 3514 4864; x_wconf 39' lang='lat' dir='ltr'><strong>&#39;omnes</strong></span> 
     </span>
    </p>
   </div>
   <div class='ocr_carea' id='block_1_112' title="bbox 1916 4854 3517 4933">
    <p class='ocr_par' dir='ltr' id='par_1_112' title="bbox 1916 4854 3517 4933">
     <span class='ocr_line' id='line_1_114' title="bbox 1916 4854 3517 4933; baseline -0.016 -8"><span class='ocrx_word' id='word_1_770' title='bbox 1916 4868 2121 4924; x_wconf 78' lang='lat' dir='ltr'><strong>Baluzii</strong></span> <span class='ocrx_word' id='word_1_771' title='bbox 2143 4854 2167 4929; x_wconf 76' lang='grc' dir='ltr'><strong>ς’</strong></span> <span class='ocrx_word' id='word_1_772' title='bbox 2185 4867 2270 4919; x_wconf 87' lang='lat' dir='ltr'><strong>ubi</strong></span> <span class='ocrx_word' id='word_1_773' title='bbox 2295 4854 2589 4933; x_wconf 68' lang='lat' dir='ltr'><strong>impotentia</strong></span> <span class='ocrx_word' id='word_1_774' title='bbox 2614 4873 2707 4927; x_wconf 90' lang='lat' dir='ltr'><strong>pro</strong></span> <span class='ocrx_word' id='word_1_775' title='bbox 2734 4855 3089 4911; x_wconf 87' lang='lat' dir='ltr'><strong>immoderata</strong></span> <span class='ocrx_word' id='word_1_776' title='bbox 3115 4854 3346 4924; x_wconf 90' lang='lat' dir='ltr'><strong>potentia</strong></span> <span class='ocrx_word' id='word_1_777' title='bbox 3375 4856 3517 4911; x_wconf 83' lang='lat' dir='ltr'><strong>acci-</strong></span> 
     </span>
    </p>
   </div>
   <div class='ocr_carea' id='block_1_113' title="bbox 1920 4935 2694 5011">
    <p class='ocr_par' dir='ltr' id='par_1_113' title="bbox 1920 4935 2694 5011">
     <span class='ocr_line' id='line_1_115' title="bbox 1920 4935 2694 5011; baseline -0.017 -16"><span class='ocrx_word' id='word_1_778' title='bbox 1920 4942 2078 5011; x_wconf 83' lang='lat' dir='ltr'><strong>pitur.</strong></span> <span class='ocrx_word' id='word_1_779' title='bbox 2116 4937 2280 5001; x_wconf 89' lang='lat' dir='ltr'><strong>Editi,</strong></span> <span class='ocrx_word' id='word_1_780' title='bbox 2313 4935 2550 5011; x_wconf 68' lang='lat' dir='ltr'><strong>potentiae</strong></span> <span class='ocrx_word' id='word_1_781' title='bbox 2572 4946 2694 5011; x_wconf 55' lang='lat' dir='ltr'><strong>iure.</strong></span> 
     </span>
    </p>
   </div>
   <div class='ocr_carea' id='block_1_114' title="bbox 1996 4995 3518 5069">
    <p class='ocr_par' dir='ltr' id='par_1_114' title="bbox 1996 4995 3518 5069">
     <span class='ocr_line' id='line_1_116' title="bbox 1996 4995 3518 5069; baseline -0.009 -6"><span class='ocrx_word' id='word_1_782' title='bbox 1996 5011 2009 5063; x_wconf 87' lang='lat' dir='ltr'><strong>i</strong></span> <span class='ocrx_word' id='word_1_783' title='bbox 2052 5012 2141 5067; x_wconf 91' lang='lat' dir='ltr'><strong>Sic</strong></span> <span class='ocrx_word' id='word_1_784' title='bbox 2170 4995 2359 5063; x_wconf 73' lang='lat' dir='ltr'><strong>melius</strong></span> <span class='ocrx_word' id='word_1_785' title='bbox 2390 5020 2453 5058; x_wconf 82' lang='lat' dir='ltr'><strong>ex</strong></span> <span class='ocrx_word' id='word_1_786' title='bbox 2487 5004 2691 5069; x_wconf 74' lang='lat' dir='ltr'><strong>Ratisp.</strong></span> <span class='ocrx_word' id='word_1_787' title='bbox 2719 5016 2784 5055; x_wconf 81' lang='lat' dir='ltr'><strong>ex</strong></span> <span class='ocrx_word' id='word_1_788' title='bbox 2831 4995 2991 5053; x_wconf 91' lang='lat' dir='ltr'><strong>codd.</strong></span> <span class='ocrx_word' id='word_1_789' title='bbox 3029 4996 3259 5069; x_wconf 54' lang='lat' dir='ltr'><strong>collect.</strong></span> <span class='ocrx_word' id='word_1_790' title='bbox 3290 4997 3518 5069; x_wconf 74' lang='lat' dir='ltr'><strong>Chalce-</strong></span> 
     </span>
    </p>
   </div>
   <div class='ocr_carea' id='block_1_115' title="bbox 1842 5067 3518 5141">
    <p class='ocr_par' dir='ltr' id='par_1_115' title="bbox 1842 5067 3518 5141">
     <span class='ocr_line' id='line_1_117' title="bbox 1842 5067 3518 5141; baseline -0.011 -1"><span class='ocrx_word' id='word_1_791' title='bbox 1842 5070 1895 5130; x_wconf 79' lang='lat' dir='ltr'><strong>D</strong></span> <span class='ocrx_word' id='word_1_792' title='bbox 1924 5083 2054 5139; x_wconf 86' lang='lat' dir='ltr'><strong>don.</strong></span> <span class='ocrx_word' id='word_1_793' title='bbox 2084 5093 2137 5137; x_wconf 89' lang='lat' dir='ltr'><strong>et</strong></span> <span class='ocrx_word' id='word_1_794' title='bbox 2166 5096 2231 5135; x_wconf 80' lang='lat' dir='ltr'><strong>ex</strong></span> <span class='ocrx_word' id='word_1_795' title='bbox 2268 5079 2471 5131; x_wconf 82' lang='lat' dir='ltr'><strong>Veneto</strong></span> <span class='ocrx_word' id='word_1_796' title='bbox 2500 5067 2710 5129; x_wconf 80' lang='lat' dir='ltr'><strong>collect.</strong></span> <span class='ocrx_word' id='word_1_797' title='bbox 2741 5071 2834 5141; x_wconf 70' lang='lat'><strong>29.,</strong></span> <span class='ocrx_word' id='word_1_798' title='bbox 2866 5084 3025 5140; x_wconf 86' lang='lat' dir='ltr'><strong>quam</strong></span> <span class='ocrx_word' id='word_1_799' title='bbox 3074 5068 3127 5123; x_wconf 92' lang='lat' dir='ltr'><strong>in</strong></span> <span class='ocrx_word' id='word_1_800' title='bbox 3177 5067 3362 5133; x_wconf 90' lang='lat' dir='ltr'><strong>editis,</strong></span> <span class='ocrx_word' id='word_1_801' title='bbox 3399 5084 3518 5137; x_wconf 81' lang='lat' dir='ltr'><strong>pro-</strong></span> 
     </span>
    </p>
   </div>
   <div class='ocr_carea' id='block_1_116' title="bbox 1925 5153 3519 5292">
    <p class='ocr_par' dir='ltr' id='par_1_116' title="bbox 1925 5153 3519 5292">
     <span class='ocr_line' id='line_1_118' title="bbox 1925 5153 3519 5292; baseline -0.01 -14"><span class='ocrx_word' id='word_1_802' title='bbox 1925 5153 2291 5292; x_wconf 44' lang='lat' dir='ltr'><strong>‘rareczlgati,</strong></span> <span class='ocrx_word' id='word_1_803' title='bbox 2322 5216 2778 5292; x_wconf 67' lang='lat' dir='ltr'><strong>Christianissimo.</strong></span> <span class='ocrx_word' id='word_1_804' title='bbox 2807 5211 2985 5292; x_wconf 70' lang='lat' dir='ltr'><strong>Secuti</strong></span> <span class='ocrx_word' id='word_1_805' title='bbox 3011 5224 3238 5292; x_wconf 35' lang='lat' dir='ltr'><strong>sumus</strong></span> <span class='ocrx_word' id='word_1_806' title='bbox 3257 5218 3519 5292; x_wconf 62' lang='lat' dir='ltr'><strong>praestan-</strong></span> 
     </span>
    </p>
   </div>
   <div class='ocr_carea' id='block_1_117' title="bbox 1925 5280 3517 5356">
    <p class='ocr_par' dir='ltr' id='par_1_117' title="bbox 1925 5280 3517 5356">
     <span class='ocr_line' id='line_1_119' title="bbox 1925 5280 3517 5356; baseline -0.01 -5"><span class='ocrx_word' id='word_1_807' title='bbox 1925 5280 2404 5351; x_wconf 54' lang='lat' dir='ltr'><strong>tissimosvcodices</strong></span> <span class='ocrx_word' id='word_1_808' title='bbox 2443 5288 2647 5356; x_wconf 79' lang='lat' dir='ltr'><strong>Ratisp.</strong></span> <span class='ocrx_word' id='word_1_809' title='bbox 2678 5298 2731 5339; x_wconf 89' lang='lat' dir='ltr'><strong>et</strong></span> <span class='ocrx_word' id='word_1_810' title='bbox 2760 5285 2973 5340; x_wconf 91' lang='lat' dir='ltr'><strong>collect.</strong></span> <span class='ocrx_word' id='word_1_811' title='bbox 3005 5280 3362 5346; x_wconf 77' lang='lat' dir='ltr'><strong>Citalcednn.,</strong></span> <span class='ocrx_word' id='word_1_812' title='bbox 3395 5282 3517 5350; x_wconf 89' lang='lat' dir='ltr'><strong>qui-</strong></span> 
     </span>
    </p>
   </div>
   <div class='ocr_carea' id='block_1_118' title="bbox 1929 5359 2825 5429">
    <p class='ocr_par' dir='ltr' id='par_1_118' title="bbox 1929 5359 2825 5429">
     <span class='ocr_line' id='line_1_120' title="bbox 1929 5359 2825 5429; baseline -0.016 -5"><span class='ocrx_word' id='word_1_813' title='bbox 1929 5370 2030 5425; x_wconf 87' lang='lat' dir='ltr'><strong>bus</strong></span> <span class='ocrx_word' id='word_1_814' title='bbox 2058 5364 2380 5429; x_wconf 72' lang='lat' dir='ltr'><strong>suliragatur</strong></span> <span class='ocrx_word' id='word_1_815' title='bbox 2408 5360 2594 5416; x_wconf 63' lang='lat' dir='ltr'><strong>Graeca</strong></span> <span class='ocrx_word' id='word_1_816' title='bbox 2627 5359 2825 5411; x_wconf 91' lang='lat' dir='ltr'><strong>versio.</strong></span> 
     </span>
    </p>
   </div>
   <div class='ocr_carea' id='block_1_119' title="bbox 2004 5421 3519 5505">
    <p class='ocr_par' dir='ltr' id='par_1_119' title="bbox 2004 5421 3519 5505">
     <span class='ocr_line' id='line_1_121' title="bbox 2004 5421 3519 5505; baseline -0.009 -16"><span class='ocrx_word' id='word_1_817' title='bbox 2004 5436 2023 5477; x_wconf 83' lang='lat'>1</span> <span class='ocrx_word' id='word_1_818' title='bbox 2055 5421 2379 5505; x_wconf 80' lang='lat' dir='ltr'><strong>Quesnellus</strong></span> <span class='ocrx_word' id='word_1_819' title='bbox 2397 5446 2528 5505; x_wconf 80' lang='lat' dir='ltr'><strong>cum</strong></span> <span class='ocrx_word' id='word_1_820' title='bbox 2559 5430 2767 5505; x_wconf 73' lang='lat' dir='ltr'><strong>duobus</strong></span> <span class='ocrx_word' id='word_1_821' title='bbox 2793 5423 3176 5505; x_wconf 57' lang='lat' dir='ltr'><strong>nostriscodd.</strong></span> <span class='ocrx_word' id='word_1_822' title='bbox 3202 5421 3519 5505; x_wconf 48' lang='lat' dir='ltr'><strong>inferiorum</strong></span> 
     </span>
    </p>
   </div>
   <div class='ocr_carea' id='block_1_120' title="bbox 1930 5492 3519 5569">
    <p class='ocr_par' dir='ltr' id='par_1_120' title="bbox 1930 5492 3519 5569">
     <span class='ocr_line' id='line_1_122' title="bbox 1930 5492 3519 5569; baseline -0.014 -3"><span class='ocrx_word' id='word_1_823' title='bbox 1930 5492 2329 5569; x_wconf 62' lang='lat' dir='ltr'><strong>collectionum,</strong></span> <span class='ocrx_word' id='word_1_824' title='bbox 2358 5503 2512 5557; x_wconf 82' lang='lat' dir='ltr'><strong>Nunc</strong></span> <span class='ocrx_word' id='word_1_825' title='bbox 2537 5500 2645 5568; x_wconf 89' lang='lat' dir='ltr'><strong>qui.</strong></span> <span class='ocrx_word' id='word_1_826' title='bbox 2674 5499 2771 5552; x_wconf 85' lang='lat' dir='ltr'><strong>Alii</strong></span> <span class='ocrx_word' id='word_1_827' title='bbox 2795 5497 2948 5559; x_wconf 86' lang='lat' dir='ltr'><strong>editi,</strong></span> <span class='ocrx_word' id='word_1_828' title='bbox 2974 5495 3037 5569; x_wconf 81' lang='lat' dir='ltr'><strong>A_t</strong></span> <span class='ocrx_word' id='word_1_829' title='bbox 3061 5508 3196 5569; x_wconf 79' lang='lat' dir='ltr'><strong>nunc</strong></span> <span class='ocrx_word' id='word_1_830' title='bbox 3217 5494 3359 5561; x_wconf 85' lang='lat' dir='ltr'><strong>quia.</strong></span> <span class='ocrx_word' id='word_1_831' title='bbox 3388 5492 3519 5569; x_wconf 65' lang='lat' dir='ltr'><strong>Mss.</strong></span> 
     </span>
    </p>
   </div>
   <div class='ocr_carea' id='block_1_121' title="bbox 1929 5564 3519 5639">
    <p class='ocr_par' dir='ltr' id='par_1_121' title="bbox 1929 5564 3519 5639">
     <span class='ocr_line' id='line_1_123' title="bbox 1929 5564 3519 5639; baseline -0.011 -4"><span class='ocrx_word' id='word_1_832' title='bbox 1929 5564 2141 5635; x_wconf 80' lang='lat' dir='ltr'><strong>collect.</strong></span> <span class='ocrx_word' id='word_1_833' title='bbox 2167 5564 2520 5638; x_wconf 70' lang='lat' dir='ltr'><strong>Chalced«in.,</strong></span> <span class='ocrx_word' id='word_1_834' title='bbox 2549 5564 2653 5625; x_wconf 83' lang='lat' dir='ltr'><strong>Sed</strong></span> <span class='ocrx_word' id='word_1_835' title='bbox 2678 5585 2811 5623; x_wconf 85' lang='lat' dir='ltr'><strong>nunc</strong></span> <span class='ocrx_word' id='word_1_836' title='bbox 2832 5564 3313 5639; x_wconf 62' lang='lat' dir='ltr'><strong>quia._Lectii)nem</strong></span> <span class='ocrx_word' id='word_1_837' title='bbox 3333 5564 3519 5632; x_wconf 86' lang='lat' dir='ltr'><strong>optimi</strong></span> 
     </span>
    </p>
   </div>
   <div class='ocr_carea' id='block_1_122' title="bbox 1922 5632 3521 5716">
    <p class='ocr_par' dir='ltr' id='par_1_122' title="bbox 1922 5632 3521 5716">
     <span class='ocr_line' id='line_1_124' title="bbox 1922 5632 3521 5716; baseline -0.012 -10"><span class='ocrx_word' id='word_1_838' title='bbox 1922 5632 2945 5716; x_wconf 23' lang='lat' dir='ltr'><strong>codicisRatisponensisAprmtulinius.</strong></span> <span class='ocrx_word' id='word_1_839' title='bbox 2987 5636 3116 5716; x_wconf 39' lang='lat' dir='ltr'><strong>Mox.</strong></span> <span class='ocrx_word' id='word_1_840' title='bbox 3151 5648 3251 5703; x_wconf 88' lang='lat' dir='ltr'><strong>pro</strong></span> <span class='ocrx_word' id='word_1_841' title='bbox 3290 5632 3387 5687; x_wconf 80' lang='lat' dir='ltr'><strong>hac</strong></span> <span class='ocrx_word' id='word_1_842' title='bbox 3430 5651 3521 5688; x_wconf 84' lang='lat' dir='ltr'><strong>ra-</strong></span> 
     </span>
    </p>
   </div>
   <div class='ocr_carea' id='block_1_123' title="bbox 1924 5704 3235 5787">
    <p class='ocr_par' dir='ltr' id='par_1_123' title="bbox 1924 5704 3235 5787">
     <span class='ocr_line' id='line_1_125' title="bbox 1924 5704 3235 5787; baseline -0.014 -12"><span class='ocrx_word' id='word_1_843' title='bbox 1924 5704 2067 5775; x_wconf 71' lang='lat' dir='ltr'><strong>tione</strong></span> <span class='ocrx_word' id='word_1_844' title='bbox 2088 5704 2154 5777; x_wconf 82' lang='lat' dir='ltr'><strong>ex</strong></span> <span class='ocrx_word' id='word_1_845' title='bbox 2182 5704 2369 5775; x_wconf 64' lang='grc' dir='ltr'><strong>ϐιωὲο</strong></span> <span class='ocrx_word' id='word_1_846' title='bbox 2401 5704 2687 5787; x_wconf 76' lang='lat' dir='ltr'><strong>legendum</strong></span> <span class='ocrx_word' id='word_1_847' title='bbox 2715 5721 2856 5787; x_wconf 82' lang='lat' dir='ltr'><strong>esset</strong></span> <span class='ocrx_word' id='word_1_848' title='bbox 2887 5704 3235 5787; x_wconf 61' lang='lat' dir='ltr'><strong>lineatione.</strong></span> 
     </span>
    </p>
   </div>
   <div class='ocr_carea' id='block_1_124' title="bbox 1998 5775 3519 5847">
    <p class='ocr_par' dir='ltr' id='par_1_124' title="bbox 1998 5775 3519 5847">
     <span class='ocr_line' id='line_1_126' title="bbox 1998 5775 3519 5847; baseline -0.013 1"><span class='ocrx_word' id='word_1_849' title='bbox 1998 5775 2125 5847; x_wconf 66' lang='grc' dir='ltr'><strong>ωιιὲι</strong></span> <span class='ocrx_word' id='word_1_850' title='bbox 2158 5791 2273 5846; x_wconf 88' lang='lat' dir='ltr'><strong>fere</strong></span> <span class='ocrx_word' id='word_1_851' title='bbox 2298 5775 2487 5844; x_wconf 63' lang='lat' dir='ltr'><strong>omnes</strong></span> <span class='ocrx_word' id='word_1_852' title='bbox 2520 5783 2689 5840; x_wconf 87' lang='lat' dir='ltr'><strong>nostri</strong></span> <span class='ocrx_word' id='word_1_853' title='bbox 2713 5783 2926 5836; x_wconf 89' lang='lat' dir='ltr'><strong>codices</strong></span> <span class='ocrx_word' id='word_1_854' title='bbox 2956 5785 3010 5835; x_wconf 88' lang='lat' dir='ltr'><strong>et</strong></span> <span class='ocrx_word' id='word_1_855' title='bbox 3036 5775 3165 5833; x_wconf 89' lang='lat' dir='ltr'><strong>editi</strong></span> <span class='ocrx_word' id='word_1_856' title='bbox 3195 5782 3321 5830; x_wconf 89' lang='lat' dir='ltr'><strong>ante</strong></span> <span class='ocrx_word' id='word_1_857' title='bbox 3348 5776 3519 5843; x_wconf 67' lang='lat' dir='ltr'><strong>Ques~</strong></span> 
     </span>
    </p>
   </div>
   <div class='ocr_carea' id='block_1_125' title="bbox 1927 5854 2840 5932">
    <p class='ocr_par' dir='ltr' id='par_1_125' title="bbox 1927 5854 2840 5932">
     <span class='ocr_line' id='line_1_127' title="bbox 1927 5854 2840 5932; baseline -0.018 -11"><span class='ocrx_word' id='word_1_858' title='bbox 1927 5866 2152 5932; x_wconf 89' lang='lat' dir='ltr'><strong>nellutn,</strong></span> <span class='ocrx_word' id='word_1_859' title='bbox 2188 5862 2322 5930; x_wconf 85' lang='lat' dir='ltr'><strong>apud</strong></span> <span class='ocrx_word' id='word_1_860' title='bbox 2356 5874 2533 5929; x_wconf 85' lang='lat' dir='ltr'><strong>quem,</strong></span> <span class='ocrx_word' id='word_1_861' title='bbox 2568 5854 2840 5910; x_wconf 83' lang='lat' dir='ltr'><strong>credimus.</strong></span> 
     </span>
    </p>
   </div>
   <div class='ocr_carea' id='block_1_126' title="bbox 2962 5945 3040 6007">
    <p class='ocr_par' dir='ltr' id='par_1_126' title="bbox 2962 5945 3040 6007">
     <span class='ocr_line' id='line_1_128' title="bbox 2962 5945 3040 6007; baseline 0.038 -3"><span class='ocrx_word' id='word_1_862' title='bbox 2962 5945 3040 6007; x_wconf 82' lang='grc'><strong>27</strong></span> 
     </span>
    </p>
   </div>
  </div>
