4014 6358
507 396 613 455 84⁸1

1636 383 1696 439 S.
1739 378 1985 439 LEONIS
2021 375 2237 438 MAGNI
2288 379 2669 438 EPISTOLE.

3690 372 3790 437 848

575 505 825 562 immerito
858 502 1115 573 depositus
1146 505 1317 573 fuerit,
1351 512 1442 552 nec
1467 512 1521 549 in
1554 511 1644 573 lus
1683 504 1916 573 vocatus,
1950 495 2294 573 conqueritur.
2322 524 2394 536 —
2422 494 2833 573 ἰγβιιεεεριοε
2879 511 2912 547 a
2955 509 3011 573 se
3052 506 3148 573 pro
3174 488 3409 545 Ecclesia
3443 490 3643 573 latiores
3672 511 3790 573 enu-

575 588 753 632 merat.
778 604 846 617 -
871 564 932 626 νζ
961 574 1083 624 Orat
1107 564 1166 623 ne
1190 564 1358 624 sedem
1378 564 1711 638 apostolicam
1738 566 2009 633 appellans
2043 564 2364 639 repellatur;
2398 568 2480 622 cui
2510 567 2665 637 ﬁdem
2694 564 2843 621 suam
2893 564 3101 637 probari
3136 576 3391 639 optatMea:
3410 564 3614 639 scriptis
3658 569 3791 634 suis;

611 665 687 701 ua:
728 648 936 699 indicat.
982 670 1053 683 ——
1084 642 1166 694 γι.
1194 641 1304 695 Sibi
1332 658 1363 693 a
1388 636 1553 711 Leone
1587 640 1728 711 cupit
1753 639 1929 692 induci
1959 640 2081 708 quid
2099 636 2171 692 Vde
2208 639 2469 711 Ephesina
2511 636 2763 711 sententia
2790 656 2938 709 agere
2964 641 3162 711 debeat.
3192 667 3263 711 έ-
3288 636 3395 711 ννιι.
3431 636 3649 711 Legatos
3676 654 3790 711 suos

621 720 755 783 coni,
782 732 933 779 seque
964 716 1076 781 ejus
1114 713 1345 784 precibus
1380 728 1441 765 ac
1469 708 1807 765 sollicitudini
1826 711 2181 775 commendat;
2208 708 2263 765 se
2285 712 2515 782 aliosque
2552 710 2736 765 litteris
2766 708 3108 781 imperatoriis
3129 710 3369 776 retineri,
3400 724 3463 762 ne
3487 709 3556 762 ad
3587 708 3792 779 pontiﬁ-

575 806 684 844 cem
721 805 775 841 se
810 792 1096 850 conferant.

855 877 1019 950 95.2
1049 878 1212 932 LEONI
1240 874 1497 946 episcopo
1525 874 1730 928 Romze.
2115 874 2172 934 Α

572 972 703 1028 Car.
730 973 848 1027 l.—
878 973 933 1025 Si
966 987 978 1025 t
1005 974 1177 1033 auius,
1210 984 1387 1039 praeco
1409 967 1675 1031 veritatis,
1702 967 1827 1021 tuba
1860 964 2118 1034 Spiritus

500 1069 697 1131 sancti,
722 1066 787 1119 ad
820 1080 1067 1135 magnum
1093 1065 1307 1118 Petrum
1334 1078 1393 1117 se
1419 1062 1667 1127 contulit,
1694 1071 1751 1114 ut
1775 1060 1841 1114 iis
1863 1060 1951 1130 qui
1979 1062 2089 1112 An-

503 1159 715 1213 tiochia:
744 1159 810 1211 de
834 1158 991 1227 legali
1026 1155 1439 1210 conversatione
1480 1152 1823 1223 ambigebant
1853 1152 2090 1219 explica-

502 1251 705 1305 tionem
734 1250 802 1303 ab
832 1249 924 1303 illo
956 1249 1203 1309 referret.
1238 1247 1411 1300 multo
1442 1247 1612 1315 magis
1639 1260 1736 1299 nos
1771 1244 2006 1298 humiles
2038 1251 2092 1299 et

501 1344 678 1416 pusilli
702 1343 768 1397 ad
798 1343 1147 1412 apostolicam
1180 1340 1365 1395 sedem
1392 1352 1625 1394 vestram
1656 1336 2010 1405 accurriinus,
2032 1346 2092 1392 ut

503 1437 863 1491 Ecclesiarum
890 1435 1158 1489 ulceribus
1186 1432 1483 1488 remedium
1502 1448 1531 1486 a
1555 1431 1711 1487 vobis
1736 1430 2085 1499 accipiamus.

502 1527 668 1583 Vobis
703 1528 846 1582 enim
901 1528 1102 1595 primas
1159 1524 1212 1579 in
1273 1524 1524 1579 omnibus
1581 1534 1765 1579 tenere
1809 1524 2085 1578 convenit.

500 1619 681 1678 Multis
709 1618 973 1689 siquidem
1011 1617 1386 1688 praerogativis
1416 1624 1644 1670 ornatur
1688 1616 1848 1670 sedes
1882 1627 2085 1672 vestra.

500 1712 715 1768 Etenim
738 1710 873 1765 alias
898 1710 1061 1766 urbes
1091 1720 1250 1765 ornat
1272 1709 1352 1764 vel
1380 1708 1715 1779 magnitudo,
1740 1709 1825 1763 vel
1857 1710 2089 1779 pulchri-

498 1806 649 1875 tudo,
685 1806 766 1859 vel
814 1804 1174 1859 habitatorum
1225 1802 1561 1873 frequentia;
1600 1802 1884 1856 nonnullas
1926 1802 2086 1857 etiam

496 1911 614 1967 quae
644 1895 730 1950 bis
758 1906 945 1951 carent
986 1894 1286 1965 spiritualia
1332 1894 1579 1965 quaedam
1604 1895 1742 1948 dona
1782 1893 2085 1949 illustrant:

496 1999 688 2045 vestras
717 2004 846 2044 vero
874 1990 1137 2044 bonorum
1166 1987 1522 2056 afﬂuentiam,
1555 1988 1822 2043 bonorum
1866 1988 2088 2057 largitor

493 2083 662 2139 dedit.
690 2083 786 2137 Illa
814 2083 960 2137 enim
990 2083 1231 2137 omnium
1264 2083 1497 2136 maxima
1524 2090 1579 2136 ct
1605 2081 1933 2151 clarissima,
1967 2097 2087 2152 quae

493 2184 547 2230 et
573 2174 688 2229 orbi
715 2185 981 2230 terrarum
1018 2174 1288 2243 praesidet,
1322 2182 1377 2229 et
1401 2173 1699 2228 incolarum
1742 2173 2088 2230 multitudine

2738 875 2913 930 Λέοντι
2943 873 3201 946 ἐπισκόπῳ
3221 870 3437 945 Ῥώμης.

2266 970 2325 1021 Ei
2351 967 2543 1027 Παῦλος
2564 975 2657 1027 τῆς
2686 967 2914 1028 ἀληθείας
2939 965 2964 1021 ό
2994 967 3174 1040 κῆρυξ,
3207 968 3237 1024 ἠ
3264 972 3353 1021 τοῦ
3392 965 3542 1037 ἁγίου
3568 962 3793 1036 πνιύμαέ

2194 1081 2281 1120 τος
2306 1061 2542 1134 σάλπιγξ.
2574 1061 2705 1137 πρὸς
2729 1060 2814 1115 τόν
2843 1061 3001 1133 μέγαν
3032 1058 3222 1135 ἔδραμε
3260 1062 3468 1131 Πέτρον,
3517 1061 3649 1114 ὥστε
3684 1067 3793 1120 τοῖς

2195 1151 2547 1226 ένἋντιοχείᾳ
2574 1154 2696 1226 περὶ
2739 1160 2832 1211 τῆς
2881 1154 3015 1206 κατά
3053 1148 3197 1223 νόμον
3232 1152 3489 1213 πολιτείας
3533 1151 3795 1222 ἀμφισϐη-

2193 1248 2341 1297 τοῦσι
2369 1252 2486 1319 παρ’
2513 1244 2669 1298 αὑτοῦ
2699 1245 2905 1314 κομίσαι
2926 1248 3016 1301 τήν
3040 1243 3207 1309 λύσιν,
3240 1243 3406 1299 πολλῶ
3436 1243 3620 1314 μᾶλλον
3644 1245 3795 1315 ἡμεῖς

2194 1338 2241 1392 οί
2288 1337 2505 1396 εὐτελεῖς
2557 1340 2640 1391 καί
2683 1340 2907 1414 σμικροί,
2958 1337 3091 1412 πρὸς
3136 1337 3225 1392 τὸν
3272 1336 3606 1391 ἀποστολικόν
3654 1337 3795 1407 ύμῶν

2191 1430 2447 1504 τρίχομεν
2473 1430 2658 1503 θρόνον.
2695 1425 2855 1485 Ὠστε
2897 1439 3019 1504 παρ’
3056 1429 3200 1501 ὑμῶν
3227 1428 3405 1484 λαϐεῖν
3433 1436 3543 1491 τοῖς
3583 1437 3685 1485 τῶν
3713 1431 3795 1483 ἐκ-

2192 1521 2405 1579 κλησιῶν
2427 1522 2596 1576 ἕλκεσι
2620 1524 2905 1596 θεραπείαν.
2938 1523 3030 1575 Διά
3052 1521 3221 1576 πάντα
3246 1523 3345 1597 γάρ
3383 1522 3525 1593 ύμῶν
3561 1523 3621 1576 τό
3650 1542 3795 1598 πρω-

2191 1614 2356 1667 τεύειν
2385 1612 2650 1690 ἁρμόττει.
2675 1613 2872 1673 Πολλοῖς
2892 1614 2990 1688 γὰρ
3018 1612 3043 1668 ὃ
3064 1614 3308 1691 ύμέτερος
3334 1613 3509 1688 θρόνος
3530 1622 3797 1686 κοσμεῖται

2191 1705 2623 1777 πλεονεκτήμασι.
2655 1708 2756 1767 Τὰς
2777 1709 2867 1779 μέν
2892 1709 2993 1785 γὰρ
3032 1703 3185 1768 ἄλλας
3228 1707 3397 1768 πόλεις
3434 1707 3467 1767 ἢ
3500 1710 3736 1780 μέγεθος,
3767 1707 3798 1767 ἢ

2192 1798 2391 1863 κάλλος,
2416 1796 2446 1856 ἢ
2472 1798 2659 1859 πλῆθος
2680 1805 2780 1853 τῶν
2807 1798 3076 1875 οἰκητόρων
3104 1807 3306 1871 κοσμεῖ.
3334 1801 3539 1855 Τούτων
3565 1797 3620 1855 δὲ
3648 1802 3799 1855 ἐστε-

2191 1892 2414 1967 ρημένας
2444 1893 2771 1964 πνευματικὰ
2801 1894 2916 1947 τινὰ
2952 1892 3240 1967 λαμπρύνει
3275 1895 3611 1967 χαρίσματα·
3644 1900 3713 1969 τῇ
3745 1892 3799 1948 δὲ

2191 1982 2415 2059 ὑμετέρᾳ
2441 1986 2599 2061 φορὰν
2626 1981 2815 2039 ἔδωκεν
2836 1985 3037 2057 ἀγαθῶν
3062 1984 3088 2039 ό
3115 1991 3216 2039 τῶν
3241 1986 3444 2057 ἀγαθῶν
3475 1989 3730 2063 χορηγός.
3747 1984 3800 2040 Ἦ

2190 2080 2287 2155 γὰρ
2337 2080 2464 2137 αύτή
2512 2086 2696 2134 πασῶν
2749 2080 2970 2151 μεγίστη
2994 2118 3009 2143 ,
3065 2082 3152 2133 καί
3199 2079 3556 2158 λαμπροτάτη,
3587 2083 3799 2141 καὶτῆς

2191 2174 2486 2243 οἰκουμένης
2511 2173 2884 2248 προκαθημένῃ,
2931 2175 3017 2227 καί
3060 2181 3133 2245 τῷ
3171 2173 3349 2233 πλήθει
3391 2181 3490 2228 τῶν
3520 2172 3799 2248 οἰκητόρων

493 2267 781 2323 redundat.
808 2266 890 2323 Ad
915 2267 1030 2322 hazc
1048 2266 1214 2340 9M
1236 2267 1541 2337 imperium,
1568 2268 1712 2337 quod
1737 2284 1920 2323 rerum
1941 2284 2082 2324 nunc

2191 2266 2522 2337 κυμαίνουσα.
2554 2266 2685 2337 Πρός
2706 2262 2760 2318 δὲ
2784 2266 3000 2328 τούτοις,
3236 2268 3321 2320 καί
3365 2271 3451 2320 νῦν
3499 2271 3800 2341 κρατοῦσαν

494 2362 715 2430 potitur,
743 2366 804 2416 et
830 2376 987 2416 suum
1014 2364 1126 2431 ipsa
1158 2376 1352 2415 nomen
1374 2360 1607 2416 subditis
1628 2362 1910 2432 impertiit.
1938 2362 2087 2417 Prae-

491 2452 647 2521 cipue
659 2461 837 2507 autem
870 2452 1014 2507 illam
1033 2451 1169 2507 ﬁdes
1196 2461 1379 2519 ornat,
1400 2452 1555 2523 cujus
1580 2453 1978 2510 testisidoneus
2003 2463 2089 2510 est

492 2543 707 2599 divinus
730 2545 931 2601 Paulus
957 2546 1196 2601 clamans
1221 2564 1234 2599 :
1264 2543 1428 2601 Fides
1465 2556 1631 2602 vestra
1654 2550 1999 2603 annuntiatur
2033 2550 2087 2603 in

492 2638 725 2693 universo
766 2637 958 2694 mundo
1007 2638 1184 2711 (Rom.
1227 2655 1267 2705 ι,
1305 2638 1383 2711 8).
1424 2639 1580 2709 Quod
1637 2640 1684 2695 si
1734 2642 1919 2696 statim
1966 2650 2089 2711 post

491 2739 743 2800 suscepta
787 2730 1037 2785 salutaris
1096 2730 1493 2800 praedicationis
1545 2733 1751 2788 semina
1811 2734 2087 2790 mirabiles

492 2821 592 2877 hos
622 2821 827 2877 fructus
847 2821 1118 2878 uberrime
1143 2824 1389 2893 protulit,
1417 2824 1774 2893 praedicanda:
1796 2841 1917 2897 qua:
1944 2826 1999 2880 in
2023 2842 2087 2883 ea

494 2928 641 2969 nunc
675 2914 823 2985 viget
851 2914 1035 2984 pietati
1074 2930 1322 2985 quaenam
1370 2930 1466 2986 par
1495 2931 1615 2972 esse
1656 2918 1827 2987 possit
1872 2920 2087 2974 oratio?

493 3007 667 3063 liabet
685 3016 942 3078 praeterea
972 3009 1338 3064 communium
1362 3022 1572 3081 patrum
1597 3015 2087 3083 mztgistrorumque

491 3103 735 3159 veritatis
780 3103 926 3159 Petri
974 3116 1029 3159 et
1080 3103 1229 3159 Pauli
1275 3105 1541 3175 sepulcra,
1594 3106 1836 3161 ﬁdelium
1878 3107 2086 3163 animas

492 3195 875 3252 illuminantia.
904 3196 1145 3266 Quorum
1170 3198 1539 3253 beatissimum
1588 3213 1651 3253 ac
1692 3199 1933 3255 divinum
1966 3216 2082 3275 par,

491 3286 547 3345 in
578 3288 800 3345 Oriente
825 3289 1039 3359 quidem
1066 3301 1312 3346 exortum
1337 3300 1439 3358 est,
1462 3301 1517 3346 et
1543 3292 1724 3346 radios
1750 3308 2086 3363 quaquaver-

494 3393 613 3436 sum
653 3380 895 3449 diffudit;
936 3382 1033 3437 sed
1058 3381 1112 3437 in
1156 3382 1449 3439 Occidente
1478 3385 1604 3439 vitae
1641 3399 1895 3439 occasum
1944 3387 2085 3441 ultro

492 3473 678 3540 subiit,
710 3482 871 3546 atque
898 3474 1026 3530 inde
1054 3490 1196 3530 nunc
1224 3475 1413 3532 orbem
1432 3476 1742 3532 universum
1778 3477 2080 3533 collustrat.

491 3565 559 3619 lli
607 3566 792 3622 sedem
841 3576 1075 3623 vestram
1122 3568 1515 3624 nobilissimam
1565 3568 1946 3636 reddiderunt;
1996 3570 2083 3625 hic

2193 2360 2456 2430 ἡγεμονίαν
2487 2355 2790 2415 έϐλάστησε⁰
2836 2360 2922 2411 καὶ
2960 2365 3055 2417 τῆς
3094 2360 3275 2418 οἰκείας
3303 2359 3658 2433 προσηγορίας
3688 2366 3800 2419 τοῖς

2192 2448 2505 2523 ἀρχομένοις
2550 2446 2819 2518 μετέδωκε.
2873 2456 3065 2521 κοσμεῖ
3110 2446 3164 2503 δέ
3200 2450 3359 2508 αὐτὴν
3400 2447 3740 2523 διαφερόντως
3771 2453 3801 2508 ἡ

2190 2542 2387 2600 πίστις’
2418 2542 2500 2593 καί
2542 2541 2744 2615 μάρτυρ
2774 2540 3064 2613 ἀξιόχρεως
3100 2539 3126 2594 ό
3156 2542 3284 2600 θεῖος
3321 2541 3607 2602 ἀπόστολος
3633 2542 3798 2615 βοῶν,

2189 2634 2268 2693 ὅτι
2292 2637 2324 2695 ἡ
2364 2642 2545 2697 πίστις
2572 2638 2715 2708 ύμῶν
2745 2637 3139 2710 καταγγέλλεται
3172 2638 3219 2689 έν
3257 2634 3355 2709 ὅλῳ
3392 2644 3466 2709 τῷ
3506 2638 3709 2710 κόσμῳ.
3745 2639 3803 2692 Ei

2189 2727 2244 2784 δὲ
2281 2730 2429 2790 εὐθύς
2461 2728 2705 2801 δεξαμένη
2736 2731 2802 2784 τά
2840 2737 2930 2785 τοῦ
2972 2732 3221 2809 σωτηρίου
3262 2728 3589 2803 κηρύγματος
3627 2732 3803 2807 σπέρ-

2189 2845 2346 2893 ματα,
2395 2831 2505 2885 τοῖς
2535 2824 2861 2895 ἀξιαγάστοις
2911 2825 3114 2885 τούτοις
3165 2824 3412 2900 ἐϐεϐρίθει
3432 2834 3678 2899 καρποῖς,
3718 2827 3803 2887 τίς

2189 2918 2402 2991 ἀπόχρη
2437 2917 2584 2990 λόγος
2612 2923 2701 2978 τὴν
2730 2924 2818 2972 νῦν
2849 2921 2899 2972 ὲν
2941 2910 3069 2994 αὶ)τῇ
3107 2918 3490 2991 πολιτευομένην
3526 2919 3800 2974 εὐσέϐειαν

2189 3013 2505 3083 εὐφημῆσαις
2539 3008 2656 3082 ἴχει
2686 3010 2739 3066 δὲ
2784 3015 2865 3065 καί
2894 3020 2995 3066 τῶν
3034 3019 3209 3067 κοινῶν
3242 3014 3481 3088 πατέρων
3526 3015 3613 3066 καὶ
3644 3010 3801 3067 διδα-

2190 3107 2393 3162 σκάλων
2418 3114 2510 3166 τῆς
2539 3106 2765 3166 ἀληθείας
2791 3107 2981 3182 Πέτρου
3006 3108 3092 3160 καί
3127 3107 3323 3161 Παύλου
3351 3108 3446 3167 τὰς
3472 3107 3653 3167 θήκας,
3693 3112 3800 3161 τῶν

2189 3207 2388 3255 πιστῶν
2413 3201 2508 3259 τὰς
2534 3196 2719 3271 ψυχὰς
2748 3196 3097 3272 φωτιζούσας.
3120 3197 3173 3253 Ἥ
3202 3197 3256 3255 δὲ
3291 3202 3647 3275 τρισμακαρία
3670 3198 3803 3255 τού-

2188 3316 2288 3350 των
2316 3296 2402 3348 καί
2426 3294 2534 3348 θεῖα
2555 3294 2759 3371 ξυνωρίς
2781 3294 2997 3348 ἀνέτειλε
3025 3296 3114 3365 μὲν
3134 3294 3181 3346 ἐν
3204 3301 3269 3370 τῇ
3290 3294 3411 3368 ἑῴα,
3445 3296 3533 3347 καί
3560 3294 3801 3349 πάντοσε

2188 3390 2283 3448 τάς
2310 3389 2522 3447 ἀκτῖνας
2551 3385 2849 3458 ἐξέπεμψεν.
2876 3398 2952 3441 Ἐν
2972 3385 3025 3441 δέ
3046 3395 3104 3463 τῇ
3126 3385 3271 3443 δύσει
3292 3388 3569 3463 προθύμως
3584 3386 3801 3452 ἔδέξατο

2188 3483 2284 3541 τὰς
2312 3487 2406 3537 τοῦ
2430 3482 2548 3552 βίου
2572 3479 2800 3552 δυσμὰς,
2826 3482 3048 3555 κᾴκεῖθεν
3071 3487 3160 3535 νῦν
3182 3481 3491 3554 καταυγάζει
3511 3486 3603 3539 τὴν
3627 3483 3803 3535 οἰκου-

2189 3576 2359 3647 μένην.
2409 3569 2567 3628 Ούτοι
2618 3573 2702 3629 τὸν
2756 3565 2993 3651 ύμέτερον
3048 3574 3479 3649 περιφανέστατον
3530 3574 3799 3647 ἀπέφηναν

490 3658 756 3716 bonorum
786 3672 1093 3718 vestrorum
1118 3672 1202 3718 est
1218 3678 1378 3733 apex.
1402 3664 1473 3719 At
1496 3663 1712 3718 illorum
1739 3664 1921 3719 sedem
1941 3678 2082 3719 nunc

2191 3667 2376 3742 θρόνον.
2410 3660 2576 3725 Οὗτος
2604 3672 2704 3720 τῶν
2741 3665 2940 3738 ἀγαθῶν
2982 3672 3082 3720 τῶν
3118 3666 3378 3742 ύμετίρων
3406 3664 3433 3719 ό
3463 3665 3707 3738 κολοφὼν.
3742 3664 3801 3720 ’(1

491 3753 655 3807 etiam
684 3753 898 3809 illorum
924 3754 1062 3810 Deus
1082 3754 1394 3823 illustravit,
1420 3755 1546 3811 dum
1570 3756 1623 3811 in
1654 3772 1717 3812 ea
1738 3756 2077 3815 sanctitatem

493 3855 724 3903 vestram
760 3856 922 3904 rectae
951 3848 1078 3905 ﬁdei
1106 3849 1286 3905 radios
1306 3848 1622 3906 fundentem
1652 3852 1953 3907 conStituit.

566 4032 694 4089 Car.
720 4032 785 4089 ll.
829 4062 902 4075 —
938 4031 1103 4105 Cujus
1128 4033 1341 4105 quidem
1388 4034 1466 4091 rei
1494 4049 1616 4091 cum
1652 4035 1754 4091 alia
1810 4037 1977 4092 multa
2026 4037 2079 4092 in

494 4135 746 4194 promptu
777 4122 886 4179 sint
906 4135 1246 4196 argumenta,
1277 4125 1475 4182 sufﬁcit
1499 4129 1648 4184 zelus
1682 4136 1861 4184 vester
1887 4130 2084 4185 adver-

491 4231 586 4272 sus
617 4215 844 4272 infames
871 4216 1216 4288 Manichaaos,
1250 4234 1411 4289 quem
1436 4221 1695 4275 sanctitas
1722 4230 1900 4276 vestra
1924 4231 1948 4259 °
1988 4239 2087 4277 nu-

490 4325 591 4382 per
618 4313 851 4379 exeruit,
900 4321 955 4367 et
984 4327 1091 4382 quo
1125 4329 1305 4369 rerum
1349 4314 1655 4370 divinarum
1695 4316 1875 4371 studio
1911 4329 2087 4373 vester

491 4405 547 4462 in
578 4406 745 4463 Deum
776 4407 849 4462 sit
889 4421 1042 4462 amor
1068 4407 1339 4476 patefecit.
1375 4408 1664 4464 Sufﬁciunt
1699 4418 1754 4465 et
1784 4425 1906 4480 quae
1943 4425 2087 4466 nunc

491 4514 522 4555 a
558 4502 714 4557 vobis
748 4502 949 4571 scripta
997 4510 1142 4567 sunt,
1198 4511 1255 4556 ut
1302 4503 1658 4571 apostolicum
1709 4502 2077 4558 characterem

492 4605 732 4647 vestrum
763 4592 1068 4649 ostendant.
1097 4592 1385 4649 lncidimus
1412 4610 1643 4664 namque
1669 4594 1721 4648 in
1756 4593 1843 4647 illa
1867 4610 1986 4664 quae
2012 4596 2079 4650 de

492 4683 587 4740 Dei
610 4686 1013 4756 Salvatorisque
1034 4686 1203 4740 nostri
1221 4684 1592 4741 incarnatione
1618 4685 1874 4740 sanctitas
1898 4695 2078 4741 vestra

490 4776 516 4817 δ
550 4780 783 4849 scripsit,
812 4788 865 4834 et
887 4779 1133 4834 admirati
1155 4795 1341 4834 sumus
1372 4786 1617 4833 exactam
1642 4779 1823 4848 operis
1849 4778 2077 4848 diligen-

490 4876 641 4925 tiam.
684 4869 918 4941 Utraque
968 4872 1113 4926 enim
1153 4870 1397 4927 eamdem
1441 4885 1605 4940 opera
1645 4869 1979 4936 declarabat,
2020 4879 2075 4926 et

2190 3759 2236 3816 δ’
2264 3762 2458 3815 ἐκείνων
2481 3760 2590 3819 θεὸς
2621 3762 2705 3813 καί
2727 3765 2813 3814 νῦν
2836 3759 2920 3813 τὸν
2948 3759 3142 3812 ἐκείνων
3170 3758 3449 3833 ἐλάμπρυνε
3475 3757 3664 3833 θρόνον,
3706 3764 3803 3818 τιὴ

2190 3854 2440 3927 ύμετέραν
2469 3851 2754 3921 ἁγιωσύνην
2778 3848 2995 3925 ἱδρύσας
3016 3852 3066 3904 έν
3085 3851 3253 3922 τούτῳ
3274 3857 3365 3909 τῆς
3388 3847 3680 3927 ὀρθοδοξίας
3703 3850 3799 3911 τά.

2190 3949 2394 4006 ἀκτῖνας
2421 3946 2678 4017 ἀφιεῖσαν.

2260 4042 2349 4093 Καὶ
2369 4038 2556 4093 τούτου
2587 4037 2748 4093 πολλὰ
2778 4038 2868 4110 μέν
2892 4038 3030 4091 ἔστιν
3057 4036 3227 4113 εύρεῖν
3247 4037 3333 4089 καί
3358 4032 3485 4089 ἄλλα
3512 4038 3803 4108 τεκμήρια⁸

2189 4135 2340 4208 ἀρκεῖ
2375 4130 2429 4186 δέ
2468 4132 2609 4203 ύμῶν
2644 4134 2730 4185 καί
2768 4129 2953 4187 ὁκατά
2999 4136 3098 4186 τῶν
3144 4128 3459 4199 δυσωνύμων
3498 4133 3807 4200 Ιανιχαίων

2188 4225 2353 4288 ζῆλος,
2392 4220 2444 4277 ὃν
2473 4225 2648 4296 πρώην
2678 4222 2819 4293 ύμῶν
2846 4224 2877 4280 ἡ
2909 4220 3117 4283 ὁσιότης
3144 4218 3419 4294 ἐγύμνασε,
3451 4218 3669 4285 δείξασα
3702 4226 3807 4280 τήν

2188 4317 2396 4393 περίτά
2423 4317 2534 4369 θεῖα
2577 4324 2669 4376 τῆς
2708 4315 2960 4393 ύμετέρας
2994 4312 3239 4385 φιλοθεῒας
3268 4310 3520 4371 σπουδήν.
3546 4313 3807 4390 Ἀπόχρη

2192 4412 2279 4463 καί
2304 4412 2372 4464 τὰ
2397 4413 2486 4461 νῦν
2514 4405 2637 4483 παρ’
2667 4408 2811 4478 ὑμῶν
2848 4408 3103 4482 γραφέντα
3144 4401 3231 4461 τόν
3258 4404 3616 4462 ’Δποστολικόν
3641 4406 3808 4476 ὑμῶν

2184 4510 2498 4578 χαρακτῆρα
2520 4500 2766 4559 δηλῶσαι.
2792 4504 3232 4573 Ἐντετυχήκαμεν
3258 4502 3357 4577 γὰρ
3385 4508 3495 4562 τοῖς
3515 4503 3666 4576 παρὰ
3701 4509 3809 4564 τῆς

2182 4603 2277 4657 σῆς
2301 4602 2542 4669 γραφεῖσι
2572 4592 2839 4653 ὁσιότητος
2866 4596 2985 4666 περί
3014 4602 3107 4654 τῆς
3135 4599 3227 4648 τοῦ
3259 4599 3386 4648 Θεοῦ
3416 4596 3499 4648 καί
3542 4602 3811 4668 σωτῆρος

2180 4687 2323 4758 ύμῶν
2353 4688 2797 4761 ένανθρωπὴσεως,
2824 4688 2911 4739 καί
2937 4685 3297 4755 ἐθαυμάσαμεν
3320 4690 3411 4745 τήν
3433 4692 3531 4741 τῶν
3552 4704 3811 4757 γεγραμ-

2182 4780 2342 4849 μένων
2368 4778 2647 4853 ἀκρίϐειαν.
2682 4776 2961 4851 Ἀμφότεροι
2984 4778 3085 4852 γὰρ
3110 4778 3242 4831 κατά
3263 4776 3449 4831 ταυτὸν
3473 4773 3685 4838 ἐδήλου,
3714 4778 3811 4833 να]

2180 4876 2271 4929 τήν
2306 4871 2359 4924 ἐκ
2384 4875 2471 4925 τοῦ
2500 4868 2666 4925 ἀϊδίου
2695 4869 2892 4944 πατρὸς
2920 4866 3076 4924 ἀΐδιον
3101 4867 3314 4928 θεότητα
3337 4872 3429 4924 τοῦ
3458 4872 3805 4941 μονογενοῦς,

489 5049 781 5126 Ephesina.
807 5047 1112 5126 Cumenim
1136 5049 1344 5126 legatos
1367 5047 1543 5126 (ﬁdem
1573 5047 1966 5126 contradixisse
1996 5050 2079 5102 in-
2103 5064 2157 5126 D
2182 5048 2407 5126 totidem
2444 5063 2615 5126 annos
2643 5048 2724 5126 sui
2749 5048 3088 5126 episcopatus
3112 5057 3542 5126 mentoque-um
3574 5043 3809 5126 Ephesi

492 5122 720 5188 tellexil,
748 5129 803 5174 et.
828 5120 1027 5175 Celehri
1063 5122 1255 5174 Leonis
1282 5120 1347 5173 ad
1380 5120 1691 5175 Flavianum
1731 5121 1957 5186 epistola
1988 5136 2078 5175 ac-

489 5207 666 5263 oepta,
703 5208 850 5245 suum
883 5191 1185 5245 doctrinam
1228 5191 1283 5243 in
1331 5207 1390 5263 ea
1423 5192 1815 5263 confirmatam.
1848 5203 1901 5245 et
1923 5208 1949 5243 a
1981 5193 2079 5245 do-

489 5260 661 5319 ctrina
695 5264 934 5329 ejusdem
983 5262 1377 5334 pseudosynndi
1416 5264 1645 5315 ahenam
1694 5260 2073 5330 deprehendit,

490 5337 555 5388 ad
586 5336 830 5387 eumdem
866 5336 1192 5402 pontificem,
1235 5344 1291 5385 ut
1314 5335 1361 5385 ei
1384 5349 1537 5385 suam
1564 5347 1776 5385 causam
1802 5348 2079 5388 commen-

489 5407 663 5470 daret,
695 5406 973 5473 epistnlatn
1004 5404 1171 5457 dedit.
1198 5403 1534 5474 Igitnrpanln
1562 5415 1675 5468 post
1700 5418 1818 5456 eam
1847 5404 2076 5472 pseudo-

488 5477 753 5547 synndum
801 5476 998 5542 scripta
1041 5475 1159 5539 fuit,
1201 5489 1329 5547 cum
1380 5478 1679 5543 praesertim
1712 5474 1838 5547 ipsa
1882 5476 2074 5531 saltem

489 5546 695 5613 integra
743 5549 954 5601 conmhi
999 5558 1145 5616 gesta
1194 5546 1428 5599 nondum
1480 5546 1795 5616 acceperit:
1844 5548 2074 5602 credidit

488 5634 631 5673 enim
660 5618 923 5673 Renatutn
957 5615 1020 5672 Β.
1053 5618 1115 5671 Ε.
1144 5618 1513 5687 presbyterum
1542 5616 1713 5669 eidem
1738 5615 2068 5687 interfuisse,

490 5692 580 5759 qui
614 5705 788 5743 tamen
819 5694 867 5743 in
898 5689 1090 5743 itinere
1118 5701 1243 5743 ante
1270 5686 1531 5759 synodum
1561 5689 1785 5759 obierat.
1812 5686 2069 5745 Probabi-

490 5756 611 5815 liter
639 5776 765 5830 ergo
794 5770 1017 5815 exarata
1048 5759 1145 5813 fuit
1174 5760 1273 5813 sub
1300 5756 1466 5813 linem
1497 5773 1583 5830 an.
1614 5756 1754 5830 M9.
1777 5758 2071 5818 Enimvero

492 5831 544 5884 in
576 5832 685 5899 ipsa
717 5832 940 5899 epistola
982 5846 1031 5886 ο.
1070 5833 1103 5883 4
1150 5840 1373 5886 testatur
1400 5846 1457 5885 se
1501 5829 1612 5898 jam
1646 5829 1849 5885 rexisse
1885 5832 2070 5889 Eccle-

492 5902 625 5959 liam
655 5901 803 5956 annis
831 5918 919 5956 ser.
945 5912 989 5957 et
1020 5902 1227 5968 viginti;
1262 5904 1311 5955 in
1344 5902 1446 5956 alia
1492 5911 1669 5957 autem
1698 5902 1920 5969 epistola
1971 5903 2069 5959 116

2181 5120 2457 5190 depositus
2490 5120 2588 5174 fuit
2624 5120 2710 5174 die
2743 5117 2808 5173 10
2838 5114 3064 5188 Augusti
3108 5134 3197 5172 an.
3229 5116 3352 5171 M9.
3387 5114 3553 5190 Igitur
3568 5119 3808 5190 eodem

2180 5187 2324 5247 anno
2353 5193 2638 5258 epistolam
2684 5187 3065 5259 scripsihqun
3105 5190 3379 5250 depositus
3410 5188 3528 5243 fuit.
3566 5187 3806 5245 Eodem

2182 5270 2428 5331 tempore
2456 5263 2591 5317 duas
2627 5261 2760 5315 alias
2801 5261 3057 5329 epismlas
3086 5260 3252 5324 dedit,
3298 5260 3522 5313 alteram
3558 5260 3668 5313 “6
3718 5263 3806 5319 ad

2184 5334 2473 5401 Renatnm,
2506 5350 2664 5401 quem
2694 5334 2873 5386 vivum
2908 5332 3287 5399 prmsumebat.
3316 5332 3543 5385 alteram
3574 5332 3693 5385 118
3719 5334 3808 5390 ad

2180 5404 2438 5460 Rmuanre
2481 5405 2737 5460 Ecclesia:
2767 5403 3228 5465 archidiaconum,
3264 5404 3314 5455 in
3345 5401 3543 5471 quibus
3574 5411 3633 5455 ut
3674 5406 3810 5463 sibi

2178 5479 2318 5546 apud
2353 5476 2586 5533 Leonem
2618 5476 2892 5545 adjutores
2920 5474 3025 5528 sint
3045 5482 3252 5528 exorat.
3281 5472 3416 5528 Cum
3437 5473 3809 5546 eademrple.

2179 5543 2300 5602 nius
2333 5553 2382 5601 in
2406 5550 2632 5617 epistula
2657 5543 2721 5599 ad
2752 5546 2984 5599 Leonem
3008 5547 3410 5617 contineantur,
3435 5543 3535 5617 has
3564 5543 3809 5609 epistu-

2176 5620 2255 5673 las
2286 5621 2427 5674 inter
2445 5614 2724 5674 'Leoninas
2756 5619 2999 5671 inserere
3028 5614 3355 5687 superﬂuum
3380 5614 3808 5687 judicavimus'.

2175 5689 2314 5746 Hinc
2343 5707 2557 5760 quoque
2586 5688 2908 5757 Quesnellus
2930 5685 3110 5743 solani
3132 5689 3415 5758 epistolam
3435 5685 3505 5742 ad
3524 5685 3813 5751 Leonem

2174 5777 2284 5817 sua:
2315 5764 2535 5817 editioni
2567 5760 2783 5830 adjecit.

2248 5844 2271 5870 α
2307 5837 2407 5887 Λη.
2452 5826 2655 5888 scilicet
2676 5830 2803 5899 444,
2824 5845 2931 5902 quo
2959 5830 3102 5902 edita
3128 5828 3232 5902 fuit
3255 5843 3344 5898 ep.
3379 5830 3410 5885 7
3440 5828 3495 5885 in
3527 5826 3804 5891 Manich.

2248 5905 2271 5942 υ
2303 5904 2575 5959 Laudatur
2597 5903 2756 5972 epist.
2783 5900 2878 5970 28,
2904 5901 2970 5958 ad
2994 5900 3326 5958 Flavianum.
