4014 6358
1637 387 1969 446 EPISTOLA
2006 388 2113 443 ιιι.

219 523 471 575 aeternam
503 526 575 569 ex
599 518 804 568 aeterno
834 508 997 565 Patre
1028 504 1301 579 Unigeniti
1341 504 1712 574 Divinitatem,
1741 513 1798 561 et

1917 508 1987 561 ιαι
2010 510 2102 567 τήν
2127 508 2184 563 έκ
2212 505 2513 581 σπέρματος
2539 505 2773 581 ’Δϐραάμ
2800 511 2883 564 και
2913 504 3072 563 Δαϐίδ
3108 508 3501 587 ἅνθρωπός-ητα.

217 608 454 684 ejusdem
479 623 548 665 ex
573 604 806 663 Abrahae
834 612 891 659 et
932 601 1101 658 David
1140 601 1347 657 semine
1376 600 1792 665 humanitatem,

218 721 274 763 ac
298 703 534 759 similem
566 715 662 771 per
682 696 861 754 omnia
892 695 1050 752 nobis
1091 693 1256 749 fuisse
1281 700 1609 761 assumptam
1637 701 1794 746 natu-

218 815 343 864 ram,
372 796 482 851 hoc
514 808 625 849 uno
659 790 977 848 dissimilem
1007 788 1149 858 quod
1183 784 1388 857 peccati
1418 800 1612 854 expers
1650 798 1801 839 man-

218 894 358 957 serit,
390 892 593 962 quippe
620 902 742 959 quae
774 900 880 941 non
913 900 976 939 ex
1008 894 1223 950 natura,
1256 879 1352 936 sed
1380 895 1450 934 ex
1493 877 1661 933 libera
1708 892 1803 933 vo-

219 989 414 1043 luntate
467 982 728 1038 nascitur.
772 980 841 1034 Et
882 977 986 1031 hoc
1022 983 1285 1045 praeterea
1328 974 1522 1027 littera:
1562 971 1806 1028 contine-

219 1082 359 1146 bant,
392 1093 559 1133 unum
590 1090 711 1131 esse
749 1072 1081 1142 unigenitum
1122 1068 1215 1123 Dei
1248 1067 1464 1136 Filium,
1498 1076 1552 1121 et
1588 1067 1805 1136 impati-

220 1173 373 1228 bilem
400 1169 523 1240 ejus
564 1166 732 1240 956
760 1162 1129 1227 Divinitatem,
1152 1176 1273 1231 qua:
1314 1173 1413 1214 nec
1437 1158 1574 1213 verti
1620 1166 1804 1228 queat,

220 1282 305 1323 nec
332 1264 558 1328 mutari,
588 1263 727 1316 sicut
754 1267 810 1315 et
829 1258 918 1329 qui
942 1258 1119 1325 ipsum
1142 1257 1329 1327 genuit
1356 1254 1532 1320 Pater,
1568 1264 1621 1308 et
1649 1252 1811 1323 Spiri-

221 1369 292 1414 tus
330 1367 580 1412 sanctus.
613 1353 849 1424 Ideoque
880 1350 1156 1421 patibilem
1200 1360 1444 1404 naturam
1487 1349 1805 1417 sumpsisse,

218 1451 327 1523 quia
350 1449 540 1504 divina
568 1456 755 1501 natura
784 1446 1093 1515 passionem
1124 1457 1229 1497 non
1264 1440 1562 1512 recipiebat
1589 1458 1600 1493 :
1633 1450 1691 1494 ut
1718 1454 1813 1506 per

220 1542 387 1600 carnis
417 1541 652 1613 propria:
684 1539 991 1610 passionem
1023 1536 1517 1607 impassibilitatem
1551 1535 1616 1589 iis
1642 1534 1732 1603 qui
1759 1534 1811 1589 in

221 1642 387 1707 ipsum
418 1635 709 1690 crederent
749 1632 1051 1703 largiretur.
1103 1631 1229 1685 Haec
1254 1630 1433 1685 etalia
1463 1629 1547 1682 his
1585 1636 1813 1696 c0gnata

219 1730 405 1787 litteris
420 1727 865 1783 continebantur.
878 1724 986 1779 Nos
1002 1738 1132 1779 vero
1143 1721 1478 1791 Spiritualem
1492 1721 1812 1791 sapientiam

221 1834 354 1880 tuam
378 1819 658 1885 admirati,
683 1818 916 1888 Spiritus
943 1816 1115 1871 sancti
1152 1814 1402 1886 gratiam,
1432 1828 1552 1884 quae
1591 1828 1688 1884 per
1718 1826 1812 1867 vos

216 1917 380 1973 locuta
398 1923 509 1978 est,
523 1912 769 1968 laudibus
785 1910 1095 1976 extulimus,
1109 1922 1487 1979 rogamusque,
1502 1906 1816 1962 etobsecra—
1840 1937 1890 1999 Β

216 2025 341 2074 mus,
371 2017 429 2065 et
462 2020 768 2078 precamur,
800 2012 856 2059 et
889 2002 1159 2073 supplices
1205 2014 1422 2055 oramus
1468 1998 1810 2053 sanctitatem

216 2112 375 2167 tuam,
392 2110 454 2157 ut
491 2106 812 2170 tempestate
833 2095 1046 2167 iactatis
1069 2095 1161 2149 Dei
1187 2092 1446 2148 Ecclesiis
1464 2106 1621 2162 opem
1647 2089 1804 2145 ferat.

277 2194 409 2250 Cap.
442 2192 537 2249 Ill.
561 2220 632 2234 -—
659 2189 794 2245 Cum
816 2191 959 2244 enim
976 2197 1003 2225 ι
1030 2202 1126 2257 per
1152 2201 1247 2241 eos
1271 2198 1406 2255 quos
1435 2183 1695 2239 sanetitas
1718 2191 1809 2237 tua

218 2288 490 2358 Ephesum
530 2285 677 2341 misit
720 2282 1055 2353 tempestatis
1093 2280 1294 2336 exitum
1337 2290 1703 2349 speraremus,
1752 2275 1809 2331 in

216 2379 517 2451 graviorem
541 2376 836 2447 procellam
858 2374 1063 2445 delapsi
1088 2385 1294 2427 sumus.
1321 2367 1807 2425 Alexandrinorum

216 2474 408 2543 quippe
432 2469 774 2542 iustissimus
801 2466 1028 2521 antistes
1068 2464 1480 2533 haudquaquam
1522 2466 1810 2516 contentus

217 2563 308 2620 fuit
333 2566 526 2633 iniqua
554 2561 655 2616 hac
677 2571 731 2616 et
762 2559 1111 2629 iniustissima
1132 2556 1468 2627 depositione
1484 2552 1809 2609 sanctissimi

218 2656 435 2726 Deoque
465 2653 776 2710 charissimi
806 2650 1529 2721 Constantinopolitanorum
1567 2644 1810 2716 episcopi

219 2747 429 2804 Domini
459 2747 721 2813 Flaviani,
758 2761 934 2816 neque
962 2745 1133 2815 ipsius
1154 2743 1387 2797 animam
1413 2739 1648 2811 explevit
1673 2753 1810 2793 con-

217 2841 409 2896 similis
441 2850 656 2909 strages
678 2839 904 2893 aliorum
930 2837 1338 2908 episcoiiorum;
1371 2833 1466 2889 sed
1491 2848 1579 2887 me
1599 2844 1813 2902 quoque

217 2932 496 2989 absentem
526 2932 740 2988 calamo
780 2929 1027 2985 similiter
1052 2928 1335 2999 iugulavit,
1373 2940 1476 2981 nec
1501 2926 1557 2980 in
1592 2924 1679 2994 ius
1716 2938 1814 2980 vo-

215 3034 413 3092 catum,
443 3038 547 3079 nec
575 3032 898 3094 praesentem
922 3031 1252 3086 accusatum,
1287 3033 1387 3075 nec
1418 3019 1811 3088 interrogatum

214 3117 278 3176 de
306 3120 412 3175 Dei
452 3134 519 3175 ac
562 3119 857 3175 Salvatoris
895 3116 1068 3172 nostri
1106 3117 1477 3172 incarnatione
1522 3112 1652 3184 quid
1688 3126 1814 3168 sen-

213 3213 361 3269 tiam.
390 3213 460 3268 Et
489 3212 791 3267 homicidas
813 3212 1051 3282 quidem,
1080 3225 1142 3265 ac
1171 3208 1545 3279 sepulcrorum
1564 3206 1815 3262 effracto-

214 3319 320 3372 res,
368 3305 792 3375 alienarumqne
836 3304 1143 3373 nuptiarum
1188 3304 1492 3368 invasores,
1522 3316 1628 3355 non
1669 3302 1815 3370 prius

214 3398 841 3468 condemnantjudices,
868 3410 1031 3467 quam
1063 3396 1149 3450 vel
1186 3395 1291 3466 ipsi
1326 3395 1539 3465 objecta
1581 3393 1812 3449 crimina

1897 607 1989 661 καί
2017 602 2098 661 ὅτι
2124 606 2256 661 κατά
2281 606 2452 662 πάντα
2479 608 2595 677 ήμῖν
2620 607 2652 667 ἦ
2693 606 2939 680 ληφθεῖσα
2966 603 3117 679 φύσις
3145 606 3313 680 ἐῴκει,
3339 605 3504 678 μόνον

1899 696 1954 753 δέ
1990 696 2223 770 ἀνόμοιος
2251 694 2309 758 ἦέ
2340 705 2413 771 τῷ
2436 700 2609 759 πάσης
2660 697 2918 776 ἁμαρτίας
2959 700 3189 772 ἀμύητος
3240 699 3500 774 διαμεῖναι

1901 787 2177 865 ἐπειδήπερ
2216 792 2305 844 οὐκ
2346 792 2401 845 ἐκ
2449 792 2686 863 φύσεως,
2726 792 2831 846 ἀλλ’
2874 793 2929 847 ἐκ
2971 796 3322 871 προαιρέσεως
3363 796 3497 857 αὕτη

1903 884 2099 954 φύεται.
2136 878 2249 953 εἶχε
2286 881 2340 937 δέ
2386 885 2473 938 καί
2500 889 2655 939 τοῦτο
2695 886 2762 940 τά
2807 885 3113 958 γράμματα.
3156 893 3223 949 ὡς
3255 884 3325 948 εἷς
3352 892 3443 960 μὲν
3473 888 3503 945 ὅ

2105 982 2375 1050 μονογενής
2428 984 2518 1033 τοῦ
2570 985 2699 1034 Θεοῦ
2752 979 2890 1044 Υίός,
2945 982 3146 1043 ἀπαθής
3191 981 3247 1037 δέ
3284 986 3446 1039 αὐτοῦ
3472 987 3504 1044 ἡ

1906 1069 2103 1133 θεότης,
2130 1071 2216 1122 καὶ
2241 1066 2515 1144 ἄτρεπτος,
2550 1072 2633 1124 καὶ
2677 1070 3029 1138 ἀναλλοίωτος,
3063 1074 3288 1150 καθάπερ
3329 1074 3354 1129 ὁ
3392 1098 3508 1147 γεν-

1906 1164 2068 1222 νήσας
2099 1161 2252 1216 αὐτὸν
2285 1166 2480 1238 πατήρ.
2525 1164 2607 1216 καί
2644 1162 2703 1216 τό
2748 1160 2999 1235 πανάγιον
3044 1171 3267 1238 πνεῦμα.
3305 1170 3394 1219 Καὶ
3422 1166 3508 1225 διά

1909 1260 2058 1309 τοῦτο
2085 1259 2175 1313 τήν
2202 1255 2431 1315 παθητὴν
2459 1253 2612 1309 ἔλαϐε
2645 1257 2818 1329 φύσιν,
2852 1255 3118 1334 ἐπειδήπερ
3156 1261 3186 1317 ή
3217 1260 3329 1313 θεῖα
3352 1262 3508 1332 φύσις

1910 1347 1998 1399 ούκ
2023 1345 2235 1417 ἐδέχετο
2263 1348 2444 1407 πάθος·
2476 1348 2561 1401 ἵνα
2588 1356 2660 1418 τῷ
2700 1350 2851 1404 πάθει
2885 1358 2977 1412 τῆς
3014 1348 3147 1411 ἰδίας
3187 1354 3376 1426 σαρκὸς
3414 1358 3507 1413 τήν

1911 1440 2158 1495 ἀπάθειαν
2183 1447 2295 1499 τοῖς
2317 1443 2389 1502 εἰς
2417 1442 2572 1496 αὐτόν
2598 1443 2968 1499 πεπιστευκόσι
2998 1447 3303 1522 χαρίσηται.
3330 1451 3507 1502 Ταῦτα

1912 1536 1999 1586 καὶ
2024 1530 2121 1587 ὅσα
2148 1534 2350 1593 τούτοις
2397 1534 2504 1588 ἐστί
2546 1543 2789 1609 συγγενῆ,
2835 1543 3071 1611 περιεῖχε
3109 1538 3177 1592 τὰ
3202 1558 3506 1613 γραμματα.

1911 1622 2079 1697 Ἦμεῖς
2106 1624 2161 1680 δέ
2185 1631 2275 1685 τήν
2312 1630 2655 1698 πνευματικήν
2683 1649 2777 1682 σου
2811 1630 2987 1703 σοφίαν
3016 1631 3392 1700 θαυμάσαντες,
3419 1635 3509 1691 τήν

1915 1715 1980 1772 δι’
2008 1719 2148 1789 ὑμῶν
2178 1720 2510 1791 φθεγξαμένην
2536 1725 2625 1774 τοῦ
2652 1719 2799 1793 ἀγὶου
2834 1722 3123 1793 πνεύματος
3150 1724 3508 1794 ἀνυμνήσαμεν

1916 1812 2073 1886 χάριν
2101 1814 2178 1865 καὶ
2204 1812 2614 1886 παρακαλοῦμεν,
2645 1816 2734 1867 καὶ
2757 1813 3135 1885 ἀντιϐολοῦμεν,
3159 1819 3242 1869 καὶ
3271 1814 3508 1887 δεόμεθα,

1914 1906 2000 1959 καὶ
2024 1905 2308 1976 ὶκετέυομὲν
2336 1926 2430 1959 σου
2473 1911 2563 1963 τήν
2601 1905 2912 1977 ἁγιωσύνην,
2956 1908 3249 1981 έπαμμῦναι
3273 1918 3390 1971 ταῖς
3416 1915 3509 1966 τοῦ

1918 2004 2045 2055 Θεοῦ
2069 2000 2358 2061 έκκλησίαις
2387 2002 2807 2072 χειμαζομέναις.

1983 2185 2146 2240 Λύσιν
2165 2187 2265 2257 γάρ
2296 2183 2503 2241 ἔσεσθαι
2526 2192 2617 2242 τοῦ
2642 2183 2891 2247 κλύδωνος
2934 2185 3385 2266 προσδοκήσαντες
3423 2188 3512 2249 διὰ

1912 2284 2013 2331 τῶν
2040 2278 2185 2353 παρά
2206 2285 2299 2337 τῆς
2335 2278 2587 2354 ύμετέρας
2617 2276 2909 2351 ἁγιωσύνης
2931 2279 3003 2340 εἰς
3031 2284 3123 2338 τήν
3143 2276 3353 2353 ’Ἔφεσον
3381 2284 3512 2338 ἀπιν⁸

1913 2369 2215 2436 σταλέντων,
2263 2370 2606 2447 χαλεπωτέρᾳ
2650 2373 3108 2446 περιπεπτώκαμεν
3131 2374 3278 2445 ζάλῃ.
3313 2372 3371 2429 Ὀ
3406 2377 3512 2452 γάρ

1912 2469 2005 2521 τῆς
2028 2460 2397 2536 Ἀλεξανδρείας
2440 2460 2758 2523 δικαίότατος
2797 2462 3047 2539 πρόεδρος
3084 2467 3173 2520 οὐκ
3199 2468 3419 2545 ἠρκέσθη
3447 2474 3513 2545 τῇ

1914 2554 2086 2627 ἀνόμῳ
2125 2556 2287 2628 ταύτῃ
2319 2557 2409 2608 καί
2446 2552 2732 2630 ἀδικωτάτη
2762 2558 3046 2634 καθαιρέσει
3084 2564 3178 2614 τοῦ
3219 2559 3512 2633 ἀγιωτάτου

1913 2650 2001 2701 καὶ
2026 2648 2411 2717 θεοφιλεστάτου
2453 2654 2553 2702 τῶν
2591 2651 3186 2706 Κωνσταντινουπολιτῶν
3227 2653 3507 2709 ἐπισκόπου

1912 2746 2005 2796 τοῦ
2047 2744 2227 2817 κυρίου
2268 2743 2568 2810 Φλαυιανοῦ,
2603 2741 2720 2799 οὐδὲ
2767 2744 3033 2802 ἐνέπλησεν
3058 2745 3215 2801 αὐτοῦ
3244 2747 3329 2801 τόν
3355 2748 3513 2820 θυμὸν

1914 2840 2015 2890 τῶν
2040 2831 2199 2890 ἄλλων
2236 2834 2524 2890 ἐπισκόπων
2551 2836 2583 2895 ή
2613 2835 2961 2910 παραπλησία
2983 2842 3174 2911 σφαγή.
3206 2838 3352 2894 ’Δλλά
3378 2841 3513 2915 κᾴμέ

1914 2928 2002 2984 τὸν
2037 2928 2234 2984 ἀπόντα
2274 2927 2460 2999 ὁμοίως
2504 2928 2715 3000 καλάμῳ
2763 2928 3097 3002 κατέσφαξεν,
3126 2926 3243 2985 οὔτε
3292 2931 3515 2994 καλέσας

1916 3021 1989 3082 είς
2018 3024 2297 3096 κριτήριον,
2331 3017 2449 3075 οὔτε
2479 3022 2720 3097 παρόντα
2752 3024 2945 3098 κρίνας,
2978 3025 3065 3078 οὐκ
3110 3026 3374 3101 ἐρωτήσας
3398 3027 3515 3084 τίνα

1916 3121 2077 3190 φρονῶ
2100 3118 2222 3191 περὶ
2249 3121 2342 3176 τῆς
2370 3122 2463 3170 τοῦ
2495 3121 2626 3170 Θεοῦ
2652 3118 2738 3170 καί
2764 3124 2997 3192 σωτῆρος
3018 3119 3159 3188 ήμῶν
3187 3118 3513 3195 ἐνανθρωπή-

1915 3228 2067 3268 σεως.
2098 3212 2184 3263 Καὶ
2208 3210 2331 3268 τοὺς
2358 3210 2447 3275 μέν
2490 3208 2841 3283 ἀνδροφόνους,
2871 3213 2959 3265 καί
2982 3211 3401 3283 τυμϐωρύχους,
3429 3212 3516 3267 καί

1915 3301 2039 3360 τούς
2065 3300 2158 3360 τάς
2196 3299 2465 3375 ἀλλοτρίας
2508 3301 2833 3362 συλήσαντας
2861 3304 3028 3369 εὐνὰς,
3059 3305 3117 3357 ού
3140 3303 3391 3379 πρότερον
3420 3326 3516 3358 κα-

1916 3394 2222 3470 τακρίνοισιν
2249 3395 2296 3447 οἱ
2325 3392 2633 3463 δικάζοντες,
2662 3396 2758 3455 ἕως
2790 3390 2896 3455 ἀνή
2916 3398 3061 3453 αὐτοὶ
3086 3397 3184 3459 τὰς
3204 3399 3516 3473 κατηγορίας

215 3490 566 3547 confessione
590 3505 684 3545 sua
717 3490 982 3545 ﬁrmarint
1002 3531 1016 3554 ,
1040 3489 1123 3544 vel
1161 3489 1228 3543 ab
1255 3488 1379 3544 aliis
1398 3498 1586 3558 aperte
1612 3486 1810 3543 fuerint

1917 3492 2029 3546 ταῖς
2052 3483 2341 3558 ὁμολογίαις
2366 3488 2689 3559 κυρώσωσιν,
2723 3485 2753 3545 ή
2780 3487 2901 3563 παρ’
2916 3487 3099 3565 ἐτέρων
3122 3488 3346 3564 ἒναργῶς
3372 3489 3516 3564 ἐλεγ-

213 3586 478 3641 convicti.
508 3582 620 3639 Nos
654 3593 834 3639 autem
863 3583 952 3638 hic
983 3584 1037 3638 in
1078 3582 1275 3637 divinis
1310 3581 1517 3652 legibus
1545 3581 1814 3635 enutritus

213 3676 475 3751 l’triginta
502 3678 744 3749 quinque
768 3677 1137 3732 mansionibus
1160 3676 1817 3731 distantescondemnavit

213 3782 267 3825 ut
292 3772 494 3827 voluit.
534 3772 723 3840 Neque
767 3786 909 3826 nunc
951 3779 1157 3826 tantum
1206 3768 1310 3824 hoc
1334 3767 1479 3837 fecit,
1525 3769 1621 3823 sed
1670 3784 1815 3823 anno

213 3866 368 3919 etiam
416 3866 723 3935 superiore,
769 3880 890 3920 cum
945 3879 1011 3919 eo
1049 3863 1274 3933 profecti
1322 3872 1507 3919 essent
1553 3863 1660 3918 duo
1715 3865 1815 3920 viri

212 3955 549 4027 Apollinaris
580 3957 771 4011 morbo
798 3957 1001 4023 infecti,
1030 3956 1197 4029 948
1224 3966 1279 4010 et
1304 3956 1604 4011 calumnias
1628 3956 1682 4009 in
1713 3971 1811 4012 nos

212 4051 541 4115 texuissent,
585 4066 917 4120 consurgens
958 4052 1010 4105 in
1056 4050 1295 4106 Ecclesia
1326 4066 1426 4106 nos
1470 4050 1811 4108 anathemate

210 4145 470 4211 conﬁxit;
501 4144 661 4214 idque
688 4161 809 4200 cum
831 4145 897 4199 ad
924 4160 1045 4200 eum
1077 4143 1438 4214 scripsissem,
1462 4152 1517 4199 et
1537 4160 1656 4215 quae
1686 4160 1809 4201 sen-

212 4238 367 4293 tirem
397 4253 501 4309 per
533 4239 740 4293 litteras
767 4240 1159 4309 exposuissem.

274 4329 417 4386 Cu.
448 4330 541 4387 IV.
568 4360 643 4372 —
668 4332 781 4399 Ego
812 4348 941 4385 vero
969 4332 1225 4387 Ecclesiae
1261 4345 1395 4386 sane
1436 4338 1811 4402 tempestatem

210 4420 415 4489 deﬂeo,
454 4430 712 4477 caeterum
737 4421 903 4492 quieti
950 4422 1164 4477 studeo.
1206 4420 1313 4478 Sex
1339 4421 1483 4477 enim
1524 4431 1579 4475 et
1626 4421 1813 4490 viginti

209 4514 369 4568 annis
426 4516 773 4568 commissam
804 4515 932 4568 mihi
965 4515 1033 4568 ab
1068 4516 1446 4569 universorum
1476 4514 1590 4568 Deo
1627 4514 1815 4568 Eccle-

209 4608 343 4661 siam
375 4623 601 4675 precum
628 4619 926 4662 vestrarum
950 4608 1149 4662 auxilio
1183 4622 1304 4661 cum
1339 4607 1605 4673 rexerim;
1636 4621 1811 4677 neque

208 4699 309 4756 sub
353 4699 680 4755 beatissimo
720 4699 1004 4755 Theodoto
1042 4701 1287 4755 antistite
1329 4701 1585 4767 Orientis,
1638 4716 1811 4771 neque

208 4792 307 4845 sub
330 4791 405 4846 iis
436 4793 527 4862 qui
556 4792 633 4845 illi
665 4792 719 4846 in
749 4791 1210 4845 Antiochennrum
1242 4792 1372 4847 sede
1409 4803 1808 4858 successerunt,

207 4884 289 4938 vel
339 4884 629 4937 minimam
677 4882 1153 4952 reprehensionem
1200 4882 1463 4948 sustinui;
1504 4885 1597 4938 sed
1633 4883 1810 4938 divina

206 4974 341 5029 mihi
372 4984 708 5046 cooperante
731 4976 923 5045 gratia,
948 4989 1110 5043 supra
1137 4975 1283 5028 mille
1300 4977 1507 5030 animas
1534 4978 1814 5031 Marcionis

207 5063 406 5119 morbo
438 5066 688 5129 liberavi,
721 5065 1028 5135 multasque
1056 5065 1191 5119 alias
1219 5081 1290 5120 ex
1324 5066 1435 5120 Arii
1476 5078 1530 5121 et
1560 5067 1810 5122 Eunomii
1843 5037 1894 5099 D

207 5157 462 5225 partibus
488 5156 557 5210 ad
596 5156 866 5211 Christum
908 5156 1197 5212 Dominum
1230 5157 1479 5227 perduxi.
1532 5157 1601 5211 Et
1636 5159 1812 5214 octin-

206 5261 502 5319 gentarum
557 5248 927 5304 Ecclesiarnm
980 5251 1303 5318 pastoralem
1353 5265 1536 5305 curam
1586 5252 1810 5307 sortitus

205 5354 352 5410 sum,
390 5352 474 5399 tot
500 5344 647 5399 enim
673 5341 850 5414 Cyrus
873 5342 1038 5399 habet
1060 5345 1345 5414 parmcias,
1375 5343 1430 5399 in
1461 5343 1657 5414 quibus
1688 5360 1811 5415 pre-

276 5557 308 5586 ⁸
338 5546 502 5617 Apud
534 5545 826 5603 Baronium
855 5544 923 5599 ad
952 5560 1042 5600 an.
1073 5544 1200 5611 449,
1225 5560 1372 5599 num.
1412 5543 1515 5617 “6
1553 5554 1606 5617 et
1626 5560 1805 5616 seqq.,

205 5619 327 5673 haec
357 5615 592 5688 epistola
621 5618 813 5673 Latine
840 5618 1165 5672 describitur
1188 5632 1251 5671 ex
1282 5615 1530 5670 versione
1564 5615 1809 5673 Fetlerici

202 5688 356 5746 Hetii
422 5692 706 5759 utriusque
764 5690 959 5758 lingua:
1015 5688 1351 5759 peritissimi,
1411 5697 1469 5759 ut
1525 5688 1686 5752 liquet
1745 5704 1812 5743 ex

204 5778 370 5817 num.
417 5763 537 5816 124.
574 5757 673 5816 Hic
715 5757 893 5814 autem
936 5773 1098 5813 voces
1143 5757 1226 5813 διὰ
1271 5765 1370 5813 τῶν
1425 5758 1813 5813 ἀποσταλέντων

206 5830 469 5890 neutrius
510 5830 1059 5901 generisgeccnpiens,
1107 5828 1361 5895 reddidit,
1413 5843 1504 5898 per
1541 5844 1602 5901 ea
1630 5845 1746 5898 qua
1773 5845 1816 5901 ia

206 5913 395 5958 nam:
416 5899 686 5957 mictitate
718 5899 979 5967 Ephesum
1007 5901 1199 5967 scripta
1224 5905 1340 5954 sunt
1366 5913 1384 5964 ,'
1419 5914 1524 5968 qua
1561 5900 1616 5954 in
1648 5900 1815 5972 signi-

920 6012 935 6041 1

1917 3580 2138 3651 χθῶσιν.
2192 3577 2350 3651 Ἠμᾶς
2396 3578 2451 3634 δέ
2490 3579 2516 3635 ὁ
2555 3590 2662 3642 τοῖς
2706 3583 2856 3644 θείοις
2899 3584 3071 3654 νόμοις
3119 3584 3517 3659 ἐντεθραμμένος

1915 3674 2065 3729 πέντε
2096 3675 2181 3728 καί
2220 3674 2490 3748 τριάκοντα
2536 3676 2783 3747 σταθμοῖς
2827 3676 3180 3749 ἀφεστηκότας
3224 3678 3517 3749 κατέκρινεν

1918 3770 1987 3829 ὡς
2014 3768 2241 3827 ἠθέλησε.
2276 3771 2368 3824 Καὶ
2396 3774 2550 3825 τοῦτο
2580 3771 2636 3824 οὐ
2657 3777 2745 3824 νῦν
2775 3770 2919 3842 μόνον
2946 3773 3219 3830 πεποίηκεν
3236 3815 3251 3839 ,
3284 3771 3409 3826 ἀλλά
3430 3772 3517 3827 καί

1918 3861 2108 3933 πέρυσι
2149 3861 2279 3933 μετά
2331 3860 2424 3917 δύο
2471 3859 2659 3938 ἄνδρας
2688 3871 2786 3918 τῶν
2837 3868 2928 3922 τήν
2970 3864 3317 3937 ’Δπολιναρίου
3372 3865 3516 3920 νόσον

2110 3954 2476 4026 εἰσδοξαμένων
2510 3959 2671 4011 ἐκεῖσε
2704 3955 3024 4032 δραμόντας,
3058 3962 3143 4013 καί
3181 3961 3516 4032 συκοφαντίας

1917 4048 2029 4102 καθ’
2047 4050 2182 4119 ήμῶν
2228 4049 2534 4120 ὑφήναντας,
2566 4050 2784 4111 ἀναστάς
2826 4051 2903 4105 ἐπ’
2918 4051 3185 4114 ἐκκλησίας
3219 4053 3357 4125 ἡμᾶς
3398 4055 3517 4108 ἀνε-

1918 4144 2179 4216 θεμάτισε.
2210 4146 2301 4197 Καὶ
2338 4150 2507 4199 ταῦτα
2554 4147 2679 4217 ἐμοῦ
2724 4144 3020 4221 γράψαντος
3056 4149 3188 4225 πρὸς
3224 4151 3396 4219 αὐτόν,
3427 4152 3516 4206 καί

1917 4236 1952 4292 ἃ
1978 4245 2139 4316 φρονῶ
2166 4235 2249 4292 διά
2275 4239 2593 4315 γραμμάτων
2620 4237 2964 4301 δηλώσαντος.

1987 4334 2119 4402 Ἐγώ
2148 4328 2202 4385 δέ
2231 4329 2479 4408 ὀδύρομαι
2500 4333 2591 4402 μέν
2619 4342 2710 4393 τῆς
2740 4334 3005 4395 ἐκκλησίας
3033 4336 3122 4391 τὸν
3148 4333 3400 4401 κλύδωνα,
3423 4341 3515 4396 τήν

1918 4421 1972 4478 δέ
2020 4426 2251 4494 ήσυχίαν
2297 4426 2624 4496 ἀσπάζομαι.
2666 4424 2751 4492 Ἓξ
2804 4429 2905 4503 γάρ
2954 4430 3042 4481 καὶ
3090 4425 3247 4483 εἴκοσι
3291 4426 3380 4490 ἔτη
3425 4434 3515 4489 τήν

1919 4518 2332 4592 ἕγχειρισθεῖσάν
2361 4540 2444 4589 μοι
2468 4521 2612 4595 παρὰ
2640 4526 2739 4575 τῶν
2765 4517 2890 4575 ὅλων
2915 4520 3209 4579 Ἐκκλησίαν
3234 4524 3401 4583 ἰθύνας
3428 4521 3517 4580 διὰ

1919 4611 2015 4668 τὰς
2044 4610 2297 4684 ὑμετέρας
2324 4611 2512 4680 εύχάς,
2542 4613 2627 4665 οὐκ
2667 4612 2749 4665 ἐπὶ
2777 4618 2867 4667 τοῦ
2906 4615 3295 4688 μακαριωτάτου
3333 4612 3517 4669 Θεοδό-

1918 4722 2010 4755 του
2040 4708 2131 4757 τοῦ
2160 4711 2252 4762 τῆς
2284 4704 2531 4764 ἀνατολῆς
2556 4703 2831 4780 προέδρου,
2862 4708 2953 4761 οὐκ
2981 4708 3063 4761 ἐπὶ
3101 4715 3199 4761 τῶν
3232 4710 3362 4781 μετὰ
3390 4710 3517 4764 ἐκεῖ·

1918 4813 2000 4847 νον
2020 4796 2105 4848 τόν
2129 4803 2230 4850 τῶν
2257 4797 2559 4867 ’Δντιοχέων
2579 4795 2943 4870 διαδεξαμένων
2970 4799 3164 4875 θρόνον,
3193 4806 3283 4860 τήν
3314 4808 3517 4873 τυχοῦ-

1920 4907 2017 4940 σαν
2067 4886 2257 4957 μέμψιν
2309 4888 2587 4959 ὑπέμεινα,
2639 4889 2764 4944 ἀλλὰ
2814 4899 2907 4951 τῆς
2962 4891 3100 4952 θείας
3158 4914 3243 4965 μοι
3292 4896 3517 4969 χάριτος

1921 4981 2314 5055 συνεργησάσης
2344 4981 2547 5043 πλείους
2577 4984 2666 5053 μὲν
2696 4982 2727 5043 ἦ
2756 4985 2934 5055 χιλίας
2972 4985 3159 5056 ψυχὰς
3190 4988 3515 5063 ἠλευθέρωσα

1918 5082 2011 5132 τῆς
2058 5076 2358 5148 Μαρκίωνος
2397 5076 2551 5130 νόσου
2571 5118 2584 5140 ,
2618 5077 2824 5138 πολλοῖς
2850 5077 2904 5133 δέ
2936 5076 3104 5140 ἄλλοις
3135 5082 3187 5133 ἐκ
3213 5089 3304 5141 τῆς
3323 5085 3512 5156 Ἀρείου

1920 5166 2006 5217 καί
2048 5165 2291 5236 Εὐνομίου
2332 5169 2627 5243 συμμορίας
2665 5173 2990 5243 προσήγαγον
3019 5178 3091 5241 τῷ
3128 5169 3353 5243 δεσπότῃ
3388 5181 3514 5245 Χρι-

1919 5263 2047 5328 στῷ.
2078 5260 2171 5310 Καὶ
2213 5257 2261 5309 ἐν
2302 5258 2620 5320 ὀκτακοσίαις
2658 5261 2947 5321 ἐκκλησίαις
2979 5259 3176 5333 ἔλαχον
3210 5264 3510 5330 ποιμαίνειν·

1916 5348 2183 5407 τοσαύτας
2218 5349 2320 5423 γάρ
2351 5347 2379 5405 ὃ
2407 5351 2601 5425 κύῤῥος
2647 5355 2921 5428 παροικίας
2964 5349 3103 5423 ἔχει,
3136 5352 3185 5404 έν
3214 5345 3294 5411 αἷς
3322 5346 3433 5403 οὐδὲ
3459 5346 3513 5407 ιν

1916 5543 2173 5601 ﬁcatione
2226 5544 2589 5616 intelligendas
2632 5557 2818 5602 essent
2863 5548 3057 5602 litterze
3112 5546 3178 5600 ad
3244 5543 3515 5616 synodum

1918 5560 2173 5601 ncattone
2226 5560 2589 5616 intelligenda:
2632 5560 2818 5602 essent
2863 5560 3057 5602 litterae
3112 5560 3178 5600 aa
3244 5561 3270 5598 s
3315 5560 3515 5600 nonum

1918 5616 2269 5682 Ephesinam,
2314 5619 2363 5671 id
2397 5627 2482 5672 est
2512 5619 2672 5688 epist.
2699 5620 2789 5682 55,
2823 5634 2981 5687 quam
3014 5618 3232 5687 quidem
3264 5560 3519 5688 ’Fheodo-

1916 5690 2077 5743 ritum
2107 5688 2384 5757 accepisse
2411 5704 2514 5743 una
2536 5685 2655 5742 cum
2680 5685 2934 5757 episnas
2952 5689 3016 5741 ad
3034 5685 3353 5742 Flavianum
3376 5685 3519 5741 dai-

1918 5774 2039 5814 mus
2062 5775 2127 5815 ex
2153 5760 2396 5828 ejusdem
2428 5762 2586 5829 epist.
2620 5757 2714 5813 121
2752 5761 2818 5810 ad
2850 5760 3184 5815 Anatolium.

1989 5829 2016 5869 δ
2044 5826 2198 5899 Apud
2230 5826 2609 5898 Qiiesnelluiii;
2654 5830 2867 5899 triginta
2909 5830 3280 5887 mansionibus.
3313 5826 3515 5888 Vocem

1919 5902 2143 5972 quinque
2166 5916 2233 5958 ex
2263 5900 2453 5960 Graeco
2474 5901 2867 5971 supplevimus.
