4014 6358
498 576 509 633 ξ

532 320 642 383 855

1668 308 1726 363 S.
1766 303 2013 362 LEONIS
2050 305 2099 359 Μ
2130 301 2265 359 ιϐΝΙ
2298 297 2677 356 EPISTOLA‘].

529 440 745 505 fuisset,
781 446 963 510 postea
1005 431 1207 504 placuit
1248 430 1311 483 iis
1342 427 1432 497 qui
1466 427 1517 481 in
1565 432 1756 480 cuncta
1803 430 2115 494 potestatem

2226 422 2386 480 θῆναι.
2411 414 2586 493 Οὗπιρ
2614 414 2898 492 γεγονότος,
2928 414 3071 483 ἔδοξε
3100 413 3270 472 λοιπὸν
3298 420 3413 477 τοῖς
3438 418 3687 492 κρατοῦσι
3713 422 3811 472 τῶν

528 536 790 599 obtinent,
816 528 1050 602 permitti
1080 525 1229 580 clero
1259 523 1573 578 electionem
1600 519 1865 590 primatis.
1894 516 1963 572 Et
1984 531 2112 572 ecce

526 624 777 695 suffragia
810 627 860 679 in
904 636 990 677 me
1029 618 1266 675 omnium
1318 616 1597 671 minimum
1647 621 1949 677 venerunt;
2004 627 2112 666 non

524 725 746 791 propter
765 716 1028 783 justitiam
1056 727 1253 781 meam,
1289 710 1383 767 sed
1414 719 1471 766 ut
1499 709 1745 766 Christus
1769 706 1928 764 Jesus
1951 706 2004 761 in
2028 720 2114 760 me

524 803 839 864 ostenderet
869 821 1080 860 omnem
1122 804 1433 873 patientiam
1475 817 1653 869 suam,
1681 800 1837 871 juxta
1882 798 2115 868 Aposto-

524 900 633 954 lum
663 896 713 969 (Ι
746 894 972 951 Timoth.
1004 913 1042 959 ι,
1077 896 1203 967 16).
1238 895 1393 952 Unde
1425 894 1477 949 id
1514 894 1692 965 operis
1718 891 1960 948 incubuit
1982 905 2111 946 san-

526 1000 627 1047 cla:
651 990 856 1063 synodo
876 991 1250 1061 episcoporum
1273 987 1734 1059 Constantinopoli
1755 985 2110 1048 versantium,

529 1095 582 1139 ut
610 1084 675 1139 ad
709 1100 794 1140 me
822 1084 1177 1140 ordinandum
1210 1085 1329 1140 sine
1357 1098 1504 1138 mora
1536 1081 1906 1152 procederent.

1041 1240 1371 1296 EPISTULA
1406 1248 1430 1277 ⁸
1460 1239 1591 1293 LIV.

934 1354 958 1393 δ
981 1370 1048 1410 an
1078 1368 1414 1409 resonoswu
1442 1366 1741 1407 aucus'run.

525 1472 791 1527 SrNoPSIs.
813 1470 1134 1523 -Νἱεωηιυ
1165 1469 1283 1534 ﬁdei
1316 1484 1365 1519 se
1404 1467 1651 1519 inlzwrere
1694 1462 1897 1527 scribit;
1947 1460 2114 1531 Euty-

596 1547 719 1596 chen
752 1559 853 1594 non
882 1542 1045 1593 minus
1075 1533 1228 1604 quam
1262 1537 1555 1591 Nestorium
1581 1552 1689 1589 esse
1719 1533 2109 1597 damnandum;

595 1615 871 1666 concilium
893 1614 1029 1664 intra
1061 1608 1271 1663 Italiam
1302 1608 1477 1661 haberi
1507 1606 1749 1678 postulat.

525 1725 638 1783 Leo
682 1727 828 1782 urbis
872 1726 1054 1780 Renum
1091 1726 1377 1792 episcopus
1422 1722 1725 1778 Tuaonosm
1753 1735 1967 1791 semper
1996 1722 2108 1774 Au-

1230 1804 1406 1864 gusto.

597 1914 701 1969 Pro
744 1911 1050 1984 integritate
1095 1910 1217 1966 fidei
1259 1910 1542 1967 catholicae
1590 1907 2108 1965 Christianissimum

2219 512 2366 576 ὅλων,
2400 512 2744 589 ἐπιτραπῆναι
2766 510 2934 587 κλήρῳ
2953 516 3043 569 τήν
3063 508 3299 584 hrcle-yria
3315 513 3410 563 τοῦ
3435 507 3811 582 πρωτεύοντος.

2220 608 2323 661 Καὶ
2350 603 2460 661 ἰδοὺ
2487 604 2658 676 φθάνει
2706 600 2869 675 ψῆφος
2896 601 2973 657 ἐπ’
3010 602 3096 671 ἔμὲ
3138 601 3222 656 τὸν
3248 598 3525 669 ἐλάχιστον
3544 638 3558 662 ,
3599 600 3658 653 οὐ
3688 599 3815 656 κατὰ

2219 703 2310 757 τὴν
2340 698 2459 767 ἐμὴν
2489 693 2835 763 δικαιοσύνην,
2861 693 2964 749 ἀλλ’
2989 694 3071 749 ἵνα
3099 693 3305 752 πάντως
3332 691 3381 745 ἓν
3406 692 3519 762 ἐμοὶ
3546 688 3817 755 ἕνδείξηται

2218 790 2442 869 Χριστὸς
2493 794 2688 850 Ἰησοῦς
2726 792 2817 848 τὴν
2856 792 3031 845 πᾶσαν
3077 788 3426 866 μακροθυμίαν
3473 786 3653 847 αὐτοῦ.
3694 786 3819 841 κατά

2220 884 2307 939 τὸν
2335 878 2639 938 ἀπόστολον.
2665 877 2810 935 Ὀθεν
2850 882 3052 955 ’γέγονεν
3093 877 3239 956 ἔργον
3276 886 3340 955 τῇ
3376 875 3660 952 ἐνδημούσῃ
3696 875 3819 951 ἁγίᾳ

2220 975 2438 1048 συνόδῳ,
2463 974 2815 1053 ἁνυπερθέτως
2840 976 2912 1034 εἰς
2940 977 3029 1032 τὴν
3053 974 3130 1029 ἔπ’
3155 973 3265 1043 ipe!
3297 970 3617 1045 χειροτονίαν
3638 968 3815 1023 ἐλθεῖν.

2211 1164 2320 1235 higi
2347 1170 2543 1233 potest,
2574 1159 2679 1217 hoc
2706 1175 2803 1217 nos
2833 1158 3123 1231 purissime
3150 1158 3395 1224 credere,
3422 1158 3523 1213 hoc
3544 1164 3806 1213 constan-

2217 1266 2302 1312 ter
2327 1269 2598 1320 asserere,
2622 1253 2765 1325 quod
2793 1256 2952 1309 etiam
2984 1251 3278 1308 venerandi
3308 1251 3516 1316 Patres,
3544 1248 3819 1319 quondam

2216 1360 2242 1399 ε
2273 1350 2416 1420 apud
2442 1350 2675 1405 Nicaeam
2705 1347 3036 1419 congregati,
3066 1344 3360 1402 secundum
3390 1344 3548 1399 ﬁdem
3575 1342 3822 1415 Symboli

2215 1446 2544 1503 credendum
2584 1453 2641 1499 et
2671 1441 3455 1519 confitendum'sacratissima
3498 1437 3822 1493 auctoritate

2216 1545 2531 1594 sanxerunt.
2578 1536 2688 1592 Nos
2734 1536 2903 1601 enim,
2951 1532 3279 1590 venerabilis
3326 1532 3640 1600 imperator.
3684 1528 3822 1584 sicut

2214 1631 2447 1688 Nestorii
2479 1632 2671 1701 dogma
2723 1643 3039 1701 perversum
3084 1627 3277 1681 merito
3326 1623 3815 1680 auathematizavi-

2218 1738 2371 1788 mus;
2405 1722 2476 1777 ita
2501 1721 2648 1791 juste
2676 1720 2838 1775 etiam
2875 1718 3069 1773 horum
3104 1718 3456 1786 impietatem,
3492 1712 3583 1784 qui
3616 1714 3822 1768 verita-

2216 1826 2323 1871 tem
2365 1816 2545 1870 carnis
2586 1822 2787 1868 nostrze
2836 1819 3036 1883 negant
3074 1825 3104 1864 a
3143 1810 3372 1865 Domino
3396 1806 3426 1847 ιι
3457 1817 3647 1864 nostro
3684 1808 3819 1863 Jesu

2214 1907 2429 1964 Christo
2466 1916 2773 1975 susceptam
2810 1920 2932 1960 esse
2956 1948 2970 1971 ,
3004 1903 3341 1968 damnamus,
3394 1900 3822 1958 Gloriosissime-

526 2008 828 2078 principem
855 2007 1253 2063 convenitesse
1283 2005 1594 2069 sollicitum,
1619 2014 1671 2059 et
1699 2002 1801 2058 hoc
1829 2001 2113 2058 indefessis
2149 2011 2197 2072 Β
2227 2002 2378 2059 Unde
2418 2003 2463 2058 si
2511 2004 2684 2072 pietas
2733 2010 2908 2055 vestra
2961 1998 3291 2069 suggestioni
3333 2011 3398 2052 ac
3441 1995 3826 2065 supplicationi

526 2101 776 2172 precibus
806 2101 1042 2155 divinam
1073 2098 1500 2155 misericordiam
1530 2112 1718 2168 posco,
1755 2107 1810 2153 ut
1834 2098 1985 2153 cordi
2027 2113 2116 2151 ve-

524 2205 639 2252 stro
670 2195 718 2249 id
752 2195 893 2266 quod
938 2204 1015 2249 est
1058 2193 1298 2249 veritatis
1326 2193 1572 2259 inspiret,
1606 2207 1777 2262 neque
1805 2190 1910 2246 falli
1939 2206 2035 2245 vos
2063 2191 2116 2245 in

532 2287 713 2358 aliquo
745 2299 766 2327 ο
802 2287 1153 2342 humanarum
1189 2284 1588 2340 mmulationum
1623 2284 1810 2339 fraude
1860 2284 2114 2354 patiatur.

527 2380 571 2436 Δ
605 2397 689 2436 me
726 2389 903 2435 autem
947 2388 1105 2449 atque
1140 2378 1209 2434 ab
1250 2379 1501 2434 omnibus
1542 2376 1825 2432 catholicis
1865 2377 2119 2433 sacerdo-

528 2475 672 2529 tibus
700 2490 817 2544 qna:
848 2472 1174 2543 evangelicae
1200 2468 1226 2508 ἀ
1259 2480 1423 2539 atque
1452 2471 1765 2539 apostolicae
1796 2470 1915 2525 fidei
1945 2472 2116 2540 pietas

524 2566 867 2631 defendatur,
900 2565 1030 2619 satis
1061 2565 1216 2635 plene
1242 2579 1305 2618 ac
1333 2562 1507 2618 lucide
1531 2574 1557 2605 ο
1580 2563 1774 2618 litteris
1802 2563 1959 2628 meis,
1985 2579 2118 2633 quas

525 2660 864 2714 clementiam
914 2666 1145 2714 vestram
1189 2658 1298 2727 jam
1346 2656 1545 2711 dudum
1592 2672 1686 2725 per
1729 2656 1984 2711 famulum
2019 2672 2115 2713 ve-

525 2760 694 2806 strnm
729 2751 1061 2806 EPIPHANIUI
1094 2749 1396 2817 tribunum,
1422 2750 1512 2819 qui
1545 2763 1644 2818 pro
1667 2747 1768 2803 hac
1793 2764 1956 2805 causa
1988 2750 2119 2805 mis-

526 2859 619 2899 sus
642 2844 992 2911 est,arbitror
1019 2843 1311 2912 accepisse.
1351 2840 1371 2879 ί
1402 2850 1699 2897 reseratum
1726 2851 1811 2897 est
1837 2860 1849 2895 :
1878 2857 1975 2896 nec
2002 2857 2116 2895 am-

602 3008 627 3035 ι
668 2998 749 3052 Al.
780 2998 871 3053 εδ.
904 2998 1031 3063 Qum
1057 3006 1235 3051 autem
1267 3004 1428 3051 antea
1452 2994 1521 3049 54
1545 3004 1682 3061 erat,
1708 3011 1851 3051 nunc
1879 2996 1966 3053 7t).
1993 2996 2113 3054 Scr.

525 3071 596 3126 25
634 3070 885 3124 Deci-mh.
912 3084 999 3122 an.
1034 3067 1160 3122 M9.

600 3139 625 3178 ιι
668 3142 976 3207 ltelegimus
1001 3140 1138 3193 hanc
1164 3137 1444 3206 epistolam
1476 3152 1595 3190 cum
1626 3151 1756 3191 mss.
1787 3137 1905 3191 Vat.
1932 3147 1987 3192 et
2016 3137 2120 3193 Ve-

528 3222 641 3266 net.
679 3211 1017 3266 collectionis
1044 3210 1141 3273 η,
1170 3226 1230 3263 ex
1261 3224 1363 3279 qua
1392 3208 1531 3263 edita
1570 3209 1670 3261 t'nit
1694 3225 1723 3262 a
1757 3208 2013 3274 Mcrlino;
2056 3225 2119 3264 ac

567 3284 827 3336 rmscrtim
874 3297 995 3337 cum
1045 3280 1489 3349 prazstnntissimo
1532 3281 1719 3334 codice
1758 3280 1967 3349 Ratisp.
2005 3282 2117 3334 col-

549 3364 652 3408 eet.
690 3354 776 3407 l9.
2006 3354 2025 3373 ⁶

2220 2098 2381 2171 957
2409 2108 2609 2153 nostrze
2641 2096 2892 2167 dignetur
2917 2109 3179 2157 annuere,
3210 2101 3270 2147 ut
3306 2091 3445 2147 intra
3480 2092 3691 2147 Italiam
3728 2091 3827 2144 ha-

2222 2190 2336 2244 beri
2384 2189 2618 2259 jubeatis
2660 2188 2968 2257 episcopale
3012 2185 3329 2249 concilium,
3378 2185 3484 2240 cito
3529 2184 3827 2239 auxiliante

2223 2282 2335 2338 Deo
2354 2291 2605 2352 poterunt
2631 2280 2811 2335 omnia
2837 2277 3113 2341 scandala,
3137 2290 3258 2348 qua:
3282 2277 3333 2331 in
3357 2276 3825 2346 perturbationem

2223 2378 2388 2429 totius
2416 2375 2677 2430 Ecclesiae
2704 2381 2831 2428 sunt
2860 2382 3154 2438 eommOta,
3185 2371 3417 2427 resecari
3446 2382 3543 2425 :ut
3574 2386 3675 2440 per
3702 2372 3825 2425 uni-

2223 2484 2442 2525 versum
2479 2483 2702 2538 regnum
2747 2475 2985 2522 vestrum
3014 2462 3299 2519 catholica:
3339 2464 3464 2518 fidei
3512 2464 3828 2534 integritate

2221 2562 2388 2634 958
2417 2570 2655 2624 servata,
2678 2570 2731 2614 et
2755 2573 2943 2629 pacem
2969 2556 3332 2611 Christianam
3363 2569 3583 2610 manere
3604 2598 3617 2619 ,
3648 2566 3705 2609 et
3734 2571 3827 2611 ve-

2222 2664 2389 2709 stram
2420 2653 2559 2721 apud
2590 2653 2761 2708 Deum
2785 2666 3032 2706 crescere
3057 2649 3285 2720 gloriam
3309 2649 3663 2718 gaudeamus.
3692 2648 3828 2703 Data

2229 2744 2246 2783 ί
2285 2758 2476 2802 octavo
2518 2744 2774 2803 kalendas
2822 2743 3127 2810 Ianuarias,
3173 2743 3394 2798 Asturio
3422 2749 3477 2798 et
3518 2742 3829 2813 Protogene

2224 2842 2358 2897 viris
2384 2841 2701 2897 clarissimis
2725 2841 3057 2897 consulibus.

2225 2996 2292 3052 de
2324 2996 2564 3065 epistolis
2596 2995 2889 3066 deperditis
2917 3010 3062 3050 num.
3094 2994 3187 3062 38,
3220 2993 3276 3049 S.
3312 2992 3551 3066 pontifex
3580 2993 3821 3064 detexit;

2226 3075 2282 3122 et
2324 3064 2523 3123 idcirco
2556 3064 2680 3123 tum
2709 3070 2760 3122 in
2810 3071 2930 3133 hac,
2964 3077 3072 3121 tum
3107 3067 3160 3120 in
3205 3066 3331 3119 aliis
3366 3064 3827 3135 subsequentibus

2228 3140 2470 3205 epistolis
2501 3139 2770 3195 Nicaenam
2805 3137 2962 3193 fidam
2994 3152 3254 3205 etpresse
3283 3136 3596 3205 profitetur;
3627 3138 3702 3192 ita
3737 3151 3824 3195 ta-

2229 3226 2351 3265 men
2383 3221 2439 3265 ut
2464 3211 2622 3265 simul
2654 3210 2893 3265 declaret
2923 3209 2993 3264 ab
3024 3208 3122 3263 hac
3154 3208 3261 3263 fide
3288 3222 3392 3261 non
3418 3209 3595 3261 minus
3624 3209 3823 3265 Nesto-

2228 3282 2443 3353 rianos.
2484 3283 2681 3353 quibus
2730 3281 3048 3353 Eutychiani
3087 3278 3821 3353 maximeadversabantur,

2233 3370 2393 3421 quam
2421 3350 2790 3417 Eniyehianos
2820 3350 2965 3417 ipsos
2994 3352 3285 3420 plurimum
3315 3350 3598 3407 dissidere.
3621 3350 3825 3409 Confer

603 3436 623 3463 ε
668 3424 1014 3492 Antiquiores
1075 3412 1308 3490 vulgati,
1364 3420 1707 3494 humanorum
1770 3420 2117 3476 calliditatnm
2144 3411 2190 3475 C
2222 3411 2408 3494 annot.
2433 3426 2466 3480 5
2488 3411 2630 3494 (col.
2667 3424 2771 3479 886
2802 3411 2861 3489 α)
2889 3422 2942 3477 in
2971 3411 3131 3493 e'pist.
3164 3422 3254 3477 67.

528 3497 856 3550 aemulatione
886 3496 1130 3565 patiatur.
1165 3494 1436 3561 Quesnelli
1470 3492 1757 3547 lectionem
1791 3495 1959 3547 nostri
1982 3510 2116 3564 quo-

528 3583 631 3634 que
658 3567 871 3621 t‘OdlCCS
899 3568 1215 3634 approbant.

600 3635 626 3673 ἀ
672 3638 843 3691 Voces
873 3633 1021 3705 atque
1051 3636 1347 3703 apostolicae
1385 3633 1689 3689 addidimus
1719 3650 1786 3689 ex
1815 3645 2115 3689 memorato

527 3708 649 3763 cod.
697 3709 899 3771 Hatisp.
945 3709 1061 3761 Mox
1107 3706 1235 3762 editi
1276 3712 1399 3760 ante
1442 3706 1669 3773 Quem"
1700 3705 1963 3776 defendat,
2008 3723 2115 3762 non

531 3787 709 3834 tamen
743 3780 908 3833 nostri
941 3779 1174 3833 codices.

603 3860 625 3885 ο
665 3850 911 3918 lntelligit
943 3850 1221 3919 epistolam
1254 3848 1345 3910 Η.
1377 3862 1534 3914 quam
1568 3846 1781 3917 quidem
1814 3847 2115 3917 Epiphanio

530 3921 745 3975 tribuno
776 3918 1023 3975 traditam
1054 3937 1117 3974 ex
1146 3934 1211 3974 eo
1239 3920 1563 3987 colligimus,
1596 3920 1717 3987 quia
1751 3933 1848 3987 per
1878 3918 2113 3984 Epipha-

530 3994 674 4045 nium
701 3993 900 4046 directa
926 3992 1022 4045 fuit
1044 3991 1269 4052 epiStola
1291 3988 1360 4043 5t)
1376 3990 1439 4043 ad
1462 3987 2113 4057 Constantinopolitanos,

527 4078 647 4130 qum
675 4064 773 4117 sub
798 4063 935 4116 idem
968 4076 1176 4131 tempus
1198 4064 1393 4128 scripta
1418 4075 1524 4129 quo
1552 4060 1779 4127 epistola
1802 4058 1893 4122 Η,
1918 4060 1982 4113 ad
2017 4063 2115 4115 im-

528 4143 831 4203 peratorem
864 4135 984 4188 data
1017 4146 1118 4193 est,
1164 4132 1320 4203 hujus
1348 4133 1647 4201 praesertim
1693 4133 2116 4203 transmittendae

527 4208 811 4260 occasione
842 4207 1016 4261 eidem
1051 4202 1352 4274 Epiphanio
1405 4203 1597 4257 tradita
1646 4203 1877 4257 videtur.
1918 4202 2117 4258 Confer

527 4278 811 4341 epistolam
844 4275 934 4341 59,
959 4292 1009 4329 c.
1044 4276 1098 4329 2.

604 4346 622 4385 ί
672 4348 809 4400 Editi
842 4358 964 4400 ante
991 4348 1194 4414 Quesn.
1228 4360 1347 4399 cum
1393 4359 1522 4398 mss.
1563 4344 1778 4399 collect.
1812 4344 1910 4407 l2,
1944 4354 2112 4399 ratum

527 4430 621 4471 est.
645 4421 931 4484 Corrupte.
965 4418 1407 4472 Emendationem
1432 4416 1708 4482 Quesnelli
1738 4429 1921 4470 noSter
1942 4418 2115 4471 codex

528 4486 732 4555 Ratisp.
766 4493 1069 4544 conlirmat.

602 4569 625 4605 κ
665 4562 893 4613 Νῑοτυηεε
947 4559 1068 4612 ﬁdei
1121 4567 1361 4626 apertam
1414 4556 1804 4626 professionem
1855 4556 2003 4616 facit.
2046 4572 2111 4610 eo

528 4631 667 4699 quod
710 4632 973 4702 Entyclies
1014 4631 1237 4702 ejusque
1287 4630 1521 4702 fautog's
1558 4628 1726 4702 solam
1773 4628 1927 4702 hanc
1951 4627 2113 4702 fidem

527 4698 835 4765 efferentes,
873 4713 925 4754 nt
960 4711 1102 4765 patet
1130 4717 1195 4754 ex
1229 4701 1396 4765 ipsius
1430 4698 1685 4768 Eutychis
1710 4701 1868 4766 epist.
1900 4698 1992 4761 21,
2028 4700 2109 4751 in-

530 4781 609 4825 ter
641 4773 692 4824 Lv
715 4773 927 4861 (ιιίιίιιίιδἔ
961 4773 1176 4852 nollent.
1199 4774 1315 4861 οξ)κὶ
1358 4771 1422 4822 ad
1449 4770 1584 4861 duas
1617 4781 1841 4850 naturas
1863 4770 1914 4822 in
1947 4770 2109 4823 Chri-
2140 4800 2193 4861 Ι)

528 4854 609 4893 sto
664 4844 1019 4907 pr-otiieodas,
1070 4844 1288 4910 perinde
1326 4856 1389 4894 ac
1435 4842 1478 4894 si
1521 4840 1572 4894 id
1609 4841 1937 4894 contrarium
1970 4851 2116 4896 esset

528 4912 746 4965 Νςρςιιίςο
775 4915 1058 4983 Symbolo,
1093 4912 1178 4966 Cui
1212 4912 1340 4966 nihil
1371 4910 1672 4983 addendum
1714 4910 2110 4977 praedicabant;

526 4994 577 5033 et
608 4984 707 5035 Itot:
732 4982 945 5035 nouunt:
974 5000 1032 5035 se
1056 4984 1217 5037 veluti
1242 4982 1535 5035 catholicos
1565 4983 1925 5041 venditantes,
1953 4998 2115 5037 econ-

528 5065 609 5104 tra
636 5053 929 5106 catholicos
956 5070 983 5105 a
1012 5052 1225 5107 Nicmua
1261 5054 1363 5106 fide
1393 5054 1697 5108 desciscere
1741 5054 2113 5108 traducebant.

526 5125 662 5178 llinc
686 5125 1017 5177 Theodosius
1045 5128 1111 5176 ah
1137 5126 1485 5192 Entychianis
1507 5125 1784 5190 deceptus,
1816 5140 1951 5195 swpe
1980 5127 2113 5179 scri-

524 5198 815 5266 psitsenou
848 5195 1226 5262 permissurum
1254 5207 1309 5247 ut
1332 5211 1361 5249 a
1386 5195 1599 5266 Nicmna
1630 5196 1837 5266 synodo
1864 5197 2117 5249 Sacerdo-

524 5275 601 5317 te-
630 5265 837 5319 Domini
864 5266 1159 5319 deviarem.
1198 5266 1327 5319 Vide
1356 5269 1516 5335 epist.
1541 5264 1629 5325 69.
1660 5264 1711 5321 c.
1743 5269 1792 5320 1.
1832 5268 1978 5321 llanc
2004 5267 2113 5321 Eu-

524 5338 895 5405 tychianornm
922 5350 1090 5391 artem
1114 5352 1275 5405 atque
1300 5353 1583 5391 censuram
1609 5338 1779 5392 solum
1808 5348 1927 5408 post
1949 5354 2107 5408 pseu-

521 5410 859 5476 dosynodum
906 5408 1228 5479 Ephesioam
1260 5424 1323 5462 ex
1372 5408 1764 5476 posterioribus
1815 5413 2016 5464 nuntiis
2056 5419 2109 5465 et

521 5493 587 5533 ex
617 5481 918 5534 recentibus
947 5479 1235 5535 Theodosii
1260 5480 1477 5544 litteris,
1506 5480 1574 5535 de
1594 5482 1786 5549 quibus
1808 5482 1862 5535 in
1890 5484 2107 5536 dissert.

2294 3493 2321 3532 ιι
2365 3495 2441 3550 Ex
2474 3493 2665 3550 eodem
2692 3494 2898 3564 Ratisp.
2928 3494 3297 3561 supplevimns
3325 3508 3514 3548 vocem
3547 3503 3748 3550 nostra.

2298 3564 2315 3603 ί
2350 3566 2479 3621 Erat
2525 3568 2579 3620 in
2626 3566 2782 3620 editis
2830 3563 3003 3618 octavo
3023 3563 3126 3619 kal.
3158 3564 3368 3620 Junius.
3400 3565 3525 3619 Haec
3553 3565 3821 3623 chronica

2219 3640 2426 3692 notatio
2458 3638 2555 3703 ipsi
2580 3636 2873 3705 Quesnello
2901 3648 3153 3705 suspeeta
3184 3636 3285 3690 fuit
3314 3654 3326 3689 :
3364 3636 3504 3690 unde
3538 3636 3689 3692 hanc
3724 3653 3826 3691 no-

2221 3720 2327 3761 tam
2358 3707 2534 3763 eidem
2567 3708 2815 3779 subjecit.
2851 3724 2870 3759 ι
2904 3705 3036 3761 Cum
3068 3723 3133 3761 ex
3164 3708 3389 3775 epistola
3416 3708 3485 3779 27
3513 3707 3686 3777 (nunc
3716 3708 3817 3778 51)

2219 3780 2285 3831 ad
2339 3778 2677 3833 Pulcheriam
2702 3779 2919 3832 disertis
2956 3780 3136 3833 verbis
3172 3787 3399 3833 testetur
3429 3778 3537 3833 Leo
3563 3790 3824 3847 acceptas

2219 3865 2248 3903 a
2277 3865 2337 3904 se
2384 3851 2543 3904 tertio
2580 3850 2698 3904 idus
2739 3848 2900 3903 Maias
2938 3849 3146 3904 litteras
3181 3852 3372 3920 synodi
3421 3864 3451 3903 a
3501 3848 3821 3907 Theodosio

2219 3930 2531 3975 convocatae
2580 3922 2825 3993 indices,
2875 3922 3072 3974 mirum
3106 3936 3215 3993 cur
3259 3922 3327 3975 de
3365 3921 3557 3993 eadem
3604 3923 3821 3993 synodo

2220 3993 2423 4045 nullam
2454 3992 2593 4058 apud
2627 3991 2925 4061 principem
2952 3991 3279 4045 mentionem
3311 3993 3487 4046 faciat.
3520 3991 3686 4047 Forte
3707 3994 3822 4049 dis-

2220 4062 2584 4135 simulandum
2627 4066 2837 4117 censuit
2876 4061 3150 4135 pontifex,
3196 4071 3254 4115 ut
3288 4063 3508 4117 liberius
3543 4065 3820 4135 synodum

2222 4134 2359 4187 intra
2410 4135 2613 4188 Italiam
2649 4134 3081 4201 coiugregandam
3123 4135 3393 4201 postulare
3430 4150 3458 4187 a
3501 4134 3823 4191 Theodosio

2222 4217 2434 4272 posset;
2462 4206 2545 4259 vel
2568 4205 2849 4259 dicendum
2876 4205 2926 4257 in
2957 4206 3212 4258 alterutra
3244 4206 3466 4271 epistola
3491 4206 3819 4263 mendosum

2220 4290 2340 4329 esse
2370 4292 2649 4330 numerum
2674 4276 2778 4328 diei
2809 4287 2898 4328 aut
2932 4277 3153 4329 mensis.
3191 4294 3211 4328 ι
3242 4276 3393 4332 Adde
3422 4276 3563 4341 quod
3589 4280 3640 4331 in
3671 4280 3817 4333 solis

2220 4346 2417 4401 litteris
2447 4358 2567 4413 post
2600 4346 2925 4413 Ephesinum
2963 4347 3303 4400 latrocinium
3338 4349 3555 4415 scriptis
3585 4358 3638 4403 et
3671 4349 3821 4404 datis

2219 4418 2307 4471 die
2334 4416 2402 4471 15
2428 4417 2676 4473 Octobris
2706 4432 2767 4469 ac
2797 4418 2849 4471 in
2872 4417 3233 4487 sequentibus
3261 4420 3549 4471 concilium
3578 4420 3628 4472 in
3659 4419 3819 4475 Italia

2218 4502 2277 4542 se
2312 4488 2623 4544 desiderare
2651 4488 2762 4542 Leo
2791 4486 3076 4551 iudicavit,
3107 4500 3162 4541 ut
3193 4489 3486 4543 remedium
3522 4489 3819 4545 atferretur

2218 4560 2521 4623 scandalis,
2572 4575 2693 4627 quae
2741 4574 2809 4613 ex
2850 4558 3040 4613 eodem
3074 4560 3363 4614 latrocinio
3406 4570 3522 4614 orta
3570 4561 3815 4616 fuerant.

2220 4629 2555 4697 Epiphanius
2594 4631 2774 4694 etiam,
2807 4628 2897 4695 qui
2939 4630 2991 4683 in
3038 4628 3140 4683 hac
3181 4631 3409 4695 episwla
3456 4647 3816 4696 memoratur,

2218 4702 2393 4755 solum
2418 4716 2603 4755 mense
2629 4699 2850 4756 Octobri
2879 4700 3046 4754 Roma
3070 4700 3390 4756 discesserat
3418 4716 3539 4756 cum
3563 4704 3818 4771 epistolis

2220 4772 2289 4825 ιι
2326 4782 2380 4826 et
2420 4772 2615 4843 50,_ut
2663 4772 2939 4826 innuimus
2985 4780 3172 4828 annot.
3221 4772 3256 4827 4
3304 4787 3425 4842 sup.
3464 4783 3511 4827 ε.
3558 4773 3729 4843 Igitur
3761 4776 3819 4828 in

2219 4856 2462 4897 mensem
2502 4841 2720 4897 Iunium
2766 4845 3125 4897 certissimum
3174 4841 3425 4897 mendum
3473 4841 3723 4911 irrepsit,
3750 4860 3821 4899 ac

2222 4924 2504 4983 pr0pterea
2553 4929 2658 4967 non
2692 4914 2871 4968 minus
2902 4928 3132 4968 erronea
3171 4922 3253 4967 est
3272 4914 3431 4969 lectio
3471 4915 3818 4970 laudatorum

2218 4987 2463 5039 codicum
2492 4985 2833 5040 collectionis
2858 4984 2974 5052 ΧΠ,
2993 4984 3081 5053 qni
3104 4984 3444 5039 solummodo
3467 5001 3631 5039 unum
3660 4986 3817 5041 diem

2218 5065 2568 5109 antevertunt
2629 5072 2683 5109 ιχ
2725 5053 2853 5109 Kal.
2896 5055 3104 5109 lunias.
3157 5055 3575 5109 Emendavimus
3626 5067 3815 5111 autem

2220 5140 2286 5181 ex
2316 5127 2577 5195 praeclaro
2603 5127 2788 5181 codice
2817 5127 3023 5193 Ratisp.
3054 5140 3121 5181 ex
3152 5141 3260 5196 quo
3288 5126 3429 5179 facili
3460 5126 3813 5183 librariorum

2220 5196 2374 5265 lapsu
2415 5196 2540 5251 Jan.
2586 5199 2637 5251 in
2676 5196 2804 5251 Jun.
2855 5201 3116 5265 mlgrasse
3171 5200 3537 5267 cognoscitur.
3582 5200 3663 5253 Ex
3712 5199 3824 5256 hac

2222 5276 2400 5322 autem
2444 5267 2827 5324 emendatione
2858 5268 2962 5322 alia
2999 5268 3149 5334 plura
3190 5271 3535 5337 corriguntur
3563 5279 3617 5324 et
3654 5285 3820 5324 com-

2218 5349 2512 5412 ponuntur,
2544 5354 2665 5409 quae
2692 5339 2824 5395 alias
2848 5352 3095 5411 magnam
3126 5340 3497 5396 confusionem
3520 5341 3662 5412 apud
3687 5356 3825 5397 eru-

2217 5410 2360 5465 ditos
2380 5419 2727 5481 pepererunt.
2832 5445 2862 5487 ι

1108 5642 1561 5705 ADMONITIO
1605 5642 1686 5703 ΙΝ
1728 5635 2186 5718 SEQUENTES
2229 5641 2714 5705 IMPERIALES
2757 5641 3214 5705 EPISTOLAS.

593 5748 643 5817 fl.
677 5747 783 5801 Cur
814 5747 1055 5814 epistolre
1076 5758 1360 5815 sequentes
1390 5746 1650 5801 Leoninis
1676 5748 1891 5801 inserta:
1910 5747 2132 5811 fuerint,
2161 5748 2330 5817 probe
2356 5746 2562 5802 notavit
2588 5747 2911 5815 Quesuellus
2940 5747 2991 5800 in
3021 5747 3171 5802 brevi
3199 5746 3570 5805 admonitione
3593 5748 3829 5808 eisdem

518 5815 764 5883 epistolis
802 5818 1075 5885 prxmissa
1123 5820 1203 5874 his
1234 5818 1411 5876 verbis
1447 5836 1460 5872 :
1494 5817 1577 5872 Ex
1603 5817 1936 5885 epistolarum
1979 5815 2330 5887 subjectarum
2353 5821 2484 5874 serie
2523 5819 2856 5889 manifestum
2888 5828 2963 5873 est
2987 5819 3208 5887 scriptas
3233 5834 3316 5873 ea:
3338 5820 3501 5889 fuisse
3516 5823 3732 5877 consilio
3765 5832 3827 5879 et
