4014 6358
272 352 378 413 857
788 351 805 361 '
1648 350 1981 411 EPISTULA
2033 349 2140 409 LV.
3445 343 3554 413 868

274 474 484 528 hortatu
515 470 677 523 sancti
707 468 885 543 Leonis
925 471 1181 543 totiusque
1221 468 1513 543 synodi,ex
1536 487 1648 543 qua
1674 481 1719 523 et
1746 472 1889 541 cujus
1910 470 2112 543 nomine
2138 468 2275 543 datm
2294 474 2414 543 sunt
2442 467 2722 543 superiores
2744 465 2999 543 pontiﬁcis
3028 465 3228 543 littera.
3259 467 3368 525 Has
3387 470 3545 543 igitur

275 560 367 615 pro
399 552 733 615 utrarumque
765 542 1010 611 aqinitate
1026 538 1123 596 hoc
1145 538 1263 596 loco
1277 538 1601 615 excudendas
1625 538 1927 615 putavimus.
1962 539 2099 615 Nam
2121 550 2165 592 et
2188 539 2455 615 clariorem
2488 538 2624 615 illitis
2646 538 2828 615 synodi
2855 538 3542 615 nobisingerunt‘notit'iam,

276 609 424 687 cujus
457 609 662 687 locum,
691 609 887 685 tempus
907 654 922 678 ,
962 615 1220 687 materiem
1246 614 1474 687 aliasque
1511 613 1922 687 circnmstantias
1949 611 2183 687 aperiunt
2205 611 2390 687 renati
2416 613 2525 681 ipso
2553 609 2720 687 Leone
2741 609 2949 687 dictatte
2969 609 3224 687 videntur.
3262 613 3335 687 De
3364 609 3544 687 quibus

275 681 429 755 pliira
450 688 503 737 in
527 681 880 738 dissertatione
906 688 925 739 1
948 686 1014 738 de
1046 683 1161 738 Vita
1181 695 1226 740 et
1259 684 1405 738 rebus
1431 684 1578 751 gestis
1602 684 1661 739 S.
1699 682 1885 737 Leonis
1911 683 1979 735 ad
2002 700 2194 735 annum
2220 681 2345 755 M9.
2374 681 2505 752 Ipsae
2530 683 2767 755 epistola:
2787 690 2905 755 _tres
2938 681 3244 755 imperiales
3270 686 3333 737 ad
3365 685 3544 739 Theo-

276 750 517 811 dosium.
542 767 596 810 et
622 758 724 811 alia
756 758 820 809 ad
854 758 1191 811 Pulcheriam
1226 750 1730 811 Leonisconsilium
1762 756 1933 821 palam
1955 764 2246 816 testantur;
2277 754 2372 806 has
2400 750 2527 809 xero
2558 750 2759 823 abipso
2785 750 2965 807 Leone
2986 752 3214 809 dictatas
3244 756 3375 810 niliil
3408 757 3543 813 indi-

276 839 393 890 cat:
428 829 557 895 quin
588 829 842 882 nonnulla
876 828 1127 883 Leoninai
1155 828 1424 883 scribendi
1457 827 1652 881 rationi
1688 826 2096 895 haudquaquam
2128 835 2449 887 congruunt.

344 901 402 954 2.
432 898 623 967 Quoad
668 909 874 967 tempus
910 914 1041 954 vero
1066 941 1078 961 ,
1119 916 1239 954 cum
1267 914 1454 953 omnes
1489 910 1599 952 tum
1628 915 1745 964 qua:
1793 898 1999 952 traditze
2030 908 2137 951 tum
2165 914 2281 963 qur.
2315 896 2537 951 redditae
2567 895 2779 951 fuerunt
2799 897 3159 968 Augustorum
3192 897 3455 965 epistolae,
3490 904 3543 957 in

276 988 380 1027 una
414 971 838 1026 Chalcedonensi
862 970 1182 1025 collectione
1208 970 1481 1035 exhibitte,
1504 973 1755 1023 chronica
1780 972 2054 1023 notatione
2081 978 2313 1030 careant,
2342 968 2428 1020 alii
2449 970 2603 1022 aliter
2616 968 2815 1035 opinati
2840 980 2981 1023 sunt.
3011 970 3086 1023 De
3106 980 3336 1033 quatuor
3356 973 3545 1038 priori-

278 1044 377 1097 bus
409 1042 653 1108 epistolis
683 1044 734 1097 in
765 1042 1040 1097 Orientem
1066 1042 1242 1096 missis
1268 1043 1319 1095 iu
1349 1043 1531 1108 primis
1562 1044 1902 1095 statuendum
1934 1053 2038 1095 est.
2072 1040 2263 1093 Totum
2293 1038 2489 1109 pendet
2516 1055 2579 1092 ex
2617 1039 3060 1105 interpretatione
3098 1042 3313 1095 illorum
3349 1045 3542 1098 verbo-

276 1130 395 1168 rum
426 1113 788 1168 Valentiniani
815 1116 972 1184 epist.
1004 1112 1071 1167 55
1103 1131 1117 1166 :
1152 1113 1277 1167 Cum
1308 1115 1625 1166 advenissem
1658 1114 1871 1167 Romam
1891 1115 1959 1167 ad
1986 1113 2307 1166 Dirinitatetn
2333 1111 2659 1184 placandam,
2687 1114 2911 1179 sequenti
2940 1113 3022 1164 die
3041 1114 3107 1184 ad
3128 1114 3389 1167 basilicam
3417 1132 3544 1184 apo-

274 1188 391 1240 stoli
424 1184 571 1239 Petri
602 1180 863 1254 processi,
888 1194 936 1239 et
976 1186 1085 1239 illic
1110 1194 1222 1253 post
1252 1185 1582 1238 venerabilem
1623 1198 1821 1238 noctem
1867 1186 1968 1238 diei
1998 1185 2259 1251 Apostoli,
2290 1180 2342 1235 et
2372 1200 2402 1254 a
2430 1180 2658 1235 Romano
2680 1186 2937 1250 episcOpo.
2964 1182 3091 1235 etab
3114 1184 3229 1237 aliis
3256 1200 3367 1238 cum
3400 1180 3459 1239 eo
3483 1201 3545 1241 ea:

277 1256 498 1328 diversis
536 1253 808 1325 provinciis
831 1260 1149 1328 congregatis
1186 1268 1528 1328 rogatussum
1551 1258 1765 1310 scribere
1792 1266 1893 1311 tua:
1918 1255 2323 1328 mansuetudini.
2351 1253 2444 1328 Exn
2468 1254 2705 1328 recitatis
2733 1262 2907 1307 autem
2942 1254 3413 1328 verbis_c_o‘ligitur
3445 1258 3543 1312 Va-

276 1324 637 1381 lentinianum
674 1329 896 1382 Romam
929 1324 1259 1382 'aocessisse'
1294 1327 1464 1395 pridie
1504 1338 1628 1381 ante
1658 1328 2001 1383 festivitatem
2035 1326 2264 1396 apostoli
2310 1326 2485 1388 Petri;
2519 1326 2604 1379 die
2628 1332 2806 1396 autem
2837 1328 3103 1396 sequenti.
3130 1324 3182 1378 id
3210 1338 3291 1379 est
3315 1328 3429 1392 ipso
3455 1329 3544 1385 die

277 1399 417 1453 festo
442 1399 511 1452 ad
546 1398 820 1454 basilicam
852 1400 1076 1467 apostoli
1106 1400 1246 1453 Petri
1279 1394 1639 1467 processisse;
1675 1410 1727 1451 et
1751 1399 1858 1453 illic
1888 1408 2007 1459 post
2036 1394 2353 1451 nor-turnum
2386 1396 2622 1451 ol‘ticium
2649 1412 2676 1448 a
2702 1394 2880 1449 Leone
2908 1394 3134 1464 aliisque
3165 1398 3431 1461 episcopis
3454 1400 3543 1467 qui

276 1469 341 1522 ad
373 1470 520 1525 idem
549 1470 741 1525 festum
762 1479 1148 1529 convenerant.
1173 1483 1453 1524 exiiraium
1488 1469 1651 1523 fuisse
1678 1481 1728 1522 ot
1768 1472 1831 1523 ad
1868 1470 2225 1524 Theodosium
2263 1468 2546 1523 scriberet.
2581 1468 2816 1537 ldipsutn
2852 1467 3142 1523 Placidiam
3167 1477 3220 1522 et
3245 1470 3541 1526 Eudoxiam

276 1542 551 1598 Anausus
575 1553 785 1610 rogatas
817 1541 1001 1603 fuisse,
1026 1558 1093 1596 ex
1113 1542 1232 1594 aliis
1255 1540 1564 1595 earumdem
1599 1540 1839 1607 epistolis
1869 1540 2055 1609 liquet.

350 1611 407 1666 5.
437 1608 738 1668 Carilioalis
769 1613 1027 1667 Baronius
1056 1612 1120 1667 ad
1148 1629 1235 1665 an.
1256 1611 1386 1674 449.
1419 1628 1473 1665 ιι.
1510 1612 1631 1674 164,
1666 1612 1955 1666 arbitratus
1984 1623 2065 1665 est
2087 1612 2181 1665 has
2205 1621 2431 1681 quatuor
2462 1610 2713 1679 epistolas
2736 1608 2925 1665 eodem
2952 1625 3093 1664 anno
3123 1609 3350 1680 scriptas
3378 1609 3544 1667 fuisse

278 1697 398 1753 post
420 1684 566 1738 diem
593 1685 945 1739 dedicationis
975 1684 1203 1738 basilice
1232 1682 1288 1738 S.
1325 1684 1484 1748 Petri,
1520 1698 1637 1752 qum
1663 1684 1919 1737 celi-lirari
1952 1684 2085 1737 solet
2111 1684 2196 1736 die
2219 1684 2424 1736 decima
2466 1693 2652 1735 octava
2691 1682 3040 1753 Novembris,
3076 1690 3128 1734 et
3154 1684 3219 1735 ad
3247 1700 3361 1735 eam
3400 1684 3543 1738 diem

282 1752 455 1824 usque
486 1765 725 1809 retentos
756 1757 921 1811 fuisse
943 1756 1213 1809 existimat
1241 1756 1544 1823 epist-epos,
1577 1756 1665 1822 qui
1693 1754 1899 1823 synodo
1930 1755 2185 1808 Romana:
2216 1754 2583 1819 superioribus
2597 1753 2839 1824 epistolis
2868 1752 2937 1808 44
2965 1762 3019 1807 et
3048 1768 3197 1822 seqq.
3236 1765 3545 1809 memoratas

276 1823 652 1881 interfuerant.
700 1827 804 1881 Sed
854 1838 1207 1895 praeterquam
1252 1826 1393 1893 quod
1420 1840 1531 1895 tiOtI
1569 1832 1653 1879 e~t
1696 1826 1999 1879 vei-osimile
2044 1828 2345 1893 episcopos,
2379 1826 2466 1892 qui
2505 1840 2558 1878 ιιι
2594 1823 2699 1878 kal.
2729 1824 2976 1877 Oetobris
3015 1826 3066 1877 in
3100 1824 3241 1895 urbe
3270 1840 3541 1880 convene-

274 1906 420 1969 rant.
453 1913 549 1966 per
597 1894 979 1969 quinquaginta
1024 1894 1141 1952 dies
1193 1896 1378 1950 Romae
1408 1894 1576 1951 fuisse
1598 1895 1870 1969 detentus
1916 1897 2157 1950 absoluta
2180 1897 2288 1963 jam
2316 1895 2521 1968 synodo
2548 1896 2635 1969 die
2664 1898 2755 1957 t3,
2786 1905 2874 1947 aut
2901 1896 3073 1950 serius
3094 1894 3159 1948 15
3188 1895 3455 1961 Octobris,
3487 1905 3545 1951 ut

277 1968 441 2037 liquet
473 1985 541 2023 ex
569 1966 727 2039 epist.
756 1966 920 2024 “fet
965 1970 1346 2037 sequentibus;
1380 1980 1571 2035 praeter
1598 1966 1717 2033 hoc,
1754 1968 1992 2034 inquam,
2024 1970 2227 2021 nullum
2260 1966 2953 2039 antiquumdocumentum
2985 1976 3251 2039 superest,
3283 1982 3390 2039 quo
3423 1982 3544 2034 pro-

274 2036 436 2093 betur
462 2036 639 2095 Leone
672 2041 922 2105 Pontilice
943 2036 1332 2093 dedicationem
1368 2039 1597 2092 basilica:
1627 2039 1682 2093 S.
1728 2039 1868 2093 Petri
1890 2040 2216 2094 celebratam
2244 2039 2406 2093 fuisse
2429 2040 2515 2092 die
2544 2037 2611 2092 18
2634 2036 2970 2091 Novembris.
2998 2037 3149 2091 Adde
3171 2037 3313 2106 quod
3348 2036 3541 2091 Valen-

276 2110 542 2164 tinianum
566 2128 654 2166 an.
675 2112 779 2165 419
802 2111 985 2165 Romae
1014 2111 1176 2164 fui~se
1201 2111 1402 2165 nullum
1430 2110 1647 2164 aliunde
1670 2110 1929 2165 indicium
1954 2120 2076 2175 est;
2111 2111 2367 2165 nonnulla
2404 2120 2583 2164 autem
2609 2116 2899 2178 suppetunt
2925 2108 3249 2163 documenta
3275 2122 3395 2177 qua:
3424 2123 3546 2164 eum

275 2195 420 2235 anno
448 2181 556 2236 450
584 2183 777 2236 ibidem
807 2184 1077 2236 exstitisse
1102 2182 1350 2252 probant.

345 2252 405 2307 4.
439 2255 762 2319 Quesneltus
791 2256 920 2308 diss.
952 2257 971 2307 1
1002 2254 1067 2307 ad
1090 2270 1178 2307 an.
1203 2253 1329 2317 450,
1358 2270 1410 2305 ιι.
1436 2252 1725 2319 l,Baronii
1752 2252 2071 2308 sententiam
2098 2252 2437 2323 impugnans,
2458 2252 2508 2305 in
2539 2252 2696 2306 aliam
2730 2253 2969 2318 apertius
2993 2264 3275 2323 erroneam
3305 2252 3540 2317 transiit,

276 2328 616 2378 contendens
668 2325 764 2377 has
809 2324 1067 2393 epistolas
1107 2326 1334 2390 scriptas
1364 2324 1527 2378 flliSs‘e
1558 2336 1677 2383 post
1718 2323 1909 2379 festum
1940 2324 1997 2379 S.
2034 2323 2173 2378 Petri
2200 2322 2286 2377 die
2313 2324 2381 2380 29
2404 2324 2543 2379 Junii
2566 2339 2656 2377 an.
2689 2323 2817 2379 450.
2852 2323 3019 2377 Error
3049 2336 3115 2376 ex
3141 2322 3352 2393 duobus
3377 2323 3546 2393 mani-

277 2394 411 2449 feste
443 2395 732 2465 detegitur.
782 2392 1018 2450 Primum
1052 2395 1173 2464 quia
1219 2396 1319 2449 hoc
1364 2411 1503 2449 anno
1534 2394 1943 2449 Valentinianus
1976 2396 2157 2449 Romae
2179 2407 2295 2449 erat
2324 2411 2507 2449 mense
2535 2394 2744 2465 Martio,
2777 2410 2882 2463 quo
2913 2392 3283 2465 legeturedidit
3308 2392 3543 2465 Novellis

279 2466 541 2520 insertam
574 2464 656 2520 tit.
689 2468 743 2531 7,
774 2467 842 2521 de
882 2467 1229 2536 lntlulgentiis
1279 2466 1633 2534 reliquorum,
1670 2481 1765 2519 nec
1797 2480 1902 2521 non
1935 2483 2117 2520 mense
2153 2468 2322 2533 Aprili
2353 2484 2417 2521 ex
2446 2470 2528 2521 tit.
2559 2464 2647 2531 58,
2679 2466 2746 2519 dc
2778 2464 3130 2520 Naviculariis
3153 2464 3372 2529 annuis,
3408 2477 3539 2530 etc.,

276 2550 342 2591 ex
374 2537 570 2606 quibus
618 2540 731 2592 dies
773 2541 937 2591 testas
977 2538 1032 2591 S.
1067 2538 1228 2601 Petri,
1253 2546 1377 2591 ante
1406 2552 1565 2606 quem
1598 2536 1690 2591 ille
1733 2538 1903 2605 pridie
1931 2538 2153 2591 Romam
2186 2539 2491 2603 advenerat,
2538 2537 2649 2591 dies
2672 2536 2740 2592 29
2770 2537 2909 2592 Junii
2937 2550 3059 2591 esse
3085 2551 3189 2589 non
3222 2544 3415 2606 patest.
3448 2538 3544 2589 Sc-

276 2605 457 2661 cundo
484 2608 605 2678 quia
632 2624 750 2662 cum
781 2608 1115 2662 Theodosius
1143 2609 1337 2663 abierit
1367 2605 1453 2661 die
1474 2610 1544 2663 28
1566 2607 1687 2661 Julii
1712 2609 1837 2662 anni
1861 2609 2100 2677 ejusdem
2135 2609 2259 2667 450.
2289 2610 2334 2663 si
2369 2619 2487 2676 post
2514 2608 2653 2663 diem
2677 2611 2747 2663 29
2768 2608 2911 2662 Junii
2938 2608 3150 2678 scriptae
3178 2621 3241 2661 ac
3270 2605 3449 2661 missae
3472 2606 3539 2660 ad

276 2693 399 2731 eum
430 2677 654 2734 fuissent
684 2681 928 2747 epistolae
949 2725 961 2745 ,
997 2688 1116 2748 post
1146 2680 1261 2748 ejus
1304 2688 1532 2733 mortem
1564 2678 2083 2749 Constantinopolim
2117 2683 2507 2748 pervenissent,
2540 2696 2637 2734 nec
2668 2680 2934 2749 potuisset
2970 2677 3126 2745 alias,
3158 2692 3276 2745 quae
3302 2685 3539 2741 exstant,

276 2751 542 2821 epistolas
564 2751 811 2806 reddere.
841 2751 991 2805 Alius
1020 2752 1178 2821 igitur
1205 2750 1321 2805 dies
1352 2752 1515 2805 festus
1545 2750 1600 2804 S.
1630 2752 1770 2804 Petri
1800 2766 1920 2804 cum
1952 2751 2295 2804 Tillemontio
2320 2762 2373 2806 et
2408 2752 2565 2821 Pugio
2596 2752 2915 2820 qumrendus
2945 2761 3049 2813 est,
3073 2760 3127 2821 et
3158 2752 3397 2821 anterior
3425 2750 3543 2819 qui-

274 2820 399 2891 dem
430 2821 520 2876 die
548 2837 607 2876 ιιι
639 2837 807 2876 nonas
836 2822 1011 2877 Martii
1044 2819 1131 2874 an.
1164 2822 1289 2886 450,
1322 2838 1426 2890 quo
1455 2831 1747 2874 memorata
1774 2822 1859 2875 lex
1894 2821 1961 2876 de
1990 2821 2337 2891 Indulgentiis
2369 2819 2699 2889 reliquorum
2742 2823 2865 2875 data
2896 2822 3019 2891 fuit.
3062 2820 3137 2873 Ex
3168 2819 3544 2891 antiquissimo

274 2889 603 2947 Kalendario
635 2893 999 2957 Buclteriano,
1032 2893 1083 2946 in
1117 2909 1223 2961 quo
1257 2889 1372 2946 dies
1408 2892 1527 2946 festi
1570 2892 1821 2946 Romanae
1857 2892 2107 2947 Ecclesia
2132 2889 2404 2957 notantur,
2438 2893 2692 2947 discimus
2722 2908 2812 2946 vm
2838 2891 2944 2946 Ital.
2972 2890 3155 2944 Martii
3180 2890 3361 2944 Romze
3389 2890 3534 2945 ceie-

274 2964 488 3017 bratum
520 2963 686 3019 fuisse
713 2963 903 3017 festum
928 2964 1028 3019 hoc
1057 2960 1207 3017 titulo
1243 2964 1438 3016 ibidem
1474 2964 1736 3027 signatum
1771 2984 1784 3019 :
1816 2962 2004 3016 Natale
2028 2962 2170 3017 Petri
2198 2966 2261 3017 de
2290 2963 2566 3019 Cothedra.
2618 2964 2728 3018 Hoc
2752 2966 2928 3033 itaque
2955 2978 3096 3033 anno
3131 2960 3531 3033 Valentinianus

274 3050 397 3105 cum
431 3036 682 3105 Augustis
726 3034 949 3089 Romam
984 3035 1226 3105 pervenit
1266 3050 1327 3105 Ix
1348 3032 1452 3088 kal.
1476 3104 1479 3105 ν
1505 3035 1709 3097 Martii;
1754 3034 1871 3103 ipso
1900 3044 2078 3089 autem
2112 3035 2246 3091 festo
2288 3036 2395 3090 Leo
2422 3051 2543 3090 cum
2573 3030 2857 3104 episcopis
2879 3037 2946 3089 ab
2973 3032 3177 3088 eisdem
3212 3033 3363 3101 petiit
3390 3042 3446 3085 ut
3471 3030 3536 3085 ad

274 3104 640 3161 Theodosium
662 3104 993 3161 scriberent.
1014 3106 1179 3160 Porro
1208 3120 1271 3159 ex
1305 3104 1553 3159 Placidia:
1579 3107 1737 3169 epist.
1767 3107 1834 3159 5s
1864 3105 1929 3159 ad
1972 3107 2305 3160 l’ulcheriam
2335 3108 2603 3175 colligitur
2634 3120 2727 3160 eos
2754 3106 3034 3170 scripsisse
3068 3114 3352 3174 antequam
3381 3118 3536 3175 earn-

277 3176 400 3229 dem
450 3176 788 3231 Pulcheriam
820 3176 974 3231 bona:
1020 3192 1195 3231 causa:
1227 3175 1408 3231 favere
1449 3190 1513 3231 ex
1566 3177 1729 3244 ipsius
1778 3176 1970 3247 litteris
2003 3178 2337 3247 exploratum
2378 3173 2562 3243 ﬁer—et;
2615 3179 2747 3231 alias
2790 3176 2945 3246 hujus
2973 3178 3049 3231 rei
3082 3173 3257 3247 aliqua
3284 3173 3547 3247 mention

283 3248 520 3301 Placidia
548 3248 725 3303 eidem
748 3248 987 3316 epistolae
1016 3247 1213 3300 inserta
1247 3246 1455 3301 fuisset.
1484 3247 1537 3300 Id
1572 3259 1751 3301 autem
1782 3246 1963 3300 Roma!
1989 3244 2218 3302 iuu'otoit
2239 3259 2361 3301 ante
2392 3249 2535 3303 diem
2564 3250 2629 3302 17
2658 3248 2829 3302 Martii
2856 3244 3010 3316 hujus
3037 3248 3160 3300 anni
3192 3244 3463 3316 450,_quo
3485 3246 3544 3298 S.

277 3318 389 3371 Leo
425 3322 524 3373 hac
572 3320 639 3373 de
670 3335 730 3373 re
757 3314 1054 3388 gratulatus
1086 3318 1380 3389 Pulcheriae
1424 3318 1571 3371 dedit
1613 3319 1891 3382 epistolam
1923 3318 2012 3373 60.
2045 3318 2210 3385 Igitur
2251 3330 2479 3388 quatuor
2530 3322 2736 3389 priores
2767 3314 3007 3388 epistolm
3057 3326 3291 3389 exarata:
3330 3314 3545 3370 fuerunt

278 3390 440 3457 paulo
468 3400 591 3459 post
617 3390 754 3444 diem
782 3390 854 3442 22
885 3388 1183 3453 Februarii,
1210 3397 1263 3443 et
1292 3398 1416 3443 ante
1442 3389 1583 3443 diem
1612 3390 1674 3443 t7
1707 3389 1877 3442 Martii
1904 3392 2027 3442 anni
2058 3390 2106 3458 ej
2133 3392 2324 3455 isdem,
2357 3406 2419 3444 ac
2446 3388 2771 3455 probabilius
2810 3390 2913 3445 sub
2944 3388 3220 3444 Februarii
3244 3388 3432 3459 tinem.

350 3460 404 3515 5.
434 3458 643 3528 Cuique
686 3460 929 3528 epistolae
960 3462 1071 3514 sive
1100 3475 1130 3513 a
1167 3459 1574 3529 Valentiniano,
1629 3462 1740 3513 sive
1768 3462 1834 3512 ab
1882 3460 2134 3527 Augustis
2180 3464 2393 3528 scripta:
2439 3462 2759 3527 Quesni-llus
2787 3463 3017 3529 subjecit
3064 3458 3344 3528 epistolam
3388 3471 3546 3529 quam

279 3527 621 3585 Theodosius
667 3527 917 3585 reddidit.
948 3530 1056 3586 Nos
1101 3530 1437 3585 collectionis
1480 3528 1933 3585 Chalcedonensis
1981 3527 2299 3585 inetliodum
2341 3544 2394 3585 et
2432 3537 2694 3586 rationem
2736 3527 2900 3586 etiam
2927 3527 3189 3599 temporis
3218 3527 3544 3599 sequendam

278 3604 605 3668 putavimus.
639 3601 710 3658 Ut
739 3612 918 3657 autem
947 3604 1198 3655 idoneum
1228 3602 1564 3655 intervallum
1596 3604 1854 3655 trihuatnr
1877 3603 2267 3656 transmissioni
2294 3603 2616 3671 litterarum,
2643 3603 2932 3658 Theodosii
2956 3603 3198 3669 epistolae
3228 3600 3283 3654 in
3310 3599 3547 3669 Aprilem

279 3673 584 3728 referendae
610 3674 878 3733 videntur.
911 3688 972 3727 ac
994 3682 1271 3741 pr0pterea
1301 3682 1420 3741 post
1455 3674 1710 3741 epistolas
1743 3672 1810 3727 60
1840 3685 1892 3727 et
1917 3673 1981 3727 61
2015 3678 2244 3741 scriptas
2278 3689 2460 3727 mense
2493 3676 2680 3729 Martio
2709 3680 2925 3729 easdem
2960 3674 3273 3727 locavimus.

350 3743 403 3799 6.
438 3745 693 3811 Quamvis
724 3744 1051 3811 probabilius
1077 3740 1448 3798 existimemus
1478 3740 1665 3797 amnes
1698 3748 1790 3795 has
1820 3746 2072 3812 epistolas
2100 3740 2324 3815 scriptas
2355 3745 2519 3800 fuisse
2551 3746 2763 3810 Latine,
2794 3746 2871 3799 uti
2902 3745 3086 3798 Latine
3116 3746 3315 3811 pariter
3346 3740 3552 3795 scribe-

279 3815 478 3887 bantur
502 3816 669 3884 leges,
702 3816 910 3869 etiamsi
943 3817 992 3868 in
1026 3816 1243 3887 Oriente
1274 3815 1552 3881 darentur,
1586 3816 1856 3887 interiiSse
1878 3824 2054 3869 tamen
2079 3819 2348 3869 credimus
2370 3819 2632 3887 originale
2662 3818 2931 3879 Latinum,
2958 3817 3238 3887 solamque
3261 3824 3547 3879 superesse

278 3885 523 3941 Gnecam
553 3888 877 3951 versionem,
904 3897 956 3938 et
988 3886 1173 3939 Latina
1206 3887 1472 3953 exempla,
1508 3900 1626 3953 quzc
1655 3886 1720 3938 ad
1756 3900 1851 3939 nos
1885 3890 2198 3941 transmissa
2236 3885 2473 3954 luerunt,
2497 3902 2620 3943 esse
2648 3891 2920 3956 antiquam
2953 3886 3451 3952 interpretationem
3468 3896 3551 3956 rx

276 3956 489 4021 Graeco,
538 3973 764 4026 eamque
790 3958 858 4011 ab
887 3959 1104 4011 hamine
1134 3956 1466 4009 lucubratum
1510 3956 1685 4009 Latini
1726 3960 1992 4011 si-rmonis
2036 3960 2209 4011 minus
2239 3961 2429 4024 perito,
2484 3968 2543 4013 ut
2572 3954 2841 4013 constabit
2890 3973 2953 4011 ex
2994 3957 3197 4022 aliquot
3229 3958 3359 4010 locis
3400 3954 3553 4026 Valde

283 4030 535 4083 obseuris
565 4038 619 4082 et
645 4024 885 4100 pessime
927 4028 1169 4100 redditis,
1202 4042 1320 4095 qute
1355 4033 1709 4100 Augustorum
1739 4026 1979 4100 originali
2025 4044 2357 4097 nequaquam
2390 4040 2713 4100 congruunt.
2743 4029 2852 4082 llae
2882 4033 3042 4081 etiam
3072 4028 3140 4081 de
3165 4024 3553 4100 causantitatio

276 4109 540 4168 temporis
571 4115 597 4151 a
630 4098 816 4154 Gruaco
863 4098 1147 4152 coliectore
1176 4114 1387 4165 semper
1436 4099 1652 4160 omissa,
1685 4098 1747 4168 rio
1782 4098 1971 4152 Latino
2006 4109 2150 4152 textu
2204 4102 2402 4165 pariter
2432 4098 2801 4166 desideratur,
2854 4116 2971 4167 qua:
3002 4100 3243 4165 suppleta
3280 4098 3393 4155 l'oit.
3426 4110 3547 4148 cum

278 4167 487 4224 Latina:
516 4169 973 4224 Chalcedonensis
1004 4170 1334 4223 collectionis
1366 4180 1549 4221 auctor
1581 4167 1774 4221 Latina
1806 4170 2082 4239 originalia
2116 4170 2338 4225 invenit.
2372 4170 2569 4224 Confer
2598 4170 2812 4225 Prazl‘at.
2842 4171 2892 4222 in
2926 4170 3185 4239 epistolas
3210 4182 3353 4219 num.
3387 4168 3477 4220 56.

354 4242 406 4295 7.
432 4241 585 4295 Nunc
612 4243 847 4304 titulum,
895 4244 984 4309 qui
1030 4240 1198 4293 tribus
1224 4240 1591 4309 imperialibus
1624 4242 1864 4307 epistolis
1912 4242 2001 4299 55.
2039 4240 2106 4293 56
2136 4250 2190 4295 et
2214 4243 2300 4306 57,
2338 4243 2388 4295 in
2421 4244 2741 4297 collectione
2766 4239 3188 4294 Chalcedoueusi
3223 4240 3537 4301 prtcligitur,

277 4312 621 4386 exhibemus.
654 4312 709 4365 In
739 4312 923 4367 Grmca
946 4312 1265 4386 collectione
1287 4326 1372 4386 sic
1396 4328 1409 4363 :
1442 4312 1827 4386 Bsiottn'ypa'tttpa
1854 4334 1874 4365 ii

2008 4313 2225 4384 πεμφθὲν,
2246 4320 2398 4369 τοῦτο
2428 4316 2518 4386 μὲν
2545 4322 2638 4369 τοῦ
2669 4314 2926 4386 ᾆεσπὸτου
2955 4314 3094 4386 ἡμῶν
3122 4309 3551 4386 Οὐαλοντινιανοῆ,

277 4390 435 4437 τοῦτο
463 4382 523 4459 δέ
538 4391 630 4459 τῆς
649 4386 783 4459 θείοις
805 4388 999 4459 μνήμῃς
1021 4381 1307 4459 Πλακῄιδίας,
1327 4384 1382 4434 οὐ
1401 4389 1505 4459 *μὴν
1536 4371 1657 4436 an";
1677 4371 1887 4459 Δτῆς
1916 4371 2271 4459 «locandum-ri;
2300 4371 2559 4459 Βασιλίδος
2589 4384 2849 4459 Εὐᾷοξίας.
2878 4371 3005 4459 πρὸξ
3036 4384 3122 4437 τὸν
3145 4390 3235 4459 τῆς
3266 4382 3401 4459 Otia;
3431 4382 3555 4459 μγή·

279 4476 381 4527 μης
403 4454 687 4527 Θεοδόσιον.
720 4457 848 4510 ὥστε
881 4455 1117 4508 κελεῦσαι
1143 4454 1189 4505 ἐν
1214 4462 1325 4527 τοῖς
1350 4457 1523 4527 μέρεσι
1553 4461 1649 4527 τῆξ
1661 4454 1874 4527 -Ἰταλὶαε

2008 4454 2129 4509 νοδον
2160 4458 2548 4515 ἐπιτελεσθῆναι.
2580 4459 2631 4508 lit
2657 4454 3002 4527 LttnlltlarVél‘O
3031 4457 3199 4505 nostri
3231 4454 3447 4527 codices
3476 4454 3547 4527 ita

281 4520 515 4579 reddunt
543 4543 553 4577 :
584 4525 762 4579 Sacra:
785 4527 968 4577 littera:
1002 4534 1104 4576 tam
1136 4541 1167 4575 a
1188 4524 1394 4575 domino
1414 4520 1596 4576 nostra
1637 4524 2015 4587 Valentiniano,
2046 4541 2198 4591 quam
2220 4544 2250 4578 a
2272 4530 2401 4580 diva:
2436 4528 2694 4579 memoria:
2719 4525 2981 4587 Placidia,
3006 4540 3095 4577 nec
3118 4539 3218 4579 non
3246 4531 3293 4576 et
3321 4520 3560 4575 Eudoxio

282 4597 515 4666 Augusta
545 4597 613 4649 ad
644 4595 987 4651 Theodosium
1018 4596 1145 4648 dicte
1178 4597 1453 4657 memoriae,
1478 4606 1531 4647 ut
1547 4595 1753 4664 jubere!
1778 4598 1829 4648 in
1861 4597 2088 4663 partibus
2118 4596 2287 4650 Italia:
2317 4598 2590 4651 concilium
2618 4598 2885 4651 celebrari.

1571 4708 1901 4763 EPISTOLA
1941 4718 1963 4745 ⁸
2004 4709 2114 4765 LV.

958 4819 1425 4859 VALENTINIANI
1468 4820 1899 4861 IMPERATORIS
1936 4823 2013 4861 ΑΙ)
2052 4822 2469 4863 ταεουοειυιί
2524 4821 2890 4863 Αυαυετυιι.

277 4895 451 4969 962
474 4896 697 4974 Domino
726 4894 754 4935 ι»
780 4910 899 4974 meo
914 4895 1238 4974 Tueooosio,
1258 4896 1665 4974 gloriosissimo,
1685 4898 1871 4974 victori

2008 4900 2135 4971 ’61
2166 4908 2248 4974 ’ῐζῷ
2293 4899 2516 4973 δεσπότῃ
2551 4898 2829 4974 Θεοδοσίῳ,
2871 4895 3076 4974 ἐνδόξῳε
3105 4904 3294 4974 tinem-fi,
3331 4896 3422 4974 noti
3450 4914 3571 4974 τρο-

356 4984 410 5023 et
436 4968 833 5035 triumphatori,
860 4977 1118 5037 perpetuo
1140 4970 1452 5037 imperatori
1481 4978 1534 5021 et
1566 4970 1723 5036 patri,
1760 4968 1869 5021 Vit-

356 5055 710 5094 Latt'riuimus
738 5041 1024 5109 gloriosos,
1056 5040 1226 5093 victor
1252 5053 1315 5093 ac
1339 5040 1698 5108 triumphator
1730 5054 1864 5093 sem-

358 5126 455 5181 per
478 5112 749 5182 Augustus
776 5118 831 5165 et
856 5110 1017 5164 illius.

359 5250 493 5304 Cum
525 5248 865 5305 advenissent
895 5249 946 5303 in
977 5249 1161 5303 urbem
1194 5248 1417 5303 Romam
1445 5249 1511 5304 ad
1538 5249 1876 5303 Divinitatem

283 5341 630 5415 placandam,
661 5340 907 5411 sequenti
936 5340 1026 5395 die
1063 5340 1130 5395 ad
1159 5340 1435 5395 basilicam
1464 5342 1694 5411 apostoli
1728 5339 1877 5395 Petri

284 5433 561 5503 processi,
592 5441 647 5489 et
683 5432 796 5487 illic
828 5443 950 5503 post
978 5433 1342 5488 venerabilem
1376 5444 1586 5488 noctem
1617 5432 1724 5487 diei
1753 5448 1881 5500 apo-

284 5525 436 5595 stoli,
466 5533 524 5581 et
558 5541 589 5583 a
620 5524 870 5582 Romano
900 5525 1179 5596 episcopo,
1209 5536 1264 5580 et
1300 5524 1369 5579 ab
1400 5523 1520 5579 aliis
1549 5539 1673 5579 cum
1703 5538 1768 5579 eo
1813 5539 1880 5579 ex

361 5720 387 5749 ι
410 5710 502 5766 ΔΙ.
539 5718 659 5781 post
685 5710 845 5779 epist.
878 5708 968 5781 47.
993 5709 1125 5778 Quae
1146 5714 1326 5781 autem
1360 5712 1477 5759 erat
1499 5700 1589 5769 55,
1622 5715 1763 5757 nunc
1783 5701 1873 5755 74.

286 5784 504 5857 Scripta
527 5778 628 5857 sub
650 5778 818 5857 linem
844 5780 1003 5836 Febr.
1037 5778 1282 5857 alb-450:
1466 5846 1495 5857 Α,
1716 5844 1726 5855 ,

372 5848 661 5925 ῑ”νιιιεειιι
719 5852 908 5908 Graeco
978 5850 1147 5905 textui
1202 5848 1565 5903 cohaerentius
1623 5848 1879 5899 omittunt

2050 4967 2314 5044 ἕτᾶιούρίῳ.
2348 4967 2528 5043 aiataiat
2559 4967 2788 5030 Βασιλεῖ(
2807 4972 2893 5023 καὶ
2920 4967 3099 5049 πατρὶ.
3127 4967 3327 5049 mani-nt;
3357 4967 3572 5049 Ουαλςν·

2050 5038 2282 5107 statutio},
2308 5038 2527 5108 ἔνδοξοςί,
2547 5048 2917 5118 τροπαιοῦχος,
2944 5038 3301 5111 ἀεί’βασιλεὺς,
3326 5041 3411 5092 καὶ
3436 5038 3568 5096 υἱός.

2055 5245 2458 5320 Παραγενομένου
2488 5262 2585 5313 μου
2626 5242 2677 5295 ἐν
2706 5246 2771 5315 τῇ
2800 5238 2943 5294 πόλει
2968 5239 3130 5311 Ῥώμῃ
3161 5230 3573 5303 ἐξευμενὶσασθαι

1980 5339 2037 5393 τὸ
2067 5339 2215 5402 θεῖον,
2248 5344 2310 5412 τῇ
2340 5332 2555 5405 ἐπιούσῃ
2586 5333 2752 5409 ἡμέρᾳ
2780 5333 2829 5385 ἐν
2854 5337 2927 5401 τῷ
2953 5330 3195 5403 εὐκτηρίῳ
3224 5331 3312 5380 τοῦ
3343 5323 3573 5377 ἀποστό-

1980 5431 2069 5485 λου
2092 5430 2278 5505 Πέτρου
2304 5427 2569 5503 προῆλθον·
2605 5427 2808 5500 κᾲκιῖσε
2844 5422 2973 5495 μετὰ
2996 5425 3085 5478 τὴν
3109 5418 3386 5487 σεϐάσμιον
3415 5420 3576 5470 νύκτα

1983 5529 2072 5583 τῆς
2091 5521 2283 5593 ἡμέρας
2302 5524 2392 5575 τοῦ
2414 5516 2728 5583 ἀποστόλου,
2750 5515 2853 5571 ὐπό
2868 5535 2924 5569 τε
2950 5518 3044 5568 τοῦ
3064 5512 3254 5581 Ῥώμης
3272 5506 3575 5571 ἐπισκόπου,

1986 5716 2129 5763 meo,
2163 5708 2217 5754 et
2264 5698 2388 5754 dein
2419 5697 2620 5753 habent
2660 5695 2908 5769 glorioso.
2942 5690 3251 5769 Lectionctn
3284 5702 3415 5769 mss:
3449 5685 3575 5769 coll.

1986 5756 2444 5826 Chalcedonensis
2499 5781 2609 5825 tum
2654 5756 3004 5831 nostrorum,
3052 5774 3165 5816 tum
3210 5758 3410 5817 Baluzii
3457 5756 3579 5815 edi-

1988 5842 2188 5898 dimus.
