4014 6358
200 359 302 438 aco

1588 376 1920 444 EPISTDLA
1961 375 2098 454 th.

3380 374 3492 440 870

199 496 280 551 tia
297 501 345 547 et
375 491 704 548 reuelationis
732 493 784 552 in
807 493 1070 565 agnitione
1096 496 1230 568 ejus,
1260 495 1577 554 illuminatos
1609 497 1784 556 oculos
1810 499 1862 568 Α
1890 495 2286 568 significatione
2346 491 2632 565 promissa,
2683 492 2855 552 factus
2910 489 3050 546 ﬁlius
3099 490 3336 552 hominis
3379 511 3490 556 non

203 589 367 646 cordis
405 591 561 644 vestri
581 606 601 656 ;
633 599 689 644 ut
730 591 906 646 sciatis
951 606 1069 662 quia
1095 591 1163 645 sit
1194 607 1309 664 spes
1349 593 1628 650 vocationis
1655 596 1791 666 ejus,

202 693 226 720 ⁸
248 692 292 738 et
323 698 444 746 qum
471 683 662 738 divitia:
690 682 870 754 gloria:
899 680 1215 739 hwreditatis
1259 684 1372 754 ejus
1408 685 1463 740 iu
1503 686 1715 748 sanctis,
1748 693 1794 740 et

199 791 307 849 quo
333 776 399 834 sit
433 776 825 846 sttpereminens
859 775 1162 847 magnitudo
1187 776 1387 834 virtutis
1411 778 1522 847 ejus
1548 777 1574 815 δ
1607 777 1659 834 in
1703 792 1796 836 tta-

203 869 292 932 bis,
336 870 426 938 qui
473 870 789 934 credidimus
828 870 1111 930 secundum
1159 871 1512 940 operationem
1555 870 1796 942 potentia

201 962 396 1022 t-irtutis
435 963 572 1033 ejus,
615 979 770 1032 quam
811 972 1055 1035 operatus
1091 964 1248 1018 estin
1278 961 1506 1030 Christo,
1544 963 1797 1022 suscitans

200 1053 342 1108 illum
387 1069 422 1106 st
465 1055 705 1120 mortuis,
747 1068 792 1116 et
830 1055 1144 1112 constituens
1176 1065 1198 1092 ε
1229 1056 1379 1112 illum
1423 1057 1492 1110 ad
1534 1055 1796 1114 dexteram

201 1164 342 1202 suam
373 1147 430 1204 in
463 1145 750 1208 amicalibus
791 1165 951 1219 supra
989 1166 1188 1204 onmem
1220 1151 1584 1221 principatum,
1626 1161 1671 1204 et
1696 1168 1796 1223 po-

201 1249 452 1306 testatem,
485 1251 530 1294 et
585 1240 846 1306 virtutem,
891 1249 937 1296 et
970 1241 1391 1308 dominationem,
1443 1253 1488 1298 et
1527 1258 1674 1298 omne
1703 1259 1795 1298 ηο-

202 1349 308 1388 nteit
351 1335 498 1404 quod
528 1335 823 1394 nominatur
870 1351 970 1389 non
1022 1337 1188 1394 solum
1229 1336 1280 1390 in
1323 1334 1420 1390 hoc
1455 1337 1665 1400 saeculo,
1707 1336 1797 1392 sed

201 1428 427 1482 etiamin
459 1429 672 1498 futuro;
697 1439 746 1483 et
778 1430 950 1488 omnia
979 1429 1197 1497 subjecit
1219 1429 1311 1484 sub
1344 1431 1556 1502 pedibus
1582 1432 1716 1501 ejus,
1748 1437 1797 1486 et

200 1521 363 1592 ipsum
395 1522 537 1575 dedit
568 1532 718 1592 caput
746 1518 772 1560 ἀ
802 1538 960 1594 supra
1000 1537 1202 1576 onmem
1244 1519 1550 1586 Ecclesium,
1582 1536 1696 1592 qua:
1724 1529 1798 1578 est

202 1631 384 1683 corpus
416 1615 580 1683 ipsius
607 1624 655 1668 et
693 1615 960 1685 plenitudo
997 1617 1128 1685 ejus,
1161 1615 1246 1685 qui
1277 1615 1451 1668 omnia
1480 1615 1531 1668 iu
1560 1615 1796 1668 omnibus

201 1706 513 1773 adimpletur
541 1704 758 1777 (Epltes.
789 1705 832 1771 ι,
870 1704 1074 1777 15—25).

265 1799 398 1858 Cap.
435 1797 798 1854 Ill—Dicant
823 1808 845 1834 ε
865 1799 950 1854 hic
977 1797 1274 1862 adversarii
1304 1799 1552 1854 veritatis
1582 1799 1797 1871 quando

1898 606 2008 646 suae
2039 592 2393 654 conversione
2416 588 2861 652 substantite,sed
2892 597 3091 644 nostrae
3122 591 3528 666 assumptione.

1897 693 2128 750 naturae,
2162 685 2294 739 venit
2335 700 2560 756 quwrere
2590 695 2635 747 et
2662 682 2862 738 salvere
2887 683 3024 755 quod
3062 684 3282 754 perierat
3317 683 3492 754 (Luc.

1895 791 2007 841 ιιι,
2040 776 2107 840 ll)
2133 776 2172 846 ).
2212 775 2368 830 Venit
2395 788 2575 832 autem
2608 790 2716 830 non
2751 775 2911 836 loculi
2943 789 3162 832 accessu
3195 817 3210 846 ,
3241 791 3344 833 nec
3375 792 3492 833 mo-

1900 869 2047 926 tione
2081 883 2368 940 corporea,
2404 881 2676 942 tamquam
2708 883 2951 939 praesens
2986 867 3196 930 futurus
3227 869 3369 924 unde
3399 869 3493 923 ah-

1897 962 2129 1032 fuisset,
2178 973 2272 1018 aut
2317 963 2469 1020 illinc
2517 977 2832 1020 recessurus
2879 963 3023 1020 unde
3073 964 3340 1030 venisset;
3393 962 3491 1020 sed

1899 1059 2048 1113 venit
2079 1072 2176 1127 per
2224 1057 2325 1112 hoc
2373 1055 2518 1127 quod
2565 1066 2682 1112 erat
2712 1055 2922 1114 visibile
2966 1067 3020 1114 et
3059 1071 3345 1112 commune
3374 1071 3494 1112 cer-

1900 1151 2156 1208 nentibus
2209 1151 2612 1218 declarandos,
2663 1150 2953 1208 humanam
2999 1151 3207 1208 scilicet
3271 1166 3493 1219 carnem

1899 1254 2062 1314 atque
2107 1244 2345 1300 animam
2389 1243 2442 1300 in
2488 1245 2794 1300 visceribus
2839 1243 3076 1312 Virginis
3120 1244 3303 1302 matris
3345 1243 3494 1300 acci-

1901 1338 2093 1407 piens,
2141 1345 2202 1394 ιιι
2251 1353 2476 1394 manens
2521 1338 2574 1394 in
2623 1336 2799 1398 forma
2841 1335 3011 1413 979
3058 1341 3175 1407 Dei,
3215 1336 3495 1402 tintinant

1899 1431 2046 1487 servi
2067 1432 2285 1486 sibimet
2313 1440 2368 1485 et
2396 1430 2814 1490 similitudinem
2843 1435 3024 1490 carnis
3055 1437 3262 1506 peccati
3294 1437 3496 1506 uniret,

1901 1539 1999 1594 per
2025 1538 2187 1592 quam
2214 1540 2322 1580 non
2351 1525 2621 1584 minueret
2644 1526 2824 1583 divina
2856 1527 3128 1598 humanis,
3152 1529 3250 1586 sed
3274 1537 3496 1602 augeret

1901 1621 2137 1676 humana
2169 1618 2392 1676 divinis.

1974 1713 2104 1776 Cap.
2134 1713 2226 1772 IV.
2249 1744 2320 1756 —
2342 1714 2494 1772 Talis
2518 1715 2661 1774 enim
2705 1723 2824 1772 erat
2846 1717 3084 1773 omnium
3111 1732 3142 1774 a
3169 1717 3357 1787 primis
3387 1718 3491 1776 du-

1901 1817 1986 1865 cta
2017 1809 2354 1878 genitoribus
2381 1825 2542 1866 causa
2567 1811 2896 1878 mortalium,
2921 1821 2978 1866 ut
2999 1812 3242 1882 originali
3273 1823 3496 1882 peccato

203 1891 552 1960 omnipotens
599 1891 757 1956 Pater
798 1892 883 1948 vel
915 1893 1210 1948 Secundum
1257 1908 1416 1963 quam
1447 1892 1615 1965 978
1646 1904 1798 1952 natu-
1828 1894 1877 1958 B
1907 1912 2223 1959 transeunte
2251 1918 2346 1973 per
2378 1915 2647 1972 posteros,
2681 1904 2859 1959 nullus
2891 1919 3103 1972 ptenam
3136 1905 3495 1962 damnationis

202 2000 308 2040 ratu
342 1983 551 2042 Filium
599 2001 755 2042 suum
809 2000 971 2054 super
1017 1987 1266 2042 universa
1317 1989 1664 2057 provexerit,
1713 1989 1798 2044 vel

205 2079 282 2130 cui
322 2079 646 2136 substantia:
676 2088 866 2134 cuncta
897 2079 1212 2148 subjecerit,
1249 2081 1429 2136 Deitas
1459 2084 1602 2138 enim
1635 2081 1798 2138 Verbi

205 2181 296 2238 par
323 2169 380 2230 iu
411 2171 670 2232 omnibus
693 2182 745 2224 et
771 2171 1248 2228 consubstantialis
1275 2185 1357 2228 est
1380 2173 1548 2242 Patri,
1576 2184 1630 2230 et
1657 2191 1800 2231 sem-

203 2263 414 2332 piterno
445 2272 612 2334 atque
644 2265 1074 2332 intemperanter
1096 2283 1199 2322 una
1229 2267 1527 2336 eademque
1561 2268 1798 2338 potentia

202 2365 280 2412 est
301 2356 577 2426 genitoris
607 2366 663 2418 et
688 2359 876 2428 geniti.
905 2359 1130 2416 Creator
1155 2361 1352 2430 quippe
1378 2362 1618 2418 omnium
1646 2370 1799 2420 natu-

201 2463 403 2514 rarum,
439 2452 694 2520 quoniam
728 2469 817 2519 per
846 2455 1013 2522 ipsum
1044 2455 1220 2508 omnia
1263 2455 1400 2524 facta
1431 2466 1572 2521 sunt,
1613 2467 1661 2510 et
1690 2457 1800 2512 sine

200 2541 301 2612 ipso
328 2541 535 2609 [actum
565 2553 638 2598 est
667 2543 797 2600 nihil
819 2543 1000 2617 (,Jocn.
1034 2562 1073 2614 ι,
1095 2549 1175 2617 5),
1199 2544 1216 2584 ί
1241 2549 1491 2616 superior
1520 2557 1602 2603 est
1623 2548 1799 2604 omni-

202 2633 294 2690 bus
339 2652 468 2705 que;
517 2641 754 2706 creavit,
805 2655 907 2695 nec
957 2656 1207 2711 umquam
1246 2639 1495 2698 Creatori
1541 2658 1641 2700 sua
1691 2660 1797 2701 non

200 2726 420 2784 fuerunt
471 2731 716 2801 subjecta
766 2750 888 2804 quae
927 2736 1174 2790 condidit
1215 2753 1228 2789 :
1278 2737 1362 2791 cui
1415 2737 1695 2808 proprium
1744 2746 1800 2794 et

197 2822 600 2892 sempiternum
645 2837 726 2882 est
753 2867 769 2894 ,
817 2841 917 2882 nec
945 2828 1162 2882 aliunde
1192 2845 1350 2900 quam
1383 2830 1452 2886 de
1480 2829 1665 2898 Patre,
1699 2845 1798 2888 nec

198 2913 342 2970 aliud
375 2931 506 2974 esse
532 2933 693 2988 quam
723 2919 882 2974 Pater
909 2931 1011 2976 est.
1045 2921 1188 2977 Huic
1229 2924 1276 2978 si
1322 2923 1501 2978 add-ita
1535 2936 1615 2980 est
1648 2937 1800 2994 pota-

198 3019 334 3078 stas,
375 3010 425 3066 si
454 3011 719 3067 illustrant
769 3015 1039 3084 dignitas,
1087 3017 1133 3070 si
1186 3017 1420 3071 exaltata
1467 3017 1793 3088 sublimitas,

198 3105 380 3162 minor
409 3117 529 3163 erat
559 3110 894 3179 provehente
923 3111 1011 3180 qtti
1040 3111 1237 3176 crevit,
1269 3125 1369 3166 nec
1397 3111 1627 3168 habebat
1657 3113 1795 3168 divi-

198 3199 296 3256 tias
340 3200 472 3272 ejus
519 3214 720 3258 naturae
750 3203 907 3273 cujus
936 3203 1166 3274 indiguit
1210 3204 1480 3276 largitate.
1512 3205 1619 3264 Sed
1662 3185 1797 3262 iulia

1904 1998 2160 2050 evaderet
2188 2039 2202 2064 ,
2254 1994 2359 2050 nisi
2394 1995 2625 2052 Verbum
2658 2010 2788 2050 caro
2818 1994 2976 2050 ﬁeret
2999 2037 3014 2061 ,
3064 2003 3120 2052 et
3150 1996 3416 2052 habitaret
3444 1997 3497 2052 in

1905 2089 2062 2144 nobis
2095 2085 2274 2157 (Joan.
2309 2104 2348 2155 ι,
2385 2089 2498 2157 lt),
2539 2089 2593 2142 in
2625 2102 2693 2144 ea
2719 2089 2929 2144 scilicet
2960 2099 3148 2144 natura
3177 2104 3297 2158 qna:
3326 2087 3496 2146 nostri

1903 2195 1959 2239 et
2008 2182 2287 2252 sanguinis
2339 2193 2486 2237 esset
2533 2194 2584 2237 et
2634 2185 2872 2252 generis.
2904 2182 3137 2253 Propter
3179 2183 3321 2252 quod
3367 2183 3498 2239 dicit

1903 2275 2198 2344 Apostolus
2241 2293 2254 2328 :
2290 2274 2441 2330 Sicut
2475 2291 2565 2343 per
2595 2275 2748 2330 unius
2779 2275 3021 2330 delictum
3052 2277 3106 2330 ita
3133 2291 3304 2350 omnes
3335 2275 3498 2330 homi-

1903 2385 1994 2424 nes
2037 2370 2091 2424 in
2125 2368 2628 2433 condemnationem,
2671 2371 2746 2422 sic
2773 2379 2818 2424 et
2863 2386 2952 2440 per
2983 2369 3135 2426 unius
3156 2370 3413 2442 justitiam
3442 2369 3497 2424 its

1904 2480 2075 2520 omnes
2119 2463 2345 2517 homines
2393 2463 2463 2515 ad
2501 2464 2923 2533 justi/icationcm
2964 2462 2979 2512 t'
3015 2464 3151 2519 vitm.
3185 2462 3332 2516 Sicut
3360 2464 3496 2516 enim

1903 2575 1996 2630 per
2026 2557 2429 2611 inobedisntiam
2460 2558 2616 2610 unius
2643 2559 2864 2610 hominis
2909 2565 3195 2625 peccatores
3232 2555 3497 2610 constituti

1902 2663 2027 2707 sunt
2058 2651 2230 2712 multi,
2262 2653 2337 2706 ita
2363 2661 2410 2705 et
2445 2668 2533 2719 per
2560 2653 2713 2704 unius
2755 2651 2974 2704 hominis
3004 2650 3344 2704 obedientiam
3361 2649 3499 2722 justi

1902 2749 2278 2804 constituentur
2306 2749 2459 2804 multi
2489 2748 2660 2822 (llam.
2688 2764 2738 2814 ν,
2763 2747 2968 2818 18,19).
3005 2747 3070 2801 Et
3101 2748 3294 2801 iterum
3321 2765 3332 2798 :
3364 2746 3498 2811 Quia

1903 2844 2035 2898 enim
2065 2861 2156 2917 per
2201 2844 2461 2899 hominem
2504 2859 2658 2906 utors,
2689 2854 2736 2898 et
2766 2859 2854 2910 per
2898 2842 3152 2895 hominem
3192 2843 3498 2896 resurrectio

1904 2947 2248 2992 mortuorum.
2288 2937 2354 2991 Et
2380 2939 2510 2991 sicut
2540 2938 2592 2989 in
2616 2937 2782 2988 Adnisi
2812 2951 2983 2988 omnes
3017 2935 3322 3001 moriuntur,
3349 2934 3420 2986 ita
3447 2941 3498 2988 et

1902 3031 1957 3084 in
2000 3031 2205 3087 Christo
2260 3049 2431 3086 omnes
2483 3030 2871 3100 viviﬁcabuntur
2918 3027 3124 3101 (lCor.
3162 3045 3251 3096 xv,
3280 3027 3381 3098 9).
3430 3026 3497 3083 Ili

1903 3125 2090 3195 utique
2120 3139 2343 3190 omnes,
2388 3125 2476 3193 qni
2511 3123 2637 3178 lieet
2666 3123 2720 3177 in
2749 3123 2918 3177 Adam
2950 3125 3058 3176 sint
3088 3122 3226 3185 nati,
3261 3121 3311 3175 in
3344 3121 3498 3176 Citri-

1903 3228 1988 3274 sto
2018 3229 2194 3272 tamen
2227 3216 2253 3256 ιι
2285 3217 2636 3272 inveniuntur
2663 3217 2860 3282 renati,
2898 3216 3160 3272 habentes
3190 3215 3310 3272 ﬁdei
3342 3215 3496 3270 testi-

195 3295 531 3350 Icntientetn
582 3296 636 3352 in
685 3299 1000 3353 societatem
1047 3315 1197 3354 suam
1248 3302 1410 3356 Arius
1458 3304 1618 3372 rapit,
1648 3305 1801 3372 cujus
1830 3292 1877 3358 C
1908 3311 2149 3365 monium
2175 3356 2188 3378 ,
2236 3317 2290 3366 et
2320 3309 2390 3365 de
2413 3309 2806 3380 justificatione
2835 3308 3044 3378 gratim,
3077 3318 3131 3363 et
3160 3311 3227 3363 de
3256 3319 3498 3362 commu-

203 3389 556 3457 perversitati
589 3389 816 3444 multum
844 3391 958 3446 haec
988 3391 1311 3463 suffragatur
1359 3394 1609 3464 impietas
1632 3437 1646 3463 ,
1702 3412 1800 3451 ne-

195 3493 324 3551 gans
353 3479 542 3538 Verbo
575 3482 670 3544 Dei
717 3483 1005 3540 humanam
1059 3486 1236 3542 inesse
1267 3495 1532 3554 naturam,
1585 3499 1641 3543 ut
1671 3488 1798 3546 dum

195 3570 570 3628 humilitatem
615 3575 668 3630 in
700 3575 796 3630 Dei
841 3577 1126 3647 majestate
1167 3579 1390 3648 fastidit,
1429 3589 1525 3635 aut
1554 3591 1582 3630 ε
1609 3582 1798 3638 falsam

195 3663 508 3720 inChristo
558 3679 766 3722 asserat
816 3669 1104 3739 imaginem
1154 3673 1418 3741 corporis,
1469 3683 1562 3728 aut
1609 3689 1800 3732 omnes

196 3761 448 3814 actiones
499 3761 616 3830 ejus
663 3763 1052 3834 passionesqne
1100 3780 1413 3835 COI'plil‘tlas,
1453 3769 1673 3824 Deitatis
1705 3787 1799 3840 po-

197 3853 300 3907 tius
346 3852 526 3908 fuisse
571 3855 714 3910 dicat
751 3872 910 3926 quam
943 3859 1142 3912 carnis.
1176 3861 1464 3926 Quodlibet
1495 3875 1673 3918 autem
1701 3863 1798 3919 de—

197 3945 427 4003 fendere
455 3947 672 4014 audeat,
700 3966 918 4019 prorsus
946 3952 1190 4008 insanum
1215 3964 1298 4008 est
1322 3972 1332 4007 :
1359 3955 1480 4025 quia
1507 3970 1605 4011 nec
1627 3957 1799 4027 pietas

198 4039 365 4108 lidei,
427 4056 528 4096 nec
572 4045 712 4096 ratio
759 4043 942 4113 recipit
992 4045 1335 4112 sacramenti,
1370 4055 1427 4101 ut
1473 4056 1566 4102 aut
1593 4047 1798 4118 aliquid

198 4147 353 4204 passa
387 4135 464 4191 sit
492 4135 696 4201 Deitas,
731 4148 823 4192 aut
860 4140 912 4191 in
940 4139 1050 4193 ullo
1082 4140 1304 4193 mentita
1334 4141 1406 4194 sit
1439 4142 1662 4198 veritas.
1695 4142 1800 4198 lut-

197 4229 481 4297 passibilis
527 4229 692 4300 igitur
717 4230 812 4286 Dei
859 4231 1048 4298 Filius,
1078 4228 1107 4268 δ
1132 4234 1219 4287 cui
1255 4248 1376 4287 cum
1407 4234 1566 4289 Patre
1594 4243 1649 4290 et
1674 4249 1798 4290 cum

196 4320 410 4392 Spiritu
439 4333 626 4377 sancto
676 4325 727 4377 in
778 4338 880 4378 una
911 4325 1369 4380 incommutabilis
1397 4325 1677 4382 Trinitatis
1708 4341 1798 4384 es-

196 4416 400 4479 sentia,
431 4414 534 4470 hoc
573 4416 716 4486 quod
744 4428 829 4473 est
857 4431 978 4473 esse
1010 4427 1330 4488 perpetuum
1359 4429 1444 4474 est
1471 4439 1480 4472 ;
1507 4419 1560 4474 in
1591 4435 1656 4475 ea
1683 4420 1802 4491 ple-

194 4509 450 4564 nitudine
483 4512 760 4581 temporis,
805 4527 923 4582 qua!
967 4515 1298 4584 sempiterno
1345 4516 1572 4570 consilio
1624 4517 1799 4572 fuerat

197 4605 508 4672 praestituta
535 4644 550 4668 ,
597 4615 651 4659 et
682 4604 996 4674 prophetica
1025 4606 1292 4662 dictorum
1331 4618 1493 4680 atque
1521 4602 1796 4681 gestorum

268 4767 296 4832 ξ
340 4758 650 4832 Yindebon.
685 4760 898 4815 collect.
931 4762 964 4816 5
988 4760 1129 4815 delet
1153 4762 1591 4832 conjunctionem
1620 4775 1688 4821 et.

264 4826 292 4866 δ
337 4830 668 4906 Quesnellus
697 4832 748 4906 in
766 4835 1055 4906 margine:
1080 4826 1316 4906 Aliasﬁ'n
1340 4851 1451 4888 uos.
1476 4836 1573 4890 Ms.
1597 4837 1796 4906 Grim.,

198 4898 252 5028 in.
296 4918 392 4956 vos
419 4942 435 4967 ,
479 4904 562 4972 qui
596 4898 1066 4960 credidistis."l‘res
1097 4905 1264 4962 nostri
1294 4906 1533 4976 codices,
1575 4911 1663 4978 qui
1689 4898 1799 4965 ore;

233 4991 396 5028 imus.

233 4991 396 5028 ιηιιη.

271 5055 294 5082 ε
344 5043 653 5100 Vindebon.
689 5045 826 5102 delet
854 5045 1024 5101 illum.

265 5113 293 5151 ἀ
339 5117 488 5170 ldetn
519 5113 819 5172 Vindebnn.
871 5121 1085 5173 collect.
1136 5116 1169 5174 5
1211 5128 1264 5173 et
1311 5119 1401 5175 alii
1447 5121 1662 5176 collect.
1698 5123 1790 5188 2!,

197 5200 297 5242 nec
347 5204 460 5241 non
505 5201 736 5257 quatuor
765 5193 1035 5256 Quesnelli
1082 5204 1205 5244 cum
1237 5192 1598 5248 anterioribus
1629 5193 1791 5248 editis

200 5258 250 5312 in
300 5262 572 5329 margine,
604 5278 760 5329 supra
809 5262 982 5314 omnia
1027 5259 1290 5318 Ecclesiae.
1320 5262 1554 5320 Consule
1604 5274 1714 5320 not.
1763 5266 1797 5318 5

198 5332 454 5406 ejusdem
481 5332 754 5397 Quosnelli
784 5374 798 5398 ,
847 5335 934 5406 qui
967 5333 1125 5406 paulo
1157 5345 1296 5400 post,
1332 5350 1429 5403 pro
1457 5335 1794 5406 adimpletur,

199 5404 418 5475 notavit
447 5405 499 5456 in
528 5406 807 5473 margine:
835 5403 1002 5467 Alias,
1037 5403 1304 5475 adimplet,
1350 5407 1430 5459 vel
1471 5403 1794 5474 adirnplevit.

273 5482 297 5510 ε
342 5474 568 5546 Aliquot
593 5478 806 5531 codices
835 5491 958 5536 cum
991 5476 1150 5531 editis
1179 5474 1301 5532 ante
1329 5476 1557 5544 Quesn.,
1607 5479 1661 5532 Ιιὶ
1697 5479 1796 5532 ad-

197 5559 440 5598 οεηαηι.

273 5614 294 5653 ί
333 5615 473 5690 hlss.
523 5618 738 5682 collect.
787 5617 848 5672 ll
901 5627 957 5673 et
1001 5615 1073 5674 9.4
1099 5632 1220 5674 cum
1253 5617 1538 5683 Sichardo,
1567 5629 1798 5690 superest

197 5688 468 5744 alitibus.
501 5690 672 5744 Codd.
703 5690 922 5758 collect.
953 5691 1045 5756 2i,
1091 5690 1326 5758 superior
1353 5700 1426 5745 est
1455 5691 1510 5743 in
1540 5688 1792 5756 omnibus.

226 5827 237 5838 .
271 5769 296 5806 ε
340 5759 427 5838 ita
452 5759 650 5830 Quesn.
682 5759 863 5819 Nostri
893 5763 1104 5818 codices
1131 5777 1256 5817 cum
1289 5761 1654 5819 anterioribus
1683 5762 1798 5818 edi-

199 5830 296 5899 tis,
329 5830 595 5899 falsatum.

272 5870 690 5964 ι’ἶὶἶίξῖιῗξόίιί
737 5923 856 5964 cum
889 5904 1189 5964 Vindehon.
1241 5905 1453 5964 collect.
1487 5905 1521 5962 5
1567 5903 1796 5976 aliisque

1905 3405 2068 3459 nione
2104 3415 2311 3459 natura:
2356 3421 2368 3456 :
2414 3418 2574 3474 quam
2627 3404 2716 3473 qui
2761 3413 3066 3469 susceptam
3113 3402 3182 3456 ab
3222 3401 3500 3472 unigenito

1906 3497 2004 3552 Dei
2052 3496 2194 3552 Filio
2242 3499 2293 3552 in
2341 3507 2497 3552 utero
2528 3495 2800 3552 Davidicm
2849 3497 3070 3565 virginis
3117 3495 3399 3565 dil'litetur,
3429 3495 3499 3552 ab

1905 3591 2052 3645 omni
2095 3600 2437 3645 sacramento
2465 3588 2787 3644 Christiania
2825 3588 3105 3656 religionis
3144 3587 3352 3642 alienus
3379 3598 3496 3656 est;

1906 3691 1960 3738 et
1997 3697 2096 3737 nec
2125 3697 2384 3753 sponsum
2411 3696 2731 3752 agnoscens,
2761 3696 2861 3736 nec
2885 3696 3138 3750 sponsam
3173 3679 3498 3750 intelligens,

1907 3773 2132 3845 nuptiali
2183 3790 2291 3829 non
2347 3784 2524 3844 potest
2556 3775 2820 3828 interesse
2865 3775 3137 3828 convivio.
3169 3772 3308 3826 Caro
3355 3773 3499 3828 enim

1903 3866 2106 3921 Christi
2157 3866 2402 3920 velamen
2448 3875 2532 3919 est
2565 3865 2744 3931 Verbi,
2787 3880 2895 3933 quo
2921 3864 3102 3918 omnis
3136 3859 3154 3901 ι
3187 3863 3278 3932 qui
3322 3863 3497 3932 ipsum

1904 3959 2110 4029 integre
2151 3958 2442 4012 confitetur
2467 3957 2723 4011 induitur.
2763 3956 3098 4010 Erubescens
3128 3967 3310 4010 autem
3338 3953 3493 4023 illud,

1905 4061 1960 4108 et
2007 4051 2157 4121 quasi
2205 4049 2480 4120 indignum
2531 4051 2798 4110 refutans,
2845 4049 3051 4103 nullum
3087 4065 3151 4102 ex
3181 4063 3246 4102 eo
3278 4049 3499 4103 habebit

1908 4155 2158 4201 ornatum
2187 4162 2202 4200 :
2229 4159 2293 4198 ac
2321 4146 2448 4198 licet
2475 4158 2534 4198 se
2562 4144 2766 4212 regiom
2792 4143 2995 4197 inserat
3023 4140 3186 4208 festo,
3213 4142 3494 4210 sacrisque

1905 4254 1965 4294 se
1991 4238 2168 4307 epulis
2194 4237 2535 4304 importunus
2557 4235 2880 4298 immiseeat,
2905 4234 3284 4288 discretionem
3315 4243 3497 4288 tamen

1906 4330 2051 4399 regis
2101 4327 2287 4382 fallere
2334 4327 2609 4395 improbus
2660 4327 2884 4381 conviva
2933 4342 3039 4380 non
3089 4329 3317 4396 poterit;
3376 4324 3494 4394 sed,

1905 4422 2046 4478 sicut
2076 4421 2190 4492 ipse
2218 4419 2475 4477 Dominus
2504 4426 2830 4487 protestatus
2870 4426 2976 4484 est,
3011 4416 3250 4484 tolletur,
3283 4424 3336 4472 et
3370 4415 3498 4484 liga~

1908 4517 1977 4569 tis
2010 4515 2258 4568 manibus
2287 4522 2341 4567 et
2375 4511 2600 4579 pedibus
2624 4513 2866 4566 mittetur
2899 4509 2952 4564 in
2987 4509 3238 4565 tenebras
3266 4507 3497 4565 eatcrie~

1907 4623 2019 4679 res,
2048 4615 2076 4644 η
2107 4607 2192 4662 tibi
2225 4604 2332 4661 erit
2364 4605 2520 4661 (lctus
2551 4614 2605 4660 et
2634 4605 2834 4661 stridor
2859 4603 3096 4661 dentium
3117 4601 3334 4674 (Matth.
3363 4615 3493 4668 mi,

1826 4769 1882 4832 D
1913 4767 2115 4823 nostris
2143 4764 2300 4820 codd.
2331 4765 2531 4818 addttnt
2567 4763 2724 4818 Deus.

1991 4836 2005 4875 ί
2050 4838 2220 4892 Codd.
2266 4834 2603 4900 collect.'2l,
2637 4839 2857 4905 formam
2901 4835 3034 4888 servi
3075 4844 3316 4904 sumeret,
3347 4845 3395 4890 et
3420 4835 3496 4892 si-

1910 4911 2251 4964 militudinem
2278 4909 2445 4963 carnis
2476 4910 2669 4977 peccati
2700 4905 2807 4958 Deo
2831 4905 3014 4958 uniret.

1982 4993 1996 5032 l
2053 4979 2347 5033 Vindehon.
2399 4975 2612 5032 collect.
2665 4977 2718 5038 5,
2770 4987 2893 5032 item
2941 4993 3068 5031 mss.
3103 4975 3229 5032 libri
3278 4979 3496 5033 collect.

1908 5053 1996 5117 il,
2039 5053 2177 5103 inter
2209 5064 2345 5118 quos
2369 5061 2451 5102 est
2478 5049 2801 5118 Bai-berinus
2832 5063 2858 5100 a
2906 5049 3196 5116 Quanti-llo
3241 5048 3492 5102 laudatus

1905 5123 1959 5179 iit
1987 5116 2250 5189 margine,
2282 5119 2478 5186 aliique
2520 5121 2733 5173 collect.
2767 5116 2828 5169 ‘Zl
2865 5133 2913 5171 et
2958 5119 3025 5174 24
3065 5135 3185 5174 cum
3230 5119 3494 5174 Stchardo

1901 5196 2089 5248 delent
2119 5193 2249 5244 vitat.
2286 5189 2453 5242 Paulo
2497 5201 2637 5259 pust,
2692 5204 2786 5258 pro
2815 5193 3202 5256 constituentur,
3240 5190 3354 5245 Vat.
3382 5192 3493 5246 col-

1903 5265 2030 5320 lect.
2070 5262 2127 5318 Η
2160 5264 2338 5323 liabet,
2369 5262 2770 5318 constituuntur.

1980 5333 2006 5373 ιε
2051 5335 2147 5400 his.
2190 5333 2513 5400 \'itttlebon.,
2558 5333 2894 5386 invenientur.
2938 5329 3056 5387 Mox
3101 5330 3220 5386 Vat.
3273 5333 3486 5389 collect.

1906 5407 1993 5469 Η,
2023 5407 2144 5472 ﬁdei
2175 5415 2550 5459 testamentum.

1979 5470 2186 5531 l'Editi
2228 5489 2351 5529 ante
2398 5475 2598 5541 Quesn.
2649 5489 2772 5530 cum
2821 5473 3069 5542 exemplo
3094 5474 3374 5532 Sichardi,
3405 5470 3489 5535 qui

1906 5547 2166 5618 Christum
2198 5547 2491 5617 conﬁtetur,
2525 5549 2719 5618 integre
2759 5545 3492 5618 illiilli-(llr;i‘ilttt'lftidllmlcm

1905 5617 2180 5687 Qttesnelli
2211 5611 2381 5674 tiostii
2409 5611 2973 5684 codices'approbant.
3005 5611 3189 5667 Solum
3220 5618 3325 5668 duo
3353 5626 3490 5673 mss.

1905 5693 2119 5746 collect.
2149 5693 2209 5744 21
2249 5691 2536 5758 prtrl'crunt
2561 5690 2819 5758 induatur.

1977 5773 2015 5798 υτ
2051 5762 2220 5834 illic")
2249 5751 2376 5834 itt’lili
2411 5775 2693 5834 ('ttttt_lttS§.
2727 5757 2944 5814 collect.
2990 5757 3050 5816 Η
3087 5751 3257 5829 ειΞΙ,
3275 5755 3486 5834 ὑπίεται.

1979 5843 2002 5869 ¹¹
2044 5833 2206 5890 ΙξιΙπιι]
2237 5833 2464 5900 codices,
2495 5831 2561 5885 ibi
2587 5829 2701 5884 erit.
