4014 6358
523 366 624 450 8'71

1669 385 1725 441 ὃ.
1758 378 2002 439 LEONIS
2029 376 2241 438 MAGNI
2270 378 2648 437 EPISTOLE.

3709 372 3812 431 872

526 507 639 576 1⁵5).
671 504 824 563 Unde
851 502 1172 574 quicumque
1199 497 1253 554 in
1279 498 1495 554 Christo
1527 511 1634 553 non
1668 497 1957 553 conﬁtetur
1985 511 2104 552 cor-
2134 506 2185 563 Α
2216 505 2299 566 pta
2353 498 2460 561 sit,
2513 495 2606 550 sed
2659 494 2797 550 facta
2845 494 2912 549 de
2942 492 3121 549 Verbo
3170 492 3224 548 in
3271 505 3491 547 carnem
3544 507 3812 548 converso

526 612 628 667 pus
680 597 1004 659 humanum,
1054 591 1271 647 noverit
1316 605 1377 646 se
1423 590 1682 663 mysterio
1731 588 2117 645 incarnationis

522 690 824 759 indignum,
873 702 974 741 nec
1002 685 1117 755 ejus
1161 686 1486 739 sacramenti
1519 684 1723 738 habere
1753 683 2112 751 consortium,

522 781 663 849 quod
698 777 991 849 Apostolus
1031 776 1320 847 prmdicat,
1367 775 1588 831 dicens:
1619 775 1752 840 Quia
1781 777 2004 830 membra
2028 792 2117 829 su-

520 888 636 929 mus
663 871 893 937 corporis
918 873 1053 942 ejus,
1096 869 1159 923 de
1186 885 1339 923 carne
1384 872 1499 937 ejus
1544 876 1591 921 et
1637 867 1701 921 de
1745 866 1940 921 ossibus
1985 867 2114 936 ejus.

523 964 745 1034 Propter
771 964 868 1017 hoc
903 963 1157 1032 relinquet
1189 963 1340 1015 homo
1366 969 1562 1033 patrem
1598 969 1644 1014 et
1671 969 1905 1025 matrem,
1936 968 1982 1011 et
2020 957 2143 1011 ad-.

521 1056 730 1112 hwrebit
772 1055 924 1109 uxori
967 1070 1093 1119 suae,
1125 1052 1357 1125 980st
1385 1063 1531 1106 erunt
1573 1055 1675 1105 duo
1714 1052 1767 1103 in
1796 1067 1947 1103 carne
1986 1066 2110 1103 una.

523 1147 586 1201 Et
616 1159 892 1212 exponens
924 1143 1049 1213 quid
1086 1160 1178 1213 per
1208 1146 1308 1197 hoc
1342 1151 1367 1179 ι
1404 1143 1821 1213 signiﬁcaretur,
1876 1141 2110 1208 adjecit:

524 1238 923 1294 Sacramentum
968 1235 1065 1290 hoc
1110 1252 1352 1306 magnum
1401 1247 1515 1289 est:
1547 1251 1636 1305 ego
1685 1244 1853 1287 autem
1899 1234 2016 1287 dico
2062 1235 2114 1287 in

523 1331 727 1387 Christo
746 1340 795 1386 et
818 1331 872 1385 in
897 1328 1127 1383 Ecclesia
1152 1326 1370 1399 (Ephes.
1403 1343 1459 1392 ν,
1485 1324 1702 1393 ὖοοῦ2).
1733 1325 1813 1379 Ab
1842 1325 1957 1393 ipso
1987 1340 2115 1395 ergo

522 1427 787 1499 principio
842 1426 1060 1496 generis
1120 1423 1338 1477 humani
1404 1423 1428 1459 δ
1490 1422 1740 1476 erunibus
1805 1420 2115 1477 hominibus

520 1520 775 1577 Christus
820 1530 901 1574 est
947 1518 1293 1573 denuntiatus
1338 1517 1392 1570 in
1435 1532 1599 1571 carne
1650 1527 1928 1571 venturus.
1982 1527 2005 1556 ο
2053 1516 2112 1571 In

523 1626 626 1680 qua
656 1654 671 1678 ,
720 1613 863 1664 sicut
908 1609 1111 1663 dictum
1144 1619 1223 1663 est
1251 1650 1266 1674 ,
1320 1606 1385 1661 Et
1416 1617 1564 1661 erunt
1602 1609 1705 1661 duo
1734 1608 1788 1660 in
1831 1623 1988 1661 carne
2011 1624 2117 1661 una

523 1701 677 1773 (Gen.
708 1717 768 1765 ιι,
800 1701 917 1771 21),
952 1702 1137 1767 utique
1165 1700 1272 1754 duo
1303 1708 1447 1763 sunt,
1482 1700 1621 1754 Deus
1663 1709 1717 1754 et
1746 1698 1928 1763 homo,
1958 1698 2118 1754 Chri-

521 1804 636 1847 stus
663 1802 717 1847 et
749 1792 1143 1862 Ecclesia.qute
1168 1790 1237 1845 de
1256 1792 1439 1859 sponsi
1465 1805 1627 1845 carne
1654 1791 1869 1857 prodiit,
1898 1790 2114 1861 quando

2220 601 2380 661 atque
2410 600 2616 647 mutato
2659 609 2672 645 :
2719 607 2838 662 quae
2868 592 2968 646 tria
3002 590 3138 646 falsa
3168 600 3222 646 et
3246 605 3381 645 vana
3412 587 3440 626 ιλ
3483 589 3812 659 Apollinari-

2222 694 2427 740 starum
2462 686 2842 741 haereticorum
2877 695 2987 740 tres
3024 694 3207 755 partes
3230 684 3409 739 varias
3449 682 3811 753 protulerunt.

2219 778 2329 833 Nec
2356 779 2587 833 dicimus
2626 778 2767 849 quod
2802 778 2957 833 beata
2988 776 3151 846 Virgo
3186 775 3354 832 Maria
3388 774 3661 829 hominem
3692 774 3815 830 sine

2223 871 2431 927 Deitate
2477 872 2826 942 conceperit,
2875 871 2967 940 qui
3023 880 3240 925 creatus
3284 883 3314 922 a
3365 867 3574 937 Spiritu
3619 877 3812 921 sancto

2219 972 2409 1034 postea
2451 964 2522 1019 sit
2556 972 2840 1034 susceptus
2865 977 2897 1017 a
2928 960 3127 1028 Verbo,
3159 960 3303 1031 quod
3332 958 3639 1015 Nestorium
3673 972 3814 1027 pra-

2220 1056 2488 1113 dicantem
2517 1058 2710 1112 merito
2734 1056 2988 1128 justeque
3017 1054 3419 1122 damnavimus;
3462 1053 3555 1109 sed
3583 1053 3813 1108 dicimus

2219 1147 2496 1202 Christum
2528 1148 2623 1204 Dei
2656 1148 2877 1215 Filium,
2914 1149 3078 1203 Deum
3130 1162 3342 1213 verum,
3374 1154 3559 1201 natum
3606 1144 3676 1200 de
3702 1144 3813 1199 Deo

2226 1240 2385 1296 Patre
2430 1242 2550 1297 sine
2594 1242 2705 1296 ullo
2750 1242 2903 1297 initio
2936 1241 3212 1311 temporis,
3252 1242 3609 1310 eumdemque
3639 1238 3814 1292 homi-

2219 1349 2341 1389 nem
2381 1349 2588 1401 verum,
2621 1344 2803 1389 natum
2848 1334 2915 1389 de
2944 1346 3115 1389 matre
3155 1334 3373 1388 homine
3402 1341 3549 1388 certa
3582 1333 3815 1400 plenitu-

2220 1424 2347 1480 dine
2396 1426 2691 1495 temporis;
2734 1440 2835 1480 nec
2883 1425 3000 1494 ejus
3046 1424 3472 1488 humanitatem,
3502 1436 3603 1493 qua
3636 1421 3815 1491 major

2219 1525 2303 1572 est
2328 1517 2506 1584 Pater,
2544 1518 2786 1573 minuere
2816 1516 3018 1587 aliquid
3052 1514 3070 1554 ί
3106 1516 3222 1586 ejus
3249 1526 3477 1581 naturae,
3505 1530 3608 1584 qua
3639 1528 3812 1583 aequa:

2220 1612 2289 1666 lis
2316 1622 2395 1667 est
2419 1612 2584 1666 Patri.
2612 1612 2723 1667 Hoc
2753 1621 2931 1667 autem
2957 1621 3246 1681 utrumque
3272 1626 3412 1666 unus
3437 1618 3520 1665 est
3540 1609 3810 1675 Christus,

2217 1704 2309 1772 qui
2336 1705 2617 1758 verissime
2649 1703 2805 1771 dixit,
2835 1714 2887 1757 et
2925 1704 3222 1759 secundum
3260 1704 3422 1757 Deum
3450 1719 3463 1755 :
3493 1701 3602 1774 Ego
3628 1709 3677 1754 et
3709 1699 3809 1754 Ραο

2215 1807 2293 1852 ter
2320 1814 2482 1851 unum
2510 1814 2684 1852 sumus
2727 1797 2907 1871 (Joan.
2951 1814 3008 1866 x,
3041 1797 3166 1865 50);
3206 1806 3262 1853 et
3307 1796 3599 1851 secundum
3643 1794 3792 1849 homi

522 1900 595 1940 ex
629 1885 796 1940 latere
834 1884 1089 1939 Crucilixi
1138 1893 1392 1939 manante
1439 1884 1701 1952 sanguine
1738 1893 1791 1938 et
1837 1898 1997 1952 aqua,
2028 1899 2112 1939 sa-
2146 1916 2191 1974 Β
2222 1906 2342 1944 nem
2375 1908 2387 1942 :
2416 1889 2574 1943 Pater
2615 1892 2779 1960 major
2818 1907 2897 1943 me
2940 1899 3011 1944 est
3058 1887 3240 1960 (Joan.
3270 1903 3384 1953 XIV,
3409 1888 3526 1957 28).
3578 1886 3729 1941 Hauc
3751 1886 3806 1940 ﬁ-

525 1989 859 2033 cramentum
893 1977 1285 2045 redemptionis
1311 1984 1366 2030 et
1405 1976 1831 2045 regenerationis
1884 1976 2111 2043 accepit.

526 2070 640 2141 Ipsa
672 2080 757 2125 est
786 2069 931 2124 enim
960 2067 987 2106 ἀ
1020 2082 1175 2123 novat
1202 2068 1441 2123 conditio
1484 2078 1689 2121 natura:
1713 2110 1727 2133 ,
1768 2084 1888 2137 qua:
1937 2068 1988 2121 in
2024 2068 2116 2121 ba-

530 2160 779 2229 ptismate
808 2175 913 2215 non
944 2159 1259 2215 indumento
1289 2176 1432 2214 vera:
1477 2161 1653 2214 carnis
1678 2201 1692 2224 ,
1724 2162 1818 2214 sed
1867 2160 2116 2231 contagio

525 2251 797 2307 damnata:
846 2253 1133 2308 vetustatis
1186 2254 1439 2319 exuitur,
1502 2263 1559 2306 ut
1622 2253 1888 2307 efﬁciatur
1955 2253 2116 2307 homo

524 2360 717 2416 corpus
744 2344 943 2399 Christi
973 2386 988 2413 ,
1039 2347 1162 2415 quia
1212 2356 1267 2400 et
1315 2354 1337 2382 °
1368 2344 1615 2400 Christus
1664 2360 1861 2416 corpus
1890 2354 1973 2400 est
2021 2345 2118 2399 ho-

528 2438 709 2492 minis.

596 2528 729 2585 CAP.
765 2530 825 2585 V.
850 2560 916 2572 —
940 2530 1095 2587 Unde
1127 2546 1236 2585 non
1272 2531 1441 2586 Deum
1469 2539 1674 2586 tantum
1710 2530 1939 2586 dicimus
1963 2529 2119 2587 Chri-

525 2634 707 2691 stum,
762 2625 902 2680 sicut
943 2625 1188 2680 hatretici
1244 2622 1261 2662 ί
1312 2624 1635 2690 Μίιηὶοὴωίς
1695 2640 1798 2680 nec
1842 2624 2116 2680 hominem

527 2727 753 2781 tantum,
777 2716 917 2772 sicut
945 2716 1186 2773 haeretici
1212 2715 1550 2783 Photiniani;
1595 2732 1694 2772 nec
1716 2718 1787 2771 ita
1822 2718 2114 2785 hominem,

527 2821 582 2863 ut
630 2811 834 2879 aliquid
884 2812 933 2868 ei
984 2810 1122 2867 desit
1169 2810 1311 2881 quod
1358 2810 1426 2866 ad
1476 2812 1767 2865 humanam
1798 2820 2004 2866 certum
2036 2819 2119 2866 est

526 2904 800 2973 pertinere
827 2912 1075 2959 naturam
1102 2944 1117 2969 ,
1168 2906 1283 2958 sive
1328 2903 1599 2970 animam,
1633 2904 1745 2958 sive
1774 2914 2005 2958 mentem
2037 2918 2123 2958 ra-

526 2994 799 3061 tionalem,
849 2995 968 3052 sive
1012 3010 1254 3061 carnem,
1305 3003 1330 3043 Β
1372 3010 1493 3066 quae
1522 3011 1628 3051 non
1661 2995 1729 3051 de
1754 2995 1951 3051 femina
1978 3010 2129 3051 sum-

600 3209 627 3238 ι
667 3199 957 3268 Exemplar
980 3196 1248 3263 Sichardi,
1278 3196 1613 3268 signiﬁcetur.

596 3271 626 3310 δ
668 3264 1033 3342 Vulgatiante
1062 3270 1264 3342 Quesn.
1308 3264 1489 3342 delent
1522 3266 1787 3342 omnibus._
1808 3264 1977 3319 Codd.
2008 3265 2120 3319 col-

528 3344 651 3399 lect.
699 3336 945 3398 11⁷θι24
974 3342 1154 3396 delent
1205 3338 1512 3393 hominibus.
1565 3336 1858 3392 Sichardus
1911 3351 2121 3391 utrum-

532 3431 658 3487 que.

602 3496 624 3525 ε
667 3484 998 3542 Sichardus:
1033 3480 1100 3535 In
1132 3482 1223 3536 hoc
1250 3481 1404 3534 sicut.
2146 3515 2192 3579 Ε

602 3556 624 3579 ’⁸
668 3560 912 3579 Α--εκι---ι-
966 3553 1133 3579 ωηο-ε
1188 3554 1319 3579 ωερε-ι
1390 3560 1439 3579 ns
1483 3550 1608 3579 Mm:
1643 3551 1931 3579 Ληηηηηιιη
1968 3560 2089 3579 “MA

599 3556 624 3594 ά
667 3560 915 3626 Quinque
966 3553 1136 3609 nostri
1186 3554 1343 3607 codd.
1388 3560 1444 3606 et
1481 3550 1609 3607 editi
1643 3551 1934 3620 Qucsuello
1966 3560 2119 3606 ante-

528 3630 724 3693 riores,
749 3646 897 3683 nova.

603 3711 626 3738 ο
671 3700 790 3755 Vat.
820 3698 1034 3754 collect.
1075 3696 1145 3750 24
1195 3704 1247 3749 et
1292 3693 1420 3750 editi
1453 3693 1518 3748 ad
1551 3695 1869 3763 marginem,
1902 3694 2114 3749 Christi.

604 3769 623 3809 ί
668 3770 803 3825 Vide
833 3779 1012 3824 notam
1037 3769 1070 3822 1
1102 3768 1303 3834 Quesn.

606 3852 631 3890 Β
673 3843 811 3897 Editi
838 3842 1164 3907 antiquiores
1190 3853 1309 3891 cum
1338 3837 1453 3890 Vat.
1480 3836 1692 3890 collect.
1720 3836 1813 3900 24,
1844 3852 1995 3906 quam
2017 3852 2119 3889 non

528 3914 593 3969 de
623 3915 813 3979 femina
841 3912 1079 3979 sumpsit,
1106 3909 1195 3963 sed
1226 3910 1412 3980 factam
1435 3911 1497 3961 de
1531 3907 1717 3970 Verbo,
1743 3920 1846 3961 etc.

600 3982 629 4022 ιι
668 3982 799 4039 Vide
863 3990 1041 4037 notam
1088 3982 1122 4037 5
1165 3980 1476 4046 Quesnelli,
1537 3987 1592 4033 et
1638 3991 1876 4033 nostram
1927 3988 2116 4033 annot.

528 4055 787 4129 7(0005)
829 4055 879 4110 in
923 4056 1080 4129 epist.
1125 4053 1246 4129 109.
1282 4052 1402 4129 Mos
1446 4051 1629 4105 excusi
1678 4061 1799 4104 ante
1829 4050 2032 4118 Quesn.
2066 4060 2121 4107 et

528 4123 660 4183 mss.
685 4123 898 4184 collect.
931 4124 1022 4188 24,
1055 4126 1192 4177 varie
1218 4123 1559 4193 protulerunt.

608 4198 623 4239 ί
670 4200 786 4255 Duo
816 4198 975 4255 codd.
1013 4197 1156 4251 Vatt.
1189 4195 1401 4250 collect.
1434 4193 1526 4256 21,
1554 4194 1599 4247 ei
1629 4202 1848 4247 naturae.

604 4269 620 4321 i
660 4271 780 4326 Vat.
812 4272 1026 4326 collect.
1049 4268 1111 4322 11
1142 4276 1195 4320 et
1226 4264 1363 4319 alius
1392 4265 1496 4319 546
1524 4266 1741 4319 collect.
1769 4265 1860 4326 21.
1897 4281 2008 4320 nos.

602 4340 629 4381 ιι
658 4342 774 4398 Non
808 4343 959 4412 pauci
1001 4338 1177 4412 nostri
1193 4338 1433 4412 codices,
1467 4339 1628 4389 etiam
1667 4335 1967 4412 Vindelico.
2004 4335 2119 4412 col-

531 4413 656 4470 leCt.
692 4415 725 4470 5
750 4406 871 4467 cu'm
895 4410 1287 4476 antiquioribus
1308 4408 1464 4461 editis
1486 4415 1541 4461 et
1566 4409 1818 4474 exemplo
1849 4406 2117 4469 Sichardi,

568 4485 869 4539 ostulamus.
903 4483 1191 4550 RespiCere
1244 4480 1454 4532 videtur
1494 4478 1752 4542 epistolas
1792 4480 2023 4550 scriptas
2053 4477 2120 4550 ad

578 4557 889 4610 heodosium
918 4547 1078 4622 atque
1109 4550 1445 4604 l’ulcheriaiu
1471 4565 1611 4603 anno
1632 4547 1977 4619 prtccedenti,
2007 4549 2120 4619 qui-

533 4626 634 4682 bus
661 4627 947 4681 c0nci|iutn
981 4623 1366 4688 postulaverat.
1456 4672 1461 4676 ,

608 4696 627 4735 ι
660 4697 735 4753 Ita
779 4712 898 4751 cum
948 4695 1238 4762 Qui-snollo
1292 4700 1479 4762 uoster
1506 4690 1805 4744 Vindcbon.
1843 4689 2057 4745 collect.
2089 4688 2122 4744 5

529 4776 583 4822 et
607 4784 739 4823 mss.
762 4761 987 4822 collect;
1020 4764 1112 4821 21.
1150 4764 1341 4817 (ὶωιθτὶ
1386 4761 1602 4816 ουάἰευε
1631 4771 1683 4814 et
1725 4761 1875 4825 editi,
1914 4777 2011 4830 quo
2049 4762 2122 4814 ci-

532 4839 654 4894 tius.
691 4839 851 4893 Paulo
885 4846 1038 4909 post,
1072 4837 1116 4889 si
1144 4834 1377 4907 reparari
1417 4834 1739 4901 acquiescant
1776 4834 1830 4887 in
1864 4833 1977 4886 Vat.
2018 4832 2124 4887 col-

531 4911 660 4967 lect.
690 4911 778 4964 11.

602 4980 867 5050 mVulgati
898 4978 1121 5048 afligunt
1148 4975 1456 5050 chronicam
1491 4983 1686 5050 notam,
1706 4973 1783 5050 sic
1817 4992 1829 5029 :
1851 4974 1990 5050 Data
2007 4975 2122 5050 idi-

531 5053 624 5107 bus
671 5044 904 5107 Octbbris
954 5044 1152 5103 Asteria
1204 5057 1249 5103 et
1309 5045 1595 5118 Protogene
1641 5047 1762 5099 uiris
1814 5044 2118 5101 clarissimis

528 5125 843 5179 consulibus.
888 5120 1145 5190 Quamvis
1194 5129 1371 5173 autem
1442 5119 1553 5172 hinc
1603 5120 2118 5190 temporis__n0tatio

529 5198 832 5252 inveniatur
858 5188 928 5250 in'
943 5190 1142 5247 nostris
1171 5190 1329 5245 codd.
1357 5190 1571 5243 collect.
1603 5188 1698 5252 20,
1723 5188 1813 5251 21,
1844 5188 1915 5242 22
1944 5201 1995 5243 et
2022 5189 2115 5254 25,

530 5284 757 5338 quarunt
796 5276 907 5322 tres
945 5264 1149 5338 ultima:
1179 5262 1351 5331 quoad
1398 5262 1532 5338 hanc
1556 5262 1837 5330 epistolam
1868 5262 2116 5338 eamdem

530 5332 791 5409 originem
835 5338 1056 5399 habent,
1088 5335 1241 5409 deest
1267 5334 1527 5409 tamenin
1551 5338 1768 5409 cieteris
1792 5332 2115 5409 antiqpiori-

530 5401 642 5465 bus
674 5422 727 5466 et
770 5407 1231 5478 priestantioribus
1262 5402 1670 5478 ciirllcctiouilius
1698 5404 1753 5467 5,
1786 5402 1872 5478 11,
1911 5401 1998 5478 12,
2030 5405 2114 5469 13,

533 5483 601 5537 18
629 5493 683 5537 et
710 5473 803 5544 21.
832 5496 895 5536 ac
922 5479 976 5535 in
1001 5476 1250 5546 exemplo
1280 5474 1551 5531 Sichardi.
1585 5473 1774 5529 Utrum
1810 5476 2114 5546 inveniatur

531 5553 586 5607 in
637 5555 825 5608 codice
877 5544 1187 5607 Corbeiensi
1237 5548 1451 5603 collect.
1509 5546 1545 5599 2
1598 5546 1924 5616 ignoramus.
1981 5544 2116 5602 Vide

531 5624 698 5680 not.6
730 5622 1041 5692 Quesnelli,
1074 5620 1161 5692 ubi
1198 5634 1315 5674 eam
1365 5617 1661 5692 addititiam
1712 5619 2114 5692 opinatusuest.

532 5688 821 5751 Enimvero
871 5694 1068 5762 scripta
1118 5691 1224 5746 dici
1276 5692 1463 5760 nequit
1511 5689 1625 5743 hinc
1652 5689 1880 5758 epistola
1939 5688 2115 5762 idibus

533 5766 785 5823 Octobris
836 5764 962 5820 anni
985 5761 988 5762 ⁷
1011 5763 1140 5827 419,
1174 5778 1297 5817 nam
1342 5762 1518 5828 capite
1549 5776 1567 5815 ι
1597 5768 1968 5815 memorantur
1995 5761 2114 5814 aliae

535 5837 726 5893 litterae
749 5838 812 5891 ad
846 5838 1063 5892 eosdem
1103 5833 1730 5903 Constantinopolitanos
1756 5832 1865 5901 jam
1895 5832 2117 5887 directa;

536 5921 635 5979 per
683 5908 1037 5975 Epiphaniqu
1101 5921 1161 5961 ac
1218 5902 1551 5962 Dionvsium.
1609 5902 1880 5959 Iudicatur
1936 5911 2116 5960 autem

2221 1985 2343 2039 dem
2372 2026 2387 2051 ,
2436 1984 2814 2051 dilectissimi,
2864 1998 3047 2037 veram
3098 1991 3153 2037 et
3185 1980 3611 2037 iudissolubilem
3639 2021 3656 2045 ,
3694 1994 3813 2049 qua

2222 2076 2335 2130 sola
2364 2090 2525 2131 veros
2557 2075 2724 2130 efﬁcit
2754 2075 3114 2139 Christianos,
3141 2087 3433 2144 quamque,
3468 2082 3525 2125 ut
3552 2070 3796 2139 intelligi.

2224 2186 2342 2225 mus
2388 2179 2444 2224 et
2493 2170 2805 2239 probamus,
2855 2169 2946 2237 pio
2996 2167 3178 2223 studio
3224 2176 3281 2223 et
3326 2165 3584 2222 laudabili
3630 2178 3817 2220 amore

2224 2262 2537 2327 defenditis,
2570 2271 2983 2332 perseveranter
3009 2270 3188 2318 tenete
3219 2269 3274 2316 et
3301 2270 3614 2317 constanter
3659 2272 3810 2314 asse-

2223 2355 2346 2409 rite.
2377 2354 2539 2427 981
2571 2354 2638 2408 Et
2664 2354 2919 2424 quoniam
2969 2361 3184 2423 oportet
3212 2351 3229 2406 l
3262 2367 3360 2407 vos
3409 2360 3529 2422 post
3574 2351 3815 2406 divinum

2219 2447 2475 2501 auxilium
2533 2448 2698 2502 etiam
2769 2446 3163 2502 catholicorum
3228 2447 3529 2516 principum
3587 2444 3817 2515 gratiam

2222 2538 2557 2609 promereri,
2607 2537 2881 2593 humiliter
2906 2553 2968 2592 ac
3007 2536 3283 2606 sapienter
3311 2535 3594 2605 exposcite
3624 2543 3683 2589 ut
3725 2548 3818 2602 pe-

2217 2629 2393 2684 titioni
2434 2639 2653 2695 nostrze,
2698 2645 2801 2698 qua
2833 2629 3124 2697 plenariam
3155 2627 3321 2683 indici
3364 2627 3631 2700 synodum
3661 2624 3690 2663 ι
3720 2641 3821 2695 po~

2220 2722 2561 2788 stulavimus,
2619 2720 3074 2777 clementissimus
3110 2720 3405 2791 imperator
3432 2719 3682 2789 dignetur
3712 2732 3821 2771 an-

2223 2827 2429 2868 nuere:
2463 2809 2483 2851 ι
2518 2828 2621 2880 qua
2667 2814 2848 2877 citius,
2886 2813 3175 2881 adiuvante
3216 2811 3585 2867 misericordia
3610 2810 3726 2876 Dei,
3765 2817 3825 2864 et

2226 2906 2373 2961 sanis
2417 2904 2675 2960 fortitudo
2720 2915 2997 2975 augeatur,
3027 2912 3083 2960 et
3128 2903 3410 2972 morbidis,
3437 2904 3484 2959 si
3518 2902 3698 2959 curari
3726 2915 3826 2957 ac-

2228 2998 2529 3070 quiescant,
2564 2997 2831 3053 medicina
2858 3007 3165 3067 prasstetur.
3198 3006 3237 3034 ω
3616 3013 3620 3018 ’

2227 3195 2389 3262 epist.
2421 3195 2489 3253 50
2518 3194 2640 3251 data
2668 3210 2725 3249 Ill
2757 3195 2875 3249 idus
2899 3194 2981 3251 vel
3013 3195 3186 3251 idibus
3216 3195 3467 3252 Octobris
3492 3196 3660 3266 ipsius
3687 3200 3824 3257 anni

2228 3268 2349 3321 449.
2389 3283 2547 3336 quam
2581 3268 2797 3331 quidem
2833 3282 2935 3320 una
2966 3283 3085 3321 cum
3125 3267 3245 3321 aliis
3276 3270 3517 3334 epi~tolis
3543 3270 3644 3323 sub
3672 3270 3825 3327 idem

2228 3346 2440 3407 tempus
2474 3339 2688 3403 scriptis
2727 3337 3085 3405 Epiphaniam
3112 3349 3165 3393 et
3198 3338 3506 3409 Dionysium
3533 3340 3817 3396 Constan-

2230 3410 2513 3481 tinopolim
2543 3409 2888 3481 deferendam
2931 3414 3205 3481 accepiSse
3253 3411 3557 3481 colligimus
3592 3427 3657 3466 ex
3696 3413 3827 3481 epi-

2228 3481 2364 3534 stola
2394 3479 2481 3548 54,
2510 3480 2596 3534 ubi
2634 3481 2732 3533 alia
2768 3482 2993 3547 epistola
3024 3479 3093 3534 41
3126 3482 3190 3533 ad
3222 3480 3585 3537 Theodosium
3616 3498 3673 3538 IIl
3697 3479 3826 3539 idus

2225 3552 2475 3607 Oetobris
2525 3552 2733 3615 signata
2799 3567 2890 3617 per
2937 3552 3189 3606 eumdem
3238 3553 3593 3619 Epitiltanium
3650 3556 3826 3611 missa

2226 3624 2476 3696 traditur.
2512 3623 2668 3677 Prius
2695 3638 2824 3692 ergo
2850 3628 3046 3696 scripta
3075 3634 3128 3678 et
3160 3624 3471 3696 transmissa
3493 3624 3591 3679 fuit
3611 3628 3829 3696 episto-

2224 3696 2270 3747 la
2302 3695 2392 3759 50,
2421 3700 2685 3760 posterius
2708 3711 2839 3747 vero
2871 3693 2985 3765 haec
3015 3694 3237 3765 epistola
3269 3693 3358 3765 59.
3391 3697 3442 3749 Id
3469 3693 3658 3750 autem
3684 3699 3827 3753 inci-

2223 3766 2369 3819 disse
2401 3767 2541 3820 circa
2575 3766 2808 3818 medium
2842 3764 3089 3819 Martium
3118 3767 3241 3818 anni
3264 3764 3370 3820 450
3395 3768 3651 3820 nonnulla
3683 3782 3821 3823 sua-

2223 3838 2353 3891 dent
2379 3853 2447 3892 ex
2479 3837 2707 3904 epistola
2739 3838 2827 3899 6|,
2869 3837 3070 3903 scripta
3112 3837 3201 3891 die
3233 3838 3296 3890 17
3326 3837 3496 3892 Martii
3520 3840 3645 3891 anni
3669 3841 3825 3905 ejus-

2223 3908 2345 3962 dent
2377 3908 2441 3962 ad
2470 3907 3095 3973 Consuautinopolitanos
3135 3907 3586 3963 archimandritas
3627 3910 3825 3964 Marti-

2225 3995 2350 4032 nnin
2380 3990 2435 4033 ct
2468 3978 2746 4043 Faustum,
2772 3979 2836 4031 ad
2876 3995 3010 4047 quos
3042 3980 3266 4047 epistola
3312 3979 3374 4034 51
3421 3995 3542 4034 cum
3581 3983 3824 4045 epistola

2224 4051 2295 4106 50
2327 4067 2419 4118 per
2448 4050 2805 4119 Epiphanium
2852 4060 2903 4103 et
2950 4049 3264 4120 Dionysuum
3309 4051 3467 4105 missa
3500 4050 3699 4106 furrat.
3734 4053 3821 4108 Ex

2223 4123 2446 4191 epistola
2500 4122 2748 4174 nimirum
2799 4122 2861 4174 61
2915 4121 3087 4188 palam
3137 4120 3195 4173 ﬁt
3243 4119 3477 4177 Leonem
3537 4122 3826 4192 accepisse

2223 4209 2410 4247 eorum
2454 4193 2683 4253 litteras,
2712 4208 2773 4245 es
2808 4192 3002 4260 quibus
3029 4193 3280 4259 cognovit
3310 4207 3369 4246 se
3397 4208 3491 4262 per
3517 4195 3821 4257 epistolam

2223 4262 2285 4319 51
2334 4264 2384 4318 in
2412 4263 2619 4333 synodo
2645 4272 2919 4317 exaratam
2949 4263 3153 4317 eisdem
3197 4264 3510 4331 praestitisse
3541 4266 3689 4334 quod
3722 4280 3826 4320 ex—

2223 4336 2496 4403 petebant.
2532 4333 2587 4388 ΙιΙ
2621 4336 2760 4388 enim
2800 4334 3029 4387 innuunt
3056 4334 3142 4388 illa
3184 4336 3372 4400 capitis
3399 4333 3604 4402 primi:
3631 4338 3827 4403 Siqui-

2224 4408 2338 4459 dem
2366 4406 2495 4459 inter
2521 4406 2853 4458 discretarum
2874 4408 3041 4473 spatia
3055 4405 3334 4477 longinqua
3358 4410 3628 4478 regionum
3650 4425 3829 4462 unum

2224 4487 2550 4549 sumpserunt
2592 4478 2748 4530 corda
2799 4486 2973 4549 nostra
3003 4478 3297 4542 consilium,
3327 4490 3381 4530 ut
3417 4480 3554 4549 quod
3593 4494 3626 4532 a
3669 4478 3827 4534 nobis

2224 4548 2613 4613 desiderabatis,
2657 4563 2713 4601 eo
2757 4548 2895 4601 vobis
2948 4559 3171 4617 tempore
3211 4564 3311 4614 quo
3354 4548 3582 4618 epistola:
3635 4562 3830 4605 vestrae

2226 4620 2553 4672 mittebantur
2582 4620 2859 4672 occurrerit
2881 4634 2898 4685 ;
2922 4618 2965 4669 si
2991 4630 3157 4672 tamen
3181 4619 3441 4672 dilectioni
3468 4629 3647 4674 vestra?
3678 4624 3835 4676 tradi

2222 4691 2412 4761 scripta
2442 4700 2619 4744 nostra
2646 4700 2873 4762 potuere,
2904 4705 3018 4759 qua:
3048 4706 3151 4743 non
3172 4689 3337 4743 solum
3361 4692 3661 4759 apostolica
3680 4694 3830 4748 sedis

2226 4762 2553 4827 auctoritate,
2586 4764 2675 4815 sed
2725 4763 2875 4815 etiam
2913 4772 3104 4814 sancta:
3143 4763 3447 4831 synodi.....
3470 4764 3828 4819 unanimitate

2227 4832 2421 4886 directa
2458 4843 2591 4886 sunt.
2634 4832 2779 4887 Idem
2824 4847 2953 4887 vero
2992 4834 3229 4898 nuntius,
3262 4834 3351 4901 qui
3394 4833 3583 4887 horum
3638 4837 3834 4888 archi-

2147 4900 2203 4961 D
2228 4904 2612 4957 mandritaruui
2657 4904 2861 4959 litteras
2906 4903 2969 4955 ad
3012 4903 3245 4957 Leonem
3284 4900 3500 4970 attulit,
3528 4904 3831 4973 epistolam

2226 4977 2382 5028 etiam
2420 4976 2549 5028 cleri
2583 4984 2635 5028 et
2684 4976 2865 5043 populi
2911 4973 3486 5044 Constantinopolitani
3515 4979 3679 5029 simul
3723 4978 3839 5033 dc-

2231 5045 2755 5117 tulissecredendus
2784 5058 2886 5099 est.
2921 5046 3053 5098 Hinc
3080 5047 3296 5115 quidem
3327 5049 3378 5100 in
3420 5048 3674 5115 prmsenti
3707 5051 3838 5117 epi-

2223 5118 2359 5170 stola
2392 5116 2482 5181 59,
2511 5133 2629 5183 cap.
2671 5132 2710 5181 I,
2742 5116 2851 5171 Leo
2892 5117 3139 5171 similiter
3182 5120 3368 5171 scribit
3403 5134 3467 5172 ac
3506 5121 3555 5170 in
3584 5116 3839 5186 epistola

2222 5190 2283 5243 61
2323 5204 2335 5239 :
2368 5189 2517 5255 Quod
2539 5190 2817 5255 expetistis,
2837 5187 2974 5242 ultro
3003 5188 3334 5257 prwbuimus.
3363 5190 3838 5247 Archimandri'a:

2222 5260 2433 5314 scilicet
2467 5274 2566 5314 nec
2602 5260 2927 5332 nonrclerus
2958 5271 3012 5314 et
3056 5261 3282 5332 populus
3318 5259 3843 5332 Canstantinopoli-

2224 5341 2381 5387 Ianus
2412 5347 2517 5386 uno
2544 5330 2772 5385 consilio
2811 5332 2971 5385 simul
3013 5332 3077 5385 ad
3119 5331 3355 5387 Leonem
3396 5333 3607 5388 litteras
3647 5330 3845 5391 dede-

2220 5413 2342 5457 rant
2390 5404 2442 5457 in
2493 5404 2690 5471 quibus
2726 5400 2961 5468 idipsum
3008 5404 3388 5471 expetebatur;
3438 5414 3493 5459 et
3540 5405 3844 5462 dederunt

2223 5476 2412 5529 eodem
2456 5474 2675 5546 circiter
2702 5481 2948 5546 tempore
2980 5488 3087 5539 quo
3116 5474 3182 5546 ad
3214 5475 3360 5544 ipsos
3381 5475 3491 5531 Leo
3516 5476 3669 5530 misit
3695 5480 3843 5546 epi—

2220 5546 2388 5599 SIolas
2416 5547 2484 5601 50
2515 5554 2569 5600 et
2599 5545 2688 5609 51,
2714 5545 2853 5600 unde
2882 5548 3122 5616 utrisque
3149 5545 3358 5601 illorum
3384 5547 3630 5616 epistolis
3651 5545 3844 5606 simul

2218 5621 2454 5689 acceptis
2484 5616 2592 5670 Leo
2622 5616 2872 5689 similiter
2909 5617 3208 5689 respondit,
3243 5633 3304 5674 se
3334 5621 3439 5687 iam
3474 5634 3570 5687 per
3612 5621 3848 5689 episto-

2220 5688 2299 5743 las
2330 5689 2396 5745 50
2428 5697 2480 5742 et
2515 5689 2577 5743 51
2611 5687 2830 5742 Octobri
2857 5691 2981 5743 anni
3003 5687 3367 5759 praecedentis
3398 5687 3849 5751 directas'ultro

2220 5762 2362 5829 quod
2385 5759 2711 5826 expetebant
2736 5762 3070 5833 prteStitisse,
3104 5771 3157 5817 et
3182 5763 3376 5818 eodem
3405 5760 3567 5833 etiam
3603 5771 3851 5833 tempo-

2224 5846 2281 5902 re
2327 5833 2720 5902 quoipsorum
2777 5831 3020 5900 epistolae
3072 5833 3441 5889 mittebantur.
3485 5832 3658 5902 Igitur
3699 5831 3844 5894 tiim

2221 5901 2338 5958 haec
2381 5901 2605 5972 epistola
2635 5901 2725 5970 59,
2763 5912 2872 5959 tum
2912 5903 3137 5973 epistola
3174 5903 3236 5961 61
3277 5905 3376 5963 sub
3404 5901 3546 5962 idem
3598 5914 3850 5976 tempus
