4014 6358
204 323 295 388 875

721 436 1055 499 EPISTOLA
1091 448 1115 475 ³
1145 436 1257 494 LX.

577 552 603 592 ι)
631 568 699 609 so
726 568 1061 609 PULCHERIMI
1102 566 1406 609 AUGUSTMI.

208 671 480 727 Stttoesls.
510 699 580 710 —
608 666 708 722 Per
729 665 997 738 Eutychen
1036 667 1163 738 fidei
1191 667 1533 738 fundamenta
1559 664 1793 738 concuti;

274 744 523 797 adversus
564 757 711 811 quem
752 736 1044 795 conciliant
1063 736 1302 811 generale
1333 737 1614 793 Pulcheria
1643 736 1796 790 anni-

271 826 404 870 tente
424 812 670 868 celebrari
701 813 863 883 cupit.

328 946 494 1019 982
522 943 637 1002 Leo
666 943 953 1015 episcopus
983 953 1008 983 ο
1035 944 1360 1001 Pacensem
1391 944 1667 1015 Augustae.

270 1079 521 1135 Gaudere
564 1094 651 1134 me
706 1078 996 1149 plurimum
1049 1088 1104 1134 et
1145 1078 1421 1133 exsultare
1474 1076 1531 1132 in
1573 1076 1801 1131 Domino

206 1172 418 1243 pietatis
450 1182 556 1225 tuae.
573 1169 774 1240 scripta
803 1170 1071 1234 fecerunt,
1100 1171 1294 1241 quibus
1316 1168 1597 1224 evidenter
1618 1180 1805 1224 osten-

206 1266 345 1318 ditur
370 1271 634 1332 quantum
664 1262 981 1317 Catholicam
1009 1262 1202 1332 diligas
1240 1260 1425 1325 ﬁdem,
1455 1273 1504 1315 et
1544 1272 1804 1331 quantum

206 1358 520 1414 haereticnm
569 1357 856 1412 detesteris
902 1370 1165 1410 errorem.
1214 1355 1450 1409 eresis
1497 1355 1695 1424 quippe
1723 1362 1805 1409 est

207 1451 362 1507 nimis
411 1449 571 1519 impia
622 1445 728 1505 et‘1
774 1451 1067 1519 Evangelia
1118 1450 1358 1503 veritatis
1414 1447 1654 1510 inimica,
1685 1463 1806 1517 quae

209 1558 310 1599 non
345 1546 654 1612 portionem
686 1542 923 1610 aliquam
951 1542 1171 1607 laedere,
1206 1543 1299 1595 sed
1341 1540 1455 1609 ipsa
1484 1537 1808 1593 Christianae

210 1636 487 1707 religionis
537 1646 765 1691 conatur
817 1634 1166 1689 fundamenta
1222 1633 1552 1701 cenvetlere,
1607 1646 1810 1703 negans

210 1730 523 1800 sempiterni
580 1728 756 1783 Patris
827 1728 1021 1783 Filium
1079 1729 1469 1795 sempiternum
1534 1726 1601 1779 de
1657 1734 1811 1779 utero

1600 312 1931 373 EPISTOLA
1973 310 2103 367 LXI.

1818 439 1872 496 Α
1900 444 2001 488 tas.
2021 432 2155 487 Data
2181 429 2393 486 decimo
2414 437 2568 484 sexto
2588 418 2849 485 kalendas
2871 424 3094 498 Aprilis,
3114 427 3492 490 Valentiniano

3373 302 3486 369 874

1902 527 2142 593 Augusto
2170 523 2392 592 septies,
2426 532 2477 576 et
2514 522 2741 587 Avieno,
2781 536 2831 573 v.
2862 521 2927 576 cl.
2965 521 3273 577 consulibus
3297 521 3345 577 ἱ.

2414 656 2745 713 EPISTOL.\
2778 654 2801 691 ¹ί
2837 655 2969 710 LXI.

2092 754 2109 791 Ῑ
2146 771 2214 810 AD
2236 769 2511 809 MARTINUI!
2542 768 2609 806 ET
2640 766 2884 806 ΡΑυετωι
2914 764 3302 806 PRESBYTEBOS.

1902 860 1943 890 ω
1975 850 2242 906 Svuorsrs.
2278 878 2345 888 —
2369 847 2409 902 l.
2447 847 2518 900 De
2543 846 2726 901 litteris
2759 845 2827 899 ad
2860 862 2943 899 eos
2973 846 3176 913 scriptis
3207 853 3395 898 monet.
3425 862 3501 884 --

1973 921 2040 977 II.
2075 921 2329 975 Hortatur
2350 929 2403 973 ut
2427 919 2549 987 ﬁdei
2576 932 2787 971 causam
2817 918 3086 987 adjacent,
3116 918 3280 988 iisque
3305 915 3505 975 sollici-

1976 993 2206 1047 tudinem
2237 1008 2383 1046 suant
2417 990 2657 1061 spondet.

1903 1087 2018 1144 Leo
2046 1086 2352 1157 episcopus,
2385 1093 2412 1121 η
2445 1084 2712 1157 ΜΑιιτιΝο,
2745 1091 2800 1157 et
2832 1082 3048 1157 Fausro
3086 1082 3419 1154 presbyteris
3449 1090 3506 1139 et

2479 1154 2942 1209 arcltimandritis.

1978 1275 2109 1330 CAP.
2142 1274 2183 1329 l.
2211 1304 2282 1315 —
2308 1271 2581 1328 Bonorum
2612 1286 2837 1342 operum
2869 1278 2926 1326 et
2946 1270 3269 1339 spiritalium
3302 1270 3508 1325 studio-

1909 1384 2028 1424 rum
2063 1371 2226 1423 Deum
2254 1377 2531 1423 auctorem
2566 1380 2687 1422 esse
2726 1382 2831 1421 non
2865 1364 3084 1420 dubium
3117 1372 3231 1428 est;
3260 1364 3351 1433 qui
3374 1378 3510 1434 quo-

1912 1480 2030 1520 rum
2084 1463 2271 1518 incitat
2327 1471 2557 1526 mentes,
2581 1461 2801 1529 adjuvat
2844 1460 3107 1514 actiones.
3141 1458 3296 1526 Quod
3352 1457 3510 1513 nobis

1912 1556 2169 1627 praesenti
2207 1557 2588 1623 experimento
2615 1552 2783 1625 984
2811 1552 3086 1607 evidenter
3124 1552 3394 1619 apparuit.
3427 1548 3513 1606 Si-

1914 1647 2129 1718 quidem
2155 1646 2296 1700 inter
2318 1648 2669 1700 tliscretarutn
2690 1646 2859 1711 spatia
2885 1644 3173 1714 longinqua
3204 1643 3511 1713 regionum,

1919 1730 2080 1794 unum
2111 1750 2455 1808 snmpserunt
2480 1739 2643 1793 corda
2678 1747 2863 1792 nostra
2889 1736 3200 1797 consilium.
3222 1747 3277 1789 ut
3307 1735 3450 1805 quod
3480 1749 3515 1789 a

210 1820 377 1878 δείδιε
425 1821 665 1891 Virsinis
713 1822 902 1875 matris
946 1835 1130 1874 veram
1173 1834 1392 1874 “mem
1433 1828 1633 1872 “"5"?
1661 1832 1810 1871 ευιη·
1846 1833 1890 1892 Β
1921 1832 2079 1885 nobis
2118 1830 2532 1891 desiderabatis,
2565 1844 2629 1883 eo
2677 1829 2831 1884 vobis
2862 1839 3105 1897 tempore
3139 1842 3245 1896 quo
3275 1827 3519 1895 epistola:

211 1916 381 1986 psisse
420 1926 650 1983 natura,
679 1927 734 1970 et
770 1929 868 1970 eos
891 1914 1238 1969 damnatione
1265 1914 1590 1981 percellens,
1623 1911 1712 1980 qui
1744 1912 1812 1965 ab

212 2010 517 2081 evangelica
548 2018 605 2064 et
630 2011 927 2079 apostolica
961 2010 1064 2063 lide
1097 2006 1245 2061 nullo
1277 2007 1472 2061 deduci
1503 2020 1691 2060 errore
1720 2018 1814 2075 po-

214 2115 452 2163 luerunt.
486 2103 725 2174 illudque
755 2101 958 2156 frustra
1001 2102 1346 2169 protendens
1387 2100 1529 2169 quod
1582 2099 1814 2153 [Vica-nee

214 2198 402 2270 synodi
436 2196 600 2251 ﬁdem
630 2205 828 2265 teneat,
855 2197 1009 2260 cuius
1030 2210 1151 2249 eum
1177 2210 1299 2249 esse
1321 2203 1530 2247 constat
1549 2192 1811 2260 alienum,

215 2290 609 2361 gloriosissima
657 2292 919 2359 Augusta.
949 2287 1103 2343 Unde
1150 2288 1274 2357 quia
1329 2304 1434 2341 non
1478 2285 1680 2340 deserit
1718 2284 1819 2339 Ec-

217 2384 437 2439 clesiam
468 2397 621 2436 suam
646 2382 821 2436 divina
851 2381 1365 2449 pr0tectio,dicente
1399 2379 1659 2433 Domino:
1690 2375 1819 2431 Ecce

217 2492 306 2547 ego
340 2478 605 2530 vobiscum
639 2492 750 2529 sum
791 2474 1028 2527 omnibus
1068 2474 1246 2527 diebus
1289 2489 1450 2543 usque
1475 2473 1542 2525 ad
1580 2487 1821 2525 consum-

217 2569 498 2622 mationem
522 2568 685 2639 983
721 2565 897 2621 surculi
916 2564 1138 2640 (Matth.
1161 2581 1353 2631 xxvut,
1378 2564 1495 2633 20);
1520 2566 1821 2633 eodemque

217 2679 382 2735 opere
414 2674 439 2701 ε
473 2675 529 2718 et
553 2677 795 2733 tempore
826 2662 1046 2733 spiritus
1075 2662 1170 2716 Dei
1201 2672 1253 2715 et
1290 2663 1596 2717 clementia:
1629 2673 1823 2716 vestrae

216 2756 640 2813 sollicitudinem
682 2764 737 2810 et
780 2770 968 2810 curant
1028 2756 1199 2809 nostri
1238 2756 1417 2810 cordis
1461 2754 1732 2820 accendit,
1765 2759 1825 2808 ut

216 2849 286 2906 de
313 2848 575 2905 remediis
604 2848 958 2919 procurandis
988 2848 1177 2903 eadem
1222 2848 1436 2915 utrique
1467 2859 1821 2917 caperemus:

218 2957 338 3014 qua:
380 2946 533 3010 prius
566 2939 587 2979 ί
624 2945 864 3013 poposci,
901 2956 1043 2995 nunc
1091 2956 1309 3011 quoque
1350 2938 1634 2994 instantius
1678 2946 1825 3008 peto,

216 3036 434 3108 majore
481 3044 639 3090 utens
680 3034 871 3090 ﬁducia
915 3034 1261 3102 deprecandi,
1307 3046 1653 3103 posteaquam
1689 3046 1830 3101 prae-

218 3130 425 3185 sidium
478 3128 799 3183 veneranda
848 3128 1241 3182 exhortationis
1309 3126 1515 3195 accepi.
1572 3134 1597 3171 8
1656 3122 1828 3192 Spero

1918 1936 2113 1977 vestrm
2142 1930 2165 1956 ο
2208 1921 2557 1975 mittebantur
2587 1922 2904 1983 occurrerit.
2937 1920 2983 1974 si
3020 1929 3200 1974 tamen
3233 1918 3517 1973 dilectioni

1918 2024 2113 2070 vestrae
2140 2012 2275 2067 tradi
2300 2022 2325 2062 ι’
2358 2014 2558 2083 scripta
2584 2021 2765 2066 nostra
2790 2022 3036 2081 potuere,
3061 2026 3180 2080 qum
3213 2025 3319 2064 non
3343 2008 3520 2064 solum

1920 2108 2234 2180 apostolica:
2262 2106 2410 2162 sedis
2436 2106 2779 2175 auctoritate,
2812 2104 2910 2160 sed
2937 2107 3099 2160 etiam
3132 2116 3331 2160 sanctte
3351 2117 3522 2175 syno-

1921 2202 1997 2271 di,
2030 2219 2148 2273 qtne
2198 2201 2265 2255 ad
2318 2215 2416 2255 nos
2462 2199 2714 2270 frequens
2764 2207 3118 2268 convenerat,
3170 2199 3524 2253 unanimitate
3595 2242 3601 2250 .

1922 2298 2129 2352 directa
2158 2306 2304 2364 sunt,
2336 2307 2395 2350 ut
2422 2298 2474 2350 in
2509 2298 2590 2350 bis
2623 2303 2879 2364 quantam
2916 2309 3099 2349 curam
3130 2294 3294 2347 totius
3326 2292 3523 2348 Eccle-

1927 2393 2023 2449 siae
2072 2392 2368 2447 habeamus
2394 2397 2692 2460 appareat;
2728 2389 2992 2444 hortando
3028 2388 3235 2444 scilicet
3283 2387 3528 2443 omnium

1926 2485 2171 2541 ﬁdelium
2217 2496 2426 2539 mentes
2489 2493 2545 2538 et
2613 2482 3164 2536 clementissimorum
3224 2480 3531 2550 principum

1927 2578 2176 2650 prtcsidia
2206 2578 2272 2632 ad
2304 2577 2670 2631 defensionem
2700 2575 2824 2629 ﬁdei
2849 2574 3171 2641 postulando
3204 2589 3217 2628 :
3243 2582 3272 2622 ιι
3294 2586 3527 2643 quorum

1928 2672 2044 2743 pios
2073 2681 2126 2727 et
2158 2670 2457 2726 catholicos
2483 2670 2695 2724 animos
2723 2683 2830 2722 non
2854 2667 3151 2722 dil’lidinius
3180 2682 3335 2737 opem
3368 2674 3534 2736 atque

1929 2764 2305 2821 auctoritatem
2356 2777 2506 2816 suam
2552 2761 2712 2830 justis
2752 2759 3101 2830 petitionibus
3151 2758 3534 2829 prtestituros;

1931 2870 2039 2925 quo
2064 2856 2246 2919 citius,
2271 2853 2564 2907 auxiliante
2590 2851 2839 2917 Domino,
2871 2852 3178 2921 perniciosa
3210 2850 3453 2919 haeresis,
3477 2857 3537 2905 et

1941 2949 2144 3006 dudum
2177 2959 2492 3003 sanctorum
2525 2947 2743 3001 Patrum
2772 2946 3095 3000 auctoritate
3117 2944 3391 3011 damnata,
3413 2957 3538 3015 qua

1932 3059 2104 3113 nuper
2135 3041 2335 3109 Ephesi
2360 3043 2498 3095 male
2526 3039 2707 3108 adjnta
2739 3047 2849 3104 est,
2878 3038 3176 3092 auferatur.

2009 3136 2138 3190 Car.
2182 3134 2247 3189 ll.
2278 3157 2351 3173 -α
2394 3133 2609 3187 Interim
2660 3145 2792 3186 vero
2841 3129 2933 3185 det
2991 3144 3234 3199 operam,
3277 3138 3542 3199 quantum

217 3233 409 3278 autem
450 3220 735 3275 aﬂuturarn
771 3219 1202 3275 misericordiam
1251 3218 1369 3287 Dei,
1404 3228 1464 3274 ut
1509 3223 1830 3285 cooperante

1956 3227 2053 3283 ieri
2086 3236 2285 3297 potest,
2317 3236 2496 3281 Vestra
2522 3222 2739 3279 dilectio
2762 3233 2816 3276 ut
2851 3222 3100 3276 omnibus
3133 3220 3391 3275 Ecclesiae
3416 3218 3542 3276 ﬁliis

219 3318 521 3373 clementia
554 3328 755 3379 vestra,
790 3315 1035 3386 pestiferi
1066 3315 1269 3369 erroris
1295 3313 1465 3383 possit
1491 3313 1714 3367 morbus
1743 3327 1843 3366 au-

218 3410 353 3466 I'erri
390 3429 407 3465 :
440 3422 500 3465 ut
525 3410 807 3480 quidquid,
835 3410 954 3479 ipso
986 3409 1289 3476 insilirante
1319 3421 1481 3479 atque
1509 3409 1827 3473 auxiliante,

220 3507 474 3576 potuerit
505 3504 795 3559 salubriter
828 3506 965 3571 ﬁeri,
992 3519 1113 3558 cum
1144 3512 1344 3558 vestra:
1372 3502 1498 3557 ﬁdei
1531 3502 1687 3556 laude
1713 3515 1835 3572 per-

216 3615 427 3674 agatur
461 3622 473 3656 :
507 3601 762 3673 quoniam
806 3601 836 3638 ιι
881 3616 968 3656 res
1007 3598 1303 3654 lbumanae
1350 3601 1506 3653 aliter
1548 3608 1675 3653 tuta:
1718 3612 1840 3653 esse

217 3710 337 3750 non
388 3702 667 3771 possunt,
722 3694 821 3747 nisi
865 3708 986 3763 quae
1038 3691 1106 3745 ad
1158 3691 1393 3746 divinam
1441 3690 1839 3748 confessionem

218 3784 540 3856 pertinent,
572 3793 628 3839 et
657 3784 801 3854 regia
841 3793 897 3838 et
928 3782 1282 3838 sacerdotalis
1316 3782 1568 3838 defendat
1613 3786 1845 3840 auctori-

218 3942 523 4012 rescriptte
562 3940 813 4005 fuerunt;
848 3942 939 3996 illa
981 3956 1110 3995 vero
1148 3941 1385 4012 primum
1420 3958 1433 3994 :
1464 3955 1588 3994 nam
1619 3942 1687 3995 ad
1716 3957 1838 3999 eam

215 4010 432 4071 referri
463 4025 710 4080 putamus
741 4015 903 4068 verba
942 4014 1189 4082 cpistolze
1217 4011 1279 4066 61
1318 4030 1330 4064 :
1357 4010 1496 4063 Licet
1530 4013 1701 4080 plene,
1725 4031 1842 4085 qua:

1940 3324 2240 3378 innotescat
2270 3331 2291 3358 ι’
2327 3320 2453 3387 quid
2485 3328 2673 3374 contra
2720 3318 2943 3386 impium
2988 3329 3207 3369 sensum
3239 3313 3543 3368 secundum

1941 3417 2241 3473 doctrinam
2275 3413 2640 3485 evangelicatn
2682 3421 2734 3466 et
2774 3408 3129 3480 apostolicam
3163 3408 3542 3477 praadicemus.

1944 3513 2078 3579 Quia
2107 3509 2235 3567 licet
2260 3511 2438 3577 plene,
2469 3522 2589 3577 qua:
2633 3520 2849 3573 semper
2880 3505 3067 3558 luisset
3097 3511 3259 3570 atque
3287 3508 3431 3557 esset
3450 3515 3547 3555 ca-

1949 3607 2275 3663 tholicorutn
2308 3604 2576 3661 sententia
2610 3600 3008 3670 scripserimus,
3043 3606 3222 3651 tamen
3251 3610 3392 3650 ntmc
3412 3610 3548 3664 quo-

1950 3716 2055 3772 que
2086 3698 2152 3753 ad
2193 3694 2591 3752 conﬁrmandas
2644 3694 2885 3745 omnium
2930 3700 3141 3744 mentes
3191 3702 3297 3743 non
3358 3702 3548 3755 parum

1953 3789 2356 3849 exhortationis
2397 3784 2776 3841 9addidimus.
2830 3782 3036 3837 Memor
3090 3780 3234 3836 enim
3290 3794 3408 3835 sum
3462 3793 3551 3835 me

2025 3944 2053 3984 ¹ι
2080 3948 2173 4009 23,
2204 3962 2296 4014 qu.
2324 3945 2378 4009 5,
2417 3943 2515 3998 Res
2535 3952 2704 4014 autem
2725 3940 2983 3993 humanm.

2032 4017 2045 4055 ί
2084 4018 2198 4071 Vat.
2227 4013 2384 4079 lliSp.
2418 4027 2469 4069 et
2498 4013 2646 4068 Isid..
2674 4028 2754 4065 res
2780 4028 2976 4065 omnes.

2026 4092 2041 4140 l
2084 4088 2139 4143 In
2169 4078 2403 4156 antiquis
2432 4085 2758 4156 editignibns
2786 4098 2851 4137 ex
2880 4096 3005 4135 mss.
3024 4080 3093 4134 ab
3119 4078 3405 4148 Ilispanica
3432 4096 3551 4152 pro.

215 4101 446 4158 semper
473 4087 656 4158 [uisset
678 4095 828 4158 atque
860 4096 988 4139 esset
1019 4085 1387 4158 catholicorum
1418 4086 1687 4158 sententia,
1712 4088 1843 4158 scri-

212 4155 443 4230 psirnus
475 4155 837 4230 (nimii-urnin
879 4158 1103 4230 epistola
1147 4156 1447 4230 praesertim
1488 4155 1676 4230 28._ad
1723 4156 1843 4230 Fla-

214 4225 493 4283 i’lanunt.
518 4230 569 4280 in
603 4245 704 4298 qua
736 4228 804 4280 de
844 4227 1116 4283 Catholici)
1150 4229 1397 4298 dogmate
1438 4225 1696 4280 latissime
1727 4228 1841 4283 dis-

215 4303 421 4371 serit),
453 4297 631 4352 tanten
653 4314 787 4354 NUNC
826 4316 1023 4369 quoque
1064 4299 1147 4371 ad,
1178 4297 1574 4371 con/irritandus
1596 4302 1846 4371 omnium

211 4368 444 4426 mentes
466 4387 565 4423 non
598 4387 780 4437 parum
801 4368 1175 4425 exhortationis
1199 4370 1516 4421 addidimus.
1552 4368 1845 4424 Plurimum

213 4444 467 4513 quidem
509 4444 896 4495 CXlltirltltlUltls
936 4444 986 4494 in
1020 4443 1118 4495 bac
1160 4444 1384 4505 ClNSltll'd
1417 4440 1485 4513 59
1518 4452 1848 4513 contini-tur,

213 4511 355 4585 (iure
396 4527 559 4585 nunc.
591 4514 639 4564 itl
664 4522 775 4585 est,
822 4517 1159 4585 paulznante
1185 4514 1353 4579 ipsam
1392 4511 1673 4585 epistolam
1699 4516 1761 4568 Ol
1799 4524 1853 4569 et

210 4583 385 4639 forte
419 4583 613 4637 eodem
645 4583 731 4636 die
753 4583 949 4649 scripta
972 4583 1195 4637 (luenda
1231 4593 1333 4645 est,
1364 4584 1665 4652 eademque
1694 4598 1856 4639 occa-

211 4658 401 4712 εἰοης⁸
432 4657 631 4707 (inusta
644 4656 956 4722 ntinopmint
986 4655 1059 4707 dit
1073 4663 1213 4710 ecta.

301 4737 333 4765 α
367 4727 532 4782 Alias
563 4726 653 4780 48.
694 4726 823 4793 Qua:
864 4738 1043 4780 autem
1091 4737 1246 4780 antea
1290 4722 1359 4779 60
1403 4732 1543 4791 erat,
1578 4741 1721 4781 nunc
1761 4728 1850 4784 89.

211 4801 467 4865 Scripta
502 4798 566 4849 I7
594 4797 767 4851 Martii
799 4815 886 4853 an.
912 4796 1038 4851 450.

296 4870 329 4908 b
367 4870 657 4922 Invenitur
707 4868 821 4922 haec
870 4868 1094 4934 epistola
1146 4867 1200 4922 in
1249 4882 1380 4921 mss.
1436 4867 1649 4925 collect.
1698 4869 1850 4935 llisp.

211 4941 365 4996 Isid.
418 4940 513 5006 ll,
546 4939 733 5005 12,19
763 4948 819 4994 et
856 4942 922 4993 2|
972 4954 1141 5010 usque
1189 4939 1257 4994 ad
1304 4940 1375 4992 ‘24
1422 4953 1483 4993 ac
1523 4940 1579 4994 in
1608 4943 1855 5012 exemplo

211 5013 533 5070 Siclmrtlt.
641 5080 653 5082 _
679 5080 691 5082 ξ
771 5081 804 5082 η
921 5081 954 5082 η
1054 5007 1069 5010 ’
1190 5080 1209 5082 Δ
1767 5007 1785 5012 ’
1982 5007 1997 5016 ’
2036 5027 2062 5065 Ρ
2089 5007 2707 5080 Iudicati-pistolamSl.
2731 5007 2951 5063 Confer.
2976 5016 3163 5063 annot.
3184 5008 3254 5065 48
3275 5009 3412 5082 (Col.
3435 5011 3564 5076 87l,

302 5094 329 5122 ε
372 5082 521 5136 .‘Ilss.
556 5080 716 5136 codd.
768 5081 887 5135 Vat.
918 5081 1068 5148 llisp.
1094 5090 1148 5136 et
1188 5080 1343 5146 Isid.,
1374 5091 1429 5138 et
1471 5083 1607 5138 alius
1636 5084 1854 5140 collect.
1942 5104 2018 5140 -n.
2050 5089 2115 5148 ηι)
2150 5091 2199 5139 in
2247 5086 2407 5146 epist.
2442 5084 2530 5137 59.

302 5094 329 5122 ε
372 5089 521 5136 Mss.
556 5089 716 5136 codd.
770 5089 887 5135 Vat.
920 5089 1068 5148 llisp.
1094 5090 1148 5136 et
1189 5089 1343 5146 Isid.,
1374 5091 1429 5138 et
1471 5089 1607 5138 alius
1636 5089 1854 5140 collect.
1942 5104 2018 5140 -n.
2050 5096 2089 5124 ιη
2150 5091 2199 5139 in
2247 5089 2407 5146 epist.
2442 5089 2530 5137 59.

212 5156 285 5210 Η
331 5154 590 5217 addunt,
620 5155 1006 5226 gloriosissima:
1044 5165 1196 5223 atque
1239 5155 1500 5223 piissimw.
1537 5156 1857 5219 Quesnellus
2036 5169 2063 5208 (ι
2094 5089 2397 5213 ξΙίιιιιειωη.
2434 5153 2584 5223 llisp.
2611 5167 3158 5226 perperam,_qt_torum
3187 5164 3356 5219 posset
3384 5156 3569 5207 cat/ia-

210 5228 274 5281 in
327 5222 893 5296 margine'notavit:
930 5222 1354 5296 Hocreamrdium
1393 5228 1588 5291 [ictitite
1629 5229 1860 5296 epistola:
1964 5227 2495 5284 licos.'Eruendatum
2531 5222 2658 5296 vero
2689 5225 2741 5277 in
2778 5222 2898 5296 Va_t.
2934 5223 3110 5293 Ilisp.,
3134 5239 3351 5296 quorum
3394 5236 3570 5294 utpote

209 5300 443 5369 prima:
472 5293 626 5369 Xysti
660 5296 718 5349 ll
754 5311 903 5368 papa!
939 5296 1007 5350 ad
1048 5294 1263 5350 Gratum
1302 5308 1534 5367 aptatum
1562 5308 1636 5352 est
1660 5293 1732 5353 ab
1758 5302 1856 5353 int—
1966 5300 2280 5365 catholicos;
2310 5312 2431 5368 qua:
2479 5295 2640 5351 lectio
2686 5310 2794 5351 non
2840 5293 3031 5362 Leoni,
3081 5294 3178 5348 sed
3228 5293 3568 5352 etnendatori

204 5367 468 5441 pastore
497 5367 723 5441 Isidoro.
780 5367 830 5441 __’
1179 5439 1193 5441 _
1230 5438 1278 5441 __
1539 5438 1570 5441 μ

1966 5373 2247 5427 tribuenda
2277 5367 2377 5425 est.

287 5440 323 5477 ιι
362 5438 555 5511 [idem
586 5438 749 5493 codd.
780 5438 905 5496 Vat.
924 5438 1076 5511 llisp.
1101 5449 1158 5496 et
1178 5438 1331 5509 Isid.,
1358 5454 1483 5495 cum
1504 5438 1613 5496 alio
1637 5441 1853 5498 collect.

205 5509 321 5577 24,
359 5510 720 5581 anngelicce
747 5513 996 5565 veritatis.

293 5595 327 5655 ἦ
371 5581 716 5655 litletn_Vat.
748 5583 895 5651 llisp.
934 5594 989 5639 et
1030 5583 1181 5655 Isid.,
1209 5583 1389 5638 eadem
1427 5593 1594 5639 mente
1624 5585 1855 5655 spiritus.

292 5653 321 5692 τ
364 5654 522 5708 Mss.
554 5651 676 5708 Vat.
709 5656 925 5710 collem.
955 5654 1018 5710 11
1050 5665 1105 5711 et
1129 5654 1220 5721 2|,
1251 5657 1425 5719 petivi.

290 5737 325 5775 ε
368 5726 609 5798 Vuigati
652 5737 778 5798 ante
832 5732 1034 5793 Quesn.
1077 5743 1199 5781 cum
1262 5726 1563 5782 Vindebon.
1615 5727 1765 5798 llisp.
1808 5738 1863 5784 et

202 5814 371 5855 mss.
415 5796 648 5851 collect.
690 5796 781 5862 24,
822 5808 1021 5853 mutata
1072 5798 1506 5867 interpunctione
1546 5796 1859 5868 prrelei'unt,

204 5883 485 5946 sperans
513 5868 826 5935 piratarum.
858 5871 989 5926 Dein
1020 5873 1127 5928 duo
1152 5870 1335 5940 codd.,
1366 5870 1503 5942 quod
1532 5881 1861 5943 cooperante.

557 5960 1037 6026 PATnoL.IJ\H

1953 4160 2243 4214 deuntibus
2272 4153 2508 4223 additur,
2536 4153 2672 4208 Afra
2700 4166 3096 4208 ccccexxxvm.

2028 4230 2051 4268 "
2088 4232 2170 4287 AI.
2200 4230 2287 4285 49.
2320 4229 2448 4296 Qua:
2478 4239 2655 4281 autem
2680 4239 2836 4280 antea
2866 4223 2929 4277 (il
2965 4233 3101 4287 erat,
3121 4236 3262 4278 nunc
3292 4223 3383 4278 89.
3411 4224 3556 4281 Scri.

1956 4311 2043 4374 pla
2078 4301 2141 4355 Π
2177 4300 2349 4356 Martii
2378 4315 2483 4374 _au_.
2526 4300 2645 4354 £50.

2032 4371 2050 4412 1
2091 4375 2271 4427 Exsmt
2302 4374 2353 4428 in
2376 4371 2568 4424 iisdem
2590 4365 3005 4423 collectionibus
3033 4366 3082 4419 in
3108 4366 3303 4435 quibus
3330 4367 3557 4439 epistola

1956 4446 2288 4515 praecodens.

2030 4527 2067 4553 ιη
2099 4517 2155 4570 In
2185 4514 2344 4567 codd.
2370 4514 2579 4567 collect.
2623 4511 2753 4579 Ilisp
2808 4519 2863 4564 et
2897 4509 3018 4582 Isid.
3057 4509 3142 4563 hic
3167 4512 3351 4566 titulus
3382 4510 3560 4582 prmﬁ.

1956 4588 2101 4659 gitur
2132 4606 2144 4640 :
2176 4587 2250 4641 De
2279 4586 2611 4659 damnatione
2637 4582 2842 4635 ευητὲιιὶ
2876 4580 3125 4659 Iz'plti’sitti
3154 4587 3386 4659 secundi.

2030 4668 2056 4696 η
2090 4660 2227 4712 Etlitt
2282 4670 2404 4710 aute
2450 4653 2653 4721 Quesn.
2701 4669 2764 4706 ex
2822 4668 2953 4707 rnss.
2994 4651 3108 4705 Val.
3154 4653 3304 4722 llisp.
3332 4666 3384 4709 et
3435 4654 3562 4708 Isid.

1961 4732 2191 4796 aliisQue
2225 4730 2352 4784 inde
2380 4726 2636 4795 proiectis
2660 4739 2962 4796 perperam,
2990 4722 3277 4778 Martiano.
3312 4726 3486 4781 Voces
3516 4736 3563 4779 et

1882 4779 1934 4839 D
2414 4815 2479 4851 ex
2509 4796 2552 4850 ll
2571 4779 2884 4863 ittsputi'ensi
2912 4779 3234 4863 adjctrtmus.

2036 4883 2060 4909 ο
2097 4873 2473 4925 Ιέηιὶιιρὺηηιω*
2515 4872 2564 4921 in
2612 4866 2730 4921 Vat.
2781 4867 2997 4919 collect.
3035 4866 3095 4920 11
3149 4877 3203 4921 et
3243 4867 3296 4921 in
3331 4868 3564 4938 Ratisp.,

1963 4946 2051 5016 qui
2086 4956 2347 5010 praeterea
2385 4941 2544 5016 liabet
2567 4948 2875 5016 occurreret“.

1967 5514 2189 5579 chardo,
2224 5514 2453 5584 quorl....
2478 5511 2844 5584 praedicamus.

2043 5595 2064 5622 ³
2098 5585 2217 5641 Vat.
2237 5579 2385 5655 llisp.
2415 5579 2641 5645 et’lsidu
2666 5583 2941 5646 addimus;
2966 5580 3132 5655 male;
3154 5580 3284 5635 nibiI
3318 5582 3459 5635 enim
3483 5579 3569 5636 vel

1972 5674 2158 5729 parum
2202 5652 2734 5729 adtnodumadditur
2762 5652 3344 5729 extiortationis._llaz_e
3379 5667 3567 5729 aluere

1970 5722 2157 5786 referri
2190 5728 2253 5782 ad
2288 5728 2446 5796 epist.
2481 5725 2553 5781 59
2584 5724 2919 5779 ostendimus
2947 5734 3134 5778 annot.
3163 5725 3235 5780 48
3268 5722 3411 5796 (Col.
3436 5723 3566 5795 871,

1972 5818 2026 5859 n.
2056 5802 2126 5872 m)
2155 5800 2210 5857 in
2232 5798 2478 5857 eamdem
2500 5796 2803 5867 epistolam.

3006 5959 3089 6025 :28

2041 5453 2063 5481 ι’
2102 5444 2243 5497 Editi
2295 5450 2419 5495 ante
2464 5441 2669 5508 Quesn.
2711 5454 2832 5494 cum
2882 5451 3014 5495 mss.
3047 5438 3263 5494 collect.
3290 5438 3361 5492 24
3402 5449 3455 5494 et
3484 5438 3584 5495 Si-.
3660 5490 3669 5497 .
