4030 6356
547 318 656 378 8⁸18

1664 312 1721 367 S.
1764 309 2005 368 LEONIS
2032 309 2244 385 MAGNI
2285 307 2656 366 EPISTOLE.
3718 310 3811 371 876

550 438 576 469 ι
608 427 710 485 sub
738 427 878 485 illius
903 426 1119 485 nomine
1146 422 1405 481 Ecclesire
1435 421 1747 493 praesidere,
1781 423 1937 492 cujus
1971 437 2000 475 a
2025 423 2128 476 Do-
2156 426 2205 485 Α
2234 420 2434 489 scripta
2460 430 2643 475 nostra
2671 418 2738 475 ad
2765 433 2860 475 vos
2889 434 2995 479 non
3018 420 3297 492 potuerint
3326 416 3638 491 pervenire,
3670 431 3693 462 ε
3727 438 3814 478 ειη

548 522 696 579 mino
724 520 852 576 Jesu
878 518 1092 574 Christo
1121 526 1202 572 est
1229 514 1526 586 gloriﬁcata
1555 514 1848 582 confessio,
1882 525 1935 570 et
1971 516 2128 585 cujus

547 612 685 667 fides
727 624 913 666 omnes
954 607 1170 680 quidem
1220 608 1459 663 haereses
1485 604 1733 675 destruit,
1760 606 1856 663 sed
1893 608 2128 662 maxime

546 703 877 774 impietatem
911 700 1196 772 praesentis
1228 702 1430 757 erroris
1467 708 1739 771 expugnat
1763 715 1780 767 ;
1804 708 1861 756 et
1886 698 2130 769 intelligo

545 795 679 850 mihi
702 792 731 832 ιι
752 792 897 849 aliud
922 808 1030 849 non
1060 793 1227 849 licere
1246 808 1408 864 quam
1432 801 1491 849 ut
1508 808 1701 849 omnes
1725 800 1951 848 conatus
1981 806 2132 847 meos

545 886 596 943 ei
617 899 793 942 causa:
815 886 872 941 in
899 899 1006 955 qua
1033 886 1352 941 universalis
1384 885 1639 942 Ecclesias
1666 884 1816 940 salus
1844 883 2133 940 infestatur

547 978 875 1051 impendam.
902 978 982 1037 Ne
1022 987 1201 1035 autem
1240 979 1418 1050 aliqua
1464 978 1805 1050 negligentiae
1848 976 2135 1033 occasione

2236 513 2497 584 emplaria
2536 500 2850 569 eorumdem
2877 513 3041 591 985
3088 528 3229 591 nunc
3279 513 3541 587 mittenda
3589 515 3813 571 credidi-

2231 620 2351 662 mus
2381 615 2482 662 :ut
2527 605 2677 662 nullo
2709 610 2871 662 modo
2911 606 3031 663 fidei
3058 624 3219 680 quam
3257 608 3599 665 defendimus
3629 609 3817 682 praedi-

2232 700 2376 755 catio
2404 709 2598 755 vestra:
2638 701 2842 756 notitiae
2875 702 3244 757 subtrahatur.
3270 703 3404 759 Data
3434 702 3651 760 decimo
3674 714 3818 761 sexto

2232 792 2401 865 936
2429 790 2690 849 kalendas
2707 792 2930 863 Aprilis,
2955 794 3339 854 Valentiniano
3361 796 3608 869 Augusto
3629 798 3817 861 senties

2235 897 2293 942 et
2319 886 2551 953 Avieno,
2576 904 2628 943 v.
2654 888 2725 944 cl.
2748 888 3062 945 consulibus
3091 887 3141 943 εί.

1890 1086 2223 1147 EPISTOLA
2254 1098 2277 1128 °
2310 1090 2469 1150 LXII.

1384 1188 1405 1230 ί
1445 1204 1724 1247 resonos"
1768 1201 2120 1245 memnonis
2160 1202 2228 1242 an
2263 1205 2698 1248 \‘ALENTINIANUI
2736 1207 3040 1264 mens'ruu,

1767 1283 1881 1349 Qua
1922 1280 2194 1351 respondet
2230 1286 2460 1353 epistola:
2500 1284 2617 1341 LV.

582 1385 810 1442 Domino
837 1399 960 1443 meo
980 1384 1385 1447 Vassurmumo
1406 1391 1432 1431 κ
1463 1382 1706 1453 Augusto
1731 1378 2092 1433 Tusonosws.

616 1560 954 1620 EthRomae
1000 1563 1313 1641 pervenisse
1353 1569 1497 1618 tuam
1542 1558 2026 1626 mansuetudinem,
2074 1565 2132 1635 et

549 1657 865 1728 petitionem
897 1658 1129 1713 oblatam
1158 1673 1187 1712 a
1214 1657 1394 1713 Leone
1424 1655 1881 1712 reverendissimo
1902 1652 2130 1729 patriar-

544 1752 667 1816 cha,
705 1750 725 1790 ί
759 1750 813 1805 in
838 1751 954 1821 ipso
983 1751 1282 1829 litterarum
1309 1759 1460 1806 textu
1488 1764 1519 1805 a
1549 1760 1635 1805 tua
1664 1749 1944 1819 majestate
1968 1748 2133 1817 signi-

543 1842 760 1898 ficatum
790 1852 894 1899 est.
928 1844 994 1899 Et
1019 1844 1085 1898 de
1115 1854 1202 1899 tua
1230 1844 1445 1914 quidem
1471 1842 1760 1898 incolumil
1801 1843 1855 1897 in
1888 1841 2129 1895 Rernana

542 1936 677 1991 urbe
704 1936 1021 1991 reversione
1040 1936 1246 2007 gratias
1270 1943 1635 2005 competentes
1651 1932 1845 1988 divinae
1869 1932 2132 2002 majestali

542 2029 845 2097 reddimus,
876 2030 1098 2085 domine
1127 2030 1469 2085 sanctissime
1500 2028 1574 2082 fili
1599 2038 1655 2083 et
1684 2026 2006 2081 venerabilis
2035 2027 2134 2079 im-

542 2128 782 2191 perator.
815 2121 889 2175 De
911 2120 994 2174 his
1021 2130 1200 2175 autem
1228 2136 1347 2191 quae
1368 2120 1503 2175 dixit
1525 2129 1851 2174 memoratus
1882 2133 2131 2173 reveren-

496 2282 497 2285 η
542 2212 796 2267 dissimus
823 2212 903 2267 vir
932 2212 1222 2269 indicatum
1244 2222 1334 2267 est
1358 2213 1424 2268 ad
1453 2213 1700 2268 eumdem
1726 2212 1754 2251 ιε
1788 2212 1949 2268 latius
1974 2222 2135 2281 atque

541 2304 775 2377 plenius,
807 2306 949 2369 sicut
976 2305 1218 2369 arbitrati
1245 2320 1453 2372 sumus,
1483 2306 1650 2378 988
1672 2315 1729 2360 et
1759 2305 2009 2375 cognovit
2038 2318 2135 2357 nos

542 2399 598 2452 in
640 2396 783 2452 nulla
815 2406 967 2467 parte
995 2412 1024 2450 a
1055 2405 1281 2467 paterna
1302 2397 1562 2467 religione
1591 2406 1645 2451 et
1674 2396 1940 2465 majorum
1971 2394 2135 2449 tradi-

540 2491 688 2546 tione
716 2491 999 2557 resiliisse.
1031 2491 1179 2563 Nihil
1218 2476 1362 2547 enirn
1391 2490 1536 2559 aliud
1574 2491 1823 2545 volumus
1861 2506 2019 2560 quam
2050 2506 2136 2557 sa-

540 2595 816 2645 cramenta
859 2598 1082 2657 paterna
1126 2600 1226 2663 per
1278 2585 1679 2640 successionem
1732 2585 1887 2639 nobis
1939 2585 2135 2639 tradita

538 2676 976 2737 inviolabiliter1
1025 2678 1307 2733 custodiri.
1358 2676 1585 2748 Propter
1623 2677 1761 2731 hanc
1801 2677 1961 2747 igitur
2008 2693 2134 2732 cau-

537 2790 675 2841 sam,
704 2793 743 2817 ιιι
774 2775 1027 2849 quoniam
1072 2774 1335 2845 quosdam
1368 2772 1717 2842 cognovimus
1761 2773 2132 2828 sanctissimas

537 2868 813 2923 Ecclesias
845 2848 1071 2923 nocibili
1096 2868 1333 2922 novitate
1378 2866 1617 2925 turbare.
1644 2864 1909 2935 synodum
1943 2865 2131 2920 decre-

2379 1384 2609 1457 Δεσπότῃ
2640 1386 2745 1458 ἐμῷ
2774 1388 3170 1467 Οὐαλεντινιανῷ
3198 1389 3386 1465 αἰωνίῳ
3406 1391 3688 1467 Αὐγούστῳ

2887 1460 3169 1523 Θεοδόσιοέ.
3356 1460 3366 1465 ⁷
3464 1470 3465 1473 “

2305 1550 2394 1603 Καὶ
2431 1550 2480 1603 ἐν
2508 1558 2568 1625 τῇ
2600 1551 2761 1629 Ῥώμῃ
2786 1559 3229 1629 παραγεγενῆσθαι
3256 1564 3344 1618 τήν
3387 1564 3481 1619 σὴν
3510 1560 3819 1637 ἡμερότητα,

2231 1647 2320 1698 καὶ
2349 1642 2547 1703 αἴτησιν
2575 1650 2983 1722 προσενηνέχθαι
3003 1651 3147 1724 παρὰ
3172 1653 3381 1712 Λέοντος
3402 1660 3494 1708 τοῦ
3516 1655 3819 1709 εὐλαϐεστά-

2233 1758 2323 1792 του
2355 1741 2723 1815 πατριάρχου,
2758 1741 3037 1801 δεδήλωται
3084 1747 3229 1818 παρὰ
3255 1754 3347 1805 τῆς
3376 1755 3474 1809 σῆς
3506 1748 3823 1819 μεγαλειότηο

2236 1852 2323 1891 τος
2352 1834 2401 1885 ἐν
2429 1840 2502 1905 τῷ
2540 1836 2679 1905 αὐτῷ
2717 1834 2827 1907 ὕφει
2865 1843 2964 1891 τῶν
2992 1839 3324 1912 γραμμάτων.
3356 1841 3439 1892 καί
3477 1844 3597 1911 περὶ
3624 1842 3715 1909 μὲν
3742 1850 3823 1901 τῆς

2237 1936 2332 1987 σῆς
2360 1928 2536 1999 ὑγιοῦς
2566 1930 2615 1982 ἐν
2645 1938 2705 2000 τῇ
2731 1934 2887 2003 Ῥώμῃ
2912 1930 3153 1985 ἐπανόδου
3182 1933 3406 2007 χάριτας
3434 1932 3823 2007 ἀποδεδώκαμεν

2234 2022 2385 2085 ἀξίως
2414 2028 2475 2095 τῇ
2503 2022 2611 2094 θείᾳ
2652 2022 2999 2092 μεγαλειότητι
3019 2065 3031 2085 ,
3067 2022 3293 2079 δέσποτα
3321 2024 3563 2099 ἁγνότατα
3604 2027 3717 2091 υἱὲ,
3750 2030 3824 2080 καὶ

2235 2118 2551 2189 προσκυνητέ
2580 2115 2815 2189 βασιλεῦ.
2857 2121 2973 2193 Περὶ
3001 2115 3055 2171 δέ
3094 2119 3306 2187 τούτων,
3339 2115 3405 2171 ὧν
3443 2117 3540 2193 ἔφη
3577 2117 3603 2173 ὁ
3634 2139 3825 2191 μνημο-

2234 2211 2423 2269 νευθεὶς
2451 2211 2817 2271 εὐλαϐέστατος
2835 2214 2981 2286 ἀνὴρ,
3001 2210 3277 2270 δεδήλωται
3303 2216 3433 2288 πρὸς
3455 2215 3605 2269 αὐτόν
3625 2214 3825 2269 πλατύ-

2236 2321 2403 2375 τερον,
2434 2305 2519 2355 καὶ
2548 2303 2915 2376 πληρέστατον,
2952 2303 2967 2332 ¹
2999 2305 3156 2364 καθὼς
3184 2305 3632 2377 ὑπολαμϐάνομεν,

2235 2398 2316 2448 καὶ
2343 2397 2392 2448 ἐν
2435 2394 2607 2465 μηδενὶ
2633 2398 2775 2471 μέρει
2805 2394 2935 2469 ἔγνω
2964 2398 3099 2467 ἡμᾶς
3140 2398 3239 2451 ἀπὸ
3276 2405 3368 2457 τῆς
3393 2402 3643 2475 πατρῴας
3672 2401 3826 2476 θρησ-

2237 2492 2397 2549 κείας,
2426 2492 2511 2541 καὶ
2536 2496 2628 2549 τῆς
2656 2497 2755 2542 τῶν
2785 2489 3044 2564 προγόνων
3072 2488 3406 2566 παραδόσεως
3436 2490 3825 2550 ἀποπεπηδηκέ-

2234 2601 2335 2634 ναι.
2371 2579 2511 2634 οὐδέν
2538 2583 2637 2656 γὰρ
2682 2578 2797 2634 ἄλλο
2840 2580 3156 2653 βουλόμεθα,
3195 2582 3225 2641 ἣ
3265 2582 3544 2653 εὐχόμεθα,
3583 2585 3722 2661 ἤπερ
3768 2586 3831 2641 τοὶ

2235 2680 2497 2750 μυστήρια
2522 2678 2588 2731 τὰ
2632 2684 2878 2752 πατρῷα,
2921 2678 2986 2733 τὰ
3019 2680 3144 2732 κατά
3174 2677 3425 2751 διαδοχὴν
3448 2683 3568 2750 ἡμῖν
3596 2678 3832 2757 παραδο-

2233 2769 2410 2832 θέντα,
2442 2769 2652 2825 ἀκίνητα
2696 2769 3027 2840 φυλαχθῆναι.
3062 2772 3152 2823 Διὰ
3179 2772 3371 2827 ταύτην
3417 2778 3693 2846 τοιγαροῦν
3740 2768 3832 2830 τήν

2235 2862 2431 2923 αἰτίαν,
2475 2859 2646 2919 ἐπειδή
2684 2884 2821 2921 τινας
2865 2870 3080 2935 ἔγνωμεν
3107 2865 3200 2923 τὰς
3238 2864 3530 2937 ἁγιωτάταξ
3558 2866 3832 2925 ἐκκλησίας

537 2962 715 3017 vimus
749 2962 945 3033 Ephesi
977 2960 1115 3015 fieri.
1146 2959 1206 3031 In
1238 2960 1524 3029 praesentia
1569 2958 1766 3027 quippe
1796 2958 2131 3014 reverendis-

2246 2955 2500 3011 ἓπιϐλαϐεῖ
2521 2963 2769 3027 καινισμῷ
2785 2957 3029 3028 θορυϐεῖν,
3056 2956 3263 3011 σύνοδον
3290 2960 3545 3032 ὡρίσαμεν
3564 2960 3615 3012 ἐν
3637 2958 3837 3031 Ἐφέσῳ

536 3058 795 3112 simorum
815 3057 1214 3125 episcoporum,
1232 3068 1355 3108 cum
1385 3052 1550 3106 multa
1576 3052 1820 3107 libertate
1842 3066 1905 3121 ac
1924 3054 2129 3119 integra

535 3150 763 3205 veritate
791 3156 847 3202 et
873 3145 1077 3217 indigni
1107 3144 1415 3200 sacerdotio
1442 3144 1634 3199 remoti
1661 3153 1807 3208 sunt,
1852 3153 1905 3197 et
1931 3145 2021 3213 qui
2044 3143 2130 3212 ju-

536 3241 701 3297 dicati
730 3250 855 3296 sunt
894 3254 1015 3293 esse
1062 3238 1207 3313 digni
1238 3236 1475 3305 suscepti
1509 3244 1653 3290 sunt.
1694 3234 1838 3291 Nihil
1874 3236 2033 3305 igitur
2059 3236 2127 3290 ab

536 3332 622 3415 his
652 3320 984 3388 contrarium
1000 3337 1030 3366 ιι
1050 3329 1251 3400 regula:
1276 3327 1401 3383 fidei
1426 3340 1518 3383 aut
1530 3327 1756 3399 justitize
1783 3328 1982 3384 factum
2005 3344 2125 3386 esse

2230 3050 2481 3120 γενέσθαι.
2511 3047 2701 3107 Δηλαδὴ
2720 3051 2987 3123 παρουσίᾳ
3006 3056 3104 3102 τῶν
3130 3050 3512 3106 εὐλαϐεστάτων
3538 3052 3838 3106 ἐπισκόπων

2233 3142 2363 3211 μετά
2388 3140 2575 3199 πολλῆς
2604 3140 2883 3216 ἐλευθερίας
2904 3181 2916 3203 ,
2949 3145 3033 3195 καὶ
3070 3142 3341 3217 ὁλοκλήρου
3372 3145 3608 3204 ἀληθείας
3626 3186 3640 3211 ,
3678 3148 3771 3199 καί
3796 3143 3841 3198 οἱ

2236 3236 2427 3298 ἀνάξιοι
2459 3242 2550 3295 τῆς
2591 3234 2872 3308 ἱερωσύνης
2917 3236 3320 3298 ἁπεκινήθησαν,
3361 3240 3449 3291 καί
3490 3237 3538 3290 οἱ
3580 3240 3842 3311 κριθέντες

2234 3327 2367 3394 ἄξιοι
2386 3326 2831 3404 προσεδὲχθησαν.
2850 3327 3010 3384 Οὐδὲν
3031 3334 3196 3385 τοίνυν
3216 3330 3516 3386 ὑπεναντίον
3538 3333 3692 3406 παρὰ
3716 3333 3845 3387 τού-

2240 3486 2331 3551 55,
2366 3500 2513 3540 num.
2547 3486 2602 3541 5.

2311 3568 2335 3604 ε
2368 3555 2574 3625 Vulgati
2608 3570 2729 3611 cum
2768 3558 2953 3613 Graeca
2992 3556 3240 3614 versione
3269 3558 3469 3615 addunt
3509 3575 3758 3629 semper;
3788 3570 3844 3629 at

2237 3630 2423 3684 Latina
2452 3622 2653 3693 versio,
2686 3646 2843 3698 quam
2872 3630 2957 3683 hic
2982 3646 3045 3683 ex
3074 3630 3213 3684 mss.
3232 3630 3569 3696 exhibemus,
3600 3622 3836 3686 omittit.

2306 3698 2335 3737 ιι
2357 3700 2431 3754 ita
2452 3714 2640 3754 omnes
2656 3701 2813 3755 codd.
2835 3714 2888 3755 et
2911 3701 3078 3755 nostri
3099 3714 3153 3756 et
3172 3702 3391 3766 Baluzii,
3410 3705 3599 3759 eadem
3623 3707 3849 3761 ratione

2235 3788 2339 3841 qua
2372 3772 2529 3837 paulo
2564 3783 2680 3836 post
2727 3772 2941 3837 habent,
2991 3773 3043 3825 in
3084 3774 3318 3827 [tantane
3348 3777 3472 3827 urbe
3516 3780 3844 3840 reversione,

2234 3846 2287 3897 et
2317 3842 2473 3909 epist.
2502 3842 2589 3916 57,
2623 3843 2801 3897 Ποηιςι²
2840 3845 3113 3916 fuissemus
3143 3845 3418 3916 ingresste;
3444 3862 3563 3913 quae
3594 3847 3851 3915 imperiti

2238 3914 2550 3981 interpretis
2581 3930 2882 3967 versionem
2913 3932 2975 3968 ex
3009 3914 3610 3985 Graeco'demonstrant.
3636 3918 3702 3983 In
3728 3920 3850 3977 edi-

2233 3988 2302 4039 tis
2324 3986 2663 4039 emendatum
2690 3985 2786 4040 fuit
2812 3984 3048 4052 Romam,
3073 3988 3144 4039 uti
3171 3998 3317 4041 recte
3334 3998 3451 4041 erat
3469 3989 3847 4055 reddendum.

2232 4057 2336 4112 Sed
2390 4055 2473 4110 hic
2521 4058 2793 4125 antiquam
2844 4058 3180 4123 versionem,
3230 4074 3585 4129 quaecumque
3640 4060 3851 4126 fuerit,

2232 4128 2494 4182 edendam
2526 4129 2879 4192 su~cepiinus.

2304 4196 2323 4234 ί
2362 4199 2513 4273 Εάὶιὶγ
2551 4213 2664 4265 pou
2694 4200 3001 4273 Crahbum,
3029 4202 3084 4254 in
3116 4200 3223 4273 ipso
3252 4200 3507 4271 principio
3537 4203 3852 4257 litterarum

2230 4288 2263 4324 a
2295 4279 2381 4323 tua
2408 4272 2691 4335 majestate.
2729 4271 2877 4326 Haud
2920 4272 3077 4325 dubie
3118 4277 3306 4327 deerat
3344 4273 3430 4325 hic
3473 4275 3719 4343 ahquid,
3769 4279 3859 4329 in-

2230 4344 2345 4411 quit
2382 4343 2650 4407 Baluzius,
2705 4346 2753 4397 in
2792 4344 2976 4398 codice
3007 4359 3111 4412 quo
3148 4343 3391 4399 Crabbus
3437 4346 3745 4408 utebatur;
3801 4356 3863 4401 et

2231 4428 2350 4467 cum
2384 4413 2587 4485 videret
2618 4430 2834 4468 sensum
2879 4431 2981 4468 non
3017 4429 3136 4468 esse
3178 4416 3415 4483 plenum,
3454 4431 3652 4470 vocem
3695 4418 3865 4485 prin-

2231 4484 2361 4551 cipio
2383 4483 2607 4557 addidit,
2634 4488 2884 4538 nimirum
2918 4486 3055 4539 male
3074 4485 3320 4557 divinans
3344 4504 3356 4538 :
3379 4503 3502 4557 nam
3534 4483 3867 4557 legendum

2232 4554 2431 4627 853071.171
2454 4557 2563 4625 ipso
2585 4556 2875 4610 litterarum
2897 4566 3057 4621 (artu,
3087 4556 3282 4627 docent
3310 4556 3527 4625 antiqua
3552 4554 3866 4627 eiempla-

2233 4629 2332 4681 ria.
2369 4626 2511 4680 Idem
2545 4628 2741 4683 habent
2771 4640 2821 4682 et
2853 4631 3019 4682 nostri
3049 4626 3281 4691 codices,
3329 4639 3381 4681 et
3409 4627 3597 4682 Graeca
3652 4626 3871 4684 versio

2234 4698 2461 4765 idipsurn
2491 4700 2790 4754 conﬁrmat.
2822 4699 3140 4766 Quesnellus
3172 4700 3226 4751 in
3261 4701 3525 4767 margine,
3553 4700 3614 4753 in
3651 4702 3871 4755 eadem

608 3502 637 3531 ι
671 3491 765 3547 llis
807 3489 987 3546 verbis
1036 3487 1355 3561 Quesnellus
1388 3486 1672 3561 postillam
1717 3485 1885 3561 affixit
1919 3504 1931 3540 :
1962 3486 2129 3561 ΔΡαρα

536 3565 633 3620 sub
662 3565 865 3617 nomine
908 3562 1050 3616 Petri
1094 3562 1223 3630 regit
1272 3559 1557 3630 Ecclesiam
1592 3574 1611 3612 .'
1639 3558 1774 3610 unde
1818 3567 1865 3611 et
1918 3558 2129 3623 plurimi

535 3636 761 3691 Romani
806 3633 1031 3703 episwpi
1073 3628 1290 3686 vicariae
1338 3648 1391 3683 se
1431 3628 1575 3683 Petri
1612 3638 1941 3703 nuncupant.
1993 3632 2126 3686 (lum

536 3708 734 3761 dicitur
775 3700 1009 3774 pontifex
1042 3703 1338 3758 Ecclesiam
1370 3716 1561 3770 regere
1602 3700 1751 3774 Petri
1777 3702 1999 3767 nomine,
2035 3719 2129 3770 po-

537 3787 738 3833 testate
758 3770 811 3831 et
840 3777 1156 3830 auctoritate
1174 3775 1361 3827 eadem
1387 3786 1579 3841 regere
1606 3770 1945 3841 intelligitur.
1964 3789 2125 3840 quam

534 3849 595 3904 in
625 3862 968 3903 successores
1008 3860 1134 3900 suos
1172 3845 1414 3898 eamdem
1461 3845 1682 3895 omnino
1725 3859 1847 3897 cum
1896 3844 2126 3913 primatu

534 3922 815 3985 transisse,
850 3919 924 3972 uti
972 3930 1087 3971 erat
1117 3920 1168 3970 in
1202 3916 1388 3985 Petro,
1417 3922 1466 3967 et
1500 3913 1696 3985 Leert
1722 3914 1982 3970 catholica
2029 3918 2127 3971 Ec-

536 3991 701 4046 clesia
741 3983 916 4045 docet.
950 3989 1089 4043 Hinc
1133 4001 1331 4041 nomen
1372 3983 1551 4038 vicarii
1600 3983 1877 4057 Petrinon
1909 3987 2125 4057 delega-

535 4070 671 4130 tum,
704 4061 798 4115 sed
850 4073 1220 4115 succesSorem
1274 4058 1469 4130 innuit,
1509 4058 1599 4127 qui
1646 4058 1695 4130 in
1752 4056 1897 4111 Petri
1947 4057 2123 4113 locum

534 4127 665 4187 cum'
676 4133 864 4187 eadem
882 4130 1203 4187 auctoritate
1224 4128 1503 4192 successit,
1540 4136 1598 4181 ut
1628 4127 1867 4195 pluribus
1891 4130 2121 4195 Optimo-

535 4219 656 4258 rum
688 4214 967 4258 auctorum
998 4201 1260 4268 exemplis
1290 4200 1577 4253 ostendere
1606 4198 1816 4263 liceret,
1844 4200 1887 4253 si
1930 4201 2029 4254 hac
2054 4202 2123 4257 de

534 4290 595 4330 re
623 4276 912 4343 disputatio
935 4282 1101 4328 esset.
1130 4271 1482 4343 Legipotest,
1506 4272 1550 4323 si
1576 4270 1731 4333 libet,
1756 4274 2030 4325 annotatio
2055 4272 2123 4326 12

534 4346 590 4400 in
619 4342 771 4400 tract.
812 4346 881 4399 15
906 4344 964 4401 S.
996 4343 1227 4398 Zenonis
1268 4342 1363 4396 lib.
1389 4357 1447 4405 ιι,
1488 4356 1607 4410 pag.
1643 4343 1739 4395 191
1779 4354 1973 4395 nostrae
2008 4343 2124 4397 edi-

534 4417 697 4472 tionis
725 4416 926 4471 Veron.
944 4414 1152 4469 Nostra:
1173 4421 1343 4467 autem
1373 4410 1575 4464 Patrot.
1600 4421 1733 4465 tom.
1756 4411 1851 4475 XI,
1872 4414 1976 4465 col.
1995 4414 2120 4468 459.

605 4487 634 4526 δ
661 4486 830 4542 Codd.
862 4497 972 4542 tres
1003 4486 1215 4540 collect.
1246 4483 1308 4538 11
1341 4493 1395 4537 et
1418 4483 1509 4549 21,
1541 4484 1691 4535 aliter
1719 4499 1819 4535 non
1850 4484 2020 4536 licere.

609 4569 633 4597 ο
680 4556 889 4626 Ratisp.
927 4556 1077 4626 addit
1118 4564 1164 4609 et
1210 4554 1266 4626 in
1312 4552 1728 4626 significatione,
1780 4562 1839 4608 ut
1890 4554 2121 4622 videtur,

535 4628 779 4683 adverbii
804 4624 978 4683 etiam.
1006 4624 1348 4695 Exemplaria
1379 4625 1569 4694 plurali
1610 4625 1735 4679 licet
1774 4640 1999 4679 numero
2030 4644 2126 4681 vo-

534 4708 624 4755 cat
673 4700 981 4766 exemplnm
1008 4688 1252 4765 episto'lze
1280 4688 1469 4761 5l,'de
1514 4710 1617 4765 qua
1663 4710 1781 4759 cap.
1814 4696 2075 4766 rscripsit
2109 4716 2122 4750 :

536 4770 600 4825 Si
629 4778 795 4824 tamen
818 4769 1080 4824 dilectioni
1101 4778 1278 4822 vestrm
1309 4767 1444 4820 tradi
1471 4768 1663 4833 scripta
1687 4779 1862 4821 nostra
1889 4778 2118 4835 potuere.

534 4841 703 4910 Paulo
751 4851 873 4910 post
907 4840 1030 4895 Vat.
1064 4838 1218 4910 Hisp.
1243 4848 1300 4893 et
1328 4837 1454 4892 Isid.
1486 4852 1609 4893 cum
1646 4854 1775 4893 mss.
1806 4840 2021 4894 collect.
2056 4842 2119 4896 11

533 4921 588 4967 et
612 4909 706 4978 21,
738 4909 1015 4965 credimus.

607 4981 635 5021 ἀ
666 4983 988 5050 Quesnellus
1034 4981 1173 5037 hanc
1213 4979 1542 5036 notationem
1591 4980 1648 5034 in
1694 4980 1798 5035 fine
1846 4982 2115 5051 subjecit:

537 5052 819 5125 Superiora
845 5054 1061 5124 epistola
1084 5052 1330 5125 eﬂrenate
1358 5051 1547 5106 abusus
1572 5056 1649 5105 est
1672 5053 2001 5125 epistolarum
2033 5071 2120 5107 vc-

535 5124 698 5179 terum
746 5125 1047 5195 pontiﬁcum
1103 5124 1582 5195 consarcinatorfrin
1627 5138 1757 5195 _epp.
1798 5124 1998 5195 ᾼηὶεεῑὶ
2046 5126 2116 5179 ad

535 5195 726 5282 θαιιίσξ
748 5190 1054 5282 reticere;
1099 5195 1155 5282 ίιι
1180 5196 1365 5282 rem“,
1394 5190 1444 5282 1⁷
1447 5194 1588 5282 alii???
1617 5191 1648 5282 l
1660 5190 2111 5282 Mliwerﬁuma

531 5268 759 5321 secunda
783 5262 862 5337 :ad
900 5262 1084 5337 Gallia:
1109 5262 1374 5337 epispr
1391 5280 1412 5330 ;
1442 5264 1585 5319 Sixti
1612 5262 1675 5318 ll
1708 5264 1775 5317 ad
1801 5264 2036 5335 Gratum,
2066 5262 2114 5320 et

530 5336 744 5394 Callizti
767 5336 795 5393 Ι
818 5340 883 5392 ad
910 5336 1263 5391 Benedictum.

605 5420 628 5447 θ
654 5410 803 5465 Alias
827 5419 948 5480 post
974 5424 1074 5480 ep._
1092 5408 1184 5465 47.
1219 5409 1353 5480 Qum
1372 5414 1552 5463 autem
1581 5414 1698 5463 erat
1726 5405 1813 5475 62,
1845 5423 1988 5465 nunc
2015 5408 2105 5464 82.

2152 4807 2207 4868 D

2233 4780 2465 4823 contextu
2496 4771 2796 4823 litterarum.

2305 4842 2319 4891 l
2363 4836 2435 4894 Ita
2477 4856 2667 4895 omnes
2707 4843 2935 4897 codices.
2984 4840 3142 4911 Eiliti,
3194 4840 3246 4895 in
3286 4840 3576 4911 Romanam
3628 4844 3875 4899 urbem.

2229 4911 2362 4966 Vide
2390 4921 2576 4966 annot.
2609 4914 2641 4968 5
2672 4912 2889 4981 (Supra,
2922 4932 2974 4967 tt.
3008 4910 3080 4982 (Ῑ).

2297 4981 2321 5020 ¹ί
2360 4984 2589 5053 Vulgati,
2622 4984 2777 5037 latins
2804 4996 2951 5053 alque
2976 4981 3291 5054 plenissime,
3322 4985 3456 5039 sicut
3481 4986 3880 5051 arbitramur.

2222 5053 2477 5111 Codicum
2514 5056 2795 5109 lectionem
2823 5053 3149 5110 indoXimus.

2300 5123 2318 5162 ι
2348 5127 2571 5195 Quidam
2604 5126 2836 5188 codices,
2863 5128 3134 5179 custodire.
3168 5126 3355 5181 Graeca
3382 5128 3559 5183 versio
3587 5130 3884 5191 aliorum

2221 5197 2489 5259 codicum,
2521 5207 2573 5251 et
2603 5200 2867 5269 vulgatam
2903 5200 3181 5253 lectionem
3215 5196 3425 5269 probat.

2218 5274 2219 5277 ‘
2290 5278 2329 5305 ω
2361 5271 2553 5345 Vocem
2596 5268 2920 5341 quoniam‘in
2968 5270 3125 5345 editis
3156 5268 3411 5345 omissam
3454 5287 3519 5327 ex
3563 5277 3890 5339 omnibus

2220 5354 2352 5396 mss.
2390 5344 2769 5409 supplevimus.
3106 5344 3113 5347 ⁴
3194 5344 3199 5345 “
3304 5346 3309 5347 ⁷

2290 5421 2317 5446 ι)
2346 5414 2517 5497 Solus-
2547 5413 2719 5497 code):
2746 5411 2975 5497 _D.ilvion..
3011 5411 3245 5497 Paluzii.
3288 5420 3344 5485 et
3386 5413 3773 5483 Quesnellus
3834 5424 3895 5480 in

2218 5485 2483 5554 margine,
2509 5490 2658 5537 recte:
2683 5484 2803 5556 ﬁdei
2830 5480 2916 5535 'a‘n't
2948 5480 3141 5556 injuste
3167 5482 3382 5556 factum.

2289 5556 2307 5586 ί
2338 5558 2550 5633 Addere
2581 5555 2775 5633 placuit
2799 5571 2920 5633 cum
2952 5571 3051 5609 ms.
3078 5554 3207 5633 Ven.
3234 5557 3727 5633 conjunctionem
3766 5571 3900 5633 καὶ,

2214 5641 2334 5695 quas
2374 5625 2688 5708 conjunctio
2730 5626 3011 5708 clariorem
3066 5629 3257 5708 mirum
3296 5629 3349 5708 in
3395 5629 3651 5708 moduni
3690 5625 3903 5708 atqué

2214 5700 2601 5775 erpeditiorem
2675 5697 2851 5775 reddit
2897 5700 3248 5775 sententiam.
3278 5701 3359 5775 iln
3410 5703 3732 5775 vulgatis,
3796 5697 3906 5770 Ξισιι

2209 5768 2575 5847 πληρεστατον,
2610 5773 2767 5834 καθῶς
2797 5771 3233 5846 ὑπολαμϐάνομεν
3268 5774 3320 5827 ἐν
3348 5770 3569 5845 μηδενὶ,
3618 5768 3772 5840 eu},

526 5478 741 5550 Scripta
764 5477 908 5536 circa
932 5477 1103 5549 April.
1136 5495 1226 5535 an.
1256 5477 1384 5534 450.

604 5551 632 5634 ξ.
670 5553 795 5634 Haec
834 5552 1045 5634 etnduae
1080 5564 1368 5634 sequentes
1407 5551 1647 5634 epistolae
1672 5553 1969 5634 exstant
1993 5553 2104 5634 sola

522 5622 849 5680 collectione
876 5621 1326 5686 Chalcedonensi,
1369 5631 1422 5676 et
1451 5621 1503 5675 in
1535 5637 1636 5677 ms.
1676 5623 1875 5679 Veneto
1897 5625 1965 5679 79
1993 5626 2105 5678 col-

520 5693 655 5753 lect.
688 5696 781 5762 22,
828 5694 915 5750 cui
955 5709 1023 5749 ex
1068 5692 1498 5764 Chalcedonensi
1542 5695 1860 5750 collectione
1899 5697 2101 5764 aliquot

522 5766 767 5835 epistolae
795 5765 1018 5834 adjectae
1042 5764 1278 5819 fuerunt.
1303 5763 1489 5833 Qand
1536 5774 1745 5834 tempus
1776 5769 1912 5821 circa
1946 5763 2105 5835 Apri-

524 5831 635 5897 Iém
661 5831 934 5904 anni450,
965 5835 1092 5894 vide
1117 5831 1539 5896 admonitionem
1579 5831 1906 5908 praemissam
1936 5831 2094 5908 epist.
