4014 6358
453 304 560 375 1179

1602 313 1659 367 s.
1700 292 1945 366 LEOle
1986 307 2200 365 MAGNI
2240 306 2618 366 EPISTOLAB.

3648 301 3761 361 880

454 431 811 489 mansuetudo
840 427 1175 501 significavit.
1203 424 1332 480 Tuae
1360 438 1488 479 vero
1517 423 1789 479 dulcedini
1818 424 1919 477 hoc
1952 437 2042 478 so-

2186 446 2194 477 t
2234 425 2435 484 τελείως
2480 427 2510 482 ή
2549 425 2771 499 ἡμετέρα
2810 426 3169 495 κατεσήμασεν
3214 418 3337 490 [pro
3371 420 3759 494 κατεσήμηνενι

454 525 566 581 lum
620 522 1037 593 approbavimus
1084 517 1477 584 intimandum,
1529 516 1654 586 quia
1709 524 2040 571 memoratus

452 615 743 672 Flavianus
766 624 792 650 ιι
825 628 978 668 sacro
1000 611 1205 681 judicio
1226 610 1253 649 ι)
1281 611 1348 665 ab
1373 610 1622 666 humanis
1651 610 1814 665 rebus
1836 609 2048 665 ablatus

414 720 420 726 '
455 719 560 775 est,
590 720 850 778 quatenus
883 710 1044 761 totius
1071 706 1367 762 dubietatis
1395 705 1672 761 contentio
1704 719 1733 759 a
1770 704 1937 758 sacris
1966 718 2049 758 re-

456 809 767 855 moveretur
814 800 1098 866 Ecclesiis;
1129 811 1149 838 ο
1203 809 1257 855 et
1304 799 1439 853 nihil
1493 800 1717 854 ulterius
1768 806 1889 867 post
1937 796 2054 852 hinc

458 892 683 949 deﬁnire
715 895 967 961 possibile
989 903 1092 962 est,
1124 909 1245 949 cum
1266 894 1375 963 jam
1406 893 1507 947 ista
1530 892 1699 948 semel
1721 890 1899 947 decisa
1923 889 2048 945 sint.

850 1085 1013 1157 993
1064 1083 1397 1140 EPISTULA
1435 1080 1462 1120 ά
1504 1082 1669 1151 va,

1218 1195 1305 1230 8811

538 1280 561 1307 ⁸
602 1286 798 1326 1⁵111³30Εῆ
830 1286 994 1326 MiSSIE
1040 1289 1104 1326 ΑΒ
1135 1286 1409 1325 UNIVERSIS
1448 1284 1992 1326 COMPROVINCIALIBUS

501 1358 759 1398 EPlsCOPlS
808 1358 1139 1397 METBOPOLI.‘
1183 1359 1536 1397 AllELATENSlS
1592 1360 1661 1397 AD
1716 1360 1761 1398 S.
1814 1357 2024 1395 LEtiNEM

1158 1430 1350 1468 PAI’AM.

469 1506 742 1563 SYNOPSIS.
769 1538 837 1549 -—
865 1508 904 1561 1.
942 1506 1230 1559 Prwmissis
1276 1506 1536 1559 nonnullis
1568 1507 1627 1558 de
1659 1505 1907 1558 Ravenuii
1955 1505 2058 1557 ele-

538 1584 703 1631 ctione
755 1597 813 1632 ac
864 1579 1115 1641 moribus,
1174 1579 1386 1646 antiqua
1440 1576 1686 1631 Ei‘clesiw
1746 1576 2059 1630 Arelatensis

540 1651 807 1721 privilegia
856 1667 884 1701 α
940 1648 1109 1721 Leone
1154 1650 1493 1721 redintegrari
1539 1647 1822 1718 postulant.
1876 1677 1946 1687 —
1988 1647 2057 1721 11.

539 1718 739 1775 Eadeni
766 1738 829 1775 ea:
857 1723 1009 1773 variis
1034 1719 1190 1789 hujus
1222 1718 1467 1773 Ecclesia:
1498 1721 1847 1790 pricrogativis
1869 1719 2058 1790 con/ir-

542 1803 701 1853 mant,
754 1809 812 1846 ac
870 1788 1153 1863 pratsertint
1199 1808 1259 1843 ex
1309 1790 1369 1863 S.
1430 1788 1693 1859 Tropltimi
1751 1793 1802 1844 in
1859 1788 2060 1863 Gallias

542 1865 781 1918 adventu.
816 1862 885 1904 -4
918 1862 1003 1917 111.
1040 1863 1222 1916 Civilia
1248 1862 1621 1916 Arelatensium
1651 1864 1765 1927 iura
1802 1878 1861 1914 ac
1908 1862 2062 1924 priri-

2150 518 2401 591 ἡμερότης
2419 536 2429 547 '
2462 526 2524 592 τῇ
2552 516 2606 573 δέ
2637 526 2703 590 σῇ
2728 517 3001 588 γλυκύτητι
3024 521 3180 571 τοῦτο
3210 514 3360 585 μόνον
3383 514 3761 587 ἐδοκιμάσαμεν

2152 611 2425 684 γνωρίσαι,
2452 605 2530 664 ὅτι
2562 608 2587 664 ὁ
2621 609 2975 680 μνημονευθεὶς
3006 607 3278 667 Φλαυιανός
3307 607 3416 680 θείᾳ
3443 608 3614 680 κρίσει
3664 616 3766 662 τῶν

2159 704 2175 735 ¹
2204 706 2525 781 ἀνθρωπίνων
2548 705 2870 781 πραγμάτων
2900 704 3115 777 ἀφῃρέθη
3134 718 3146 730 ⁸
3186 699 3325 762 ὅπως
3354 705 3503 757 πᾶσα
3534 701 3765 773 ἀμφιϐο-

2156 797 2265 859 λίας
2303 797 2571 869 φιλονεικία
2606 797 2707 852 ἀπὸ
2737 803 2837 852 τῶν
2865 796 3014 871 ἱερῶν
3047 795 3316 854 ἐκκλησιῶν
3342 795 3647 868 ἀποκινηθῇ’
3682 796 3770 848 καὶ

2160 888 2305 944 οὐδὲν
2329 888 2501 968 ἕτερον
2519 894 2610 946 τοῦ
2645 889 2823 945 λοιποῦ
2852 895 2982 961 μετὰ
3007 894 3177 944 ταῦτα
3201 885 3411 943 δυνατὸν
3442 885 3615 964 ὁρίσαι
3647 889 3768 963 περὶ

2162 991 2261 1037 τῶν
2301 980 2441 1047 ἅπαξ
2482 980 2577 1041 ἤδη
2605 982 2992 1054 τετυπωμὲνων.

2164 1077 2331 1149 994
2352 1079 2477 1132 licet
2509 1078 2664 1131 nobis
2690 1090 2814 1132 ante
2833 1080 2942 1147 jam
2976 1077 3135 1131 fuerit
3167 1076 3478 1147 praedictum
3518 1086 3765 1133 sanctum

2164 1166 2387 1223 fratrem
2419 1178 2474 1223 et
2503 1170 2889 1240 coepiscopum
2921 1178 3162 1223 nostrum
3216 1169 3451 1225 maxime
3480 1180 3506 1219 κ
3543 1184 3767 1226 corona:

2166 1258 2667 1331 vestraehgratiam
2717 1277 2927 1316 morum
2973 1277 3194 1316 suorum
3249 1262 3663 1319 mansuetudine
3712 1270 3769 1320 et

2168 1354 2451 1409 sanctitate
2480 1357 2764 1421 meruisse,
2820 1357 3092 1425 perceptis
3123 1370 3266 1410 nunc
3304 1364 3484 1410 tamen
3538 1356 3769 1412 beatitu-

2170 1448 2311 1503 dinis
2336 1458 2527 1502 vestrae
2561 1447 2773 1511 litteris,
2809 1457 3009 1516 quanta
3056 1463 3180 1502 eum
3227 1446 3496 1501 charilate
3523 1446 3771 1514 comple-

2170 1541 2391 1596 ctamini
2424 1541 2704 1595 evidenter
2726 1540 3066 1610 agnovimus.
3105 1538 3261 1595 Unde
3292 1540 3590 1609 pratmissis
3642 1537 3769 1593 offic

2170 1632 2268 1688 ciis
2298 1648 2417 1703 quae
2447 1633 2770 1702 aposwlatui
2796 1640 2979 1688 vestro
2999 1632 3119 1702 jure
3150 1632 3442 1700 debentur,
3468 1631 3771 1702 suggestio-

2174 1742 2294 1780 nem
2368 1736 2637 1793 nostram,
2710 1742 2830 1796 qua:
2890 1726 3113 1795 iustitia:
3184 1727 3430 1795 partibus
3499 1726 3768 1797 fungitur,

2171 1817 2494 1873 audiendam
2560 1833 2591 1871 a
2640 1832 2839 1873 corona
2907 1827 3089 1873 vestra
3160 1819 3384 1873 minime
3432 1818 3771 1874 dubitamus:

542 1910 1716 2007 i;;};"'{ap.m;;;u;;festinatius};"f:
1737 1910 1853 1988 ἶγῗ
1892 1910 2065 1987 vati.
2096 1927 2143 1987 Β
2172 1912 2370 1980 quippe
2397 1924 2519 1964 ευπη
2550 1924 2657 1964 ηοη
2688 1910 2866 2007 alia“
2902 1924 3038 1964 "Ova
3068 1911 3298 2007 itts‘mlﬁt
3334 1912 3428 1965 8θά
3460 1913 3638 2007 Pri?“
3678 1925 3774 1981 Ρθτ

544 2005 824 2075 ofﬁciorum
854 2005 1155 2060 testimoniis
1184 2005 1406 2058 Leonem
1434 2005 1741 2060 denmlceut.

541 2099 674 2155 CAP.
707 2098 747 2153 1.
781 2129 854 2139 -
881 2098 1149 2154 Memores
1171 2107 1433 2168 quantum
1464 2097 1689 2152 honoris
1718 2109 1771 2152 et
1800 2112 2065 2152 reveren-

474 2193 584 2257 tite,
637 2192 961 2247 beatissima:
999 2190 1113 2247 sedi
1164 2192 1504 2261 apostolicae,
1555 2193 1641 2246 cui
1674 2206 1771 2246 vos
1806 2192 2066 2247 Dominus

476 2292 664 2340 noster
688 2285 848 2340 Jesus
876 2282 1123 2339 Christus
1174 2299 1269 2352 pro
1321 2285 1530 2339 meritis
1567 2286 1866 2339 sanctitatis
1896 2286 2068 2340 voluit

478 2378 796 2447 praesidere,
834 2393 1052 2446 semper
1096 2376 1334 2432 debitum
1383 2379 1564 2445 fuerit,
1612 2393 1933 2448 semperque
1973 2378 2069 2434 de-

476 2473 689 2536 beatur,
721 2472 1113 2528 ordinationem
1144 2487 1247 2542 qua
1278 2482 1497 2527 sanctus
1525 2472 1690 2526 frater
1712 2482 1765 2528 et
1794 2472 2073 2543 coepisco-

476 2579 577 2631 pus
605 2572 790 2618 noster
819 2563 1126 2617 Ravennius
1164 2563 1217 2617 in
1248 2563 1465 2618 civitate
1482 2563 1701 2618 Arelate
1742 2572 1865 2635 post
1891 2572 2070 2619 trans-

475 2655 609 2711 itum
651 2656 823 2711 beatte
849 2655 1244 2711 recordationis
1287 2656 1474 2712 Hilarii
1517 2657 1777 2726 episcopi,
1824 2670 2062 2711 concor-

480 2749 731 2805 dantibus
761 2750 1002 2803 omnium
1052 2749 1213 2813 votis,
1273 2748 1340 2802 ad
1388 2763 1658 2803 summum
1708 2748 2073 2817 pontificium,

474 2845 709 2901 Domino
759 2844 1011 2913 favente,
1068 2853 1356 2915 provectus
1411 2852 1529 2911 est,
1593 2843 1772 2899 missis
1819 2843 2076 2898 continuo

483 2938 504 2978 ί
526 2940 719 2996 litteris
735 2938 1059 3010 apostolatui
1075 2948 1255 2995 vestro
1274 2938 1515 2994 indicare
1527 2938 1855 2992 curavimus.
1874 2937 2077 3003 Quibus

479 3046 509 3085 a
537 3032 871 3088 beatitudine
906 3042 1104 3099 vestra,
1164 3040 1310 3085 tanta
1343 3031 1655 3099 dignatione
1710 3039 1765 3085 et
1816 3030 2079 3085 charitate

479 3124 647 3180 fuisse
677 3141 1020 3195 responsum,
1043 3128 1337 3180 immensas
1361 3125 1562 3195 gratias
1583 3124 1815 3195 agimus,
1841 3124 1942 3178 etsi
1966 3128 2081 3177 ta’n—

480 3228 585 3283 tas,
619 3228 845 3289 quantas
874 3218 1158 3283 debemus,
1182 3216 1384 3271 referre
1414 3232 1522 3270 non
1552 3230 1861 3285 possumus.
1887 3213 2079 3269 Notum

555 3342 581 3369 κ
610 3331 931 3401 Qnesnellus
961 3332 1012 3384 iu
1038 3331 1299 3400 margine,
1330 3332 1520 3384 divino.

552 3402 684 3457 1>lt'a
732 3418 921 3457 omnes
970 3402 1184 3457 codices
1226 3405 1412 3462 nostri,
1467 3412 1521 3455 et
1568 3402 1789 3457 Baluzii.
1852 3403 2072 3459 Graecus

485 3475 646 3529 etiam
689 3484 864 3527 textus
898 3473 1154 3527 cohteret.
1202 3474 1364 3540 Editi,
1397 3472 1459 3526 ab
1506 3476 1859 3527 ecclesiasticis
1900 3476 2072 3537 rebus,

483 3556 542 3599 ttt
569 3546 621 3600 in
651 3545 873 3613 epistola
908 3544 1229 3610 praecedenti
1262 3554 1369 3597 tum
1404 3546 1456 3596 in
1497 3543 1708 3609 Gl‘tl‘CO,
1737 3554 1846 3598 tum
1886 3546 1937 3598 in
1972 3546 2076 3600 La-

484 3619 599 3671 tino
630 3625 786 3671 textu
815 3616 1026 3685 legitur.
1069 3618 1170 3668 Sed
1209 3615 1548 3670 Theodosius
1577 3615 1725 3670 hisce
1771 3616 1961 3671 litteris
1993 3633 2078 3670 re-

484 3688 759 3757 spondens
800 3688 1040 3757 epistolie
1073 3685 1142 3739 57
1177 3686 1450 3750 Eudoxiaz,
1483 3686 1671 3742 eadem
1714 3687 1940 3741 formula
1972 3690 2077 3741 uti-

485 3756 594 3823 tur,
627 3774 784 3827 quam
816 3758 905 3810 illa
938 3756 1135 3811 ibidem
1167 3767 1543 3822 usurpaverat,
1572 3774 1635 3813 ea:
1664 3760 1906 3813 humanis
1928 3760 2077 3813 rebus

486 3830 733 3899 potuisset
763 3829 979 3896 auferri,
1014 3828 1103 3881 ttbi
1152 3843 1280 3882 sane
1312 3828 1550 3883 Flaviani
1590 3843 1842 3893 mortem,
1875 3834 1941 3885 de
1974 3846 2075 3898 qua

487 3912 600 3955 tttm
630 3900 871 3954 Eudoxia
896 3900 1339 3965 nihilarcaperat,
1366 3900 1603 3955 indicare
1627 3916 1730 3955 non
1758 3902 1960 3971 potuit;
1984 3902 2078 3955 St‘d

482 3971 877 4039 depositionem
903 3974 1020 4034 ejus
1045 3970 1330 4033 intellexit,
1346 3970 1825 4038 utiexplicavimns
1841 3982 2027 4026 annot.
2046 3974 2079 4027 9

486 4042 625 4114 (Col.
665 4044 790 4107 865,
835 4059 887 4095 n.
918 4040 969 4110 ι³)
1015 4043 1067 4095 in
1111 4042 1376 4097 laudatam
1410 4043 1692 4112 epistolam
1739 4044 1827 4098 57.
1877 4044 2079 4097 Eodem

484 4118 666 4182 itaque
695 4127 854 4169 sensu
882 4114 1019 4167 hanc
1048 4114 1331 4167 formulam
1368 4114 1453 4167 hic
1483 4116 1691 4182 accepit
1720 4117 1878 4169 etiam
1904 4115 2081 4168 Theo-

482 4186 707 4240 dosius:
741 4187 883 4257 ttnd_e
907 4185 1256 4253 corrigendus
1303 4196 1386 4239 est
1416 4184 1761 4252 Quesncllus.
1799 4188 1887 4257 qui
1940 4188 2080 4241 hunc

483 4266 689 4311 texmm
732 4258 797 4309 de
827 4255 1069 4309 Flaviani
1109 4268 1285 4309 morte
1316 4257 1702 4324 interpretatus
1730 4255 1828 4312 est
1857 4269 1967 4311 not.
2002 4259 2082 4311 ul-

482 4330 613 4381 tima
663 4329 714 4381 in
759 4328 1039 4395 epistolam
1091 4327 1246 4398 nobis
1278 4328 1367 4393 59,
1402 4342 1463 4381 ac
1503 4328 1546 4380 si
1599 4332 1714 4395 ejus
1763 4346 1929 4393 mors,
1963 4344 2082 4398 qua:

483 4415 620 4523 :ane
670 4407 1048 4468 praeceSserat,
1095 4413 1125 4451 a
1170 4396 1481 4453 Theodosio
1536 4400 1637 4454 hoc
1681 4401 1800 4455 loco
1840 4396 2081 4454 nuntiata

510 4479 668 4523 nent.

510 4470 668 4523 nerit.

484 4612 519 4665 b
560 4552 581 4579 ε
616 4540 968 4595 Restituimus
994 4548 1043 4595 et
1069 4555 1140 4595 ex
1166 4539 1466 4607 codicibus,
1508 4550 1565 4595 ut
1600 4553 1718 4597 erat
1747 4543 1887 4611 apud
1913 4541 2083 4597 Crab-

524 4628 633 4665 11111.

524 4628 633 4665 Ulli.

554 4680 580 4718 ά
604 4682 756 4735 Alias
776 4692 893 4750 post
920 4697 1007 4753 ep.
1035 4684 1126 4738 49.
1158 4683 1289 4749 Quae
1335 4690 1511 4737 autem
1537 4694 1653 4738 erat
1693 4686 1781 4751 65,
1815 4700 1955 4738 nunc
1983 4685 2071 4739 8’5.

480 4753 689 4821 Scripta
720 4755 807 4807 ditt
844 4763 967 4806 ante
997 4755 1189 4808 Maium
1222 4771 1308 4808 an.
1329 4754 1454 4809 450.
1488 4756 1671 4809 Exstat
1705 4756 1819 4809 lucc
1850 4756 2077 4823 epistola

484 4825 539 4878 in
592 4826 749 4879 unica
805 4825 1125 4879 collectione
1177 4826 1244 4880 15
1291 4826 1614 4880 Arelatensi.
1687 4828 1996 4881 Viudicatur
2047 4844 2075 4881 a

485 4895 776 4968 Quesnello
824 4896 877 4949 in
920 4896 1385 4968 observationilnts
1419 4913 1551 4965 quas
1604 4898 1742 4951 notis
1779 4900 2072 4968 przetnittit.

482 4966 825 5039 Contulimus
866 4981 994 5039 cum
1021 4984 1123 5021 ms.
1156 4967 1506 5039 Vallicellano
1534 4968 1599 5031 G,
1635 4968 1724 5037 9t),
1768 4966 2078 5039 apographo

482 5037 797 5091 vetustioris
827 5037 1041 5109 codicis
1061 5038 1311 5092 Ecclesia:
1338 5039 1690 5105 Arelatensis,
1721 5037 1907 5109 eano
1935 5042 2077 5095 illum

482 5109 751 5164 Baronins
787 5108 974 5163 edidit.
1006 5106 1138 5163 Cum
1170 5119 1293 5163 nota
1326 5110 1580 5165 chronica
1622 5106 1829 5179 careat,
1868 5121 2075 5166 certum

482 5188 696 5254 tempus
728 5180 969 5254 ignotum
993 5190 1096 5254 est.
1128 5179 1313 5236 Solum
1336 5181 1594 5254 affirtnari
1621 5192 1793 5254 potest
1822 5185 2076 5254 scriptam

480 5250 652 5307 fuisse
681 5263 806 5307 ante
827 5252 968 5305 diem
995 5252 1028 5305 5
1052 5250 1169 5305 Maii
1197 5254 1322 5305 anni
1352 5253 1479 5317 450,
1513 5268 1617 5323 quo
1656 5252 1767 5307 Leo
1800 5250 1947 5308 hisce
1982 5255 2075 5309 lit-

480 5325 614 5396 teris
644 5324 922 5391 reSpondit
951 5324 1176 5396 epistola
1208 5325 1476 5396 sequenti,
1503 5334 1557 5379 et
1584 5341 1688 5380 non
1721 5326 1929 5379 modico
1960 5326 2080 5396 qui-

481 5394 608 5449 dem
645 5404 887 5469 tempore
918 5404 1063 5469 ante.
1098 5393 1230 5469 Cum
1260 5394 1401 5469 enim
1426 5396 1507 5469 ha;
1531 5397 1926 5469 Gallicanorum
1956 5393 2076 5469 pre-

480 5482 564 5537 ces
595 5466 659 5520 ad
692 5467 925 5521 Leonem
961 5465 1138 5521 missae
1160 5466 1355 5521 fuerint
1378 5482 1474 5535 per
1492 5467 1799 5523 Petronium
1826 5483 1877 5523 et
1900 5465 2073 5537 Regu-

480 5536 620 5609 lum,
662 5548 719 5592 ut
750 5539 1003 5609 liquetex
1034 5539 1257 5608 epistola
1275 5540 1519 5606 sequenti
1543 5554 1661 5606 cap.
1696 5557 1734 5606 ι,
1770 5542 1867 5594 hos
1894 5536 2075 5596 atttem

481 5608 575 5681 diu
603 5610 740 5678 apud
780 5626 839 5665 se
889 5613 1177 5665 retinuisse
1221 5614 1277 5664 S.
1308 5610 1541 5679 pontifex
1574 5612 1807 5666 aftirmet
1843 5613 2072 5681 cpismla

482 5678 553 5752 {37
582 5680 704 5734 data
729 5682 915 5737 eodem
950 5681 1037 5737 die
1066 5683 1099 5737 5
1126 5681 1271 5747 Maii,
1309 5678 1563 5752 sequitur
1594 5685 1683 5735 diu
1721 5694 1843 5737 ante
1872 5678 2071 5738 Maium

483 5747 585 5825 has
617 5767 801 5825 preces
828 5753 1170 5807 transmissas
1198 5747 1481 5809 fuissefln
1525 5758 1623 5809 hac
1652 5770 1778 5809 vero
1815 5757 2074 5825 temporis

486 5820 889 5892 iucertitudine.
922 5838 1013 5880 eas
1044 5828 1287 5894 sequenti
1342 5826 1536 5882 Leonis
1568 5828 1810 5897 epistolte
1844 5820 1948 5897 qua
1983 5826 2074 5884 iis-

2173 2018 2269 2057 vos
2295 2012 2542 2073 optamus
2569 2012 2624 2057 et
2658 2005 2875 2072 antiqua
2919 2003 3181 2073 reparari.
3230 2002 3343 2059 Nec
3370 2007 3511 2057 enim
3566 2004 3775 2073 justum

2171 2108 2324 2153 estut
2351 2100 2609 2153 honorem
2648 2098 2665 2133 ί
2694 2096 2812 2167 ejus
2838 2112 3020 2165 quem,
3055 2097 3492 2167 utprobavimus,
3518 2098 3771 2167 impense

2171 2190 2413 2259 diligitis.
2474 2189 2564 2244 illa
2600 2204 2688 2244 res
2734 2188 2965 2253 minuat,
3027 2191 3041 2240 ἰ
3082 2204 3187 2259 qua
3247 2190 3505 2260 pietatem
3540 2200 3777 2248 vestram

2172 2284 2310 2338 alter
2340 2282 2585 2338 offendit.
2620 2283 2686 2338 Et
2712 2298 2842 2336 sane
2873 2282 3216 2338 manifestum
3241 2294 3324 2339 est
3365 2284 3621 2340 Ecclesia:
3643 2285 3779 2340 Are-

2173 2375 2367 2429 latensi
2415 2374 2611 2427 divinae
2663 2374 2850 2441 gratiae
2899 2373 3138 2429 favorem
3198 2375 3422 2441 adesse,
3478 2376 3560 2429 cui
3613 2375 3779 2431 talem

2178 2464 2378 2520 habere
2408 2465 2633 2534 contigit
2666 2465 3002 2519 sacerdotem
3044 2482 3140 2535 per
3171 2483 3332 2537 quem
3382 2466 3664 2538 privilegia
3699 2467 3779 2522 di-

2175 2557 2396 2629 gnitatis
2417 2556 2671 2627 antiquae,
2698 2572 2819 2627 quae
2847 2558 3063 2613 dolebat
3089 2559 3188 2613 sibi
3223 2558 3247 2596 ιι
3280 2575 3377 2629 pro
3400 2568 3648 2629 tempore
3697 2559 3780 2614 di-

2177 2655 2405 2721 minuta,
2454 2655 2710 2724 gauderet
2742 2655 2794 2709 in
2844 2662 3161 2722 perpetuum
3208 2654 3601 2709 recentioribus
3642 2668 3780 2725 apo-

2179 2750 2384 2805 stolicae
2411 2749 2556 2804 sedis
2600 2748 3014 2805 auctoritatibus
3044 2746 3358 2803 reformata.

2250 2842 2383 2897 Car.
2408 2841 2474 2897 11.
2500 2872 2571 2883 --
2595 2842 2857 2897 Omnibus
2901 2842 3098 2896 etenim
3133 2840 3448 2911 regionibus
3487 2839 3783 2896 Gallicanis

2186 2934 2205 2972 ι
2248 2945 2435 2991 notu'n
2458 2946 2563 3000 est,
2593 2936 2685 2989 sed
2719 2950 2818 2990 nec
2847 2943 3207 2989 sacrosancta:
3241 2934 3493 2989 Ecclesia:
3524 2932 3785 2989 Romamn

2186 3029 2414 3083 habetur
2454 3028 2806 3097 incognitum,
2842 3026 2986 3096 quod
3016 3027 3186 3094 prima
3220 3025 3360 3079 intra
3394 3025 3599 3080 Gallias
3646 3026 3785 3081 Are-

2191 3122 2419 3176 latensis
2450 3121 2636 3174 civitas
2686 3122 2909 3174 missum
2944 3135 2971 3172 a
3005 3119 3317 3175 beatissimo
3345 3119 3505 3173 Petro
3535 3118 3786 3188 apostolo

2190 3226 2433 3271 sanctum
2467 3214 2821 3284 Trophimum
2870 3212 3069 3267 habere
3100 3214 3299 3267 meruit
3333 3210 3700 3277 sacerdotem,
3731 3219 3787 3265 et

2104 3332 2150 3396 C
2184 3333 2305 3388 dem
2331 3333 2581 3401 precibus
2614 3330 2925 3402 respondet.
2955 3331 3362 3402 prmmittentlas
3388 3330 3721 3384 censuimus.

2264 3413 2286 3441 ε
2319 3404 2374 3458 lu
2424 3404 2641 3457 laudato
2673 3401 2774 3457 ms.
2808 3402 3028 3456 Vallic.:
3068 3401 3258 3457 Preces
3291 3404 3459 3456 missa:
3486 3409 3549 3455 ab
3583 3402 3787 3455 univer-

2180 3476 2252 3529 sis
2284 3476 2539 3543 episwpis
2566 3473 2791 3528 Galliar.
2820 3476 2887 3526 ad
2914 3473 3133 3527 Leonem
3160 3491 3369 3544 papam.
3403 3474 3507 3528 Sed
3539 3489 3640 3528 vox
3667 3471 3771 3527 Gal

2183 3548 2300 3599 liar.
2362 3549 2499 3601 linea
2542 3547 2926 3613 superinducta
2974 3546 3146 3599 deleta
3195 3545 3311 3598 fuit.
3357 3544 3541 3600 Utrum
3575 3559 3705 3598 vero
3735 3545 3790 3599 in

2184 3618 2407 3683 antiquo
2452 3617 2641 3671 codice
2697 3618 2995 3671 Arelatensi
3044 3618 3187 3671 unde
3226 3631 3495 3685 smnptum
3547 3616 3644 3670 fuit
3686 3614 3790 3670 hoc

2183 3689 2553 3755 apoeraphntu
2598 3688 2664 3741 ad
2712 3687 3006 3742 Baroninm
3041 3690 3417 3741 transmissum
3447 3689 3635 3742 eadem
3676 3702 3787 3741 vox

2182 3759 2405 3817 Galliar.
2440 3760 2604 3824 desit,
2636 3775 2701 3812 an
2739 3775 2860 3813 cum
2905 3760 3092 3813 eadem
3139 3760 3295 3812 litura
3336 3758 3582 3827 legatur,
3634 3760 3788 3828 igno-

2185 3846 2388 3885 ramus.
2427 3832 2689 3887 Baronins
2717 3842 2771 3886 et
2820 3830 3141 3887 Sirmondus
3166 3840 3421 3886 omittunt
3460 3834 3790 3901 comprovin-

2184 3903 2416 3956 cialibus.
3785 3904 3792 3910 ’

2263 3973 2281 4012 τ
2317 3974 2623 4029 Indicantur
2652 3972 2896 4039 epistolte
2930 3972 3000 4027 40
3031 3981 3083 4028 et
3114 3974 3175 4028 41
3212 3974 3338 4027 anni
3369 3971 3755 4043 praecedentis.

2261 4054 2286 4093 8
2320 4045 2452 4100 Vide
2484 4056 2591 4098 not.
2632 4046 2654 4098 1
2693 4044 2895 4113 Quesn.

2262 4113 2286 4151 δ
2320 4116 2395 4170 Ita
2427 4133 2546 4168 cum
2578 4116 2869 4183 QueSnello
2901 4117 3061 4169 etiam
3102 4115 3441 4181 Sirmondus,
3472 4116 3563 4184 qui
3604 4117 3794 4171 Arela-

2187 4198 2396 4242 tensi-tn
2417 4190 2569 4240 roduc
2591 4205 2655 4240 ¹ιιι
2682 4188 2973 4240 consuluit.
2998 4188 3261 4241 Baronins
3282 4204 3403 4242 cum
3438 4205 3538 4242 tus.
3565 4188 3792 4249 Vallie..

2186 4260 2352 4328 gratia
2401 4275 2602 4314 morum
2646 4275 2860 4311 suorum
2902 4260 3343 4312 mansuetudinem
3394 4268 3438 4312 et
3470 4262 3795 4313 sanctitatem

2189 4330 2453 4383 meruisse.

2267 4400 2281 4438 ί
2315 4400 2578 4455 Ravennii
2619 4402 2847 4467 scilicet,
2884 4417 3043 4471 quem
3077 4401 3188 4456 Leo
3216 4402 3315 4456 sibi
3351 4403 3635 4457 probatum
3689 4412 3798 4455 tra-

2188 4472 2317 4525 didit
2353 4473 2575 4541 epiStola
2606 4473 2697 4527 40.
2732 4471 2928 4526 Confer
2956 4473 3115 4527 etiam
3140 4474 3298 4535 epist.
3330 4472 3421 4526 41.

2266 4543 2279 4594 i
2325 4545 2396 4597 Ita
2426 4559 2547 4598 cum
2575 4544 2868 4610 Qui-sncllo
2900 4544 3018 4597 cod.
3068 4544 3253 4599 Vallic.
3310 4545 3447 4597 Alia:
3493 4542 3795 4609 editiones,

2187 4632 2303 4681 qua:
2333 4616 2567 4685 pietatem
2608 4624 2827 4668 i-estram
2873 4629 2989 4670 ante
3031 4614 3268 4680 offendit.
3312 4615 3554 4683 Respicit
3605 4615 3798 4669 Hilarii

2192 4687 2387 4739 facuun
2415 4690 2465 4739 in
2486 4686 2753 4740 Celidonii
2783 4702 2965 4745 canSa.
2996 4686 3066 4741 ob
3095 4687 3236 4756 quod
3272 4686 3378 4740 Leo
3411 4687 3557 4739 illum
3592 4699 3799 4740 metro-

2186 4760 2409 4825 politieo
2445 4758 2566 4827 jure
2599 4759 2851 4826 privavit,
2883 4769 2940 4813 ut
2966 4758 3131 4826 liquet
3161 4774 3224 4812 ex
3271 4758 3493 4823 epistola
3540 4757 3627 4812 10.
3660 4757 3801 4812 llinc

2183 4839 2363 4883 autem
2390 4832 2739 4897 cognoscitur
2785 4829 2922 4883 hanc
2965 4830 3153 4883 lltlarii
3194 4844 3405 4896 poenam
3447 4830 3799 4900 personalem

2185 4900 2421 4954 habitam
2459 4900 2659 4964 fuisse;
2707 4915 2769 4954 ac
2808 4909 3090 4969 propterea
3131 4916 3257 4954 mox
3292 4901 3567 4970 privilegia
3598 4901 3799 4955 Arela-

2186 4973 2352 5044 tensis
2388 4974 2647 5025 Ecclesim
2675 4989 2772 5044 pro
2804 4981 3030 5044 tempore
3052 4971 3307 5025 diminuta
3340 4973 3645 5025 traduntur.

2254 5040 2279 5079 ιε
2310 5043 2570 5097 Nimirum
2597 5040 2697 5098 sub
2728 5040 2954 5103 llilario,
2992 5044 3079 5109 qui
3122 5043 3518 5112 tnetropolitico
3548 5043 3670 5110 jure
3703 5057 3801 5096 ex-

2184 5121 2307 5168 utus
2332 5114 2509 5169 fuerat
2530 5115 2691 5183 epist.
2724 5114 2811 5177 10,
2837 5130 2995 5181 quam
3016 5129 3228 5183 pmnam
3249 5114 3601 5183 temporalem
3627 5113 3803 5168 fuisse

2183 5185 2362 5253 quoad
2394 5186 2483 5239 ille
2510 5187 2741 5249 viveret,
2777 5184 3199 5240 ostendemusin
3232 5186 3705 5242 observationibus
3728 5187 3805 5241 ad

2182 5258 2401 5311 dissert.
2431 5256 2464 5310 5
2494 5256 2772 5324 Quesnelli
2804 5266 2932 5310 tom.
2964 5256 3033 5311 ll.

2261 5325 2283 5400 1_
2336 5328 2725 5395 ReSpiciuntur
2785 5327 2985 5383 Zosimi
3042 5329 3237 5384 litterae
3289 5330 3359 5382 tul
3412 5328 3673 5400 episcopos
3704 5343 3810 5398 per

2182 5397 2385 5453 Gallias
2410 5410 2459 5453 et
2485 5410 2675 5468 septem
2699 5400 2994 5470 provincias
3022 5401 3351 5467 constitutos,
3382 5397 3576 5469 quibus
3606 5397 3810 5454 Arela-

2186 5470 2355 5525 tensis
2411 5472 2556 5526 sedis
2613 5472 2895 5540 privilegia
2927 5481 2981 5525 et
3023 5473 3145 5539 jura
3193 5479 3392 5525 statuta
3444 5470 3678 5533 fuerant,
3735 5486 3808 5526 ac

2184 5543 2378 5598 exinde
2405 5543 2656 5597 omnibus
2682 5541 2983 5598 Galliarum
3019 5541 3334 5613 regionibus
3359 5542 3664 5597 innotuere.
3700 5540 3811 5598 Ha:

2185 5622 2363 5669 autem
2397 5614 2669 5668 Gallorum
2708 5629 2893 5683 preces
2929 5615 3127 5669 Zosimi
3163 5615 3355 5669 litteris
3386 5615 3522 5669 adeo
3550 5614 3809 5668 innitun-

2187 5693 2290 5751 tur,
2322 5695 2380 5739 ut
2409 5700 2813 5809 ponnumquam
2846 5689 2959 5757 ipsa
3009 5685 3123 5743 fere
3153 5701 3341 5743 earum
3368 5684 3537 5743 verba
3587 5683 3812 5746 ἀϐοατὶ·

2187 5767 2272 5809 uta
2299 5771 2407 5809 orae
2430 5767 2608 5809 erant.

2182 5767 2272 5827 pta
2299 5767 2608 5827 praeterant.

2256 5828 2272 5860 ⁸
2306 5826 2363 5885 In
2395 5826 2517 5886 eod.
2555 5840 2754 5900 marg.,
2784 5831 3227 5896 ὶκχλησιαστικῶν.
3262 5828 3330 5892 L3
