4014 6358
1671 421 1997 480 EPISTOLA
2037 422 2201 481 LXV.

274 541 468 602 exinde
494 541 618 599 aliis
642 540 898 609 paulatim
925 537 1241 610 regionibus
1267 537 1566 596 Galliarum
1599 547 1626 578 ι
1659 537 1860 594 bonum
1890 541 1945 602 Α
2039 537 2170 594 Car.
2199 537 2290 594 lll.
2319 569 2392 587 -—
2411 539 2682 600 Caeterum
2715 541 2881 598 multa
2912 550 3038 598 sunt
3059 541 3252 614 quibus
3269 545 3571 608 secundum

273 639 391 697 ﬁdei
422 647 479 692 et
500 635 777 707 religionis
809 633 1072 700 infusum;
1109 634 1361 705 priusque
1389 634 1492 688 alia
1527 633 1641 688 loca
1667 635 1734 688 ab
1765 636 1865 689 hoc

272 729 526 790 rivoﬂdei
547 743 708 801 quem
735 727 800 783 ad
818 742 917 783 nos
943 728 1254 796 apostolicae
1283 727 1636 782 institutionis
1663 726 1864 782 ﬂuenta

271 825 556 892 miserunt,
580 822 843 877 meruisse
859 819 1202 876 manifestum
1215 827 1303 876 est
1317 820 1680 887 sacerdotem,
1701 835 1862 892 quam

271 917 592 977 Viennensis
621 915 832 986 civitas,
865 929 984 986 quae
1008 914 1109 970 sibi
1138 928 1284 970 nunc
1305 915 1653 985 impudenter
1681 930 1744 971 ac
1767 931 1864 972 no-

269 1013 508 1068 tabiliter
533 1010 796 1082 primatus
835 1008 1082 1078 exposcit
1117 1007 1408 1063 indebitos.
1447 1007 1577 1064 Jure
1615 1009 1757 1064 enim
1798 1025 1861 1066 ac

268 1107 462 1163 merito
491 1119 558 1161 ea
581 1104 708 1159 urbs
735 1117 952 1171 semper
983 1101 1193 1172 apicem
1227 1110 1436 1157 sanetae
1464 1101 1742 1172 dignitatis
1765 1101 1862 1159 ob-

271 1200 446 1264 tinuit,
508 1211 630 1269 quae
671 1196 724 1250 in
770 1204 960 1250 sancto
1016 1193 1314 1263 Trophinio
1367 1194 1630 1265 primitias
1691 1195 1858 1267 995

267 1301 464 1348 nostra:
507 1290 784 1361 religionis
834 1289 1006 1359 prima
1045 1289 1320 1358 suscepit,
1373 1304 1436 1344 ac
1486 1300 1670 1358 posrea
1719 1292 1857 1344 intra

265 1383 464 1441 Gallias
511 1382 613 1437 hoc
645 1380 790 1452 quod
835 1381 1018 1436 divino
1069 1396 1293 1436 munere
1333 1380 1509 1438 fuerat
1541 1391 1852 1450 coiiseeuta,

264 1473 438 1531 studio
465 1474 730 1530 doctrina:
758 1473 1008 1528 salutaris
1040 1474 1246 1529 eﬂ‘udit.
1278 1473 1445 1544 Cujus
1488 1473 1708 1529 honoris
1757 1474 1856 1529 ob-

264 1578 408 1626 tentu
431 1567 735 1625 Ecclesiam
759 1568 1130 1624 Arelatensem
1156 1582 1345 1624 omnes
1374 1568 1692 1624 decessores
1715 1582 1854 1637 pra:-

261 1663 689 1733 decessoresque
733 1662 904 1717 nostri
943 1662 1090 1717 velut
1142 1672 1369 1717 matrem
1415 1660 1597 1717 debito
1641 1677 1857 1732 semper

259 1757 470 1814 honore
500 1757 807 1820 coluerunt,
837 1765 1193 1826 tenentesque
1227 1755 1570 1811 traditionem
1613 1754 1640 1793 δ
1688 1765 1854 1812 totam

259 1849 324 1904 ab
345 1849 450 1905 hac
481 1849 587 1904 sibi
613 1859 634 1887 ο
661 1848 909 1904 civitates
952 1857 1156 1902 nostra:
1185 1847 1316 1903 sede
1359 1849 1642 1918 episcopos
1674 1857 1855 1918 postu-

1971 633 2213 690 instituta
2261 636 2559 708 principum
2615 641 2822 694 cunctis
2869 641 3004 693 intra
3049 640 3297 710 regiones
3349 654 3570 701 nostra:

1969 730 2277 786 civitatibus
2301 730 2639 801 praeferatur.
2667 733 2856 788 Htecin
2873 742 3080 788 tantum
3104 750 3133 788 a
3157 735 3566 804 gloriosissima:

1968 824 2247 880 memoriae
2277 825 2632 881 Constantino
2678 830 3021 897 peculiariter
3069 827 3332 886 honorata
3367 839 3473 896 est,
3506 841 3566 887 ut

1965 919 2036 974 ab
2060 919 2181 989 ejus
2201 919 2462 977 vocabulo
2485 933 2682 991 praeter
2711 923 2984 994 propritim
3013 940 3228 991 nomen,
3253 942 3359 989 quo
3382 927 3564 982 Arelas

1963 1012 2131 1083 996
2157 1012 2448 1080 vocitatur,
2481 1011 2817 1068 Constantina
2846 1030 3040 1070 nomen
3083 1018 3374 1086 acceperit.
3414 1018 3563 1074 llauc

1964 1107 2404 1164 clementissima:
2429 1108 2824 1164 recordationis
2850 1109 3256 1168 Valentinianus
3291 1122 3346 1167 et
3379 1112 3561 1169 llono-

1963 1201 2076 1256 rius
2103 1203 2396 1259 tidelissimi
2445 1205 2721 1274 principes
2750 1205 3075 1275 specialibus
3122 1206 3439 1276 privilegiis,
3481 1217 3558 1275 et,

1962 1304 2022 1349 ut
2051 1297 2217 1352 verbo
2246 1297 2485 1368 ipsorum
2509 1309 2745 1367 utamur,
2783 1311 2806 1337 ο
2834 1301 3057 1355 Matrem
3083 1304 3322 1356 omnium
3355 1300 3562 1358 Gallia-

1963 1406 2082 1445 rum
2105 1392 2430 1460 appellando
2456 1393 2802 1450 decoraruiit.
2838 1394 2895 1449 In
2943 1397 3040 1450 liae
3072 1397 3203 1450 urbe
3235 1395 3562 1466 quicumque

1963 1481 2102 1536 intra
2134 1483 2335 1539 Gallias
2366 1501 2433 1540 ex
2470 1494 2713 1556 tempore
2753 1487 3135 1556 praedictorum
3163 1498 3438 1543 ostentare
3460 1503 3562 1543 vo-

1963 1576 2064 1630 luit
2097 1579 2327 1649 insignia
2375 1580 2679 1650 dignitatis,
2737 1581 2755 1618 ί
2814 1583 3152 1638 consulatum
3227 1583 3464 1651 suscepit
3505 1590 3562 1638 et

1961 1667 2131 1723 dedit.
2164 1670 2311 1726 llanc
2351 1671 2737 1727 sublimissima
2774 1674 3113 1744 praefectura,
3166 1673 3306 1729 hanc
3337 1673 3561 1744 reliquae

1962 1768 2282 1830 potestates,
2313 1761 2461 1818 velut
2490 1778 2830 1820 communem
2850 1766 3099 1821 omnibus
3126 1765 3377 1836 patriam,
3411 1779 3560 1821 sem-

1963 1867 2060 1922 per
2110 1854 2434 1908 inhabitant.
2494 1856 2574 1910 Ad
2634 1856 2772 1911 hanc
2813 1872 2880 1913 ex
2935 1858 3186 1913 omnibus
3251 1859 3560 1913 civitatibus

257 1941 458 1996 larunt.
492 1939 578 1997 Ab
603 1939 761 2010 hujus
789 1938 1050 1995 Ecclesiae
1079 1940 1362 1995 sacerdote
1401 1947 1507 1994 tam
1539 1938 1856 1995 decesSO"es
1889 1945 1935 2006 Β
1964 1947 2254 2002 multarum
2290 1949 2580 2003 utilitatum
2613 1965 2773 2004 causa
2801 1952 3172 2016 concurritur;
3216 1961 3269 2006 et
3300 1951 3456 2021 plane
3487 1951 3561 2007 ita

257 2039 472 2088 nostros
496 2047 654 2103 quam
685 2047 784 2086 nos
808 2031 954 2100 ipsos
984 2039 1200 2087 constat
1229 2031 1281 2085 in
1303 2048 1574 2087 summum
1599 2033 1856 2089 sacerdo-

255 2125 413 2191 tium,
455 2123 696 2180 donante
721 2123 971 2188 Domino,
1017 2135 1384 2179 consecratos.
1419 2125 1590 2194 Quam
1637 2126 1856 2196 quidem

255 2215 632 2283 antiquitatem
686 2224 978 2285 sequentes
1024 2216 1458 2285 praedecessores
1509 2217 1858 2274 beatitudinis

255 2319 480 2376 vestrae,
516 2310 620 2366 hoc
641 2310 783 2382 quod
812 2326 936 2380 erga
968 2311 1248 2381 privilegia
1294 2310 1638 2369 Arelatensis
1674 2314 1856 2370 Eccle-

253 2404 347 2460 sia:
383 2404 654 2460 institutio
680 2413 890 2459 vetusta
923 2405 1250 2473 tradiderat,
1289 2407 1643 2478 promulgatis
1695 2409 1858 2480 (sicut

253 2506 308 2553 et
335 2498 539 2554 scrinia
590 2498 902 2570 apostolica:
925 2498 1070 2554 sedis
1098 2501 1285 2570 procul
1335 2501 1500 2557 dubio
1551 2503 1855 2577 continent)

252 2588 280 2630 ἀ
318 2593 742 2648 auctoritatibus
806 2593 1200 2649 confirmarunt
1234 2610 1250 2650 :
1281 2595 1567 2652 credentes
1636 2599 1852 2668 plenum

249 2701 375 2743 esse
403 2688 635 2742 rationis
658 2695 820 2756 atque
840 2687 1082 2757 justitiae,
1119 2697 1179 2743 ut
1200 2690 1339 2744 sicut
1359 2705 1452 2760 per
1483 2690 1852 2747 beatissimum

252 2782 476 2838 Petrum
522 2782 892 2854 apostolorum
926 2784 1224 2854 principem
1274 2793 1619 2840 sacrosancta
1666 2786 1854 2844 Eccle-

249 2875 327 2930 sia
353 2875 600 2931 Romana
631 2886 840 2932 teneret
889 2891 1050 2946 supra
1096 2892 1286 2932 omnes
1320 2880 1484 2933 totius
1514 2880 1696 2934 mundi
1753 2881 1855 2936 Ec-

249 2970 452 3025 clesias
496 2973 878 3040 principatum,
925 2971 1000 3026 ita
1042 2972 1202 3026 etiam
1246 2974 1387 3027 intra
1438 2973 1638 3029 Gallias
1667 2974 1855 3032 Arela-

249 3064 422 3117 tensis
440 3063 702 3127 Ecelesia,
727 3079 846 3134 qua:
868 3073 1112 3119 sanctum
1135 3064 1485 3134 Trophimum
1501 3067 1570 3122 ab
1594 3069 1853 3137 apostolis

249 3157 476 3210 missum
535 3156 872 3212 sacerdmem
932 3157 1134 3213 habere
1179 3160 1509 3227 meruisset,
1563 3163 1848 3219 ordinandi

249 3249 588 3317 pontiﬁcium
644 3251 962 3306 vindicaret.
1009 3251 1104 3305 llis
1167 3251 1464 3306 secundum
1534 3254 1850 3325 religionem

250 3345 418 3399 utitur
449 3345 747 3416 privilegiis
788 3345 1029 3401 Ecclesia
1064 3355 1383 3400 memorata.

319 3542 346 3568 ει
378 3530 472 3588 Sic
500 3531 622 3587 cod.
675 3530 920 3588 Vallicel.
973 3547 1094 3586 cum
1150 3528 1380 3584 Baronio
1431 3539 1486 3584 et
1535 3530 1850 3587 Sirinondo.

246 3604 595 3671 Quesnellus,
625 3602 817 3658 donum
849 3603 992 3672 ﬁdei.
1032 3603 1162 3669 Quae
1184 3613 1365 3657 autem
1398 3600 1484 3655 hic
1515 3603 1582 3656 de
1620 3602 1676 3658 S.
1709 3604 1852 3658 Tro-

248 3677 420 3746 ptiitni
462 3675 722 3730 missione
755 3683 1065 3746 narrantur,
1089 3689 1119 3728 e
1146 3673 1346 3727 Zosimi
1377 3673 1573 3746 litteris
1603 3685 1853 3746 surrepta

248 3742 394 3803 sunt.
422 3747 537 3803 Hac
565 3762 696 3802 vero
720 3747 772 3802 in
792 3762 852 3800 re
880 3745 1104 3816 legenda
1131 3754 1302 3816 erunt,
1321 3759 1440 3812 quae
1471 3742 1644 3816 iusius
1676 3744 1853 3802 disse-

248 3835 431 3874 remus
461 3820 515 3873 in
560 3818 875 3873 memoratis
921 3815 1393 3872 Observationibus
1423 3815 1492 3870 ad
1532 3816 1754 3872 dissert.
1813 3819 1848 3873 5

244 3891 525 3958 Quesnelli
551 3897 687 3960 part.
713 3906 772 3953 ιι,
797 3905 845 3944 c.
866 3888 922 3942 2.

314 3961 345 4000 δ
381 3958 588 4029 Quesn.
618 3961 672 4015 in
699 3961 978 4031 margine:
1004 3958 1190 4031 Forte,
1221 3969 1417 4016 nolam.

315 4044 340 4072 ε
373 4033 596 4088 Baronii
640 4043 695 4087 et
745 4030 1020 4088 Sirmondi
1067 4030 1358 4098 editiones,
1416 4030 1674 4099 civitatis;
1729 4046 1854 4102 per-

243 4119 458 4177 peratu-

311 4175 340 4215 ιι
376 4175 582 4231 Zosimi
612 4175 855 4243 epistolae
886 4188 984 4246 pro
1005 4173 1134 4230 sede
1168 4174 1474 4229 Arelatensi
1513 4173 1674 4246 editae
1707 4174 1848 4230 indi-

241 4259 459 4304 cantur.
514 4248 750 4303 Litteras
804 4245 983 4300 aut’em
1016 4247 1386 4301 Romanorum
1418 4245 1725 4300 antistitum
1753 4263 1849 4301 au-

242 4321 508 4374 ctoritates
530 4319 827 4389 appellatas
857 4318 983 4371 hinc
1011 4318 1172 4373 etiam
1204 4317 1575 4389 conﬁrmatur.

313 4401 339 4429 °
369 4388 662 4460 Perperam
691 4391 748 4444 in
763 4389 992 4460 vulgatis
1022 4400 1147 4460 ante
1172 4388 1522 4455 Quesnellum
1547 4397 1706 4456 atque
1731 4388 1846 4445 Sir-

241 4459 506 4517 mondum
531 4477 653 4516 cum
687 4469 873 4516 nostro
899 4459 1086 4515 codice
1113 4459 1380 4514 Vallicell.
1401 4501 1415 4525 ,
1455 4460 1846 4513 matrimonium

239 4533 562 4589 Galliarum.
596 4533 862 4588 Honorius
893 4531 946 4585 in
986 4531 1384 4586 Constitutione
1427 4531 1493 4585 ad
1535 4531 1844 4600 Agricolam

240 4621 329 4662 an.
365 4605 474 4660 418
504 4605 775 4659 Arelatem
808 4603 1252 4673 ntetrOpotitanam
1301 4603 1552 4657 civitatein
1584 4603 1842 4673 appellat.

240 4677 295 4731 lu
332 4679 438 4732 hac
458 4677 840 4731 constitutione
869 4674 1217 4730 coiitinentur
1242 4674 1497 4742 pleraque
1525 4691 1591 4728 ex
1621 4677 1704 4728 his
1727 4689 1845 4742 qua:

239 4749 306 4803 de
340 4747 637 4818 privilegiis
684 4745 933 4818 civilibus
962 4745 1298 4800 Arelatensis
1345 4745 1492 4818 urbis
1534 4745 1644 4818 hoc
1667 4747 1845 4813 capite

239 4817 582 4875 referuntur.
622 4817 981 4872 Valentiniani
1031 4829 1206 4870 autem
1257 4817 1574 4870 constitutio
1620 4817 1838 4873 deside-

240 4903 420 4947 ratur.
452 4891 590 4957 Quid
632 4904 766 4944 vero
793 4891 936 4942 circa
972 4888 1066 4942 has
1115 4886 1530 4943 constitutiones
1581 4896 1637 4943 et
1697 4890 1842 4944 circa

241 4965 455 5017 titulum
509 4963 689 5014 matris
735 4961 964 5013 omnium
1013 4957 1306 5012 Galliarum
1361 4959 1704 5014 sentiendum
1748 4961 1840 5026 sit,

239 5033 637 5104 explicabimus
691 5034 742 5085 in
789 5029 1258 5086 observationibus
1306 5029 1551 5100 allegatis
1588 5041 1728 5101 part.
1779 5047 1839 5098 ti,

239 5122 285 5160 c.
322 5113 384 5169 4,
419 5123 474 5158 n.
506 5107 614 5158 2et
639 5105 691 5158 5.

314 5176 332 5214 ί
377 5176 508 5231 Vide
541 5183 655 5228 not.
681 5175 716 5227 2
741 5173 947 5241 Quesn.

310 5258 336 5295 ε
371 5253 502 5301 tum
547 5249 600 5299 iii
650 5245 1022 5316 sequentibus,
1069 5244 1499 5316 prwdecessarum
1557 5255 1840 5300 vestrorum

239 5321 546 5385 auctoritas,
572 5315 774 5372 indicet
808 5319 1064 5387 epistolas
1098 5315 1340 5388 Zosimi,
1397 5319 1448 5371 in
1499 5318 1693 5388 quibus
1729 5329 1840 5373 tres

240 5390 555 5459 provinciae,
621 5389 939 5443 Viennensis
967 5396 1022 5442 et
1051 5388 1168 5441 dua:
1200 5387 1597 5452 Narboiienses,
1650 5391 1838 5444 Arela-

239 5469 382 5516 tentii
411 5464 627 5516 tributae
656 5459 1026 5514 tantummodo
1057 5470 1446 5523 memorantur,
1491 5461 1712 5515 dubium
1745 5477 1838 5515 ex-

238 5537 412 5587 oritur
438 5531 696 5586 num.|iic
736 5545 951 5600 quoque
998 5531 1152 5603 trium
1198 5533 1576 5603 provinciarum
1616 5533 1837 5587 nomine

238 5608 444 5658 eadem
478 5603 768 5674 provincia:
799 5610 910 5656 tres
937 5602 1278 5674 solummodo
1310 5605 1675 5674 intelligenin
1703 5604 1832 5669 sint,

239 5677 310 5727 ita
345 5686 401 5729 ut
448 5673 769 5730 Viennensis
800 5675 852 5726 in
886 5675 1058 5726 tribus
1090 5673 1174 5728 his
1219 5673 1732 5744 comprehendatur.
1767 5679 1836 5729 At

238 5746 506 5810 formula),
541 5761 643 5798 non
669 5748 838 5798 solum
867 5745 1139 5812 provincia:
1189 5745 1504 5806 Viennensis.
1543 5747 1633 5801 sed
1677 5747 1832 5800 etiam

239 5821 400 5871 trium
427 5817 827 5887 provinciartun,
885 5815 981 5870 has
1020 5829 1129 5872 tres
1159 5817 1224 5870 ab
1258 5820 1343 5871 illa
1371 5819 1617 5873 videntur
1640 5818 1832 5873 distin-

240 5905 428 5957 ευριπ-ε.
458 5890 682 5944 Aliunde
708 5888 952 5942 restituta
991 5892 1096 5949 jani
1132 5904 1226 5956 per
1270 5891 1595 5945 Booif-iciuni
1630 5889 1828 5944 Zosimi

240 5975 610 6024 successorem
649 5958 924 6029 provincia
976 5957 1308 6016 Nariiotieii-xi
1367 5963 1531 6032 prima
1575 5964 1827 6034 episcopo

1963 2038 2065 2094 sibi
2094 2054 2217 2108 erga
2250 2039 2526 2110 privilegia
2559 2052 2870 2096 memoratae
2900 2043 2981 2097 vel
3013 2041 3268 2098 Ecclesiae
3313 2043 3395 2098 vel
3426 2043 3561 2098 civi-

1963 2131 2108 2200 tatis,
2133 2133 2335 2194 divina,
2366 2134 2743 2206 nt_crediuius,
2769 2135 3192 2203 dispensatione,
3218 2137 3397 2190 omnia
3427 2151 3559 2191 con-

1962 2236 2345 2291 seuserunt,ut
2373 2243 2589 2298 semper
2606 2229 2743 2284 sicut
2777 2229 3016 2285 Ecclesia
3049 2231 3382 2286 Arelatensis
3414 2231 3557 2286 intra

1960 2326 2160 2382 Gallias
2191 2327 2481 2396 primatum
2516 2327 2570 2383 in
2618 2329 2923 2384 sacerdotio
2961 2329 3301 2399 antiquitatis
3338 2331 3556 2397 merito,

1962 2429 2031 2484 ita
2062 2429 2225 2485 etiam
2252 2431 2441 2486 civitas
2491 2432 2605 2502 ipsa
2642 2433 3009 2502 principatum
3041 2434 3092 2488 in
3120 2435 3322 2490 saeculo
3361 2451 3559 2506 oppor-

1963 2532 2207 2587 tunitatis
2232 2534 2403 2603 gratia
2438 2533 2760 2604 possederit.
2799 2535 2950 2591 Unde
2989 2536 3189 2592 factum
3221 2546 3304 2593 est
3347 2548 3403 2592 ut
3451 2554 3558 2595 non

1960 2635 2136 2689 solum
2160 2635 2452 2704 provinciae
2484 2636 2808 2692 Viennensis
2827 2637 3248 2707 ordinationem,
3277 2638 3371 2694 sed
3393 2640 3557 2696 etiam

1962 2741 1988 2780 Β
2019 2737 2182 2792 trium
2234 2739 2660 2808 provinciarum,
2710 2741 3168 2810 contemplatione
3215 2743 3385 2797 sancti
3423 2742 3559 2797 Tro-

1959 2841 2150 2912 pliimi,
2185 2853 2324 2898 srcut
2369 2852 2424 2898 et
2482 2854 2791 2899 sanctorum
2837 2843 3296 2913 prtedeeessorum
3348 2854 3559 2901 vestro-

1958 2961 2077 3000 rum
2106 2943 2133 2982 h
2167 2945 2432 3015 patefacta
2463 2946 2564 3001 sibi
2618 2955 2845 3002 testatur
2873 2948 3192 3014 auctoritas,
3223 2947 3560 3004 Arelatensis

1957 3047 2219 3103 Ecclesia:
2266 3048 2522 3102 sacerdos
2568 3048 2635 3102 ad
2669 3048 3086 3104 sollicitudinem
3147 3063 3363 3119 semper
3405 3064 3558 3104 suam

1956 3162 2252 3219 curamque
2281 3148 2570 3203 revocarit.
2605 3145 2702 3203 Cui
2725 3147 2779 3203 id
2809 3148 2972 3203 etiam
3004 3148 3223 3204 honoris
3253 3148 3560 3219 dignitatis~

1957 3267 2062 3322 que
2092 3251 2346 3306 collatum
2377 3258 2480 3321 est,
2511 3260 2570 3306 ut
2599 3267 2704 3305 non
2734 3260 2938 3307 tantum
2973 3251 3070 3306 has
3123 3253 3433 3322 provincias
3465 3267 3559 3320 po.

1884 3344 1932 3408 C
1962 3361 2160 3408 testate
2180 3353 2396 3424 prOpria
2416 3353 2766 3422 gubernaret,
2789 3369 2978 3410 verum
3012 3354 3172 3409 etiam
3213 3369 3404 3409 omnes
3431 3352 3560 3409 Gal-

1960 3533 2321 3598 Narbonensi,
2351 3534 2404 3589 lii
2436 3535 2673 3604 episcopi
2702 3535 2770 3589 de
2801 3535 2988 3588 eadem
3026 3534 3297 3602 provincia
3326 3535 3391 3590 ad
3420 3535 3558 3590 Are—

1963 3605 2228 3661 latensem
2262 3605 2444 3662 sedem
2475 3607 2777 3662 revocanda
2823 3622 2928 3661 non
2962 3607 3209 3661 videnlur
3255 3608 3556 3677 cogitasse;

1958 3691 2082 3750 cum
2106 3679 2404 3750 prarsertim
2448 3678 2506 3733 S.
2541 3678 2650 3732 Leo
2691 3679 2850 3750 epist.
2889 3678 2975 3740 10.
3011 3678 3268 3733 Bonifacii
3295 3679 3558 3746 judiciqu

1960 3748 2210 3814 laudans,
2246 3749 2382 3803 lianc
2414 3748 2746 3818 provinciam
2777 3751 2843 3802 ab
2874 3750 3209 3804 Arelatensis
3239 3750 3363 3816 jure
3414 3750 3558 3804 alie—

1959 3834 2083 3874 nam
2118 3821 2495 3885 deelaraverit,
2522 3831 2582 3875 ttt
2610 3823 2782 3889 palam
2809 3821 2898 3874 ﬁet
2923 3823 2973 3874 iii
2999 3822 3212 3876 observ.
3248 3823 3298 3874 in
3334 3822 3552 3876 dissert.

1959 3891 2013 3957 5,
2048 3901 2187 3960 part.
2221 3908 2414 3962 tt,cap.
2446 3894 2499 3955 Ξ,
2538 3909 2589 3946 n.
2625 3893 2676 3946 7.
2708 3893 2944 3959 lliporro
2969 3892 3207 3962 episcopi
3232 3893 3389 3945 trium
3419 3908 3544 3960 pro-

1956 3964 2254 4018 vinciarum
2271 3973 2418 4029 sunt,
2447 3965 2786 4028 Viennensis,
2819 3963 3184 4018 Narbonensis
3215 3964 3465 4017 secunda:
3494 3973 3552 4018 et

1955 4032 2171 4104 Alpium
2208 4036 2617 4088 maritimarum.
2679 4035 2734 4089 ld
2766 4036 3038 4104 colligitur
3067 4051 3131 4090 ex
3169 4034 3551 4103 episcoporum

1955 4105 2284 4176 nominibus,
2319 4122 2439 4176 qum
2470 4107 2717 4174 sequenti
2745 4105 2940 4159 Leonis
2973 4107 3315 4174 responsioni
3366 4105 3581 4172 praeli-£

1953 4187 2168 4246 guntur.
2188 4175 2505 4230 Licetcnim
2533 4177 2687 4246 cujus
2712 4177 2855 4231 sedis
2877 4177 3114 4247 episcOpi
3130 4177 3330 4230 fuerint
3351 4175 3554 4231 ibidem

1953 4263 2060 4300 non
2080 4250 2437 4314 exprimatur,
2453 4249 2574 4302 aliis
2598 4259 2776 4302 tamen
2791 4263 2855 4302 ex
2871 4248 3230 4314 documentis,
3248 4263 3367 4316 quae
3392 4247 3554 4315 hujus

1954 4319 2054 4389 aevi
2084 4319 2367 4386 episcoiios
2397 4335 2516 4372 cum
2548 4320 2658 4372 suis
2683 4319 2901 4374 sedibus
2931 4319 3210 4384 exhibent,
3257 4321 3386 4373 satis
3419 4333 3555 4389 pro-

1953 4388 2134 4444 babile
2164 4400 2246 4444 est
2275 4389 2685 4445 Constantinum
2728 4389 2895 4444 fuisse
2925 4393 3236 4459 episcopum
3273 4388 3550 4452 DieiiSem,

1953 4471 2008 4515 et
2037 4461 2321 4516 Fonteium
2373 4461 2666 4516 Vaseusein
2701 4462 2990 4530 provinciae
3047 4461 3404 4524 Viennensis;
3443 4461 3553 4514 Ma-

1952 4534 2155 4587 ximum
2195 4549 2326 4587 vero
2354 4532 2519 4586 fuisse
2546 4533 2854 4600 epiSCOpum
2884 4533 3188 4597 lleiensem,
3237 4533 3548 4601 Asclepium

1951 4612 2260 4671 Aptensem,
2284 4604 2684 4658 Armentarium
2733 4604 3180 4672 Antipolitanuin,
3215 4617 3276 4657 ac
3298 4603 3554 4660 Theodo-

1952 4691 2069 4730 rum
2102 4675 2526 4744 Foroiuliensem
2547 4677 2597 4728 in
2623 4675 2954 4729 Narbonensi
2990 4676 3255 4740 secunda;
3287 4676 3352 4728 ad
3387 4676 3552 4744 Alpes

1950 4758 2129 4801 autem
2150 4749 2451 4800 maritimas
2470 4750 2740 4816 pertinere
2764 4746 3108 4800 Valerianum
3126 4747 3550 4810 Ceinellensem,

1957 4817 2148 4872 Ursum
2182 4821 2566 4882 Senecensein,
2595 4817 2903 4872 Nectarium
2956 4819 3282 4882 Diiiiensem,
3316 4826 3373 4872 et
3405 4817 3551 4887 lugeo

1953 4905 2116 4943 nuum
2151 4890 2614 4944 Ebreduiicnsem.
2653 4890 2759 4944 Has
2785 4903 2914 4957 ergo
2953 4899 3063 4944 tres
3095 4890 3401 4957 provincias
3433 4898 3552 4942 tau-

1951 4970 2064 5016 tuin
2090 4971 2146 5014 ut
2178 4961 2286 5017 Leo
2322 4962 2624 5016 Arelatensi
2653 4962 2765 5014 sedi
2802 4971 3183 5028 praeservaret,
3208 4959 3260 5013 hi
3305 4961 3549 5028 episcOpi

1950 5034 2254 5100 postulasse
2297 5034 2582 5097 videntur;
2632 5033 2731 5086 nisi
2761 5034 2882 5099 quis
2911 5032 3050 5086 forte
3078 5035 3217 5085 inter
3267 5033 3550 5099 cpisc0p0-

1950 5120 2069 5159 rum
2104 5107 2318 5159 nomina
2345 5103 2557 5158 aliunde
2583 5120 2684 5157 non
2710 5102 2922 5170 Cognita
2956 5106 3227 5158 exstitisse
3256 5109 3405 5168 putet
3436 5104 3554 5171 epi—

1949 5191 2172 5246 scopum
2210 5177 2540 5230 Tarantasize
2572 5178 2622 5229 in
2655 5175 2884 5244 Alpibus
2910 5173 3105 5239 Graiis,
3138 5183 3194 5228 et
3241 5173 3378 5226 hanc
3415 5187 3550 5246 quo-

1948 5243 2064 5316 que'
2090 5249 2418 5316 provinciam
2461 5243 3022 5301 lauilatos’anlistites
3066 5243 3553 5316 comprehendisse

1950 5315 2262 5379 arbitretur,
2295 5319 2430 5371 adeo
2461 5327 2515 5388 ut
2545 5327 2742 5388 praeter
2779 5317 3137 5372 Viennensem
3189 5315 3552 5388 indicaverint

1948 5391 2252 5457 provincias
2287 5399 2415 5454 tres,
2449 5387 2855 5444 Narbonensem
2886 5389 3200 5451 secundam,
3236 5387 3402 5450 Alpes
3435 5401 3552 5440 ma-

1945 5463 2152 5514 ritimas
2191 5471 2242 5513 et
2289 5465 2447 5529 Alpes
2481 5461 2691 5514 Graias.
2727 5461 2891 5528 Alpes
2921 5459 3138 5528 quidem
3179 5457 3378 5529 AGraias
3420 5473 3546 5511 ens-

1942 5531 2064 5586 dem
2093 5535 2253 5586 etiam
2305 5527 2466 5585 fuisse
2503 5527 2836 5598 coiiiplexiis,
2864 5527 3124 5598 judicium
3177 5527 3370 5582 Leonis
3410 5542 3549 5581 coii-

1943 5604 2148 5666 lirinat;
2196 5618 2316 5656 cum
2372 5604 2513 5657 inter
2560 5613 2788 5672 quatuor
2839 5602 3039 5669 Oppida
3091 5599 3394 5672 Arelatensi
3439 5613 3546 5652 non

1939 5689 2218 5739 Concessa,
2253 5676 2348 5729 sed
2381 5670 2666 5728 Viennensi
2691 5673 3000 5740 adjudicata
3029 5678 3309 5726 recenseat
3336 5670 3545 5724 Taran-

1942 5748 2154 5812 tasiaiii,
2209 5761 2328 5816 quae
2375 5745 2440 5798 ad
2490 5745 2651 5812 Alpes
2683 5744 2876 5800 Graias
2923 5758 2994 5800 ex
3041 5742 3295 5800 omnibus
3335 5740 3547 5805 netitiil

1940 5828 2197 5887 pertinet.

2013 5888 2037 5925 ἰ
2063 5888 2404 5953 Sirmondus,
2431 5887 2765 5958 patefactum.
