4014 6358
268 278 372 350 ωό

1623 291 1962 354 EPISTOLA
2000 293 2208 352 LXVI].

3436 288 3548 349 880

269 415 380 458 rem
409 399 661 459 civitates
682 403 858 459 claras
886 403 1050 460 fuisse
1074 407 1393 477 reperimus,
1418 415 1481 465 ut
1503 410 1857 480 quarumdam
1883 409 2076 475 A‘Hoc
2121 415 2448 480 pratceptum
2486 408 2692 467 domini
2726 407 2924 466 Leonis
2959 405 3340 464 conﬁrmatum
3383 412 3470 460 est
3515 418 3550 460 a

269 511 554 555 causarum
583 497 793 554 alterna
822 501 1058 567 ratione,
1086 517 1227 558 nunc
1265 501 1358 557 illa
1391 503 1444 558 in
1479 497 1860 560 ecclesiasticis

268 591 588 669 privilegiis,
616 607 760 647 nunc
791 593 889 648 ista
913 595 1420 674 praecelleret,cnm
1445 607 1623 674 tamen
1655 600 1862 655 eisdem

267 675 555 768 commune
575 684 662 756 jus
690 686 961 758 quondam
995 687 1161 745 fuisse
1181 704 1220 768 ‘a
1250 691 1498 760 gentibus
1521 679 1856 760 proderetur.

269 765 424 834 Unde
448 765 814 834 Viennensem
833 779 1128 851 civitatem,
1153 765 1410 856 quantum
1442 785 1507 839 ad
1535 785 1865 841 ecclesiasti-

267 883 384 924 cam
411 870 678 940 justitiam
706 873 960 942 pertinet,
981 873 1354 946 inhonoratam
1382 880 1593 954 penitus
1615 894 1735 934 esse
1757 894 1866 934 non

269 963 538 1035 patimur;
592 965 890 1044 praesertim
936 983 1058 1022 cum
1108 967 1175 1023 de
1222 955 1533 1038 receptione
1576 971 1864 1042 privilegii.

273 1057 592 1112 auctoritate
637 1057 746 1128 jam
791 1047 997 1136 nostra:
1038 1060 1403 1131 dispositionis
1451 1047 1660 1131 utatur;
1707 1079 1867 1136 quam

274 1141 598 1228 potestatem
631 1139 832 1205 Hilario
855 1153 1112 1224 episc0po
1142 1155 1400 1221 ablatam,
1424 1155 1720 1232 Viennensi
1757 1147 1872 1228 epi-

274 1258 439 1315 δρορο
467 1231 796 1324 credidimus
833 1247 1216 1324 deputandam.
1258 1251 1357 1319 Qui
1408 1268 1476 1308 ne
1521 1235 1745 1324 repente
1786 1268 1873 1310 se-

275 1337 509 1406 metipso
539 1323 712 1393 lactus
738 1323 983 1395 videatur
1012 1329 1260 1410 inferior,
1294 1344 1484 1400 vicinis
1515 1323 1614 1399 sibi
1639 1356 1874 1416 quatuor

278 1432 493 1502 oppidis
521 1429 851 1502 priesidcbit,
883 1434 935 1489 id
968 1445 1071 1502 est,
1104 1436 1391 1509 Valentius,
1423 1449 1475 1493 et
1518 1439 1872 1510 Tarantasiaa,

277 1533 332 1600 et
357 1513 614 1591 Cenavin,
646 1538 698 1582 et
723 1525 1115 1600 GratianOpoli,
1149 1541 1207 1584 ut
1236 1546 1357 1585 cum
1403 1533 1480 1587 cis
1518 1532 1632 1603 ipsa
1667 1535 1874 1590 Vienna

275 1605 348 1675 sit
375 1627 404 1656 ει
431 1619 642 1690 quinta,
677 1619 743 1675 ad
775 1621 929 1690 cujus
965 1615 1278 1693 episcopum
1321 1609 1560 1680 omnium
1593 1626 1878 1696 prredicta-

276 1727 397 1768 rum
430 1712 793 1771 Ecclesiarnm
823 1717 1131 1793 sollicitudo
1164 1719 1448 1787 pertineat.
1477 1719 1720 1800 Reliqua:
1746 1738 1878 1777 vero

1965 504 2096 561 sede
2115 503 2432 574 apostolica,
2467 502 2794 577 prasidente
2823 501 3151 576 Symmacho
3178 513 3338 572 papa,
3370 493 3552 556 Probo

1963 610 2021 654 ν.
2049 612 2102 654 c.
2131 597 2373 656 consule.

2430 689 2770 751 EPISTOLA
2803 687 2836 731 ι’
2864 689 3074 747 LXVII.

2151 815 2173 844 θ
2196 820 2264 860 ΔΙ)
2293 819 2601 861 BLVENNIUI
2637 816 3024 861 ARELA'I'INSBII
3060 815 3374 860 EPISCOPUI.

1969 918 2235 978 Smorsxs.
2264 949 2337 961 —
2367 919 2525 974 Mittit
2569 918 2830 975 Ravennio
2878 916 3119 971 celebrem
3149 933 3296 970 suam
3331 914 3400 968 ad
3428 909 3560 967 Fla-

2041 994 2247 1047 vianum
2279 991 2546 1056 epistolam
2576 994 2638 1044 de
2672 990 3024 1044 incarnatione
3064 987 3217 1042 Verbi
3249 987 3344 1041 Dei
3381 984 3563 1038 aduer-

2042 1081 2130 1120 sus
2163 1063 2446 1134 Eutychen,
2480 1073 2534 1114 ut
2558 1078 2654 1133 pro
2683 1061 2976 1134 defensione
3003 1061 3144 1131 fidei,
3180 1076 3400 1134 perenni
3429 1059 3557 1124 ἔρως,

2043 1137 2122 1191 uel
2153 1129 2334 1213 Cyrilli
2374 1129 2711 1213 Alexandrini
2749 1129 2967 1213 epistola
3003 1129 3208 1213 cunctis,
3244 1129 3430 1184 Galliw
3458 1134 3566 1213 epi-

2047 1202 2213 1276 smpis
2264 1207 2483 1268 ﬁdeliter
2527 1202 2831 1260 innotescat.
2874 1203 3086 1261 Secreta
3125 1202 3278 1258 etiam
3317 1202 3563 1256 mandata
3612 1261 3615 1264 _

2049 1278 2229 1352 legatis
2252 1279 2520 1333 commissa
2548 1277 2765 1333 indicat.

2179 1381 2540 1449 Dilectissimo
2567 1391 2719 1447 fratri
2743 1391 3050 1457 RLVENNIO,’
3073 1391 3188 1447 Leo
3219 1391 3377 1462 papa.

2050 1531 2153 1586 Diu
2183 1531 2322 1586 lilios
2353 1539 2568 1586 nostros
2610 1528 2922 1585 Petronium
2961 1530 3335 1601 presbyterum
3367 1534 3422 1582 et
3463 1528 3572 1584 ιιθ-

1979 1626 2162 1696 gulum
2203 1625 2488 1680 diaconum
2536 1626 2588 1680 in
2632 1623 2772 1705 Urbe
2799 1625 3102 1679 tenuimus:
3131 1621 3386 1694 quoniam
3426 1631 3479 1677 et
3505 1621 3574 1678 de

1983 1728 2166 1772 nostra
2197 1717 2300 1772 hoc
2322 1717 2490 1786 gratia
2519 1715 2884 1782 merebantur,
2910 1723 2965 1770 et
2991 1715 3110 1772 ﬁdei
3135 1730 3253 1784 qua:
3275 1727 3418 1768 nunc
3439 1727 3574 1778 quo-

277 1805 527 1862 civitates
547 1807 788 1878 ejusdem
815 1812 1244 1878 provincizc,snb
1267 1813 1601 1870 Arelatensis
1617 1816 1876 1870 antistitis
1905 1825 1954 1888 Β
1981 1810 2224 1865 rumdam
2258 1805 2486 1864 errored
2511 1809 2821 1874 incessitur,
2854 1808 2994 1862 ratio
3027 1806 3348 1876 postulabat.
3382 1803 3575 1858 Volui-

278 1902 604 1956 auctoritate
632 1911 687 1958 et
713 1903 1056 1960 ordinatione
1087 1907 1386 1961 consistant
1410 1923 1424 1962 :
1460 1924 1618 1978 quem
1647 1925 1741 1978 pro
1764 1925 1879 1964 mo-

276 1991 474 2049 destia:
503 2010 615 2050 suae
647 2000 1025 2066 temperantia,
1067 1999 1136 2054 ita
1172 1999 1410 2055 futurum
1455 2002 1726 2058 credimus
1766 2013 1883 2059 stu-

280 2083 496 2159 diosum
530 2088 813 2145 charitatis
842 2102 895 2146 et
924 2091 1094 2161 pacis,
1119 2102 1177 2148 ut
1200 2110 1537 2164 nequaquam
1563 2096 1666 2151 sibi
1695 2099 1881 2154 credat

281 2175 546 2246 ablatum,
575 2183 720 2251 quod
753 2182 906 2237 fratri
935 2184 1115 2240 videat
1142 2201 1263 2255 esse
1289 2203 1626 2244 concessum.
1652 2191 1798 2256 ,Data
1820 2207 1880 2248 ut

282 2287 413 2329 non.
446 2275 589 2338 Maii,
620 2276 996 2334 Valentiniano
1022 2283 1158 2351 Aug.
1179 2283 1210 2336 7
1233 2292 1288 2338 et
1310 2263 1510 2339 Avieno
1539 2300 1592 2340 v.
1617 2301 1666 2340 c.
1694 2301 1877 2342 conss.

357 2370 574 2442 1000
604 2367 670 2424 In
703 2371 805 2441 ﬁne
846 2372 1002 2444 hujus
1041 2377 1288 2447 epistolas.
1321 2379 1427 2432 haec
1456 2395 1570 2448 qua:
1601 2390 1880 2451 sequuntur

283 2464 433 2518 verba
490 2464 744 2519 habentur
781 2466 835 2521 in
876 2467 1029 2522 codd.
1073 2470 1359 2526 Arelatensi
1404 2481 1451 2526 et
1505 2470 1880 2530 Vallicellano:

281 2603 630 2674 Viennensis,
669 2608 1036 2664 Narbonensis
1062 2611 1333 2671 secunde,
1370 2619 1425 2663 et
1470 2611 1680 2668 Alpium
1717 2611 1877 2666 mari-

278 2677 560 2744 timarum,
588 2682 663 2734 uti
692 2683 1028 2736 ostendimus
1058 2697 1240 2737 annot.
1270 2683 1336 2740 16
1361 2680 1493 2752 (Col.
1524 2685 1650 2747 881,
1676 2701 1730 2736 η.
1752 2685 1801 2752 ιι)
1825 2685 1875 2738 in

277 2764 367 2818 ep.
395 2753 817 2826 precedentem.
840 2754 980 2826 Nunt
1001 2755 1320 2826 Viennensis
1346 2755 1637 2816 provincia-2
1657 2757 1876 2811 nomine

275 2836 387 2877 non
413 2821 651 2896 civilem,
679 2824 770 2878 sed
791 2825 1210 2881 ecclesiasticam
1237 2821 1562 2896 provinciam
1590 2826 1871 2893 intellexit,

277 2907 400 2962 quae
442 2893 623 2960 plures
661 2896 845 2952 civiles
888 2897 1194 2965 provincias
1232 2893 1759 2964 comprehenderet?
1791 2900 1872 2952 An

276 2964 646 3038 prmscindere
673 2968 841 3022 voluit
865 2964 900 3022 a
918 2969 1281 3024 memorandis
1316 2970 1378 3024 iis
1408 2971 1722 3038 provinciis,
1751 2985 1871 3035 qua:

275 3035 346 3092 ex
377 3035 602 3106 decreto
628 3039 886 3095 Bonifacii
919 3042 983 3094 ad
1019 3040 1277 3095 llilariutn
1312 3035 1718 3095 NarbOnensein
1763 3041 1876 3095 sitt-

275 3109 416 3234 gulte
444 3125 602 3162 suum
634 3111 830 3168 habere
852 3112 1120 3166 debebant
1152 3113 1571 3176 metropolitam,
1600 3113 1677 3167 uti
1709 3112 1878 3181 pluri-

319 3195 382 3234 us
409 3180 653 3234 dicemus
680 3184 730 3234 in
761 3185 973 3234 observ.
1002 3184 1067 3234 ad
1091 3184 1305 3234 dissert.
1333 3184 1365 3234 Β
1397 3184 1623 3234 Onesn..
1651 3193 1791 3234 nart.
1814 3200 1872 3234 ιι.

319 3180 653 3253 us_dicemus
680 3184 730 3237 in
761 3185 973 3238 observ.
1002 3184 1067 3239 ad
1091 3184 1365 3248 dissert.,5
1397 3184 1623 3252 Quesn.,
1651 3180 1791 3253 part.
1814 3200 1872 3251 ll,

278 3265 332 3306 c.
367 3251 422 3321 6,
450 3268 506 3308 η.
540 3253 574 3308 5
604 3264 654 3328 et
678 3270 829 3326 seqq.
850 3253 1014 3310 Forte
1042 3272 1171 3328 vero
1204 3257 1260 3311 S.
1291 3244 1530 3325 pontifex
1561 3244 1681 3310 eam
1706 3244 1877 3311 solam
1905 3244 1951 3308 C
1983 3244 2338 3328 scripserant,
2370 3258 2653 3318 distinctas
2684 3244 2755 3314 ei,
2777 3244 2928 3314 more

278 3325 709 3398 cOntroversiam
757 3325 876 3398 quae
916 3329 1058 3383 inter
1105 3327 1464 3382 Viennensem
1506 3334 1562 3382 et
1597 3329 1881 3382 Arelaten-

279 3409 397 3452 sem
427 3396 714 3469 episcopos
743 3396 912 3464 mota,
945 3399 1010 3453 ad
1040 3415 1100 3454 se
1143 3399 1320 3454 delata
1369 3399 1568 3465 fuerat,
1598 3409 1653 3454 et
1693 3400 1744 3452 in
1777 3414 1880 3469 qua

278 3469 396 3522 sola
429 3465 784 3541 allegationes
816 3471 1068 3541 utrinque
1107 3471 1312 3525 fuerant
1341 3470 1639 3539 productae,
1684 3465 1884 3539 dijudi-

279 3553 408 3602 care
436 3539 490 3594 in
534 3539 635 3596 hac
683 3541 909 3608 epistola
955 3539 1148 3606 voluit;
1188 3543 1324 3596 adeo
1377 3552 1433 3596 ut
1477 3542 1577 3596 hac
1626 3542 1693 3596 de
1723 3557 1884 3598 causa

279 3609 610 3684 praeterierit
631 3611 791 3668 etiam
818 3615 906 3668 illa
937 3629 1056 3684 quae
1079 3614 1222 3668 circa
1254 3615 1584 3668 Arelatensis
1614 3613 1756 3669 sedis
1778 3616 1886 3683 pri-

282 3681 476 3755 }‘ilegia
511 3681 785 3739 antistites
814 3685 864 3738 in
892 3681 1186 3755 prirmissis
1227 3686 1422 3740 litteris
1455 3681 1882 3752 postulaverant.

282 3751 502 3827 Desola
538 3763 716 3810 autem
769 3751 1064 3812 Viennensi
1101 3757 1378 3827 provincia
1408 3751 1633 3827 quaistio
1674 3757 1773 3811 fuit
1817 3759 1886 3813 ob

284 3826 686 3899 ordinationem
715 3827 957 3897 episcopi
995 3825 1228 3882 civitatis
1257 3825 1538 3899 Vasensis,
1572 3845 1690 3899 quae
1737 3829 1790 3883 in
1823 3845 1887 3884 ea

285 3897 568 3972 prmincia
594 3900 695 3972 sita
730 3912 843 3972 est;
877 3908 932 3972 et
961 3901 1011 3955 in
1043 3899 1182 3953 hanc
1214 3916 1328 3954 rem
1372 3897 1724 3970 allegationes
1764 3916 1887 3972 pro-

286 3967 486 4035 ductae,
514 3985 577 4042 ac
600 3970 760 4038 legati
793 3971 1046 4042 utrinque
1077 3971 1288 4042 directi.

359 4049 384 4076 ⁸
419 4042 495 4095 Ita
528 4041 732 4110 Quesn.
771 4054 826 4098 et
861 4041 1024 4097 Sirnt.
1078 4041 1362 4109 Batonius,
1402 4046 1699 4111 conjuncta.
1748 4041 1883 4100 Cod.

285 4108 583 4186 VallicellI,
598 4117 784 4186 juncta
814 4131 911 4185 pro
940 4115 1138 4181 quinta.

359 4181 572 4255 biAlias
598 4181 693 4240 '5l.
732 4181 863 4255 Qua:
893 4198 1071 4241 autem
1117 4197 1276 4242 antea
1302 4185 1370 4242 67
1413 4194 1548 4253 erat,
1607 4200 1747 4241 nunc
1793 4185 1886 4243 87.

288 4253 505 4324 Scripta
539 4257 574 4312 5
600 4255 722 4311 Maii
751 4253 842 4312 an.
866 4256 991 4314 450.

365 4338 388 4364 ο
426 4328 668 4384 llabclur
696 4329 811 4385 hmc
847 4329 1076 4398 epistola
1108 4329 1160 4384 in
1185 4328 1462 4386 codicibus
1501 4329 1668 4384 solius
1711 4329 1888 4386 colle-

290 4399 492 4454 ctionis
525 4400 592 4455 15
618 4401 969 4455 Arelatensis.

361 4469 390 4508 ά
420 4470 499 4524 lta
525 4471 651 4527 cod.
676 4471 963 4528 'l‘ltuaneus
985 4488 1014 4526 a
1043 4472 1332 4540 Qucsuello
1357 4472 1639 4541 allegatus,
1661 4488 1761 4529 nec
1782 4489 1889 4530 non

292 4546 432 4612 apud
467 4542 834 4597 Sirmnndum.
863 4545 1009 4597 Alias
1041 4560 1102 4598 ex
1152 4543 1381 4598 Baronio
1431 4543 1608 4597 vexata
1642 4561 1736 4614 est,
1765 4562 1887 4600 cum

1985 1919 2106 1961 mus
2135 1905 2277 1959 enim
2309 1918 2406 1960 eos
2445 1913 2633 1959 nostro
2681 1904 2946 1958 interesse
2979 1912 3002 1938 ο
3039 1900 3311 1966 tractatui,
3357 1907 3412 1953 et
3457 1896 3577 1952 uni.

1984 2011 2139 2052 versa
2177 2011 2504 2065 cognoscere
2543 2009 2662 2066 qum
2699 2010 2796 2066 per
2836 2003 2891 2048 te
2930 1994 3178 2062 cupimus
3226 1991 3292 2046 ad
3334 1989 3576 2045 omnium

1987 2092 2210 2149 fratrum
2239 2103 2294 2147 et
2320 2091 2768 2147 consacerdomm
2792 2099 3094 2145 nostrorum
3122 2087 3364 2142 notitiam
3386 2097 3582 2154 perve-

1988 2195 2127 2258 nire,
2159 2188 2179 2228 ί
2205 2188 2555 2254 cltarissime;
2588 2187 2693 2242 hoc
2721 2183 2998 2242 dilectioni
3032 2193 3139 2239 tuae
3167 2180 3470 2252 specialiter
3490 2178 3581 2233 de<

1987 2288 2267 2358 legumes,
2315 2297 2374 2342 ut
2420 2283 2788 2343 sollicitudine
2819 2281 3137 2352 Ivigilantiae
3183 2286 3291 2333 tute
3357 2273 3583 2343 epistola

1995 2383 2204 2456 1001
2238 2393 2442 2442 nostra,
2488 2395 2650 2452 quam
2682 2378 2749 2433 ad
2778 2375 3052 2432 Orientem
3096 2389 3194 2444 pro
3236 2371 3358 2427 fidei
3403 2368 3586 2424 defen.

1992 2467 2145 2533 sione
2174 2475 2498 2543 direximus,
2525 2485 2552 2524 ε
2579 2474 2663 2530 vel
2694 2485 2896 2528 sancta:
2926 2471 3202 2526 memoriae
3232 2467 3442 2541 Cyrilli,
3467 2479 3586 2537 qua

1995 2669 1999 2684 ί
2066 2612 2088 2651 τ
2129 2607 2328 2669 Vocem
2377 2601 2766 2684 charissime,_a
2801 2609 3089 2684 Quesnello
3123 2614 3467 2684 expunctam,
3520 2620 3587 2684 ex

1989 2679 2178 2741 codice
2204 2687 2555 2740 Valliccllano
2582 2700 2645 2739 ac
2673 2679 2965 2742 Sirmondo
3008 2679 3406 2743 revocavimtts,
3440 2687 3498 2733 ut
3529 2679 3588 2733 in

1989 2758 2150 2812 editis
2187 2759 2485 2826 ngt-ballll'.

2058 2838 2084 2876 8
2114 2827 2202 2884 Vel
2221 2823 2315 2900 pro
2333 2839 2379 2883 et
2403 2828 2688 2899 aliquando
2710 2830 2762 2884 in
2785 2829 2986 2894 nostris
3003 2844 3135 2884 mss.
3154 2823 3412 2900 Leoninis
3430 2839 3585 2900 usur-

1984 2910 2159 2972 patur.
2202 2895 2257 2955 ut
2290 2901 2471 2954 videre
2494 2895 2582 2954 i-st
2611 2911 2796 2955 annot.
2829 2900 2900 2954 ‘29.
2937 2900 3085 2971 (895,
3112 2918 3165 2955 η.
3203 2897 3246 2968 ί)
3275 2900 3324 2951 in
3364 2913 3452 2972 ep.
3492 2895 3584 2951 80.

1985 2970 2270 3038 Certecnm
2288 2972 2514 3038 epistola
2537 2972 2658 3036 115,
2683 2988 2732 3026 c.
2754 2973 2808 3035 5,
2827 2972 3075 3028 ordinato
3092 2972 3336 3027 Proterio
3352 2970 3589 3025 Alexan-

1985 3033 2142 3100 drino
2167 3045 2275 3098 Leo
2303 3033 2560 3112 epistolas
2593 3033 2656 3099 se
2678 3033 2892 3098 dedisse
2919 3045 3132 3112 scripsit
3160 3045 3226 3097 ad
3265 3042 3588 3109 epismpum,

1985 3131 2088 3172 νει.
2118 3117 2436 3170 ordinatorcs
2462 3115 2647 3184 ipsius,
2675 3131 2772 3172 seu
2801 3116 3034 3182 clericos,
3064 3131 3166 3172 vat.
3187 3125 3235 3169 et
3265 3128 3360 3169 seu
3393 3127 3488 3180 pro
3520 3126 3589 3184 ετ

1985 3188 2232 3256 accepit:
2264 3188 2334 3241 ita
2367 3183 2508 3242 enim
2538 3187 2603 3241 ad
2638 3187 2912 3255 singulos,
2994 3187 3042 3241 tti
3085 3185 3355 3241 distinctis
3394 3183 3590 3237 litteris

1985 3259 2338 3314 scripserant.
2370 3258 2653 3314 distinctas
2684 3275 2750 3314 ex
2777 3273 2928 3314 more
2955 3202 3105 3314 dedit
3140 3257 3424 3314 epistolas.
3468 3267 3590 3314 qua:

2994 3257 3105 3313 edit
3140 3257 3424 3325 epistolas,
3452 3267 3591 3325 qua:

1987 3323 2356 3394 intercidere,
2396 3329 2474 3384 uti
2505 3329 2785 3385 distinctas
2814 3331 3076 3385 habemus
3104 3323 3348 3396 ejusdem
3379 3323 3586 3395 episto-

1986 3401 2067 3458 las
2092 3403 2217 3468 l7l,
2255 3401 2358 3456 17‘2
2385 3412 2441 3457 et
2472 3404 2574 3457 175
2605 3403 2658 3456 in
2689 3401 3031 3459 ordinatione
3059 3399 3332 3456 Timothei
3361 3399 3593 3452 Alexan-

1987 3474 2152 3540 drini,
2177 3475 2264 3543 qui
2293 3472 2537 3529 Proterio
2560 3475 2840 3530 successit.
2866 3473 3025 3528 Aliud
3051 3471 3389 3528 manifestius
3409 3482 3593 3543 exem-

1990 3547 2136 3615 plum
2173 3539 2368 3614 praesto
2398 3556 2478 3599 est
2505 3561 2567 3601 ex
2600 3545 2759 3615 epist.
2791 3545 2917 3612 151,
2953 3561 3002 3599 c.
3036 3545 3061 3597 1
3094 3561 3108 3599 :
3155 3543 3343 3615 Qualia
3380 3539 3463 3615 ad
3487 3539 3593 3615 cle-

1988 3611 2366 3690 inentissimwn
2395 3611 2772 3690 imperatorem,
2803 3611 2911 3690 vet.
2935 3616 3003 3670 ad
3029 3617 3198 3690 ipsum
3226 3611 3593 3690 Alexandrina!

1988 3689 2128 3746 urbis
2152 3691 2445 3758 episcopum
2467 3682 2657 3760 scripta
2679 3682 2973 3760 direxerim,
2996 3682 3204 3742 subdita
3226 3683 3343 3739 huic
3365 3682 3594 3760 epistola:

1989 3753 2226 3826 exempla
2256 3753 2632 3814 monstrabunt.
2666 3759 2798 3815 Cum
2833 3761 3133 3816 indicentur
3171 3753 3416 3826 exempla
3459 3753 3594 3808 dna-

1989 3849 2109 3887 rum
2140 3823 2488 3900 epistularum
2521 3832 2640 3896 l29,
2676 3831 2742 3886 ad
2774 3831 3078 3886 Proterium
3121 3823 3545 3884 Alexandrinum
3574 3865 3590 3889 ,

1992 3914 2047 3960 et
2075 3905 2196 3966 150,
2226 3903 2290 3958 ad
2321 3903 2644 3957 Marcianum
2670 3906 2990 3972 Augustum,
3019 3917 3143 3973 qua:
3164 3901 3380 3973 quidem
3405 3911 3596 3973 super-

1992 3986 2151 4045 sunt;
2185 3976 2261 4029 vel
2291 3989 2384 4042 pro
2426 3984 2472 4051 et
2512 3974 2598 4051 hic
2636 3967 3394 4051 quoquesumptnm'liquet.
3435 3967 3498 4051 In
3535 3982 3594 4022 re

1991 4057 2171 4100 autem
2201 4046 2452 4116 praesenti
2484 4045 2560 4099 rel
2590 4061 2687 4109 pro
2715 4054 2763 4100 et
2788 4045 3031 4101 adhiberi
3059 4061 3124 4099 ex
3153 4059 3218 4099 eo
3245 4045 3593 4116 cognoscitur

1993 4117 2136 4187 quod
2186 4111 2290 4171 non
2341 4116 2412 4172 ita
2459 4117 2516 4172 S.
2569 4117 2682 4172 Leo
2726 4116 2924 4188 Cyrilli
2962 4116 3246 4188 epistolam
3297 4111 3596 4188 Gallicanis

1992 4185 2356 4256 commendet,
2385 4197 2462 4254 ttt,
2491 4189 2536 4243 si
2585 4190 2700 4244 haec
2741 4185 2844 4243 illis
2892 4185 3150 4242 Ravennii
3187 4198 3351 4254 opera
3391 4185 3596 4256 innote-

1993 4273 2123 4325 scat,
2153 4254 2426 4328 permittat
2456 4275 2606 4314 suam
2635 4260 2700 4313 ad
2733 4259 3043 4314 Flavianum
3067 4256 3352 4328 epistolam
3383 4254 3600 4328 suppri-

1995 4333 2099 4398 mi,
2132 4324 2289 4402 quam
2322 4335 2592 4402 principue
2621 4332 2984 4401 recipiendam
3016 4345 3077 4384 ac
3104 4324 3598 4402 subscriptionibus

1995 4397 2658 4474 signaitdam'transmisit
2683 4443 2698 4465 ,
2738 4397 2819 4456 uti
2872 4402 3140 4474 colligitur
3179 4400 3456 4474 ex__ep_ist.
3490 4397 3595 4474 _99.

1995 4469 2212 4532 confer.
2243 4483 2427 4529 annot.
2450 4475 2482 4530 8
2503 4475 2637 4545 (Col.
2667 4474 2794 4542 895,
2819 4491 2873 4527 η.
2905 4469 3027 4545 ilio
3050 4473 3209 4545 epist.
3230 4471 3319 4526 70.
3353 4469 3598 4545 Innuitur

1994 4564 2126 4602 vero
2144 4547 2324 4616 Cyrilli
2349 4540 2575 4614 cpistola
2593 4540 2828 4601 secnnda
2853 4545 2918 4599 ad
2938 4540 3267 4606 Nestorium,
3286 4556 3389 4616 qua
3416 4542 3472 4597 S.
3494 4540 3601 4616 Leo

293 4611 475 4696 Limen
509 4615 561 4668 in
597 4631 699 4696 nis.
727 4614 1077 4696 Vallicellano
1107 4615 1172 4681 G,
1202 4616 1292 4696 9_9,
1318 4611 1731 4696 quo-Baronius
1761 4633 1890 4696 usus
1919 4636 1970 4696 ι)
1995 4611 2578 4696 adversus_l£ttty_cltem
2605 4634 2732 4672 usus
2761 4626 2845 4672 est
2865 4659 2904 4696 ,_
2932 4626 3015 4696 ut_
3039 4617 3205 4696 liquet
3252 4611 3319 4696 ei
3359 4611 3601 4696 longiori

294 4691 643 4769 est,_legatur
672 4687 899 4756 incessit,
944 4702 1133 4744 errore
1169 4689 1356 4757 utique
1401 4689 1625 4755 librarii,
1661 4705 1757 4759 pro
1810 4691 1892 4744 in—

293 4769 548 4814 CeSSlllll'.

369 4841 394 4869 θ
423 4830 700 4897 SnSpicari
732 4830 998 4900 quispiam
1027 4839 1209 4900 posset
1242 4830 1327 4886 hic
1355 4830 1577 4902 intelligi
1603 4840 1892 4887 tractatum

295 4917 326 4958 a
356 4901 538 4958 Leone
569 4912 624 4956 et
651 4901 833 4956 multis
874 4903 1143 4970 episcopis
1191 4902 1452 4965 habitum,
1482 4901 1601 4956 cum
1654 4904 1895 4959 Valenti-

297 4977 516 5039 nianus,
549 4973 788 5026 Placidia
830 4983 885 5027 et
915 4973 1162 5029 Eudoxia
1213 4973 1510 5028 Februario
1551 4991 1737 5030 mense
1785 4975 1897 5031 Ru-

298 5060 436 5119 matu
460 5052 751 5106 venerunt,
777 5043 971 5119 dequo
994 5046 1115 5119 vide
1139 5057 1323 5099 annot.
1350 5047 1381 5100 7
1407 5045 1547 5119 (Col.
1573 5046 1698 5110 860,
1719 5066 1748 5101 n
1780 5045 1826 5117 ἲ)
1845 5050 1896 5103 in

298 5118 456 5188 epist.
486 5119 584 5188 55.
621 5122 687 5169 At
725 5119 795 5171 ob
820 5117 1082 5188 ejusmodi
1126 5117 1430 5183 tractatum,
1461 5120 1549 5188 qtti
1595 5120 1892 5174 Februario

299 5185 485 5244 mense
517 5187 1007 5260 videturexactus,
1040 5185 1334 5243 Petronius
1357 5199 1411 5244 et
1448 5185 1683 5260 Regulus
1723 5205 1892 5259 usque

301 5259 362 5315 ad
393 5260 541 5316 diem
585 5261 618 5315 5
661 5258 778 5319 Maii
810 5260 1034 5314 retineri
1078 5275 1184 5332 non
1233 5272 1504 5332 poterant.
1534 5258 1719 5316 Alium
1766 5258 1892 5331 ergo

300 5334 658 5411 posteriorem
690 5339 974 5411 tractatum
1007 5330 1725 5411 indicari—probabiliusest.
1750 5330 1895 5388 Con-

301 5403 722 5474 jieiinusautem
766 5403 961 5471 respici
998 5409 1285 5474 tractatum
1333 5403 1386 5458 in
1427 5403 1659 5458 Anatolii
1708 5420 1890 5472 causa,

302 5473 419 5530 cum
450 5473 669 5531 scilicet
711 5474 943 5543 receptis
965 5473 1106 5528 circa
1137 5474 1374 5545 Aprilem
1427 5475 1621 5529 litteris
1652 5476 1719 5531 de
1751 5477 1900 5531 ordi-

304 5551 521 5618 natione
546 5545 810 5615 ejusdem,
843 5562 962 5616 qua:
1003 5547 1292 5614 plurimum
1332 5549 1527 5618 negotii
1571 5548 1891 5608 faceSscbat.

304 5616 528 5692 longiori
548 5619 946 5692 consultatione
964 5633 1099 5687 opus
1117 5619 1234 5683 fuit,
1259 5636 1360 5688 qua
1381 5616 1431 5673 in
1454 5621 1689 5673 maximo
1713 5635 1893 5673 rerum

305 5689 548 5760 periculo
577 5692 710 5745 utile
729 5689 1014 5760 consilium
1030 5703 1333 5759 caperetur,
1360 5701 1412 5746 et
1434 5703 1568 5760 aptae
1590 5692 1895 5745 instructio-

308 5778 400 5835 nes
423 5762 618 5833 legatis
645 5763 1003 5835 traderentur.
1046 5761 1169 5816 Vide
1197 5763 1464 5834 epist.69,
1498 5778 1545 5820 c.
1572 5763 1627 5817 2.
1661 5760 1719 5820 ld
1738 5778 1894 5835 aper-

310 5834 408 5891 tius
437 5829 534 5892 liét
555 5850 624 5891 ex
647 5845 830 5891 aunot.
865 5835 898 5890 5
930 5829 1126 5903 Lluj’ra,
1163 5829 1320 5903 me).

1998 4692 2090 4747 illo
2129 4691 2368 4759 ejusdem
2390 4683 2734 4754 'fragmento,
2762 4687 2904 4755 quod
2936 4683 3235 4757 subjectum
3268 4686 3463 4759 legitur
3487 4683 3604 4759 epi-

1999 4754 2293 4818 stolm'lGS
2327 4760 2394 4814 ad
2436 4761 2670 4816 Leonem
2703 4754 3047 4830 Augustumf
3071 4759 3198 4814 Hmc
3237 4759 3405 4830 prima
3444 4754 3603 4830 hujus

2000 4836 2244 4904 epistolae
2283 4832 2468 4904 Cyrilli
2509 4835 2714 4887 mentio
2757 4825 2840 4887 est
2881 4833 2932 4886 in
2966 4825 3164 4904 Leonis
3192 4829 3410 4904 litteris,
3445 4827 3601 4904 sicuti

2001 4900 2124 4962 dein
2156 4907 2208 4960 itt
2239 4900 2396 4975 epist.
2430 4904 2498 4959 (i9
2529 4913 2584 4958 et
2611 4906 2680 4960 70
2706 4920 2824 4974 quae
2857 4905 3070 4973 scriptae
3098 4903 3312 4975 fuerunt
3357 4900 3408 4975 in
3453 4901 3602 4975 Ana:

2003 4979 2116 5034 lolii
2147 4966 2329 5041 causa,
2359 4988 2412 5029 et
2442 4977 2495 5030 in
2525 4977 2606 5029 bis
2629 4966 2795 5044 (quod
2823 4966 3056 5028 maxime
3077 4970 3472 5044 observandum
3497 4966 3604 5044 est)

2002 5050 2205 5106 exedem
2228 5040 2414 5106 Cvrilli
2442 5040 2766 5102 litterae-una
2789 5062 2908 5100 cum
2934 5046 3130 5100 celebri
3159 5043 3354 5099 Leonis
3376 5040 3603 5105 epistola

2001 5122 2093 5180 28.
2125 5119 2190 5174 ad
2243 5116 2597 5186 Flavianum,
2648 5120 2761 5185 pari
2807 5117 3170 5172 sollicitudine
3210 5116 3505 5186 junguntur
3552 5118 3608 5186 et

2001 5192 2446 5264 commendantur
2475 5181 2861 5264 Orientalibus,
2892 5197 2952 5243 ut
2979 5190 3065 5243 hic
3101 5181 3425 5264 Gallicanis;
3461 5181 3603 5264 unde

2000 5263 2312 5337 Petronium
2339 5262 2677 5337 etRegulum
2701 5262 2772 5316 ob
2796 5253 3080 5337 tractatum
3106 5259 3156 5312 in
3181 5271 3341 5312 causa
3369 5253 3602 5337 Attatolii

2005 5335 2188 5388 llotna:
2216 5335 2305 5387 diu
2336 5333 2504 5388 fuisse
2529 5334 2796 5397 detentos,
2827 5342 2986 5400 atque
3012 5331 3077 5383 de
3113 5337 3224 5383 toto
3257 5331 3474 5400 negotio
3515 5331 3607 5400 in-

2003 5417 2269 5465 structos.
2311 5405 2393 5460 vel
2423 5420 2488 5460 ex
2519 5403 2624 5459 hoc
2652 5396 3033 5458 locomaiitne
3061 5399 3468 5467 comprobatur.
3500 5396 3608 5450 Cur

2003 5493 2132 5532 vero
2156 5478 2294 5532 inter
2319 5476 2471 5546 plura
2497 5475 2716 5530 Patrum
2741 5473 3068 5546 testimonia,
3094 5487 3212 5540 qna:
3234 5472 3606 5546 ltoc‘tempore
3673 5523 3676 5526 _

2003 5548 2289 5617 diligenter
2317 5539 2564 5611 collecm,
2597 5547 2787 5614 legatis
2816 5545 2914 5599 hac
2939 5551 3005 5598 de
3032 5539 3191 5617 causa
3233 5542 3284 5596 in
3324 5539 3603 5617 Orientem
3682 5577 3688 5583 .

2003 5609 2184 5674 missis
2225 5619 2415 5672 tradita
2457 5609 2714 5683 fuerunt,
2755 5625 2809 5670 et
2845 5625 3036 5687 postea
3075 5609 3607 5687 subjectaepistolre
3693 5629 3698 5636 ι

2006 5691 2110 5745 165
2137 5691 2286 5762 (vide
2311 5682 2728 5745 admonitionem
2759 5682 3091 5762 prmntissam
3120 5686 3289 5762 epist._
3313 5682 3409 5745 28,
3436 5695 3602 5762 num.

2005 5752 2154 5833 ult.),
2185 5778 2299 5822 cur,
2335 5764 2572 5833 inquam,
2608 5761 2722 5813 Italo
2751 5752 2853 5833 una
2885 5757 3071 5833 Cyrilli
3102 5752 3326 5827 epistola
3354 5763 3408 5811 et
3435 5752 3524 5810 hic
3552 5760 3608 5807 et

2004 5830 2124 5892 aliis
2153 5836 2208 5894 itt
2238 5834 2372 5892 locis
2400 5830 2428 5890 a
2456 5832 2636 5891 Leone
2660 5830 3006 5902 potissimum
3031 5830 3330 5898 ingeratur,
3362 5835 3421 5884 et
3461 5833 3610 5887 tanta
