4014 6358
415 269 521 330 887

1550 264 1609 321 S.
1652 262 1898 320 LEONIS
1939 260 2151 318 MAGNI
2170 214 2171 217 Ἴ
2193 259 2569 318 EPISTOLE.

3613 258 3727 320 888

415 386 620 448 nostris
658 385 905 443 sensibus
933 392 1042 440 tota
1079 382 1393 449 concordat,
1434 382 1705 437 universis
1751 382 2007 437 fratribus
2036 384 2090 445 Α
2185 379 2504 448 dignissimo
2533 392 2685 450 papae
2713 376 2882 434 LEONI
2908 376 3201 448 CEBETIUS,
3234 377 3500 434 SALONIUS
3525 385 3581 434 et
3611 374 3720 436 Vs-

416 481 724 538 innotPscat
750 497 763 533 :
792 488 847 531 ut
878 487 902 515 α
934 479 1194 531 certiores
1231 475 1406 531 ell'ecti
1447 483 1638 529 contra
1678 490 1772 529 eos
1813 477 1902 546 qui
1933 476 2013 531 in-

417 575 791 633 carnationem
825 571 1034 625 Domini
1062 571 1239 638 pravis
1273 571 1713 639 persuasionibus
1744 570 2016 628 mstimant

419 665 816 729 temerandam,
842 663 1107 731 Spirituali
1131 679 1189 718 se
1214 662 1413 718 virtute
1442 664 1814 732 prmmuniant.
1836 664 2014 719 Habes

421 759 753 831 probabilem
788 757 1121 817 facultatem,
1146 774 1246 829 qtta
1278 760 1487 811 cunctis
1518 756 1773 812 Ecclesiis
1811 764 1867 812 et
1902 756 2014 812 Deo

421 864 609 909 nostro
631 851 973 922 episcopatus
998 852 1071 905 tui
1100 853 1271 917 possis
1293 850 1676 905 commendare
1701 849 2014 919 primordia,

422 948 466 1002 si
498 947 614 1001 hate
655 950 747 1011 ita,
788 957 845 1000 tit
882 947 1155 1000 credimus
1194 956 1354 1013 atque
1396 944 1790 1010 mandavimus,
1827 944 2018 1012 imple-
2069 957 2073 960 ’

422 1041 587 1103 veris.
640 1040 805 1096 frater
854 1040 1195 1095 cliarissime.
1225 1038 1357 1107 Quae
1396 1051 1577 1094 autem
1628 1035 2014 1092 committenda

373 1117 382 1136 ’
424 1132 453 1174 δ
483 1134 678 1190 litteris
734 1150 838 1189 non
888 1131 1139 1199 I'uerunt,
1168 1148 1289 1187 cuin
1340 1132 1722 1202 praedictorum
1784 1130 2016 1184 ﬁliorum

426 1238 737 1285 nostrorum
767 1227 1129 1282 insinuatione
1153 1226 1423 1280 didiceris.
1446 1225 1659 1280 Domini
1678 1224 1845 1279 fretus
1867 1224 2021 1279 auxi-

426 1324 506 1380 lio
544 1324 862 1387 el'tiCaciter,
917 1324 1127 1396 1002
1173 1331 1225 1375 ttt
1271 1322 1528 1387 diximus,
1572 1337 1638 1377 ac
1679 1320 2019 1375 laudabiliter

426 1420 765 1488 exsequeris.
810 1417 953 1472 Deus
1011 1428 1060 1470 te
1112 1416 1434 1469 incolumem
1506 1413 1796 1475 custodiat,
1854 1410 2021 1467 frater

429 1509 768 1566 cltarissime.
797 1510 930 1564 Data
958 1524 1016 1564 tu
1053 1524 1182 1565 non.
1216 1507 1370 1575 Maii,
1402 1507 1793 1577 gloriosissimo
1826 1503 2020 1561 Valen—

429 1604 634 1660 tiniano
658 1604 795 1675 Aug.
831 1620 901 1658 vn
930 1614 985 1659 et
1010 1604 1214 1657 Avieno
1240 1620 1293 1657 v.
1321 1616 1370 1656 c.
1401 1616 1579 1656 conss.

771 1718 982 1791 1003
1024 1715 1356 1773 EPISTULA
1399 1727 1420 1755 ο
1456 1714 1685 1771 LXVIII.

590 1809 613 1848 “
643 1827 882 1875 cancro,
914 1829 1117 1867 SALONII
1153 1830 1219 1867 ιτ
1252 1828 1469 1869 vsnm.
1503 1826 1859 1867 sptscorontnt

729 1899 1030 1947 GALLOBUI,
1074 1901 1141 1940 AD
1180 1900 1226 1939 S.
1272 1900 1486 1940 LEONEM
1531 1899 1724 1938 PAPAI.

434 1988 461 2017 ⁸
493 1979 763 2036 SYNOPSIs.
808 2008 876 2019 ——
902 1978 943 2032 I.
981 1976 1086 2030 Pro
1118 1990 1320 2046 accepta
1351 1981 1463 2049 ejus
1494 1978 1561 2029 ad
1592 1975 1904 2049 Flavianum
1930 1976 2039 2049 epi-

503 2056 634 2105 stola
664 2052 858 2124 gratias
884 2060 1061 2118 agunt,
1093 2066 1247 2124 quam
1277 2062 1323 2102 et
1354 2047 1444 2117 per
1475 2066 1647 2124 omnt's
1668 2047 1927 2124 Ecclesias
1952 2047 2037 2124 as-

506 2119 683 2178 seruili
725 2123 985 2176 celebrari.
1021 2150 1093 2162 —
1116 2121 1180 2175 Il.
1212 2119 1367 2174 Illius
1395 2122 1659 2191 exemplar
1681 2138 1709 2170 α
1747 2137 1800 2174 se
1838 2120 2035 2175 descri-

503 2206 648 2266 ptum
666 2196 897 2257 mittunt,
919 2211 950 2245 α
980 2193 1146 2246 Leone
1168 2193 1527 2265 corrigendum
1561 2209 1622 2245 ac
1657 2193 2036 2246 remittendum.

436 2288 665 2344 Domino
693 2300 901 2350 sancto,
938 2288 1247 2341 beatissimo
1277 2286 1411 2355 patri
1444 2297 1499 2340 et
1531 2284 1551 2323 ί
1577 2286 1869 2355 apostolica
1911 2286 2042 2342 sede

436 2420 559 2460 cum
589 2404 950 2458 Sollicitudinc
985 2403 1338 2473 coniungatur
1381 2417 1500 2457 eum
1550 2401 1776 2466 epistola
1823 2401 1915 2466 28,
1961 2402 2029 2457 ad

436 2476 792 2541 Flavianum,
831 2478 959 2527 satis
984 2476 1248 2546 colligitur
1275 2490 1341 2529 ex
1373 2478 1532 2539 epist.
1568 2474 1635 2546 oti
1663 2484 1717 2529 et
1744 2474 1832 2531 70.
1868 2473 2032 2546 Euty-

437 2550 615 2604 cltiant
646 2548 846 2601 scilicet
872 2548 1039 2601 >0Iﬂll|
1070 2545 1336 2601 Νιυςιιιιωη
1370 2546 1526 2601 tidem
1556 2544 1851 2600 eIIereltant
1874 2544 2035 2613 atque

435 2620 812 2682 inculcabant;
842 2629 892 2672 et
920 2634 1038 2672 cum
1072 2634 1132 2672 se
1157 2620 1204 2671 ei
1238 2617 1535 2675 adbo-rere.
1565 2626 1674 2670 tum
1702 2634 1829 2668 vero
1852 2619 2033 2671 catho-

436 2690 572 2746 litos
594 2691 703 2743 suis
724 2691 997 2744 erroribus
1021 2689 1266 2744 inimicos
1288 2690 1356 2741 ah
1376 2704 1438 2742 ea
1461 2687 1677 2742 deviare
1696 2689 2037 2743 dictitabant.

437 2762 637 2817 Confer
654 2771 837 2816 annot.
855 2760 888 2815 6
906 2758 1042 2827 (Col.
1064 2760 1188 2823 855,
1206 2777 1259 2814 n.
1283 2762 1332 2828 κ)
1355 2760 1405 2814 ἰιι
1428 2761 1585 2828 epist.
1612 2759 1701 2814 54.
1728 2758 1857 2812 Cum
1881 2774 2039 2826 porro

435 2833 599 2887 iidem
621 2833 951 2887 Nesmrtanis
970 2844 1150 2887 esst-nt
1170 2832 1535 2891 ittl'mtstssitni,
1559 2831 1954 2901 epistolasliyri
1982 2834 2037 2897 li,

438 2906 529 2974 qni
543 2904 912 2958 Nestorianatn
931 2903 1177 2957 haeresim
1197 2903 1587 2972 proﬂigaverat,
1607 2904 1834 2956 maxime
1852 2904 2044 2969 praedi-

438 2976 652 3031 cab.~nt.
680 2975 787 3029 Lco
812 2980 989 3044 itaque
1011 2984 1069 3030 ut
1088 2992 1301 3029 onmem
1327 2977 1553 3027 Non-nte
1573 2976 1691 3027 Iitlei
1713 2975 1851 3027 Ιςιδςτρ
1869 2977 2045 3043 suspi-

441 3048 654 3101 cionem
689 3059 987 3101 removeret
1016 3062 1044 3099 a
1076 3048 1344 3101 catholico
1372 3046 1643 3116 dogmate,
1679 3045 1816 3107 quod
1848 3046 1898 3098 in
1931 3046 2045 3111 epi-

440 3120 577 3172 stola
604 3121 667 3171 ad
698 3116 1012 3172 Flavmttutn
1043 3118 1447 3179 vindicaverat,
1479 3118 1761 3185 perutiletn
1809 3116 2039 3173 credidit

441 3190 625 3260 Cyrilli
657 3192 936 3259 epistolam
969 3190 1259 3243 secundam
1285 3191 1349 3241 ad
1382 3188 1711 3253 Nestorium,
1740 3190 1792 3241 in
1816 3204 1917 3254 qua
1949 3189 2041 3245 ille

441 3261 716 3315 Nicamam
759 3260 977 3329 quidem
1010 3261 1166 3315 Iidem
1205 3261 1480 3329 explicans
1514 3262 1699 3314 eadem
1730 3260 1950 3314 tradidit
1975 3276 2039 3316 ac

443 3333 500 3386 in
528 3347 623 3385 sua
654 3333 878 3399 epistola
907 3334 996 3386 '28.
1025 3332 1159 3386 llinc
1185 3348 1314 3399 ergo
1346 3344 1627 3400 utramque
1652 3333 1807 3385 simul
1834 3330 2034 3399 junsit,

443 3413 503 3457 ut
531 3419 596 3457 ex
624 3404 903 3472 utriusque
943 3403 1229 3458 collatione
1268 3403 1410 3457 idem
1452 3405 1646 3472 dogma
1687 3404 2038 3474 Eutycltianis

444 3474 777 3529 contrarium
841 3485 1263 3543 agnosceretur;
1316 3487 1369 3530 et
1415 3477 1570 3529 simul
1621 3488 1780 3530 etiam
1834 3484 2042 3543 pateret

444 3560 605 3615 quam
638 3546 715 3600 illi
749 3560 1028 3614 perperam
1061 3546 1330 3601 Nicamam
1380 3546 1538 3600 Iidem
1587 3546 1962 3611 venditarent,
2008 3562 2039 3600 a

487 3632 573 3678 ua,
609 3618 724 3686 ipso
750 3616 956 3689 (lyrillo
986 3619 1391 3687 interpretante,
1422 3617 1657 3673 maxime
1683 3618 2036 3671 dissidebant.

501 3704 529 3742 ι
564 3688 645 3743 his
674 3688 833 3754 porro
865 3704 985 3758 qua:
1017 3689 1126 3743 Leo
1161 3691 1259 3742 hoc
1289 3691 1407 3743 loco
1446 3690 1607 3743 tradit
1648 3690 1808 3742 missa
1850 3690 2039 3758 digno-

446 3761 613 3814 scitur
642 3758 696 3814 in
726 3757 927 3813 Gallias
960 3764 1074 3814 haec
1100 3759 1283 3831 Cyrilli
1311 3762 1568 3827 epistola;
1602 3776 1665 3813 ac
1697 3757 2043 3815 iilcirco’l'or-

445 3831 608 3885 lassis
642 3846 706 3885 ex
737 3846 799 3885 ea
829 3833 1075 3885 versione
1106 3848 1263 3900 quam
1297 3832 1405 3886 Leo
1438 3833 1561 3885 illnc
1604 3831 1748 3885 misit
1787 3842 1840 3884 et
1883 3831 2039 3885 adhi-

446 3900 561 3973 buit
582 3903 635 3956 in
665 3904 986 3956 testimoniis
1011 3903 1267 3965 subiectis
1294 3904 1456 3973 epist.
1490 3905 1592 3957 165
1619 3905 1818 3957 inserta
1853 3904 2044 3971 legitur

450 3972 505 4028 in
534 3974 903 4044 antiquissima
933 3975 1250 4028 coltectiooe
1282 3972 1398 4028 5’et
1426 3974 1479 4028 in
1506 3976 1607 4028 alia
1638 3977 1921 4041 posteriori
1956 3973 2040 4037 l2,

449 4059 583 4114 quas
614 4043 884 4099 in’Galliis
913 4056 1223 4111 compactas
1253 4045 1377 4099 alibi
1409 4046 1923 4099 demonstrabumis.
1968 4047 2044 4099 Ex

449 4116 551 4169 hac
584 4131 743 4185 porro
774 4117 1000 4183 epistola
1030 4119 1404 4187 cognoscimus
1444 4118 1501 4171 S.
1552 4119 1783 4171 Leonem
1829 4115 1895 4169 ad
1943 4116 2047 4170 Ba-

449 4193 704 4241 vennium
738 4188 951 4243 misisse
983 4197 1091 4241 tum
1122 4204 1270 4241 suam
1301 4192 1460 4256 epist.
1490 4189 1582 4255 28,
1612 4189 1676 4241 ad
1707 4187 2041 4253 Flavianum,

449 4269 561 4312 tum
594 4259 874 4323 epistolam
912 4260 969 4313 S.
1021 4260 1205 4330 L‘yrilli
1253 4262 1317 4313 ad
1367 4260 1692 4315 Nestorium.
1746 4260 1821 4312 Ex
1870 4260 2047 4315 ldncio

451 4338 633 4384 autem
666 4331 903 4399 llispano
928 4340 982 4384 et
1007 4345 1193 4385 coasvo
1221 4332 1482 4399 scriptore
1529 4341 1790 4399 pra-terea
1836 4331 2045 4396 colligi-

451 4415 574 4457 mus
621 4406 993 4455 transnnssatn
1033 4404 1193 4457 etiam
1225 4403 1387 4457 luisse
1417 4403 1698 4468 epistolam
1731 4405 1895 4467 ipsius
1926 4400 2048 4455 Fla-

451 4472 691 4544 vi.-niad
722 4472 957 4527 Leonem
982 4489 1103 4526 cum
1134 4476 1252 4525 aliis
1284 4473 1619 4527 documentis
1647 4474 1711 4527 ad
1756 4475 2047 4544 Eutychia-

454 4558 578 4595 nam
606 4543 852 4597 han-esito
884 4544 1313 4606 pertint-utilius:
1341 4560 1459 4613 quae
1484 4544 1700 4612 quidem
1731 4543 1907 4597 omnia
1935 4544 2049 4597 Iau-

454 4612 611 4667 datus
648 4614 953 4669 Ravennius
980 4632 1043 4669 ex
1080 4616 1271 4669 Leonis
1302 4618 1553 4668 mandato
1593 4632 1695 4666 non
1724 4616 1789 4668 ad
1824 4616 2052 4670 Gallica—

454 4700 553 4756 ηοις
575 4686 775 4756 solum,
802 4688 895 4740 sed
924 4687 1083 4740 etiam
1112 4690 1175 4738 tttl
1209 4688 1470 4754 IIIsztnos
1512 4688 1797 4756 episcopos
1834 4688 2048 4741 direxit.

456 4755 536 4809 De
562 4753 768 4820 Galliis,
802 4759 967 4825 inquit
988 4758 1074 4829 i_lle
1099 4760 1148 4810 in
1174 4753 1440 4811 Chronico
1464 4758 1529 4811 ad
1552 4753 1750 4828 btymp.
1781 4760 1904 4825 150,
1946 4761 2053 4829 epi-

457 4830 603 4881 stola:
651 4829 950 4896 drferuntur
980 4826 1221 4881 Flaviani
1251 4831 1472 4898 episcopi
1505 4829 1572 4881 ad
1602 4826 1817 4882 Leonem
1850 4826 2049 4897 episco-

459 4914 586 4971 pum
614 4899 778 4952 otium
794 4914 909 4971 eum
935 4900 1138 4968 scriptis
1161 4899 1343 4968 Cyr-illi
1375 4902 1597 4971 episcopi
1623 4901 1961 4971 Alexandrini
1986 4904 2054 4955 ad

461 4967 761 5024 Nestorium
782 4967 1423 5042 Constantinopoluanum,
1443 4974 1506 5024 de
1528 4967 2054 5042 EutyrlteteEbionita

458 5042 717 5115 hwretico,
742 5051 787 5092 et
824 5039 1007 5093 Leonis
1033 5044 1256 5112 episcopi
1279 5044 1345 5093 ad
1368 5045 1533 5096 enutd‘
1554 5061 1600 5096 m
1630 5039 1911 5115 respousa:
1938 5061 2054 5115 quae

460 5127 579 5165 cum
604 5114 828 5185 aliorum
859 5115 1213 5182 t-piswporum
1244 5123 1290 5166 ct
1323 5117 1473 5185 gestis
1517 5116 1693 5185 (Ιίνιιιιχ
1718 5114 1909 5185 synodi
1954 5114 2060 5170 (ΞΡ.

459 5192 647 5235 eontra
670 5183 920 5255 Bttlltdt'tlt
942 5185 1259 5253 Etttychetn)
1282 5183 1550 5255 rat—scriptis
1572 5186 1638 5236 od
1665 5183 1918 5239 Ecclesios
1939 5188 2067 5240 diri-

459 5254 853 5327 guntur.__llinc
898 5252 1093 5307 factum
1134 5268 1208 5308 est
1262 5266 1315 5308 ut
1352 5252 1589 5310 Flaviani
1639 5258 1795 5324 epist.
1822 5255 1911 5325 ‘22,
1944 5275 2063 5327 qum

459 5325 649 5393 incipit
682 5323 849 5378 Nulla
876 5341 988 5387 res,
1032 5329 1270 5394 piUl‘lIillS
1322 5327 1521 5381 Latinis
1566 5323 1974 5385 collectionibus
2010 5340 2064 5385 et

463 5398 761 5463 praesertim
796 5396 1093 5461 Hi~panic;e
1128 5401 1319 5452 inserta
1353 5397 1533 5453 fuerit.

540 5475 566 5503 ι
596 5465 729 5541 Cod.
760 5466 1030 5541 rValiireil,
1064 5468 1209 5524 addit
1238 5470 1555 5535 charissime,
1586 5480 1641 5526 et
1677 5480 1797 5541 post
1842 5488 2064 5541 precntu-

469 5538 615 5590 niant
647 5539 793 5592 addit
825 5536 1031 5595 Frater.

540 5608 565 5645 ι)
602 5610 734 5684 Cum
781 5627 875 5677 pro
929 5613 1160 5667 Anatolii
1207 5627 1366 5667 causa
1414 5613 1719 5682 scripsisset
1768 5616 2059 5684 imperator

471 5677 828 5756 Theodosius,
862 5684 947 5752 qtti
983 5684 1206 5756 Eutychi
1244 5677 1695 5753 patrocinabatur,
1729 5677 1970 5755 quaedam
2005 5691 2055 5743 in

470 5751 719 5833 eumdem
743 5751 1131 5833 imperatorem
1146 5751 1275 5833 _sive
1304 5756 1557 5833 querelae,
1590 5757 1701 5833 sive
1740 5751 2059 5833 praecentio-

460 5819 787 5891 bneslitteris
813 5819 1210 5885 committendas
1256 5819 1363 5884 non
1414 5819 1583 5887 luere.
1638 5819 2057 5897 Pseudosynodo

2070 3227 2116 3291 C

2190 466 2390 508 RANUS.

2187 611 2317 668 Car.
2348 610 2391 667 I.
2423 640 2494 652 --
2524 608 2807 665 Recensita
2836 608 3064 680 epistola
3096 608 3448 664 beatitudinis
3484 618 3679 667 vestras
3702 650 3722 677 ,

2117 720 2276 777 quam
2308 705 2377 760 de
2408 703 2528 758 IIdei
2563 702 2917 759 instructioue
2945 704 3308 772 conscriptam
3350 702 3416 758 ad
3457 704 3727 761 Constan-

2118 799 2533 868 tioOpolitanum
2576 800 2890 868 episcopum
2930 797 3279 863 destir'tstis,
3328 797 3548 868 dignum
3599 813 3728 855 esse

2118 891 2428 948 censuimus
2453 904 2510 947 ut
2539 900 2565 938 ι
2596 898 2758 944 tanta:
2788 889 3051 944 doctrina:
3092 890 3337 945 ubertate
3376 889 3528 945 ditati
3570 890 3732 947 debi-

2121 993 2204 1039 tas
2243 983 2442 1054 gratias
2480 981 2670 1037 saltem
2711 981 2892 1035 oblato
2920 981 3218 1035 litterarum
3250 980 3429 1037 ofﬁcio
3460 980 3727 1037 reddere-

2122 1093 2261 1132 mus.
2293 1076 2541 1131 Paternae
2570 1074 2835 1145 siquidem
2866 1088 2993 1144 erga
3018 1088 3117 1129 nos
3148 1075 3365 1142 pietatis
3392 1087 3586 1129 veStrae
3620 1074 3733 1128 sol-

2121 1171 2453 1227 licitudinetn
2498 1170 2956 1237 comprobautes,
3010 1169 3379 1237 anticipationi
3427 1168 3731 1225 curationis

2122 1277 2317 1323 vestra:
2370 1266 2469 1321 hoc
2509 1282 2606 1321 nos
2647 1265 2818 1335 magis
2864 1265 3128 1321 obnoxios
3167 1265 3491 1321 cottlitemur
3516 1306 3531 1329 ,
3583 1262 3730 1333 quod

2123 1360 2485 1417 remediorum
2535 1359 2796 1417 beneﬁcia
2850 1368 2974 1415 ante
3032 1359 3298 1414 malorum
3351 1359 3740 1427 experimenta

2124 1453 2492 1525 cognovimus.
2522 1453 2769 1509 Scientes
2803 1468 3037 1523 namque
3069 1467 3209 1522 pene
3241 1467 3361 1507 Sera
3400 1466 3522 1508 esse
3558 1467 3743 1508 reme-

2123 1548 2214 1601 dia
2245 1561 2365 1614 quae
2391 1544 2596 1600 adactis
2618 1547 2726 1611 jam
2760 1544 3071 1599 vulneribus
3098 1554 3445 1612 apponuntur
3465 1586 3480 1609 ,
3523 1554 3580 1597 ut
3608 1558 3745 1613 apo—

2124 1638 2332 1696 stolicis
2362 1639 2465 1692 illis
2505 1638 2894 1693 munitionibus
2920 1636 3223 1703 induamur,
3262 1636 3502 1704 provida!
3529 1637 3747 1702 pietatis

2133 1733 2358 1787 vocibus
2383 1729 2415 1770 ιι
2441 1732 2809 1801 praemonens.
2834 1730 3191 1800 Agnosciinus
3220 1730 3399 1799 plane,
3428 1729 3748 1786 beatissime

2059 1795 2109 1857 Β
2140 1841 2298 1897 papa,
2332 1840 2434 1897 qua
2462 1824 2528 1879 ad
2567 1840 2666 1879 nos
2706 1825 2961 1878 interiora
3003 1822 3236 1892 pectoris
3274 1823 3439 1877 vestri
3484 1821 3748 1889 peculiari

2140 1917 2423 1973 affectione
2454 1914 2899 1979 transmiseritis,
2941 1929 3167 1985 quorum
3209 1913 3564 1970 incolumitati
3605 1915 3750 1969 alio-

2140 2027 2260 2067 rum
2288 2011 2569 2066 curatione
2594 2009 2946 2072 succurritis;
2980 2020 3034 2063 et
3062 2008 3190 2063 dum
3216 2024 3281 2063 es
3322 2009 3551 2063 aliorum
3595 2023 3749 2074 pras-

2144 2102 2343 2157 cordiis
2382 2102 2556 2156 inlusa
2597 2102 2801 2170 antiqui
2845 2101 3116 2169 serpentis
3143 2114 3349 2155 venena
3382 2099 3594 2172 ιοοᾷ
3620 2114 3753 2169 pro-

2146 2196 2361 2254 ducitis.
2391 2178 2542 2266 quasi
2568 2196 2619 2248 in
2645 2195 2875 2266 quadam
2900 2195 3180 2249 cltaritatis
3204 2194 3417 2265 specula
3442 2195 3750 2261 constituti,

2149 2289 2445 2361 apostolica
2472 2286 2489 2327 ί
2519 2290 2606 2343 illa
2635 2304 2761 2343 cura
2793 2304 2856 2342 ac
2882 2285 3245 2341 sollicitudine
3272 2285 3646 2353 conclamatis,
3676 2299 3756 2342 ne

2142 2408 2286 2458 enim
2315 2403 2620 2471 Ephesinm.
2658 2418 2758 2474 qua
2794 2410 2959 2456 totam
2986 2416 3202 2474 causam
3249 2400 3525 2474 definitam
3563 2399 3755 2455 Theo-

2139 2476 2326 2530 dosius
2355 2473 2691 2529 contendens
2718 2474 2877 2543 epist.
2911 2474 2981 2528 Μ
3010 2473 3152 2527 aliud
3182 2473 3474 2528 concilium
3520 2487 3754 2527 recusa-

2142 2548 2252 2601 bat.
2273 2563 2544 2616 opponere
2563 2546 2775 2600 volebat
2796 2547 3033 2614 pontifex
3057 2553 3252 2612 pra-ter
3272 2545 3535 2613 synodum
3558 2543 3757 2599 Roma

2144 2618 2380 2673 habitam
2444 2620 2605 2672 etiam
2679 2616 3079 2672 Gallicanorum
3152 2616 3574 2680 subscriptiones
3635 2628 3759 2670 sum

2145 2693 2387 2757 ep‘Stolte
2416 2693 2480 2743 ad
2510 2689 2844 2755 Flaviano-ii,
2876 2704 2995 2758 quzu
3024 2688 3147 2759 (etsi
3175 2689 3371 2759 serius)
3414 2688 3757 2759 transmissus

2149 2762 2366 2816 fuerunt
2390 2762 2529 2828 epist
2580 2760 2649 2816 99
2704 2760 2842 2829 Quin
2871 2757 2933 2814 ex
2967 2757 3084 2823 cap.
3120 2760 3151 2813 4
3191 2757 3349 2827 hujus
3391 2758 3634 2827 epistola:
3675 2758 3758 2829 99

2149 2834 2435 2897 colligitur,
2472 2833 2668 2887 Leonis
2696 2828 2928 2887 tuentem
2961 2830 3125 2885 fuisse
3157 2840 3212 2883 ttt
3247 2830 3343 2895 ipsi
3376 2830 3635 2885 Gallicani
3674 2828 3754 2885 ad

2148 2906 2397 2958 eumdem
2427 2907 2804 2973 imperatorem
2837 2905 3170 2967 scriberent;
3199 2904 3339 2972 quod
3366 2910 3543 2955 tamen
3573 2910 3759 2956 muta-

2149 2978 2219 3029 tis
2250 2978 2407 3045 pnnlo
2434 2986 2556 3045 post
2595 2975 2755 3030 rebus
2796 2975 2863 3030 ob
2897 2973 3187 3028 Theodosii
3226 2984 3451 3026 mortem
3494 2987 3759 3028 neceSsa-

2148 3048 2287 3101 rium
2341 3064 2445 3102 non
2496 3046 2660 3101 fuisse
2710 3046 2905 3101 ibidem
2954 3046 3188 3099 tradunt.
3234 3045 3310 3098 Ex
3358 3045 3440 3099 Itis
3470 3058 3597 3114 ergo
3628 3058 3761 3109 qua

2149 3116 2343 3173 fuerint
2372 3120 2618 3172 mandata
2644 3128 2849 3173 secreta
2874 3117 3160 3172 Gallicanis
3183 3116 3373 3185 legatis
3395 3117 3584 3169 tradita
3614 3117 3758 3170 satis

2150 3191 2510 3258 perspicitur;
2560 3190 2826 3257 simulque
2876 3200 3017 3255 patet
3065 3203 3225 3258 quam
3275 3187 3652 3258 commentitia
3698 3193 3763 3241 et

2149 3257 2288 3316 falsa
2315 3264 2385 3315 sit
2426 3262 2800 3326 interpretatio
2845 3260 3003 3323 huius
3042 3257 3146 3313 loci
3188 3276 3213 3311 a
3255 3258 3547 3326 Quesnello
3586 3257 3758 3312 allata

2145 3334 2360 3389 dissert.
2392 3334 2447 3401 5,
2478 3344 2615 3402 part.
2648 3348 2707 3394 tt,
2739 3348 2853 3397 cap.
2891 3332 2947 3394 9,
2982 3334 3031 3383 in
3066 3329 3192 3385 ﬁne.

2221 3416 2242 3443 ε
2276 3407 2421 3459 Alias
2456 3400 2571 3470 poSt
2602 3405 2759 3471 epist.
2790 3405 2877 3457 76.
2913 3405 3042 3467 ριιω
3083 3413 3262 3458 autem
3310 3411 3423 3456 erat
3472 3400 3565 3469 68,
3608 3416 3762 3458 nunc

2143 3476 2235 3533 88.
2266 3476 2590 3540 Aliquandiu
2623 3486 2742 3538 post
2774 3475 2965 3528 Maium
2987 3490 3075 3528 ait.
3115 3474 3245 3530 450.

2216 3545 2242 3585 ἀ
2276 3549 2562 3616 Reperitur
2594 3549 2708 3601 lnec
2739 3550 2962 3615 epistola
3001 3547 3051 3598 in
3086 3560 3215 3597 mss.
3253 3544 3469 3616 collect.
3502 3542 3537 3599 5
3569 3553 3624 3598 et
3651 3544 3752 3616 I2.

2147 3619 2297 3674 Ilauc
2327 3615 2501 3673 autum
2530 3619 2811 3680 epistolam
2862 3615 3189 3687 prmcetlenti
3234 3615 3540 3671 immediate
3580 3615 3758 3684 subji-

2146 3694 2336 3755 citntts,
2363 3706 2428 3746 eo
2454 3689 2593 3758 quod
2624 3690 2694 3744 ob
2734 3688 3000 3743 defectum
3046 3687 3317 3742 chronica:
3364 3701 3503 3740 noun
3539 3696 3757 3742 certum

2147 3762 2264 3831 ejus
2293 3772 2502 3827 tempus
2530 3772 2768 3815 statuere
2798 3776 2902 3812 non
2937 3759 3118 3823 liceat,
3143 3769 3198 3812 et
3224 3759 3441 3812 aliunde
3468 3766 3586 3825 post
3613 3773 3759 3828 prte-

2147 3836 2429 3889 cedentem
2465 3832 2656 3887 Leonis
2684 3832 2964 3895 epistolam
2995 3834 3193 3894 scripta
3223 3833 3327 3898 sit,
3359 3832 3594 3898 acceptis
3642 3831 3758 3885 sei-

2150 3905 2274 3959 licet
2298 3924 2323 3954 a
2358 3906 2632 3958 Haveonio
2664 3904 2857 3956 litteris
2886 3903 2949 3955 ad
2979 3900 3310 3967 Flavianum,
3339 3917 3473 3971 quas
3501 3917 3594 3969 per
3626 3900 3757 3957 Gal-

2150 3976 2250 4031 lias
2273 3975 2707 4031 disseminandas
2732 3974 2869 4029 idem
2897 3973 3134 4041 pontifex
3160 3974 3497 4028 antecedenti
3523 3972 3760 4042 epistola

2150 4061 2505 4115 praeceperat.
2536 4045 2667 4101 Cum
2699 4061 2826 4100 vero
2854 4050 3056 4114 sparsis
3090 4061 3185 4114 per
3216 4046 3545 4099 Raveonium
3579 4042 3759 4113 pluri-

2150 4120 2252 4173 bus
2281 4120 2593 4174 earumdem
2626 4118 2921 4171 litterarttm
2965 4117 3227 4186 exemplis
3272 4116 3465 4170 Leonis
3502 4115 3756 4170 doctrina

2150 4190 2205 4244 in
2230 4193 2462 4244 omnium
2492 4189 2839 4245 Ecclesiarum
2860 4188 3227 4241 conventiculis
3250 4187 3497 4241 celebrari
3519 4186 3759 4256 dicatur,

2153 4262 2206 4315 in
2239 4264 2288 4315 id
2322 4278 2452 4317 sane
2480 4278 2509 4315 a
2539 4261 2869 4316 transmissis
2900 4260 3090 4314 iisdem
3127 4260 3316 4313 litteris
3345 4273 3449 4312 non
3480 4257 3758 4313 modicum

2153 4341 2369 4397 tempus
2395 4349 2684 4388 excurrere
2706 4331 2919 4395 debuit;
2952 4346 3013 4384 ac
3054 4341 3332 4398 propterea
3376 4330 3492 4383 lucc
3524 4328 3757 4398 epistola

2153 4404 2351 4474 aliquot
2385 4406 2660 4459 mensibus
2689 4413 2807 4472 post
2834 4402 2976 4457 diem
3009 4402 3043 4458 5
3088 4402 3245 4474 Maii,
3295 4415 3402 4472 quo
3445 4401 3760 4471 superiores

2154 4474 2351 4531 littera:
2378 4477 2515 4530 datae
2543 4478 2780 4544 luerunt,
2811 4475 3009 4543 scripta
3037 4473 3260 4529 dicenda
3287 4485 3388 4526 est.

2231 4557 2255 4583 ο
2287 4546 2341 4602 In
2376 4550 2550 4602 tabula
2580 4543 2796 4601 collect.
2827 4547 2880 4611 5,
2912 4561 3032 4614 cap.
3066 4546 3159 4605 65,
3195 4546 3277 4598 hic
3310 4544 3494 4598 titulus
3519 4543 3760 4615 legitur}

2080 4626 2129 4687 1)
2155 4618 2336 4673 Ceretii
2356 4662 2370 4682 ,
2420 4620 2625 4673 Salonii
2664 4628 2712 4673 et
2746 4616 2975 4686 Verani,
3008 4618 3363 4683 episcoporum
3392 4615 3662 4671 Gallorum
3690 4615 3761 4671 ad

2156 4689 2378 4745 Leonem
2411 4707 2597 4760 papam
2620 4690 2809 4760 gratias
2838 4704 2991 4760 super
3020 4688 3309 4741 doctrinam
3337 4690 3621 4758 agentium.

2234 4709 2378 4745 onem
2411 4709 2472 4757 βα
2513 4709 2597 4743 am
2620 4709 2809 4760 gratias
2838 4709 2991 4749 δυυεν
3020 4709 3309 4741 αυειηηαηι
3337 4709 3621 4758 agentium.

2234 4760 2252 4799 ί
2279 4762 2353 4818 Ita
2376 4777 2441 4816 ex
2467 4709 2859 4815 {indebonensi
2884 4761 3101 4813 collect.
3127 4760 3179 4814 5.
3212 4760 3436 4827 \‘ulgati,
3463 4759 3765 4828 apostolica

2158 4833 2291 4889 sedis
2343 4834 2396 4886 lo
2428 4835 2617 4888 eodem
2648 4833 2835 4887 codice
2873 4830 3133 4884 Verranus
3161 4846 3280 4884 cum
3315 4832 3514 4898 dupliCI
3546 4847 3599 4883 rr
3628 4829 3767 4883 scri-

2156 4905 2320 4960 bitur.
2352 4905 2454 4970 Qui
2486 4912 2662 4958 autem
2695 4904 2890 4958 fuerint
2920 4901 3193 4969 Ceretius,
3224 4904 3471 4957 Salonius
3502 4914 3556 4955 ct
3586 4901 3758 4955 Vera-

2160 4993 2282 5042 nus,
2314 4976 2633 5043 Qoesneltus
2658 4976 2710 5029 in
2747 4974 2889 5030 notis
2914 4972 3033 5028 fuso:
3065 4975 3348 5043 perquirit.

2234 5057 2259 5094 ι
2294 5049 2435 5102 Idem
2464 5048 2609 5111 cod.,
2645 5057 2807 5101 tanta.

2241 5116 2269 5155 δ
2305 5120 2417 5172 Duo
2448 5118 2605 5174 codd.
2638 5120 2851 5173 collect.
2889 5116 2977 5183 Ii,
3008 5116 3131 5173 Vat.
3166 5116 3301 5172 ISIO
3328 5122 3383 5169 et
3408 5114 3603 5170 Venet.
3639 5112 3766 5178 169,

2168 5190 2271 5242 alia
2312 5190 2763 5257 interpunctimie,
2800 5191 3102 5256 prmoniti,
3137 5190 3485 5259 agnoscimus,
3516 5198 3627 5259 etc.
3656 5185 3768 5259 Re-

2169 5261 2426 5315 tinttimus
2448 5255 2718 5325 vulgatam
2747 5255 3053 5325 lcetiOnem,
3082 5255 3200 5330 quae
3230 5270 3311 5314 est
3335 5275 3385 5312 tn
3415 5260 3537 5312 cod.
3572 5255 3770 5330 Vinde-

2169 5333 2296 5387 bon.
2321 5334 2532 5388 collect.
2557 5335 2609 5397 5,
2633 5348 2861 5402 quaeque
2880 5327 3388 5400 viilcttirrespiCcre
3408 5330 3496 5384 illa
3523 5327 3772 5402 epistolae

2168 5404 2547 5472 praecedentis,
2582 5400 2787 5470 quibus
2807 5403 3080 5458 Ravennio
3127 5404 3235 5457 Leo
3283 5418 3433 5455 suam
3478 5400 3766 5468 epistolam

2168 5475 2239 5530 28
2268 5477 2334 5530 ad
2368 5477 2646 5532 universos
2674 5477 2958 5542 episcopos
2998 5474 3335 5542 dirigendam
3385 5474 3676 5542 praecepit,
3716 5479 3775 5542 ut

2167 5550 2402 5602 certiores
2435 5546 2596 5621 effecti
2620 5541 2800 5621 contra
2841 5541 2929 5621 eos
2970 5547 3058 5616 qui
3103 5541 3511 5621 incarnationem
3559 5541 3776 5621 Domini

2166 5621 2336 5687 pravis
2362 5611 2774 5688 persuasionibus
2801 5611 3056 5674 aestimant
3088 5617 3435 5673 temerandam
3457 5658 3472 5682 ,
3498 5611 3774 5688 spirituali

2165 5686 2403 5745 servitute
2430 5691 2792 5760 prtemuniaut.
2827 5691 3016 5746 Postea
3050 5690 3281 5757 codices,
3318 5686 3678 5744 transmiseris.

2246 5764 2259 5803 λ
2294 5766 2419 5822 Mss.
2454 5766 2668 5823 collect.
2704 5765 2773 5823 η
2799 5766 2983 5827 delent
3014 5770 3125 5828 illa.
