4014 6358
222 397 321 459 889

1582 380 1918 438 EPISTULA
1957 378 2124 435 LXIX

3420 385 3525 442 890

225 503 616 579 inopinantibus
641 501 971 573 improvisus
998 499 1171 555 hostis
1195 498 1473 566 adveniat,
1503 512 1573 553 ne
1603 496 1811 553 vulneri
1842 500 1891 557 Α
1989 493 2231 549 Veranus
2280 494 2457 550 cultor
2499 493 2665 552 vestri
2711 495 3079 565 apostolatus,
3130 494 3518 555 beatitudinem

224 607 389 661 locum
444 599 685 671 prebeat
730 596 941 652 incauta
978 596 1241 651 securitas
1270 635 1286 662 ,
1328 592 1547 647 domine
1585 598 1771 646 sancte
1796 633 1811 657 ,

223 695 529 755 beatissime
558 703 729 763 pater,
755 700 811 747 et
835 689 1130 761 apostolica
1162 687 1289 744 sede
1316 686 1627 756 dignissime
1658 701 1817 757 papa.

219 793 407 860 Magna
443 797 702 858 praeterea
732 793 787 840 et
815 781 1069 840 iueﬂ‘abili
1109 781 1341 851 quadam
1381 797 1481 837 nos
1522 781 1819 851 peculiares

218 885 288 940 tui
320 880 685 954 gratulatione
712 878 1126 946 succrescimus,
1161 876 1304 948 quod
1334 877 1421 931 illa
1449 875 1699 947 specialis
1723 875 1821 931 do-

222 976 405 1036 ctrinae
449 985 644 1031 vestrae
685 973 873 1043 pagina
916 974 986 1026 ita
1026 986 1125 1043 per
1164 971 1405 1026 omnium
1459 972 1820 1027 Ecclesiarum

222 1070 597 1129 conventicula
636 1066 941 1122 celebratur
964 1109 980 1133 ,
1022 1073 1083 1120 ut
1118 1080 1248 1121 vere
1286 1079 1526 1121 consona
1578 1064 1820 1121 omnium

224 1162 487 1222 sententia
519 1160 861 1224 declaretur,
895 1157 1090 1214 merito
1130 1158 1242 1214 illic
1283 1158 1637 1227 principatum
1676 1160 1823 1215 sedis

224 1256 536 1328 apostolica:
565 1253 936 1321 constitutum,
972 1252 1117 1309 unde
1144 1250 1321 1308 adhuc
1346 1254 1632 1323 apostolici
1659 1253 1823 1324 spiri-

226 1360 301 1408 tus
329 1350 559 1407 oracula
589 1359 921 1405 resecentur.

285 1443 421 1500 Cn.
456 1443 524 1499 Il.
554 1471 625 1484 --
656 1442 865 1498 Idcirco
894 1441 939 1495 si
970 1439 1256 1511 dignanter
1282 1439 1566 1495 admittitis
1585 1485 1600 1509 ,
1630 1439 1825 1509 depre-

224 1553 408 1595 camnr
436 1546 499 1593 ut
522 1552 659 1609 Opus
683 1546 738 1591 et
774 1534 1131 1607 prmsentibus
1169 1543 1224 1589 et
1261 1534 1457 1589 futuris
1496 1534 1825 1605 temporibus

224 1630 591 1705 profuturum,
625 1628 768 1700 quod
799 1643 898 1685 nos
925 1628 1237 1683 asservandi
1269 1627 1449 1684 studio
1490 1627 1633 1683 foliis
1669 1645 1824 1685 man-

224 1722 344 1779 dare
386 1721 697 1778 curavimus
721 1768 736 1792 ,
778 1722 1036 1777 sanctitas
1075 1730 1254 1777 vestra
1296 1736 1649 1790 percurrere,
1690 1731 1743 1778 et
1779 1724 1825 1778 si

223 1816 343 1887 quid
381 1824 410 1853 ι
443 1815 650 1871 librarii
679 1828 867 1871 errore
892 1813 1165 1881 defuerit,
1205 1813 1494 1869 emendare
1534 1812 1820 1883 dignetur;

1921 594 2155 643 vestram
2176 586 2372 655 saluto,
2404 597 2461 644 et
2485 597 2543 643 ut
2575 604 2670 658 pro
2700 606 2786 646 me
2816 590 2985 646 oretis
3014 600 3157 663 peto.

2397 726 2734 783 EPISTULA
2781 739 2803 768 ο
2848 727 3035 784 LXIX.

2287 815 2316 854 ά
2354 834 2425 875 an
2463 835 2804 876 rnconoswn
2845 837 3148 878 aucusrun.

1927 918 1951 947 ⁸
1983 909 2255 967 Svnoests.
2287 938 2360 950 -—
2398 910 2436 964 Ι.
2479 909 2793 966 Consensum
2832 930 2980 967 suum
3027 914 3097 966 ad
3143 914 3525 967 ordinationem

1992 978 2367 1058 Anatolii
2417 985 2724 1058 suspendit;
2767 986 3137 1058 professionem
3183 985 3304 1054 ﬁdei
3343 986 3522 1058 exigit.

2004 1084 2066 1093 —
2118 1052 2180 1107 ΙΙ,
2235 1050 2369 1107 Petit
2415 1061 2468 1106 ut
2509 1050 2654 1107 idem
2705 1050 3061 1109 Itti’reticorttttt
3114 1050 3525 1111 rohununioricm

1998 1124 2233 1199 abdicet,
2275 1127 2536 1179 communi
2574 1126 2696 1194 ﬁdei
2730 1127 3041 1199 subscribat.
3092 1125 3307 1199 Legatos
3350 1128 3524 1182 mittit.

1998 1196 2267 1269 Synodum
2294 1198 2521 1271 postulat
2551 1198 2690 1251 intra
2721 1197 2938 1252 Italiam
2964 1199 3097 1267 ﬁeri.

2042 1310 2155 1369 Ltto
2180 1311 2469 1383 episcopus
2497 1311 2807 1369 Tueonosm
2837 1310 2855 1351 ί
2888 1328 3104 1383 semper
3134 1313 3398 1384 Angusto.

1998 1453 2127 1511 Car.
2154 1455 2195 1509 1.
2220 1484 2290 1497 -
2311 1465 2336 1505 ε
2360 1455 2619 1512 Omnibus
2637 1457 2852 1528 quidem
2877 1469 3071 1515 vestrae
3097 1458 3308 1527 pietatis
3330 1458 3527 1528 episto-

1928 1544 2031 1613 lis,
2074 1547 2216 1604 inter
2256 1562 2348 1603 eas
2392 1549 2787 1603 sollicitudines
2828 1566 2962 1619 quas
3004 1565 3101 1617 pro
3143 1550 3248 1606 fide
3278 1550 3529 1619 patimur,

1928 1652 2080 1708 spem
2109 1639 2417 1695 securitatis
2450 1641 2605 1696 nobis
2628 1643 2915 1698 maximam
2966 1644 3289 1713 prmstitistis
3312 1684 3329 1711 ,
3360 1641 3532 1699 Nicae-

1931 1746 2057 1785 num
2089 1732 2519 1788 commendando
2540 1734 2831 1788 concilium
2860 1753 2872 1788 :
2899 1735 3034 1790 adeo
3058 1746 3115 1790 ut
3140 1736 3208 1791 ab
3240 1736 3333 1789 illo
3352 1776 3366 1801 ,
3392 1735 3535 1793 sicut

1932 1837 2079 1891 smpe
2106 1823 2221 1890 jam
2255 1824 2512 1893 scribitis,
2540 1841 2646 1880 non
2675 1828 2950 1896 patiamini
2982 1828 3293 1883 sacerdotes
3319 1827 3535 1885 Domini

223 1910 295 1965 vel
325 1951 342 1973 .
388 1909 434 1963 si
475 1908 763 1962 salutarem
805 1907 1024 1962 lecturis
1061 1907 1314 1961 omnibus
1351 1909 1609 1977 paginam
1650 1907 1835 1971 aliquo
1867 1910 1910 1969 Β
1940 1916 2180 1972 deviare.
2216 1918 2323 1974 Sed
2372 1935 2439 1973 ne
2488 1920 2689 1990 aliquid
2739 1921 2792 1975 in
2845 1920 3212 1991 pra-judicium
3257 1921 3535 1979 catholica

221 2001 386 2059 studii
428 2002 593 2058 φθειτί
630 2000 1013 2056 accumulastis
1051 2012 1340 2072 augmento
1368 2043 1383 2068 ,
1436 1999 1669 2071 idipsum
1708 1999 1833 2058 addi

222 2096 411 2152 libello
452 2095 579 2151 huic
617 2096 848 2151 sollicita
891 2095 1090 2162 pietate
1124 2093 1398 2163 iubeatis:
1432 2106 1489 2147 ut
1525 2110 1629 2148 non
1658 2093 1833 2149 solum

223 2192 407 2260 plures
433 2188 606 2242 sancti
635 2188 871 2257 episc0pi
903 2186 1096 2242 fratres
1123 2186 1295 2241 nostri
1328 2202 1423 2256 per
1460 2186 1663 2243 Gallias
1688 2232 1702 2255 ,
1746 2202 1835 2243 ve-

222 2298 336 2339 rum
370 2282 538 2338 etiam
569 2282 720 2337 multi
750 2297 816 2337 ex
844 2282 997 2335 Iaicis
1040 2280 1130 2335 filii
1170 2282 1334 2335 vestri
1364 2320 1377 2341 .
1418 2280 1509 2351 qui
1549 2279 1832 2348 episwlam

223 2377 379 2434 istam
424 2392 754 2447 magnopere
796 2392 890 2445 pro
931 2376 1170 2430 veritatis
1211 2374 1649 2429 manifestatiOIte
1687 2372 1835 2429 desi-

225 2470 442 2534 derant,
476 2470 757 2525 remissam
799 2468 866 2523 ad
918 2483 1018 2523 nos
1044 2510 1059 2535 ,
1109 2477 1167 2524 et
1209 2476 1394 2523 sancta
1442 2483 1600 2521 manu
1655 2477 1834 2522 vestra

224 2564 569 2621 emendatam
598 2562 979 2626 transcribere,
1006 2561 1186 2631 legere
1209 2572 1265 2617 et
1290 2570 1473 2617 tenere
1501 2573 1830 2617 mereantur.

222 2652 249 2697 δ
269 2657 324 2711 ιη
355 2672 477 2712 rem
506 2656 723 2720 utissos,
749 2657 791 2709 si
824 2655 1044 2726 dignum
1076 2655 1291 2720 ducitis,
1327 2655 1505 2711 redire
1532 2670 1654 2710 mox
1683 2655 1834 2723 cupi-

222 2762 381 2805 mus:
417 2759 480 2803 ut
504 2749 627 2819 quia
655 2748 1000 2803 incolumitas
1040 2757 1215 2802 vestra
1258 2747 1551 2803 exsultatio
1591 2759 1645 2802 et
1684 2748 1832 2804 salus

225 2853 410 2900 nostra
454 2853 539 2898 est
562 2884 580 2909 ,
624 2844 782 2899 citius
820 2842 885 2897 ad
916 2857 1016 2898 nos
1055 2842 1227 2896 relatu
1271 2842 1615 2897 desiderabili
1644 2843 1834 2898 salutis

225 2952 423 2996 vestrae
462 2939 659 3011 gaudia
704 2947 1002 2994 recurrant.
1047 2936 1113 2992 Et
1152 2936 1259 2992 alia
1298 2955 1494 2992 manu:
1539 2940 1831 2996 Memorem

224 3048 488 3089 coronam
520 3042 751 3088 vestram
784 3030 1104 3086 humilitatis
1137 3042 1335 3085 nostra:
1365 3029 1610 3086 Christus
1653 3032 1834 3088 Domi-

225 3142 323 3184 nus
363 3128 615 3198 longaeva
655 3134 813 3181 aetate
838 3136 1141 3191 conservet,
1172 3125 1391 3181 domine
1414 3137 1601 3181 sancte
1631 3127 1829 3182 beatis-

225 3225 359 3279 sime
390 3231 566 3291 pater,
600 3231 653 3276 et
693 3220 983 3290 apostolica
1015 3220 1143 3275 sede
1173 3218 1487 3289 dignissime
1518 3220 1682 3291 Papa.

1942 2011 2271 2067 defensionis
2302 2011 2512 2068 viderer
2541 2014 2750 2083 egisse,
2783 2015 2851 2070 de
2883 2014 3227 2072 ordinatione
3256 2016 3373 2086 ejus
3393 2058 3407 2082 ,
3442 2016 3536 2087 qui

1939 2104 2557 2171 Constantinopolitanm
2585 2107 2749 2175 coepit
2774 2107 3033 2163 Ecclesia:
3058 2108 3373 2175 prmsidere,
3400 2106 3536 2163 nihil

1941 2197 2155 2251 interim
2189 2198 2240 2250 in
2275 2197 2591 2251 alterutram
2618 2196 2642 2234 ιι
2668 2211 2876 2268 partem
2902 2208 3107 2255 temere
3131 2199 3537 2256 rescribendum

1939 2291 2139 2361 putavi,
2170 2306 2275 2346 non
2298 2290 2644 2345 dilectionem
2672 2307 2896 2362 negans,
2921 2292 3015 2348 sed
3042 2291 3537 2348 manifeStationem

1938 2384 2218 2461 catholicae
2265 2386 2514 2439 veritatis
2560 2398 2900 2456 exspectans.
2954 2387 3109 2454 Quod
3167 2386 3537 2455 aequanimiter

1938 2482 2095 2546 ferat,
2146 2480 2357 2551 1006
2397 2480 2657 2549 obsecro,
2713 2491 2886 2537 vestra
2931 2481 3214 2537 clementia
3263 2492 3371 2537 :ut
3415 2496 3539 2539 cum

1940 2575 2098 2629 talem
2130 2588 2189 2629 se
2219 2590 2342 2644 erga
2379 2573 2536 2629 fidem
2568 2575 2888 2631 catholicam
2925 2578 3135 2647 qualem
3167 2575 3414 2644 cupimus
3444 2590 3537 2646 ap-

1937 2670 2209 2740 probarit,
2234 2672 2300 2726 de
2328 2672 2633 2727 sinceritate
2661 2672 2827 2741 ipsius
2858 2671 2875 2708 ί
2910 2682 2963 2726 et
2990 2672 3265 2739 copiosius
3299 2680 3353 2726 et
3382 2684 3540 2725 secu-

1938 2764 2050 2819 rius
2102 2765 2450 2830 gaudeamus.
2501 2763 2578 2821 Ne
2628 2780 2755 2820 vero
2808 2766 2985 2834 aliqua
3033 2765 3186 2820 illum
3230 2765 3297 2821 de
3350 2774 3540 2820 nostra

1939 2857 2122 2911 animo
2152 2857 2396 2911 mordeat
2435 2857 2653 2911 sinistra
2683 2858 2920 2925 suspicio
2940 2898 2955 2923 ,
2989 2858 3331 2913 occasionem
3373 2855 3539 2912 totius

1937 2948 2269 3004 difficultatis
2300 2964 2551 3016 amoveo,
2599 2964 2699 3005 nec
2724 2950 2928 3017 aliquid
2958 2953 3116 3023 exigo
3156 2949 3297 3020 quod
3325 2957 3419 3003 aut
3446 2964 3538 3003 ar-

1936 3043 2101 3099 duum
2134 3044 2380 3098 videatur
2405 3053 2498 3098 aut
2526 3043 2540 3094 i
2576 3044 2834 3109 dubium;
2860 3044 2955 3098 sed
2978 3044 3044 3098 ad
3092 3043 3142 3098 id
3169 3043 3310 3112 quod
3358 3042 3537 3097 nullus

1936 3136 2328 3191 Catholicorum
2352 3138 2550 3190 refutet
2580 3137 2773 3191 invito.
2809 3135 2928 3190 Noti
2960 3137 3102 3190 enim
3131 3144 3257 3190 sunt
3288 3150 3383 3203 per
3418 3133 3539 3189 uni-

1934 3243 2152 3284 versum
2180 3228 2439 3283 mundum
2468 3235 2627 3295 atque
2654 3229 2950 3296 manifesti,
2983 3228 3072 3298 qui
3104 3238 3230 3283 ante
3261 3242 3391 3294 nos,
3421 3229 3537 3283 sive

294 3318 547 3374 Ceretius
574 3326 858 3383 susceptus
885 3323 1065 3369 vester
1089 3314 1450 3382 apostolatum
1481 3325 1719 3369 vestrum
1746 3330 1832 3373 sa-
1859 3307 1904 3370 C
1937 3322 2148 3385 Graeca,
2174 3323 2287 3376 sive
2312 3322 2500 3376 Latina
2532 3323 2713 3391 lingua
2742 3323 2795 3376 itt
2817 3321 3105 3376 catholica:
3130 3319 3374 3375 veritatis
3396 3333 3539 3388 prae-

224 3409 359 3474 luto,
394 3407 787 3463 commendans
817 3422 903 3462 me
932 3405 1271 3461 orationibus
1300 3406 1517 3462 vestris.

298 3500 518 3574 ισοξ
568 3500 820 3558 Salonius
864 3506 1153 3555 venerator
1200 3508 1411 3563 vester,
1462 3499 1828 3568 apostolatum

224 3606 471 3651 vestrum
524 3593 579 3649 in
631 3593 864 3649 Domino
910 3591 1126 3660 saluto,
1175 3590 1484 3648 orationum
1527 3604 1829 3653 vestrarum

224 3688 473 3745 subsidia
505 3686 829 3759 deposcens.

293 3858 322 3886 ι
354 3849 438 3903 Ex
468 3846 696 3917 epistola
723 3845 930 3901 scilicet
955 3843 1023 3917 ad
1051 3842 1404 3917 Flavianum,
1431 3858 1591 3917 quam
1625 3846 1738 3903 Leo
1765 3848 1833 3905 ad

223 3914 571 3976 Bavennirim
593 3927 811 3973 miserat
832 3932 926 3986 per
945 3914 1149 3974 Gallias
1170 3914 1651 3988 disseminandam,
1682 3920 1831 3988 plura

222 3992 477 4060 exempla
510 3998 842 4058 transumpta
874 3989 1152 4060 fuere,_et
1190 3987 1243 4040 in
1288 3987 1536 4054 exemplo
1581 3987 1723 4057 quad
1764 3993 1832 4046 ad

222 4056 536 4127 Ceretium,
569 4056 842 4118 Salonium
876 4070 1035 4129 atque
1076 4056 1345 4113 Veranum
1378 4056 1613 4130 missum,
1634 4062 1828 4130 fuerat,

220 4137 266 4188 si
294 4136 427 4205 quid
468 4134 666 4189 librarii
706 4131 1156 4205 erroredefuerit,
1200 4129 1591 4205 emendandum
1629 4129 1833 4204 efﬂagi-

223 4201 362 4261 tant.
396 4208 631 4260 Leonem
660 4204 872 4274 quidem
900 4202 1005 4257 hoc
1030 4201 1304 4274 exemplar
1330 4201 1649 4257 emendasse
1670 4201 1830 4272 quam

221 4276 641 4334 accuratissime
668 4292 734 4331 ex
761 4290 827 4330 eo
856 4283 1001 4343 patet
1029 4273 1170 4341 quod
1217 4273 1500 4342 episcopos
1540 4275 1831 4341 provincim

220 4349 650 4405 Mediolnnensis
680 4348 820 4402 idem
853 4347 1090 4415 pontifex
1120 4344 1329 4399 monuit
1364 4353 1420 4397 ut
1449 4344 1691 4417 ejusdem
1720 4347 1835 4417 epi-

220 4422 384 4476 stola:
416 4420 754 4489 exemplara
800 4414 1014 4475 (leretio
1062 4423 1434 4487 procurarent.
1492 4414 1623 4471 Vide
1668 4414 1828 4488 epist.

221 4492 315 4556 97,
347 4509 405 4547 c.
437 4491 495 4545 2.
729 4510 733 4515 τ

290 4566 322 4602 δ
352 4563 588 4619 Codices
616 4563 825 4618 collect.
860 4560 949 4627 12,
982 4557 1071 4613 Ire
1106 4558 1353 4613 missos...
1400 4575 1462 4611 ac
1503 4560 1671 4614 redire
1713 4578 1833 4616 mox

220 4638 494 4705 cupimus.
527 4634 851 4701 Quesnellus
877 4648 997 4688 cum
1028 4631 1186 4705 codd.
1222 4630 1433 4684 colleCt.
1467 4628 1518 4695 5,
1541 4628 1610 4705 in
1630 4647 1685 4685 re
1717 4635 1832 4688 mis-

218 4702 329 4762 sos.
371 4709 719 4763 Anteriorum
752 4706 1013 4760 editorum
1046 4702 1328 4757 lectionem
1365 4703 1717 4769 praatulimus.

300 4790 326 4818 ο
388 4779 479 4834 ΑΙ.
515 4777 604 4832 52.
649 4778 779 4846 Quae
828 4788 1010 4830 autem
1051 4787 1209 4829 antea
1257 4773 1325 4828 69
1376 4782 1522 4840 erat,
1557 4789 1699 4829 nunc
1740 4776 1833 4832 89.

220 4850 451 4918 Scripta
481 4848 547 4904 16
574 4850 703 4905 Julii
730 4864 818 4902 an.
850 4847 977 4902 450.

293 4920 324 4960 d
357 4915 565 4976 Exstat
596 4921 709 4975 haec
741 4919 974 4987 epistola
1006 4919 1058 4971 in
1091 4930 1224 4971 mss.
1269 4915 1483 4970 collect.
1519 4915 1670 4985 Hisp.
1700 4916 1831 4973 Isid.

222 4992 315 5059 11,
338 4991 434 5053 12,
458 4993 544 5057 18,
577 4994 645 5047 19
675 5002 728 5047 et
756 4991 846 5055 21,
878 5004 1052 5059 usque
1082 4989 1147 5042 ad
1175 4987 1267 5052 24,
1300 5001 1362 5041 ac
1388 4988 1439 5041 in
1467 4989 1718 5059 exemplo
1749 4992 1836 5046 Si-

220 5064 446 5121 Chardi.

297 5146 324 5174 ε
364 5138 423 5188 In
450 5135 667 5190 collect.
692 5134 844 5202 Hisp.
870 5132 957 5186 hic
980 5129 1167 5185 titulus
1198 5128 1394 5201 legitur
1436 5149 1447 5182 ε
1485 5129 1619 5184 Item
1647 5129 1833 5187 Leonis

223 5223 389 5280 papc
416 5210 483 5259 ad
510 5205 854 5280 Theodosium
871 5205 1187 5280 nugnstum,
1325 5203 1499 5280 scribit
1528 5214 1583 5255 ut
1607 5203 1668 5280 id
1694 5204 1835 5280 quod

220 5274 677 5334 de'incarnatione
695 5274 821 5329 Filii
858 5276 951 5327 Dei
978 5274 1039 5327 ab
1081 5275 1321 5328 Anatolio
1348 5274 1800 5344 Constantinopoli
1811 5304 1831 5315 -

220 5363 353 5407 tano
395 5350 631 5417 episc0po
665 5348 976 5415 praedicatur
1006 5354 1274 5415 agnoscat,
1307 5356 1356 5399 et
1396 5346 1680 5399 universale
1709 5362 1835 5400 con-

218 5426 415 5478 cilium
448 5422 500 5474 in
530 5420 687 5474 Italia
718 5420 829 5488 ﬁat.

302 5492 324 5532 ί
375 5492 484 5547 Vox
528 5486 729 5561 semper
772 5491 927 5546 deest
975 5490 1027 5544 itt
1087 5504 1199 5561 ms.
1226 5487 1532 5545 Vindelton.
1574 5488 1724 5557 llisp.
1773 5486 1829 5542 lu

218 5566 359 5620 aliis
390 5559 659 5617 nonnullis
688 5562 953 5616 omittitur
978 5561 1138 5616 etiam
1166 5559 1415 5628 Augusto.

170 5682 174 5690 .
298 5645 329 5684 Il
366 5637 494 5691 Mss.
516 5636 731 5691 collect.
755 5634 845 5690 ‘21.
881 5633 983 5687 Per
1009 5648 1182 5686 omnes
1200 5632 1407 5700 quidem
1428 5639 1607 5685 vestra
1626 5631 1829 5700 pietatis

222 5709 507 5778 epistolas.
552 5706 742 5761 Plures
771 5715 958 5778 autem
982 5703 1278 5778 Theodosii
1306 5704 1548 5778 epistola:
1597 5718 1695 5771 pro
1739 5702 1831 5756 Ni-

219 5775 408 5861 ciam?
444 5778 633 5861 synodi
674 5778 926 5861 custodia
950 5777 1001 5829 in
1036 5775 1381 5861 Occidi-nterii
1413 5775 1636 5861 directa:
1663 5815 1677 5839 ,
1709 5790 1831 5861 quae

225 5850 324 5906 hic
370 5846 696 5914 indicantur,
730 5858 855 5904 sunt
896 5850 1017 5903 duce
1060 5847 1124 5901 ad
1149 5846 1423 5911 Leonem,
1468 5846 1635 5900 altera
1670 5846 1832 5916 paulo

220 5931 365 5993 post
388 5921 717 5988 Ephesinum
741 5917 1081 5978 latrociniu'tu
1107 5920 1303 5983 scripta
1320 5960 1335 5982 ,
1372 5919 1453 5975 cui
1476 5917 1583 5976 Leo
1608 5932 1832 5980 respon-

1858 4676 1914 4737 D

1942 3415 2211 3471 dicatione
2260 3415 2562 3481 fulserunt,
2605 3415 2673 3471 ad
2721 3430 2950 3485 quorum
2990 3412 3015 3455 ιι
3050 3413 3331 3468 scientiam
3379 3419 3539 3482 atquc

1940 3507 2243 3563 doctrinam
2275 3508 2489 3577 quidam
2521 3507 2684 3562 etiam
2720 3516 2919 3563 nostra:
2940 3506 3114 3562 aetatis
3144 3506 3433 3573 accedunt,
3468 3506 3539 3563 de

1939 3613 2166 3668 quorum
2201 3599 2416 3669 scriptis
2464 3614 2563 3668 par
2601 3609 2657 3654 et
2695 3599 2972 3669 multiplex
3019 3597 3290 3669 profertur
3341 3599 3540 3653 instra.

1938 3694 2069 3750 ctio.
2100 3694 2231 3761 Qua:
2272 3695 2413 3750 sicut
2438 3692 2816 3750 Nestorianam
2851 3692 3101 3749 haeresim
3134 3692 3422 3761 destruxit,
3468 3693 3539 3748 ita

1938 3851 2018 3907 dit
2048 3851 2208 3920 epist.
2243 3849 2334 3914 54,
2364 3851 2533 3906 altera
2558 3865 2681 3907 cum
2727 3850 2796 3906 de
2841 3849 3183 3906 ordinatione
3208 3848 3439 3904 Anatolii
3471 3849 3538 3905 ad

1940 3923 2190 3979 eumdem
2225 3924 2535 3991 pontificem
2576 3925 2831 3991 scripsit,
2859 3922 2942 3977 cui
2986 3936 3021 3975 .s
3049 3936 3189 3976 nunc
3221 3935 3539 3987 responsum

1940 3994 2034 4049 dat
2087 4012 2100 4047 :
2160 4008 2260 4049 nec
2310 4009 2416 4048 non
2461 3995 2759 4064 imperialis
2791 3995 2951 4063 epist.
2986 3994 3087 4057 65,
3138 3991 3205 4047 ad
3248 3991 3537 4047 Placidiam

1942 4066 2269 4135 Augustam.
2296 4065 2407 4119 Cur
2435 4077 2615 4120 autem
2647 4068 2961 4135 imperator,
2998 4066 3092 4134 qui
3136 4064 3361 4134 Eutyclii
3391 4064 3538 4118 fave-

1939 4136 2054 4208 bat,
2089 4136 2362 4208 Nicmnatn
2396 4138 2661 4208 synodum
2688 4137 2990 4208 inculcarit,
3015 4135 3399 4205 explicavimus
3421 4143 3538 4191 not.

1941 4206 1976 4262 6
2007 4208 2144 4277 (Col.
2177 4206 2307 4271 855,
2342 4225 2375 4261 η
2409 4206 2459 4277 8⁷)
2486 4207 2538 4261 itt
2566 4210 2726 4275 epist.
2760 4207 2849 4263 54.

2009 4276 2036 4315 ιι
2066 4279 2210 4333 Editi
2234 4275 2650 4334 Leonisadduttt
2678 4280 2791 4333 tibi.
2823 4277 3147 4345 Quesnellus
3170 4278 3373 4347 recepit
3400 4275 3538 4331 hanc

1938 4363 2161 4415 vocem,
2197 4351 2292 4405 sed
2324 4351 2522 4404 delevit
2551 4362 2764 4417 temere,
2811 4365 2873 4404 ac
2906 4359 3168 4419 praeterea
3211 4364 3306 4418 pro
3346 4349 3535 4403 rescri-

1937 4419 2162 4476 bendum
2204 4424 2382 4490 posuit
2423 4424 2771 4476 scribendum.
2805 4421 2930 4475 Mss.
2974 4422 3185 4475 collect.
3235 4419 3300 4474 21
3355 4419 3538 4474 delent

1938 4493 2027 4547 tibi
2067 4503 2123 4548 et
2153 4504 2359 4547 temere.
2396 4492 2518 4547 Vat.
2546 4494 2698 4561 Hisp.
2724 4504 2777 4547 et
2811 4492 2936 4547 Isid.
2974 4493 3152 4548 solum
3180 4492 3435 4547 omittunt
3461 4500 3538 4545 te-

1936 4580 2096 4629 mere,
2123 4575 2178 4618 at
2208 4565 2408 4619 habent
2438 4566 2836 4619 rescribendum.
2867 4562 3179 4633 Vindcbon.
3205 4563 3353 4633 lliSp.
3380 4564 3537 4631 igno-

1938 4648 2021 4690 rat
2064 4637 2177 4703 tibi,
2207 4645 2262 4691 et
2292 4651 2478 4691 errore
2504 4637 2739 4699 librarii,
2790 4647 2919 4690 terre
2948 4632 3538 4689 scribendum.rPrtetu-

1939 4707 2104 4761 limus
2140 4708 2428 4763 lectionem
2457 4708 2661 4762 codicis
2691 4706 2921 4774 Ratisp.,
2959 4708 3043 4761 cui
3075 4707 3365 4760 concinunt
3412 4706 3534 4760 cod.

1939 4778 2110 4833 Grim.
2138 4793 2265 4833 mss.
2294 4781 2506 4833 collect.
2531 4778 2603 4834 9.4
2629 4788 2684 4833 et
2705 4779 2983 4847 exemplar
3005 4777 3277 4842 Stcliardi,
3305 4794 3403 4831 nec
3428 4794 3533 4832 non

1940 4850 2208 4905 editiones
2253 4850 2638 4905 Concilinrum.
2690 4850 2747 4903 In
2785 4849 3016 4917 epistola
3064 4850 3309 4918 sequenti
3358 4849 3534 4904 solum

1939 4921 2138 4975 dicitur
2168 4921 2233 4974 de
2275 4922 2527 4977 Anatolio
2561 4940 2572 4973 :
2610 4921 2845 4976 Scribere
2876 4920 2922 4973 ei
2956 4921 3163 4973 interim
3189 4921 3401 4979 distuli,
3434 4935 3537 4974 non

1940 4991 2264 5074 dilectionem
2293 5009 2486 5062 negans
2505 5034 2518 5057 ,
2550 4992 2640 5047 sed
2669 4997 2807 5045 mani
2816 4992 3133 5063 festationem
3157 4991 3423 5047 catltolicc
3453 5008 3537 5046 ve-

1939 5068 2110 5117 ritatis
2143 5074 2466 5128 exspectans.

2021 5136 2035 5170 ¹
2064 5136 2383 5189 Addiditnus
2412 5144 2456 5188 et
2487 5150 2553 5189 ex
2582 5136 2787 5204 optimo
2814 5135 2935 5190 cod.
2968 5134 3179 5204 Ratisp.

2014 5206 2027 5276 ᾗ
2071 5206 2279 5274 Vulgati
2307 5207 2501 5261 Leonis
2521 5217 2644 5259 ante
2671 5208 2903 5273 Quesn.,
2929 5207 3247 5276 ambiguum.

2010 5274 2037 5314 ¹ι
2078 5278 2260 5331 Codex
2307 5278 2537 5347 R.\lisp.,
2569 5281 2893 5333 sententiam.
2936 5274 3217 5331 illSlt‘hClitt
3248 5290 3377 5329 vero
3417 5292 3537 5346 qua:

1938 5362 2006 5401 ex
2039 5351 2254 5416 scriptis
2284 5349 2598 5404 Gratcoruzo
2628 5360 2683 5403 et
2714 5349 3031 5403 Latinorum
3063 5349 3277 5401 l’atrum
3308 5347 3538 5402 collecta

1937 5436 2031 5490 par
2070 5430 2114 5471 et
2163 5420 2436 5487 multiple):
2487 5420 2711 5475 traditur
2738 5466 2751 5487 ,
2798 5418 3209 5488 comprehendit
3244 5425 3355 5471 tum
3390 5419 3537 5474 illam

1938 5490 2311 5544 collectionem
2344 5504 2524 5545 contra
2558 5490 2787 5545 Nestorii
2817 5493 3131 5558 impietatem
3158 5506 3190 5541 a
3219 5500 3408 5545 sancta:
3434 5509 3541 5545 rne-

1938 5563 2113 5635 ntoriw
2137 5560 2616 5635 Cyrilloginsertam
2664 5562 2939 5635 Epltesime
2968 5560 3152 5631 synodi
3204 5564 3378 5635 gestis,
3418 5578 3541 5635 qua:

1941 5634 2209 5687 iudicatur
2233 5633 2391 5702 paulo
2422 5648 2573 5702 post;
2604 5632 2722 5689 tum
2750 5641 3049 5702 praesertim
3081 5632 3451 5688 auctoritates
3470 5633 3539 5688 ab

1941 5704 2058 5772 ipso
2086 5704 2268 5759 Leone
2295 5706 2575 5774 collectas,
2605 5714 2659 5759 et
2688 5720 2783 5775 per
2806 5706 3013 5773 legatos
3043 5702 3110 5757 ad
3159 5705 3540 5775 imperatorem

1943 5775 2320 5847 tt‘austttissas,
2346 5779 2413 5832 de
2443 5778 2636 5844 quibus
2664 5776 2902 5847 loquitur
2940 5791 3063 5847 cap.
3091 5775 3144 5829 2.
3178 5774 3314 5832 Vide
3348 5786 3539 5836 annot.

1943 5847 2008 5905 19
2036 5845 2174 5902 (Col.
2209 5849 2335 5911 891,
2368 5865 2417 5901 η.
2454 5847 2527 5919 ις).
