4014 6358
498 326 599 387 891

1627 324 1688 381 S.
1728 324 1975 381 LEONIS
2011 325 2230 383 MAGNI
2268 328 2649 389 EPISTOLE.

3671 338 3775 398 892

496 442 660 499 etiam
690 439 854 509 hunc,
890 440 981 513 qui
1006 452 1149 495 nunc
1171 447 1196 478 ι
1218 438 1526 506 repullulat,
1553 436 1788 493 abscidit
1812 454 2079 495 errorem.
2108 443 2163 504 Α
2187 443 2393 500 scilicet
2422 455 2581 515 atque
2612 456 2637 494 κ
2668 444 2903 505 dilucide
2931 452 3286 521 protestantia
3316 451 3458 525 quod
3488 451 3533 507 si
3559 454 3682 524 quia
3707 455 3774 512 de

496 532 722 604 Relegat
769 535 948 605 itaque
978 533 1207 588 sollicite
1247 547 1367 602 quae
1394 547 1423 585 a
1464 531 1665 587 sanctis
1706 532 1957 589 Patribus
2001 533 2085 589 in-

492 626 825 682 carnationis
869 624 1163 705 Dominicm
1204 624 1334 679 ﬁdes
1383 624 1542 680 fuerit
1591 625 1887 692 custodita,
1940 639 2119 682 sem-'

496 734 695 787 perque
718 715 967 773 similiter
996 716 1307 787 praedicata,
1340 726 1393 771 et
1423 704 1545 771 cum
1572 726 1773 774 sancta:
1807 719 2082 774 memoriae

492 811 681 882 Cyrilli
714 790 1065 865 Alexandrini
1094 804 1330 889 episc0pi
1353 808 1380 848 ι»
1407 792 1689 879 epistolam
1722 810 1847 881 (qua
1890 811 2083 887 Nesto-

491 902 631 955 rium
656 901 931 971 corrigere
951 910 1006 956 et
1024 916 1217 956 sanare
1240 901 1429 969 voluit,
1458 896 1646 971 pravas
1670 901 2080 977 praedicationes

492 993 659 1061 ipsius
680 1007 933 1063 arguens,
960 1002 1015 1049 et
1038 976 1335 1048 evidentius
1367 984 1525 1048 ﬁdem
1558 994 1788 1048 Nictenae
1811 993 2083 1049 deﬁnitio-

490 1085 573 1142 nis
619 1082 925 1158 exponens,
967 1103 1232 1160 quumque
1265 1088 1333 1142 ab
1364 1102 1429 1142 eo
1460 1088 1679 1143 missam
1710 1098 1733 1125 ο
1766 1086 2081 1156 apostolicae

490 1182 638 1237 sedis
659 1182 856 1237 scrinia
884 1174 1263 1251 susceperunt)
1294 1181 1715 1249 praecedentium
1741 1182 1923 1235 sensui
1956 1178 2083 1251 per-

489 1275 731 1346 spexerit
755 1286 1173 1341 consonantem;
1199 1274 1494 1344 Ephesinre
1516 1276 1677 1329 etiam
1706 1274 1898 1346 synodi
1927 1282 2081 1342 gesta

490 1379 793 1436 recenseat,
815 1370 1005 1439 quibus
1018 1378 1203 1425 contra
1218 1369 1449 1423 Nestorii
1466 1370 1532 1422 im
1544 1371 1795 1438 pietatem
1807 1412 1819 1435 ,
1836 1384 1865 1421 a
1879 1376 2081 1422 sancta:

490 1461 769 1517 memoriae
797 1461 999 1530 Cyrillo
1031 1462 1232 1514 inserta
1261 1468 1315 1514 et
1344 1459 1570 1529 allegata
1595 1468 1718 1513 sunt
1740 1458 1807 1513 de
1834 1459 2082 1512 incarna-

490 1553 640 1609 tione
686 1553 901 1607 Domini
940 1552 1329 1608 catholicorum
1364 1554 1668 1607 testimonia
1710 1553 2078 1609 sacerdotum.

486 1643 604 1701 Non
636 1654 953 1713 aspernetur
1000 1645 1160 1699 etiam
1204 1659 1378 1699 meam
1423 1645 1708 1713 epistolam
1757 1659 2077 1712 recensere,

486 1751 648 1805 quam
680 1736 864 1804 pietati
888 1737 1104 1791 Patrum
1131 1751 1227 1805 per
1252 1737 1433 1789 omnia
1458 1736 1789 1791 concordare
1817 1735 2076 1805 reperiet.

2190 536 2557 595 incarnatione
2586 539 2747 595 Verbi
2783 540 2876 597 Dei
2918 542 3060 598 aliud
3092 542 3290 615 aliquid
3319 543 3503 599 credat
3548 555 3643 601 aut
3689 562 3774 603 as-

2188 640 2362 697 serat,
2404 647 2563 702 quam
2595 634 2981 690 catholicorum
3013 637 3251 691 omnium
3283 648 3335 693 et
3364 654 3483 694 mea
3508 642 3774 709 professio

2186 734 2537 793 prOIestatur,
2582 726 2724 782 hunc
2754 742 2783 780 a
2816 742 2914 782 sua
2946 729 3319 786 communione
3347 743 3627 799 secernat,
3662 730 3688 769 ιι
3719 745 3775 788 ut

2186 817 2236 871 ei
2258 815 2550 873 fraternam
2582 818 2634 872 in
2664 818 2879 875 Christo
2906 820 3225 877 cbaritatem
3268 822 3462 878 merito
3501 802 3774 894 possimus

2183 907 2519 990 impendere.
2551 911 2620 967 Ut
2642 920 2821 967 autem
2846 914 3153 981 salubribus
3181 915 3197 954 ἱ
3226 916 3367 971 curis
3388 918 3626 972 velocior
3656 920 3773 987 ple-

2186 1002 2448 1073 niorque,
2492 1005 2786 1061 auxiliante
2834 1007 3061 1061 Domino
3107 1024 3202 1078 per
3240 1018 3431 1065 vestrae
3470 1012 3775 1067 clementia:

2188 1095 2347 1149 ﬁdem
2376 1106 2658 1165 prmstelur
2679 1098 2925 1165 effectus,
2950 1100 3014 1153 ad
3040 1100 3294 1170 pietatem
3314 1110 3551 1177 vestram
3578 1101 3773 1175 fratres

2186 1193 2241 1240 et
2265 1188 2613 1257 coepiscopos
2647 1189 2660 1237 i
2712 1204 2882 1254 meos,
2917 1191 3221 1267 Abundium
3253 1203 3306 1247 et
3335 1184 3642 1259 Asterium,
3677 1195 3773 1265 sed

2185 1288 2239 1334 et
2265 1279 2517 1334 Basilium
2541 1291 2591 1334 et
2616 1282 2955 1350 Seuatorem,
2982 1287 3349 1357 presbyteros,
3382 1266 3609 1357 quorum
3639 1268 3771 1357 mihi

2185 1370 2403 1426 devotio
2430 1382 2511 1426 est
2544 1374 2788 1440 probata,
2817 1376 3026 1441 direxi,
3054 1356 3155 1446 per
3179 1392 3335 1447 quos,
3366 1356 3542 1451 1{quas
3572 1356 3777 1435 uestra;

2185 1465 2355 1521 forma
2384 1468 2454 1521 sit
2490 1468 2643 1533 ﬁdei,
2669 1469 3026 1526 manifestatis
3050 1453 3487 1527 instructiOnibus
3510 1450 3641 1542 quas
3671 1473 3774 1528 mi-

2184 1558 2354 1614 simus
2382 1562 2599 1629 possitis
2627 1562 2913 1633 dignanter
2942 1577 3239 1633 agnoscere
3292 1584 3305 1617 :
3335 1573 3392 1619 ut
3417 1564 3464 1620 si
3510 1564 3775 1622 Constan;

2183 1653 2569 1722 tinopolitanus
2604 1656 2828 1710 antistes
2870 1656 2923 1710 in
2954 1658 3199 1713 eamdem
3226 1657 3623 1733 confessionem
3654 1667 3777 1714 toto

2183 1744 2347 1801 corde
2361 1747 2650 1811 consentit,
2667 1749 2866 1817 securi,
2882 1757 2939 1803 ut
2960 1748 3179 1818 dignum
3194 1758 3299 1823 est,
3317 1748 3383 1823 de
3405 1751 3775 1806 ecclesiastica

487 1826 730 1900 Cumque
750 1844 779 1884 a
810 1844 869 1885 se
898 1828 1001 1883 hoc
1026 1831 1167 1900 quod
1202 1829 1376 1907 eidem
1407 1829 1748 1901 profuturum
1790 1831 1859 1884 sit
1889 1831 2073 1901 expeti
2106 1832 2152 1894 B
2185 1853 2315 1909 pace
2354 1839 2624 1903 laetemur,
2659 1855 2833 1909 neque
2860 1842 3057 1912 aliquid
3101 1840 3340 1897 residere
3382 1832 3629 1897 videatur
3658 1859 3776 1897 am-

486 1920 891 1993 desiderarique
907 1922 1241 1993 cognoverit,
1260 1922 1646 1977 catholicorum
1662 1921 1944 1977 sententiis
1962 1930 2076 1975 toto

484 2002 653 2067 cerde
694 2014 997 2069 consentiat
1034 2028 1047 2065 :
1086 2013 1291 2083 1007
1334 2012 1405 2066 ita
1453 2019 1512 2065 ttt
1556 2013 1821 2067 sinceram
1855 2008 1880 2048 ά
1930 2026 2079 2066 com-

485 2105 669 2169 munis
719 2105 844 2161 lidei
892 2104 1285 2175 professionem
1314 2146 1331 2172 ,
1381 2105 1779 2161 absolutissima
1840 2106 2078 2161 subscri-

486 2198 694 2270 ptione,
722 2211 905 2253 coram
933 2198 1080 2254 omni
1108 2198 1255 2253 clero
1276 2208 1329 2251 et
1347 2198 1598 2253 universa
1626 2199 1784 2268 plebe
1814 2199 2075 2267 declaret,

480 2289 799 2360 apostolica:
846 2290 963 2346 sedi
1009 2299 1065 2345 et
1106 2290 1372 2345 universis
1434 2290 1648 2345 Domini
1702 2290 2077 2346 sacerdotibus

484 2398 646 2459 atque
672 2388 930 2445 Ecclesiis
958 2389 1335 2460 publicandam
1363 2407 1376 2442 :
1401 2397 1458 2443 ut
1481 2388 1763 2457 paciﬁcato
1788 2403 1883 2457 per
1912 2402 2076 2441 unam

484 2481 648 2537 ﬁdem
694 2482 923 2547 mundo,
962 2492 984 2519 ο
1018 2484 1288 2552 possimus
1310 2497 1499 2537 omnes
1528 2483 1709 2537 dicere
1734 2522 1748 2547 ,
1781 2480 1926 2551 quod
1976 2498 2075 2536 an-

484 2574 621 2645 geli,
656 2585 779 2630 nato
806 2575 875 2631 de
914 2576 1077 2631 Maria
1110 2576 1327 2647 Virgine
1349 2576 1663 2641 Salvatore,
1718 2577 2032 2630 cecinerunt
2060 2594 2073 2629 :

483 2665 665 2721 Gloria
695 2667 750 2720 in
770 2666 982 2721 excelsis
1007 2665 1136 2734 Deo,
1164 2677 1213 2721 et
1236 2668 1288 2721 in
1312 2677 1451 2723 terra
1490 2652 1594 2739 pcta:
1616 2665 1903 2722 hominibus
1933 2666 2078 2721 bona:

484 2757 763 2819 voluntatis
787 2757 939 2829 (Luc.
976 2775 1036 2826 ll,
1072 2757 1162 2829 Η)
1176 2801 1187 2814 .

555 2847 683 2902 Car.
714 2847 779 2903 ll.
802 2878 874 2890 —
893 2849 1027 2917 Quia
1052 2865 1182 2905 vero
1204 2860 1259 2905 et
1285 2865 1385 2906 nos
1411 2861 1463 2907 et
1494 2852 1637 2907 beati
1665 2852 1853 2907 Patres
1886 2853 2076 2920 nostri,

484 2954 714 3011 quorum
773 2939 1077 2996 doctrina‘m
1120 2952 1175 2997 et
1222 2958 1544 2999 veneramur
1590 2954 1643 3000 ct
1670 2946 1971 3016 sequimur,
2026 2948 2078 3002 in

484 3033 645 3090 unius
694 3032 819 3089 ﬁdei
868 3035 1157 3090 concordia
1216 3050 1445 3105 sumus,
1495 3035 1635 3092 sicut
1683 3038 2076 3107 provinciarum

483 3126 728 3179 omnium
789 3134 1160 3195 protestantur
1216 3128 1532 3199 antistites,
1596 3138 1720 3200 agat
1772 3130 2079 3187 clementia:

2179 1930 2397 2004 biguum
2422 1973 2435 1995 ,
2472 1933 2683 2005 1008
2714 1931 2733 1970 1
2764 1934 2902 1988 unde
2932 1934 3218 2004 superﬁuis
3248 1932 3476 2007 forsitan
3508 1935 3778 2007 suspicio-

2180 2024 2339 2095 nibus
2382 2025 2707 2079 laboremus.
2738 2025 2833 2080 Sin
2866 2040 2997 2079 vero
3028 2026 3191 2097 aliqui
3241 2014 3269 2080 a
3302 2027 3531 2094 puritate
3573 2025 3778 2081 nostra:

2181 2115 2304 2169 ﬁdei
2336 2126 2497 2185 atque
2518 2116 2737 2171 Patrum
2770 2120 3089 2173 auctoritate
3112 2119 3458 2185 dissentiunt,
3484 2120 3777 2174 concilium

2181 2209 2489 2263 universale
2514 2211 2649 2263 intra
2669 2208 2899 2279 Italiam,
2926 2214 3063 2267 sicut
3084 2222 3123 2248 ω
3147 2214 3381 2283 synodus
3405 2210 3524 2284 quae
3541 2214 3613 2267 ob
3636 2214 3779 2269 hanc

2182 2314 2401 2356 Causam
2435 2302 2621 2355 Romae
2650 2312 2998 2369 convenerat,
3030 2320 3239 2359 mecum
3275 2306 3460 2374 petiit,
3488 2302 3781 2359 Clementia

2180 2402 2361 2447 vestra
2393 2396 2654 2449 concedat
2685 2412 2698 2448 :
2733 2406 2789 2449 nt
2829 2396 2883 2449 in
2913 2411 3077 2449 unum
3122 2394 3569 2451 convenientibus
3596 2405 3625 2432 ιι
3653 2412 3781 2450 om-

2181 2485 2339 2540 nibus
2377 2485 2459 2540 ltis
2504 2486 2592 2553 qui
2626 2496 2721 2541 aut
2766 2488 3070 2556 ignorantia
3106 2496 3197 2541 aut
3230 2496 3254 2524 ο
3288 2497 3493 2543 terrore
3534 2490 3782 2559 prolapsi

2180 2587 2328 2643 sunt,
2356 2580 2709 2634 correctionis
2739 2580 3000 2635 remediis
3028 2578 3363 2645 Consulatur,
3394 2564 3493 2637 ncc
3523 2584 3783 2654 cuiquam

2181 2674 2319 2727 ultra
2352 2675 2421 2727 sit
2473 2673 2704 2728 liberum
2745 2675 2813 2729 ita
2844 2685 2872 2724 P
2903 2668 3130 2730 Nicaeum
3173 2676 3365 2747 synodi
3404 2673 3582 2731 facere
3622 2692 3783 2753 ntcn-

2181 2767 2382 2821 tioncm
2410 2809 2425 2833 ,
2460 2774 2517 2821 ut
2562 2767 2678 2835 ejus
2725 2766 3037 2823 inveniatur
3080 2784 3201 2824 esse
3250 2769 3374 2825 ﬁdei
3421 2770 3726 2824 contrarius
3765 2787 3782 2826 :

2182 2861 2433 2931 quoniam
2460 2868 2515 2915 et
2547 2863 2815 2917 universae
2845 2852 3101 2917 Ecclesia:
3128 2872 3181 2918 et
3208 2872 3387 2917 vestro
3419 2873 3445 2912 ει
3476 2866 3575 2917 hoc
3604 2863 3786 2931 impe-

2183 2954 2265 3008 rio
2289 2954 2625 3023 proluturum
2648 2962 2751 3016 est,
2779 2954 2822 3008 si
2848 2970 2985 3009 unus
3011 2955 3176 3022 Deus,
3197 2971 3297 3011 una
3323 2955 3454 3011 ﬁdes
3480 2966 3503 2994 ι’
3530 2965 3582 3011 et
3612 2973 3785 3017 unum

2183 3055 2579 3099 sacramentum
2605 3045 2795 3099 salutis
2821 3046 3089 3110 ltumanie,
3115 3062 3222 3102 una
3249 3048 3413 3102 totius
3437 3048 3619 3103 mundi
3647 3038 3786 3102 con-

2185 3135 2419 3191 fessione
2459 3146 2726 3191 teneatur.
2774 3138 2902 3192 Data
2936 3148 2957 3175 ⁸
3003 3138 3217 3193 decimo
3246 3132 3476 3208 septimo
3518 3136 3787 3196 kalendas

484 3224 683 3270 vestra:
726 3216 1073 3273 devotissima
1118 3218 1251 3273 ﬁdes
1274 3261 1289 3285 ,
1334 3230 1395 3275 ut
1421 3236 1579 3292 quam
1614 3224 1841 3289 primum
1875 3224 1942 3279 ad
1978 3239 2076 3279 nos
2106 3226 2153 3290 C
2184 3226 2431 3297 Augusti,
2466 3227 2845 3285 Valentiniano
2867 3230 3070 3300 septies
3100 3240 3155 3287 et
3187 3231 3395 3288 Avieno
3417 3245 3467 3287 v.
3496 3216 3547 3287 (ἑ.
3576 3243 3786 3287 consu-

484 3305 1063 3379 Constantinopolitani
1111 3310 1384 3380 episcopi,
1414 3312 1592 3381 qualia
1626 3310 1647 3349 τ
1684 3313 1913 3381 debent,
1949 3329 2073 3383 pro-

486 3397 552 3455 ba
563 3399 603 3455 ti
630 3408 686 3456 et
710 3400 964 3458 catholici
992 3401 1293 3459 sacerdotis
1313 3404 1509 3475 scripta
1529 3407 1864 3477 perveniant,
1888 3417 2073 3479 aperte

562 3646 586 3674 ³
617 3635 831 3706 Vulgati
880 3636 1080 3691 Leonis
1113 3643 1257 3706 ante
1295 3632 1523 3706 Quesn.,
1572 3636 1706 3687 male
1752 3632 2075 3706 repullulat,

486 3704 745 3762 abscindat
772 3724 1010 3761 errorem.
1050 3705 1190 3761 Editi
1216 3705 1421 3760 Concil.
1456 3704 1655 3759 habent
1678 3705 1884 3773 pariter
1914 3704 2077 3770 male,

486 3782 581 3835 sed
611 3779 844 3833 abscidit.
878 3778 1059 3833 Nostri
1114 3778 1331 3833 codices
1370 3791 1493 3832 cum
1531 3775 1797 3833 Sicbardo
1830 3784 1883 3830 et
1935 3778 2080 3842 Que-

489 3851 683 3915 sncllo,
717 3861 772 3904 ιιι
811 3851 861 3904 in
894 3860 1062 3903 textu.

560 3920 588 3959 δ
618 3921 883 3976 Iudicatur
911 3920 1137 3989 epistola
1168 3919 1403 3976 secunda
1436 3918 1622 3989 Cyrilli
1650 3918 1712 3971 ad
1736 3916 2073 3972 Nestorium.

560 3936 588 3959 υ
618 3936 883 3976 Inatcatur
911 3936 941 3974 e
982 3936 1137 3974 tstota
1168 3936 1403 3976 secunda
1436 3936 1622 3989 byrllll
1650 3936 1712 3971 au
1738 3936 1852 3971 lVeSl

486 3991 689 4047 Confer
715 4004 900 4047 annOt.
930 3936 1129 4057 ἔωσι.
1162 3993 1288 4052 886,
1320 4008 1373 4045 η.
1407 3991 1457 4061 8)
1491 3991 1544 4045 in
1573 3990 1852 4061 epist.67.

563 4074 585 4103 ο
612 4064 958 4119 Memoratam
988 4062 1177 4132 Cyrilli
1204 4058 1489 4131 epistolam
1523 4062 1587 4116 ad
1612 4058 1692 4114 ’S.
1728 4058 2077 4132 C(nlestinum
2124 4058 2130 4064 ’

489 4136 859 4190 transmissam
897 4130 1063 4189 fuisse
1094 4130 1261 4203 liquet
1286 4149 1350 4188 ex
1379 4133 1607 4198 epistola
1655 4131 1717 4203 8,
1754 4130 1894 4201 apud
1942 4132 2081 4184 Cou-

488 4208 743 4261 stantium
792 4221 937 4276 pag.,
982 4201 1425 4276 “itit—Probata
1475 4204 1561 4276 ab‘
1584 4201 1774 4276 eodem
1826 4203 2080 4270 poutitice

486 4273 831 4337 cottnoscitur
854 4273 920 4332 ex
952 4276 1110 4343 epist.
1141 4275 1203 4330 Η
1225 4317 1237 4334 .
1278 4292 1400 4344 pag.
1434 4273 1594 4330 1102.
1626 4273 1764 4328 Ilinc
1794 4288 1911 4328 eam
1954 4289 2081 4344 apo-

487 4348 685 4418 stolica:
706 4349 840 4403 sedis
878 4348 1069 4401 scrinia
1094 4356 1445 4418 susceperunt.

560 4416 587 4456 ά
622 4421 761 4474 Etliti
794 4432 919 4472 ante
947 4419 1150 4484 Quesn.
1195 4416 1250 4471 et
1280 4416 1573 4471 Sichardtts
1604 4430 1909 4484 perperam,
1940 4431 2079 4469 com-

488 4491 744 4544 munionis
778 4490 920 4559 ﬁdei.
951 4490 1082 4545 Post
1108 4504 1296 4559 pauca,
1329 4500 1374 4542 et
1396 4487 1691 4558 apostolicw
1716 4486 1845 4551 sedi,
1872 4486 1923 4539 in
1954 4485 2077 4541 Vat.

489 4560 641 4629 Hisp.
672 4571 725 4615 et
754 4560 878 4615 Ιμὶά.

564 4642 587 4701 ἐ
616 4631 849 4700 Ratisp..
883 4632 1096 4701 possint.

563 4700 584 4739 ί
624 4702 742 4755 Vat.
778 4700 930 4771 Hisp.
963 4712 1123 4770 atque
1152 4702 1307 4766 Isid.,
1338 4702 1603 4755 drbcntur.

561 4780 589 4820 ϐ
622 4774 712 4829 Sic
741 4775 933 4827 meltus
956 4789 1075 4828 cum
1101 4774 1463 4828 anterioribus
1496 4771 1657 4827 editis
1686 4770 1845 4826 codd.
1876 4770 2079 4826 Vinde-

489 4840 620 4898 bon.
675 4843 823 4912 Hisp.
874 4846 1104 4909 Ratisp.,
1159 4861 1289 4898 mss.
1332 4843 1545 4898 (ιυιιθρι.
1593 4843 1663 4895 21
1711 4852 1763 4897 et
1802 4844 2079 4904 exemplar

2181 3317 2342 3375 libus.

2186 3634 2521 3704 plectebatur
2548 3649 2679 3689 sane
2703 3636 3030 3705 sufﬁcientem
3058 3645 3393 3699 paternarum
3415 3635 3791 3689 auctoritatum

2183 3705 2603 3769 instructionem,
2653 3723 2772 3774 quae
2803 3707 2867 3759 ad
2901 3706 3263 3759 Theodosium
3294 3706 3496 3759 directa
3545 3706 3794 3762 traditur

2183 3778 2343 3846 epist.
2378 3777 2466 3831 7|.
2497 3776 2631 3831 Vide
2663 3778 2859 3831 ibidem
2891 3788 3075 3832 annot.
3110 3778 3143 3832 9
3174 3777 3311 3845 (Col.
3344 3777 3467 3839 896,
3507 3794 3557 3829 η.
3595 3775 3669 3845 IL).

2261 3845 2275 3883 ¹
2310 3846 2586 3901 Etlitioncs
2619 3859 2742 3902 ante
2773 3848 2974 3914 Quesn.
3005 3863 3123 3903 cum
3158 3847 3429 3917 plerisque
3456 3853 3589 3901 mss.
3616 3847 3796 3903 etiam

2185 3917 2493 3973 Vindebon.
2538 3919 2690 3988 Hisp.
2736 3931 2785 3973 et
2816 3920 3063 3988 exemplo
3094 3918 3339 3973 Sichardi
3366 3961 3379 3981 ,
3424 3926 3477 3972 ut
3506 3919 3571 3983 de
3600 3936 3798 3986 super—

2181 3989 2322 4059 ﬂuis.
2354 3990 2624 4058 Quesnelli
2659 3991 2945 4046 lectionem
2998 3991 3167 4059 codex
3210 3989 3418 4057 liatisp.
3466 3989 3795 4045 conﬁrmat.

2253 4071 2293 4097 ιιι
2324 4061 2378 4116 Id
2432 4062 2627 4115 factum
2671 4061 2847 4117 fuerat
2876 4061 3033 4130 epist.
3077 4058 3145 4113 Η
3198 4059 3394 4114 Leonis
3424 4070 3479 4115 et
3518 4060 3800 4117 Romanae

2182 4133 2372 4203 synodi
2400 4134 2614 4187 nomine
2638 4132 2760 4186 data
2786 4133 2872 4187 die
2897 4135 2961 4187 15
2979 4132 3228 4203 Octobris
3242 4132 3369 4187 anni
3390 4133 3797 4203 prrecedentis.
3832 4190 3835 4191 ν

2255 4212 2279 4238 ἰ
2308 4204 2606 4259 Vindebon.
2644 4204 2795 4273 Hisp.
2822 4203 2965 4259 delet
2994 4202 3245 4257 omnibus.

2256 4284 2278 4309 0
2311 4273 2521 4344 Ratisp.
2549 4288 2669 4331 cum
2706 4276 2826 4346 Vat.
2858 4275 3009 4346 Hisp.
3038 4289 3101 4346 ac
3126 4274 3274 4342 Isid.,
3303 4286 3491 4340 errore,
3519 4275 3608 4330 ubi
3639 4276 3805 4332 forte

2182 4347 2377 4400 omissa
2436 4346 2533 4400 fuit
2582 4346 2736 4401 initio
2785 4345 2968 4401 littera
3003 4354 3020 4398 t
3051 4345 3118 4399 ob
3155 4360 3480 4400 concursum
3528 4346 3807 4413 ejusdem

2183 4416 2380 4471 littera)
2408 4432 2461 4471 tn
2495 4417 2599 4470 ﬁne
2628 4417 2776 4471 vocis
2820 4417 3197 4486 praecedentis.
3233 4414 3400 4470 Error
3426 4416 3491 4470 ad
3524 4418 3809 4487 ignoran-

2183 4490 2307 4541 tiam
2353 4488 2610 4543 anteriori
2654 4504 2788 4544 voce
2815 4502 3129 4558 expressam
3162 4489 3413 4542 refertur.
3455 4486 3559 4542 Hic
3596 4500 3809 4545 autem

2182 4558 2449 4613 indicatur
2488 4560 2568 4612 vis
2612 4561 2664 4613 in
2694 4559 2968 4628 Epltcsino
3009 4559 3291 4613 latrocinio
3317 4559 3459 4612 illata
3481 4601 3494 4616 .
3527 4561 3613 4613 cui
3644 4575 3811 4616 non-

2182 4631 2311 4701 nulli
2332 4640 2525 4684 terrore
2541 4632 2769 4696 perculsi
2796 4640 3101 4687 cesserunt.
3125 4630 3256 4684 Vide
3274 4631 3432 4694 epist.
3458 4628 3549 4693 44,
3581 4644 3719 4701 cap.
3746 4633 3776 4684 1
3794 4675 3812 4686 .

2181 4700 2317 4755 Iliuc
2349 4703 2667 4755 retinuimus
2694 4718 2813 4757 cum
2845 4702 3004 4755 editis
3049 4700 3307 4755 Leoninis
3338 4715 3523 4754 vocem
3557 4700 3810 4771 terrore,

2181 4772 2268 4825 cui
2297 4773 2471 4825 affinis
2500 4784 2579 4827 est
2607 4788 2707 4827 vox
2735 4774 2944 4833 timore.
2976 4788 3094 4842 qum
3129 4774 3178 4825 in
3205 4772 3531 4825 editionibus
3561 4772 3816 4831 Concil.

2221 4855 2302 4897 ost
2350 4845 2667 4910 Merlinum,
2719 4859 2781 4897 ac
2825 4846 2875 4898 in
2917 4844 3212 4912 exemplari
3260 4842 3507 4898 Sicltardi
3554 4843 3814 4914 legitur.

490 4914 767 4996 Sicltardi.
789 4915 1111 4996 Quesnellus
1136 4925 1189 4970 et
1233 4915 1512 4996 lilerlinus,
1544 4912 1743 4979 lucide;
1767 4913 1886 4967 Vat.
1923 4915 2071 4983 Hisp.
2100 4934 2157 4996 Β
2183 4912 2504 4996 Post_pauca
2530 4932 2590 4969 ne
2612 4914 3076 4996 cuiquolutjn‘Vat.
3110 4913 3327 4996 collect.
3360 4913 3449 4996 II.

488 4986 720 5057 et_lsid.,
750 4985 917 5038 lucide
945 4988 1290 5057 protestantis.

559 5052 590 5093 ιι
620 5056 741 5111 Vat.
776 5058 923 5125 Hisp.
945 5052 1013 5111 'et
1044 5057 1191 5118 Isid.,
1226 5065 1280 5110 ut
1314 5060 1425 5128 ejus
1457 5055 1835 5128 fraternantin
1873 5053 2076 5110 Christo

489 5126 793 5181 charitatem
812 5130 994 5182 merito
1035 5128 1285 5182 possimus
1312 5126 1593 5182 intendere.
1617 5126 1883 5181 Inﬁnitum
1907 5128 2077 5181 inten-

488 5199 609 5253 dere
646 5210 728 5253 est
756 5200 916 5253 etiam
949 5199 1000 5252 iu
1025 5198 1327 5253 Vindebon.
1359 5198 1509 5265 llisp.

2252 4996 2280 5035 Ρ
2310 4980 2442 5041 Vide
2468 4995 2654 5041 annot.
2692 4986 2725 5039 6
2754 4984 2892 5056 (Col.
2928 4982 3054 5051 255.5,
3084 5002 3115 5037 η
3147 4985 3195 5053 ει)
3231 4986 3280 5038 in
3310 4986 3469 5053 epist.

2252 5067 2281 5107 τι
2308 5057 2426 5111 Vat.
2462 5057 2615 5127 Hisp.
2650 5055 2811 5127 atque
2842 5056 2969 5111 Isid.
2998 5066 3053 5111 et
3083 5071 3215 5111 mss.
3244 5056 3459 5111 collect.
3484 5055 3557 5110 24
3592 5056 3828 5118 delent

2180 5129 2747 5272 h0:.Conjtttictionettt
2772 5206 2818 5252 et
2846 5195 3430 5272 omittunt_Vindeb_on_.
3459 5196 3621 5268 Hisp.
3662 5199 3826 5259 Vat.

567 5269 737 5325 iMss.
770 5272 980 5325 collect.
1012 5268 1103 5336 21,
1130 5270 1572 5336 dispositionibus.

562 5341 574 5391 i
619 5341 815 5395 Excusi
848 5350 972 5395 ante
997 5341 1225 5407 Quesn.,
1256 5350 1473 5395 nostros.
1511 5342 1629 5395 Mox
1661 5340 1712 5394 in
1742 5340 1864 5393 Vat.
1892 5340 2072 5411 Hisp.,

490 5412 839 5479 Sabundium;
856 5413 909 5466 in
929 5411 1083 5475 Isid.,
1110 5412 1414 5467 Sabuldium
1439 5427 1535 5480 pro
1560 5411 1885 5476 Abundium;
1910 5414 2066 5479 male,

488 5492 546 5553 ut
571 5498 636 5538 ex
666 5483 786 5537 aliis
827 5484 1067 5553 epistolis
1099 5482 1283 5552 liquet.
1316 5481 1450 5537 Cod.
1486 5482 1659 5537 Grim.
1691 5498 1787 5551 pro
1814 5482 2071 5536 Asterium

489 5552 651 5609 habet
682 5552 947 5609 Etherium
975 5568 1085 5608 tum
1116 5552 1221 5617 ltic,
1249 5562 1358 5608 tum
1403 5553 1455 5608 in
1486 5553 1693 5608 duabus
1719 5554 2071 5620 sequentibus

490 5626 751 5693 epistolis.
801 5626 1005 5691 Ratisp.
1044 5625 1133 5678 hic
1180 5623 1410 5679 Eterium
1457 5624 1675 5695 prmlert
1704 5670 1716 5695 ,
1750 5625 2071 5695 insequenti

489 5706 667 5749 autem
698 5697 919 5763 epistola
943 5698 1189 5750 Aterium.

562 5763 583 5800 ιι
618 5765 753 5818 Cod.
783 5768 976 5833 (irim,
1011 5783 1125 5833 qua:
1152 5776 1323 5819 nostra
1348 5766 1501 5833 ﬁdes.
1528 5765 1678 5833 Quod
1708 5781 1872 5834 porro
1920 5767 2071 5821 addi-

490 5840 603 5896 tur.
632 5837 968 5899 manifestatis
998 5838 1435 5903 instrnctiouibus,‘
1487 5854 1610 5902 quas
1638 5838 1889 5904 misimus,
1924 5854 2075 5895 com-

2179 5270 2391 5327 collect.
2417 5269 2495 5327 ⁷11
2532 5282 2583 5326 et
2618 5273 2849 5340 ltatisp.,
2882 5272 2968 5339 qtti
2998 5270 3158 5338 paulo
3188 5278 3307 5339 post
3334 5269 3518 5334 habet,
3553 5286 3669 5325 una
3727 5284 3833 5327 to-

2177 5343 2280 5396 tius
2304 5344 2482 5395 mundi
2516 5344 2767 5411 confessio
2802 5351 3057 5395 teneatur.

2250 5422 2272 5448 ⁵
2308 5414 2455 5467 llanc
2486 5415 2661 5479 diem,
2692 5430 2809 5483 quin
2840 5423 2924 5468 est
2955 5413 3010 5465 in
3042 5411 3436 5483 antiquioribus
3462 5412 3632 5467 editis
3668 5457 3690 5477 .
3768 5431 3838 5476 ei

2175 5486 2316 5554 apud
2352 5482 2717 5551 Sichardum,
2747 5499 2846 5539 nec
2876 5498 2981 5537 non
3022 5483 3074 5537 in
3110 5482 3230 5536 Vat.
3264 5483 3412 5551 Hisp.
3452 5490 3505 5537 et
3554 5485 3609 5537 in
3650 5504 3836 5546 mss.

2175 5557 2389 5611 collect.
2420 5556 2512 5630 2t,
2542 5556 2611 5609 23
2636 5564 2689 5609 et
2726 5556 2822 5630 24,
2859 5556 3217 5630 acnprtecipue
3248 5555 3300 5608 in
3331 5554 3521 5630 codice
3554 5556 3826 5630 Ratisp.

2177 5628 2535 5681 revocandam
2562 5628 2884 5695 putavimus.
2911 5626 3237 5692 Quesnellus
3265 5627 3499 5694 praetulit
3527 5636 3619 5680 xvr
3679 5626 3799 5687 Ιςάι
3818 5675 3835 5688 ,

2176 5699 2417 5769 Augusti,
2442 5714 2600 5767 quam
2631 5697 2943 5769 chronicam
2976 5703 3156 5750 notam
3196 5696 3246 5750 itt
3296 5710 3425 5769 tns<.
3466 5698 3839 5769 Vindebon.

2178 5767 2327 5837 Hisp.
2360 5769 2472 5821 Val.
2523 5769 2676 5831 Isid,
2708 5769 2810 5821 alio
2844 5767 2965 5821 Vat.
2996 5769 3209 5823 collect.
3253 5768 3312 5825 H
3364 5775 3419 5824 et
3459 5768 3514 5823 in
3566 5769 3843 5839 Martini

2177 5842 2425 5909 exemplo
2455 5840 2669 5897 collect.
2702 5840 2768 5896 12
2804 5839 3126 5909 reperimus.
