4014 6358
275 418 382 494 sas
1645 416 1860 477 EPISTt

2018 413 2179 474 LXX.
3460 422 3569 484 894

899 503 1232 600 ἑιδΙΞΤΟΙιᾸ
1262 519 1288 578 ά
1314 519 1480 596 LXX.
1890 535 1945 596 A
1971 529 2200 589 storium’
2231 535 2494 604 miserat,
2545 535 2892 608 acquiescat;
2941 536 2996 592 in'
3047 551 3152 608 qua
3206 544 3262 593 et
3318 550 3562 603 errorem

635 655 665 698 b
705 675 774 716 η
811 674 1145 716 pawn,“
1198 669 1504 714 Δυσυδτη,
1971 627 2201 686 Nestor-ii
2245 632 2449 703 arguit,
2483 642 2540 689 et
2567 632 2726 689 Iidem
2756 632 2990 690 Nicamze
3035 632 3366 692 definitionis
3397 651 3564 708 expo.

278 786 300 817 ε
331 773 605 831 SYNOPSIS.
636 803 708 815 —
733 773 965 827 Anatolii
993 773 1365 843 professionem
1384 769 1505 843 ﬁdei
1527 783 1579 822 se
1601 773 1863 843 exspecto;

1976 723 2080 779 suit
2105 741 2119 790 ;
2161 723 2178 762 ί
2211 725 2296 781 vel
2324 727 2732 808 epistolaemea:
2762 743 2879 799 quae
2901 728 2968 784 ad
2998 737 3202 786 sancta:
3229 730 3561 787 recordatio-

1976 821 2056 843 _:-
2107 818 2416 843 Euhan“...
2473 805 2780 843 -a-z--'__-__.'
2835 811 2914 843 λη’
2965 819 3154 843 .‘l!.;--.-
3249 839 3297 843 η
3349 826 3535 843 -,,,,.-_.

341 818 676 918 £7235...
701 818 1867 918 a';'.7'.};.-'.'.'.';'i.:'b¥{..1}2;.;2fi§.:emtam;
1970 818 2147 918 13i87F
2151 820 2419 918 laViattltt“
2468 818 2783 918 θβίεςορυῐη
2809 825 2914 918 7ésl
2941 819 3203 918 Δᾶῑνεὲςιειε
3239 826 3561 918 consentiat.

340 901 586 991 generale
616 901 927 973 removenda
953 933 1062 996 esse
1088 913 1261 970 omnia
1289 901 1564 969 scandala.
1971 914 2177 982 Quibus
2207 917 2224 965 l
2259 913 2547 987 lvigilanter
2573 915 2884 996 inspectis,
2918 913 3561 1003 7Coqstapti7nopolitanus

1969 1011 2194 1078 antistes
2242 1007 2632 1079 repudiandum
2680 1008 2804 1074 sibi,
2833 1006 2862 1088 k7
2892 1009 3032 1079 quod
3080 1025 3209 1065 ausa
3250 1019 3334 1066 est
3375 1019 3560 1066 contra

561 1089 586 1180 ,ί
692 1089 707 1103 ’
843 1089 873 1186 ἢ,
921 1167 944 1180 ,,
1430 1089 1459 1099 “
1649 1177 1652 1180 7
1968 1089 2157 1178 puram
2188 1091 2243 1156 et
2269 1099 2595 1171 singularem
2627 1091 2789 1156 fidem
2822 1100 3072 1186 imperita
3116 1102 3425 1186 insipientia
3463 1099 3555 1158 dc.-

339 1178 572 1253 Gaudeo
589 1195 723 1274 Sﬁdei
751 1178 1053 1250 clementiae
1083 1188 1314 1258 vestrae,
1363 1188 1504 1260 quod
1551 1178 1861 1256 religiosum

1970 1195 2142 1263 linire,
2177 1195 2552 1251 incunctanter
2589 1201 2847 1266 agnoscat
2876 1211 2887 1244 :
2927 1180 3073 1274 quia
3106 1178 3167 1274 et
3205 1180 3324 1250 mea
3352 1187 3407 1250 et'
3437 1185 3555 1250 san-

339 1210 566 1253 uauaeo
591 1210 723 1262 ιιαθι
751 1210 1053 1250 Clementiae
1083 1210 1277 1246 vesua:
1299 1229 1314 1258 ,
1363 1210 1503 1260 quuu
1551 1210 1852 1256 religiosum

267 1290 504 1346 studium
559 1265 844 1360 dignanter
894 1275 1208 1358 impenditis
1251 1292 1310 1338 ut
1345 1277 1456 1354 "pax
1496 1279 1852 1336 ecclesiastica

1971 1210 2142 1263 lintre,
2177 1210 2552 1251 incunctanter
2589 1210 2887 1266 agnoscat:
2927 1267 2930 1270 7
2977 1210 3073 1277 u7ia7
3111 1210 3167 1279 et
3205 1210 3324 1250 mea
3352 1210 3406 1250 et
3437 1210 3556 1250 san-

1971 1299 2174 1348 ctorum
2208 1290 2424 1345 Patrum
2462 1288 2529 1344 de
2560 1210 3168 1343 incarnatione‘bomini
3199 1273 3428 1341 concors
3459 1301 3556 1357 per

265 1369 585 1452 rcn0vetur,
609 1363 730 1452 quae
758 1378 1115 1450 quorumdam
1145 1375 1576 1432 dissensionibus
1597 1370 1621 1409 ἀ
1651 1371 1850 1427 videtut

1977 1384 2148 1440 omnia
2178 1391 2232 1438 et
2260 1398 2360 1438 una
2389 1381 2662 1454 confessio
2691 1389 2792 1436 est.
2843 1381 3018 1450 Quam"
3059 1379 3103 1435 si
3135 1378 3254 1450 quis
3283 1380 3562 1436 existima-

266 1491 383 1533 esse
415 1477 653 1532 turbata.
704 1471 940 1530 Debetur
975 1472 1116 1527 enim
1168 1471 1269 1526 hoc
1318 1483 1513 1526 vestrae
1555 1469 1862 1539 specialiter
1963 1477 2102 1534 verit
2132 1492 2237 1533 non
2270 1475 2602 1545 sequendam
2623 1515 2638 1544 ,
2692 1475 2811 1550 ipse
2841 1463 2900 1530 se
2929 1490 2958 1530 a
2990 1459 3250 1546 compage
3277 1471 3561 1528 catholica

266 1571 472 1640 gioriae,
498 1577 562 1624 ut
599 1568 789 1624 ablatis
820 1567 1072 1622 omnibus
1095 1564 1367 1620 scandalis
1409 1579 1528 1634 quae
1551 1571 1739 1619 contra
1770 1575 1860 1616 ca-
1962 1570 2185 1626 unitatis
2216 1568 2234 1608 1
2265 1569 2524 1635 abscidit;
2557 1584 2680 1624 cum
2724 1578 2903 1624 tamen
2945 1551 3044 1624 nos
3085 1576 3142 1624 ut
3182 1557 3238 1624 ir]
3289 1557 3557 1639 integrum

263 1661 522 1724 .tholicam
558 1661 717 1716 fidem
745 1658 1001 1714 inimicus
1033 1667 1056 1694 θ
1087 1657 1449 1728 excitaverat,
1481 1670 1584 1711 una
1634 1647 1856 1710 eadem-
1962 1662 2144 1719 omnia
2189 1672 2510 1719 revocemur
2550 1672 2818 1732 optemus,
2853 1661 2933 1717 Ad
2963 1661 3214 1719 enectum
3245 1656 3378 1718 vero
3414 1661 3560 1718 salu.

262 1774 363 1830 que
392 1758 468 1812 sit
510 1772 606 1828 per
637 1766 806 1812 totum
835 1753 1094 1811 mundum
1136 1754 1407 1811 confessio
1447 1753 1708 1820 veritatis,
1737 1766 1857 1822 qua:
1961 1756 2138 1813 brium
2161 1756 2578 1827 dispositionum
2607 1755 2846 1811 velocius
2871 1755 3247 1824 obtinendum,
3281 1755 3477 1813 fratres
3504 1764 3559 1813 et

260 1851 475 1907 facilius
514 1849 826 1922 certiusque
870 1849 1254 1921 reparabitur,
1303 1851 1346 1904 si
1396 1864 1683 1920 pravorum
1725 1863 1852 1903 sen-
1960 1853 2314 1924 eoepiscopos
2359 1867 2508 1908 meos
2534 1862 2573 1890 ω
2599 1847 2904 1928 Abundium
2939 1855 2992 1908 et
3017 1849 3324 1920 Asteriun’i,
3371 1842 3466 1910 sed
3502 1862 3558 1910 et

260 1958 419 2012 suum
478 1945 624 2000 nulla
683 1944 930 2010 semina,
985 1942 1127 1998 nulla
1179 1943 1404 2013 vestigia
1459 1927 1853 2012 relinquantur.
1884 1930 2220 2000 BBasilium
2272 1951 2325 2000 et
2376 1933 2692 2001 Senatoreni
2746 1944 3094 2017 presbyteros
3146 1945 3556 2016 probatissimOs

259 2037 409 2107 Quod
435 2049 617 2094 tamen
660 2052 901 2093 mearum
931 2037 1162 2107 partium
1189 2045 1292 2103 est,
1331 2038 1609 2106 prteterire
1632 2052 1736 2092 non
1761 2037 1857 2091 de-
1958 2039 2105 2092 viros
2131 2038 2272 2105 misi,
2303 2038 2392 2108 qui
2429 2036 2734 2092 clementiae
2760 2050 2954 2093 vesme
2985 2023 3210 2093 formam
3242 2038 3364 2094 fidei
3393 2055 3554 2110 quam

263 2131 385 2198 beo,
422 2141 486 2187 ut
510 2131 718 2186 scilicet
743 2130 870 2202 quid
902 2131 968 2185 de
999 2129 1365 2185 incarnatione
1397 2128 1517 2184 Filii
1538 2128 1631 2185 Dei
1663 2144 1691 2183 a
1713 2128 1854 2184 Con-
1957 2132 2259 2188 secundum
2290 2130 2592 2187 doctrinam
2625 2130 3017 2186 venerabilium
3049 2131 3265 2185 Patrum
3296 2130 3556 2202 praedica-

248 2223 748 2300 stantinopolitano
777 2225 1030 2294 episcopo
1079 2234 1324 2279 teneatur
1353 2238 1671 2293 agnoscam;
1711 2239 1851 2293 prze-
1958 2241 2077 2280 nius
2117 2223 2399 2289 oll‘errent,
2433 2233 2488 2279 et
2510 2225 2732 2278 remotis
2758 2211 3335 2304 circumlocutionibus
3360 2223 3555 2295 quibus

261 2316 452 2372 ser-tim
506 2312 527 2353 ί
577 2331 700 2372 cum
750 2316 1145 2371 ordinationem
1205 2315 1372 2386 ipsius
1428 2315 1561 2370 dura
1619 2330 1854 2385 praeces-
1956 2325 2236 2379 obscurari
2268 2323 2467 2379 veritas
2491 2324 2645 2388 solet,
2682 2305 2893 2394 1011
2927 2319 3051 2391 quid
3083 2321 3150 2377 de
3179 2321 3554 2378 incarnatione

263 2412 459 2477 ser-int,
487 2409 719 2480 taliaque
746 2407 811 2462 ad
835 2425 936 2464 nos
963 2407 1210 2463 debuerit
1238 2409 1436 2478 scripta
1454 2408 1708 2479 dirigere,
1733 2424 1853 2479 quas
1956 2418 2076 2473 Filii
2104 2418 2197 2472 Dei
2229 2417 2257 2470 a
2287 2417 2451 2471 totius
2472 2425 2499 2452 η
2521 2413 2668 2472 orbis
2700 2407 2944 2484 probatis
2969 2411 3347 2470 sacerdOtibus
3369 2414 3554 2471 defen-

255 2501 406 2557 illum
433 2519 463 2556 a
492 2503 816 2572 contagione
861 2503 1019 2572 hujus
1062 2503 1150 2574 qui
1185 2518 1356 2573 nuper
1396 2502 1616 2557 emersit
1651 2504 1852 2559 erroris
1957 2507 2075 2566 sum
2100 2510 2289 2566 fuisset
2317 2505 2703 2565 Ostendercnt:
2739 2509 2877 2578 quos
2906 2493 3025 2576 pest
3052 2507 3285 2563 divinam
3327 2509 3552 2578 gratiam

251 2595 496 2649 alienum
546 2593 829 2650 evidenter
883 2594 1252 2650 ostenderent.
1323 2594 1534 2668 1010
1571 2605 1597 2643 ε
1646 2595 1853 2664 Optans
1955 2611 2143 2658 sancto
2169 2612 2364 2656 vestra:
2413 2601 2629 2670 pietatis
2658 2599 2861 2655 auxilio
2907 2599 3127 2670 dignum
3160 2607 3242 2654 est
3271 2597 3549 2670 adjuvari,

251 2688 438 2758 itaque
459 2702 706 2744 securam
733 2702 855 2743 cum
883 2702 949 2742 eo
978 2687 1178 2744 habere
1208 2689 1573 2755 concordiam,
1600 2689 1852 2759 gratiam-
1955 2709 2023 2750 ne
2049 2695 2099 2748 in
2130 2693 2297 2749 totius
2319 2693 2577 2748 Ecclesia:
2602 2685 3063 2762 perturbationem
3090 2691 3404 2762 imprudens
3425 2691 3550 2763 pro-

251 2800 355 2854 que
387 2784 466 2839 illi
497 2787 753 2840 fraternae
797 2783 1078 2839 charitatis
1128 2783 1474 2854 impendere,
1519 2783 1762 2840 scribere
1798 2786 1849 2840 ei
1955 2784 2163 2844 ecdato
2196 2789 2461 2844 intentio:
2511 2802 2632 2842 eum
2682 2785 3018 2842 correctione
3068 2785 3310 2842 adhibita
3363 2801 3547 2842 omnes

251 2877 473 2932 interim
503 2878 720 2944 distuli;
750 2893 856 2933 non
900 2876 1244 2933 dilectionem
1274 2891 1504 2948 negans,
1550 2877 1645 2934 sed
1673 2879 1836 2932 mani-

1953 2892 2204 2952 oporteat
2246 2883 2300 2937 in
2342 2883 2505 2938 unius
2529 2881 2889 2938 confessionis
2916 2881 3096 2937 redire
3124 2892 3151 2932 ι»
3173 2881 3538 2937 concordiam.

249 2973 596 3030 festationem
632 2973 911 3029 catholicae
936 2972 1184 3030 veritatis
1209 2981 1554 3042 exspectans.
1605 2971 1850 3043 Simplex
1954 2975 2000 3031 A
2021 2990 2124 3047 qua
2151 2976 2194 3030 si
2219 2975 2444 3030 forsitan
2471 2973 2540 3030 ab
2567 2973 2837 3044 aliquibus
2858 2973 3218 3044 discrepatur,
3246 2974 3550 3030 universale

250 3067 398 3123 enim
426 3078 512 3123 est
532 3067 953 3137 absolutumque
998 3065 1139 3137 quod
1169 3079 1352 3136 posco,
1384 3073 1443 3120 ut
1473 3073 1684 3120 remoto
1727 3065 1847 3120 ton-
1954 3067 2249 3123 concilium
2272 3065 2614 3123 sacerdotum
2635 3066 2824 3122 haberi
2844 3066 2983 3122 intra
3008 3065 3238 3131 Italiam,
3263 3067 3548 3123 clementia

246 3179 433 3236 garum
460 3161 492 3203 λ
521 3165 950 3234 disputationum
976 3163 1183 3229 labore,
1219 3171 1419 3218 sanctae
1449 3162 1725 3217 memoria:
1746 3159 1850 3232 Cy-
1953 3173 2133 3217 vestra
2157 3172 2186 3211 (ι
2213 3162 2510 3225 annitente,
2535 3161 2820 3232 iubeatur:
2849 3177 2955 3232 quo
2978 3171 3182 3216 remota
3210 3170 3327 3243 arte
3356 3161 3549 3217 fallen-

245 3260 356 3315 rilIi
383 3259 741 3316 Alexandrini
769 3257 1011 3332 episcopi
1033 3255 1298 3328 epistolae,
1328 3270 1490 3326 quam
1514 3254 1630 3326 ipse
1651 3253 1719 3310 ad
1747 3253 1850 3311 Ne-
1954 3253 2030 3323 di,
2065 3255 2282 3310 tandem
2310 3263 2494 3326 pateat
2529 3253 2659 3326 quid
2690 3253 2884 3311 altiore
2913 3262 3144 3310 tractatu
3179 3262 3275 3311 aut
3305 3256 3546 3312 coerceri

510 1033 626 1090 Leo
656 1032 943 1103 episcopus
972 1030 1300 1086 Puaceenue
1345 1003 1619 1099 Augustae.

315 3407 344 3436 ⁸
385 3397 535 3453 Alias
564 3397 651 3454 54.
691 3396 824 3464 Quae
867 3404 1046 3451 autem
1083 3400 1243 3450 antea
1284 3403 1402 3450 erat
1426 3392 1516 3459 70,
1569 3407 1712 3449 nunc
1747 3394 1838 3451 9i.
1871 3392 1917 3458 C
1947 3393 2492 3462 seuetiamsumptum
2507 3393 2800 3450 credimus.
2817 3387 3542 3464 Conferannot.5(Col.7886.

243 3470 459 3532 Scripta
494 3469 559 3524 16
587 3463 824 3522 .Iuliian.
856 3468 981 3522 [δίο.
1949 3482 2005 3519 n.
2042 3464 2092 3534 δ’)
2116 3467 2165 3520 in
2182 3466 2761 3533 epist.67.Euimvero
2786 3465 2836 3519 iu
2861 3464 3203 3520 antecedenti
3223 3463 3454 3532 epistola
3476 3466 3543 3521 ad

311 3540 342 3579 δ
375 3541 470 3596 Est
500 3542 551 3594 in
585 3540 774 3594 iisdem
824 3537 1236 3593 collectionibus
1264 3535 1317 3590 in
1349 3535 1542 3608 quibus
1571 3537 1839 3603 superior.
1953 3537 2318 3592 Theodosium
2343 3581 2357 3602 ,
2384 3539 2473 3608 qui
2513 3537 2746 3608 Eutyclii
2773 3535 3020 3602 favebat,
3061 3535 3171 3591 Leo
3201 3535 3339 3608 hanc
3371 3537 3546 3605 Optio-

315 3623 338 3650 ε
369 3613 425 3666 In
449 3613 666 3666 collect.
698 3610 846 3680 llisp.
873 3611 957 3664 hic
991 3611 1174 3664 titulus
1196 3608 1425 3662 habetur
1454 3625 1467 3660 :
1495 3606 1601 3663 Pro
1620 3608 1701 3665 his
1728 3626 1844 3682 quae
1948 3624 2072 3664 nem
2103 3624 2208 3664 non
2239 3606 2462 3670 indicat.
2509 3609 2602 3664 sed
2622 3606 2908 3672 absolute,
2942 3609 3068 3664 licet
3113 3607 3390 3675 modeste,
3424 3617 3546 3676 post

315 3684 483 3732 neritts
511 3700 541 3732 α
568 3681 860 3732 Theodosio
897 3683 1127 3732 Anansto
1164 3680 1458 3732 postularit.
1948 3691 2304 3732 memoratam
2338 3681 2524 3732 CvriIli
2555 3681 2838 3732 epistolam
2877 3681 2944 3732 de
2978 3677 3229 3732 Anatolio
3257 3677 3334 3732 ait
3360 3677 3542 3732 :.Non

289 3684 483 3734 meritis
511 3700 541 3734 α
568 3677 860 3734 Theodosio
897 3683 1127 3734 Auansto
1164 3680 1458 3734 postularit.
1739 3677 1751 3682 ’

1948 3691 2304 3734 memoratam
2338 3681 2524 3734 Cvrilli
2555 3681 2838 3734 epistolam
2877 3681 2944 3734 de
2978 3677 3229 3734 Anatolio
3257 3677 3334 3733 ait
3360 3697 3397 3734 :.

240 3684 483 3754 superius
511 3700 541 3736 a
568 3681 860 3736 Theodosio
897 3683 1127 3749 Augusto
1164 3681 1458 3750 postularit.
1743 3681 1748 3682 “
1948 3691 2304 3734 memoratam
2338 3681 2524 3752 Cyrilli
2555 3681 2838 3749 epistolam
2877 3681 2944 3734 de
2978 3681 3229 3744 Anatolio
3257 3681 3334 3733 ait
3360 3681 3542 3745 :_._Nan

311 3756 340 3792 ά
369 3755 458 3810 Sic
483 3769 672 3808 omnes
713 3753 880 3808 nosui
912 3753 1247 3806 diversarum
1277 3751 1662 3807 collectionum
1694 3753 1844 3808 codi-
1946 3763 2249 3823 aspernetur
2293 3755 2448 3806 etiam
2489 3769 2653 3806 meam
2691 3751 2959 3817 epistolam
2985 3767 3262 3814 recensere.
3287 3747 3543 3823 Subscri-

241 3841 334 3883 ces
364 3843 486 3881 cum
515 3825 779 3880 Sicbardo
809 3834 862 3877 et
897 3823 1143 3888 Mcrlino,
1190 3824 1429 3893 exceptis
1461 3823 1578 3876 Vat.
1609 3824 1761 3894 llisp.
1788 3833 1845 3880 et
1949 3821 2186 3893 ptionem
2219 3823 2434 3893 quidem
2462 3823 2622 3891 hujus
2647 3823 2888 3892 epistolae
2910 3823 3041 3894 alibi.
3059 3823 3264 3890 saepius,
3283 3821 3536 3894 inculcat,

241 3896 398 3963 Isid.,
427 3899 482 3952 in
507 3899 726 3966 quibus,
749 3899 1005 3960 videatur,
1036 3905 1090 3950 et
1115 3894 1414 3948 Vindebon.
1446 3893 1596 3961 Hisp.
1618 3909 1682 3950 ac
1709 3911 1839 3951 mss.
1947 3897 2024 3950 uti
2069 3896 2294 3950 omnino
2343 3896 2726 3966 necessariam.
2769 3895 2917 3964 Ipsos
2969 3893 3275 3966 Gallicanos
3301 3935 3316 3958 ,
3345 3893 3541 3966 quibus

239 3967 396 4024 libris
428 3965 645 4025 collect.
679 3968 744 4022 21
777 3967 868 4038 qui
895 3981 1018 4022 cum
1047 3965 1208 4022 editis
1229 3967 1391 4022 ctiam
1422 3967 1719 4035 Quesnclli,
1759 3968 1840 4022 υἱ·
1947 3981 2050 4021 tina
2079 3982 2201 4021 cum
2229 3966 2341 4021 suis
2370 3966 2436 4022 ad
2467 3965 2779 4021 Flavianum
2812 3966 3010 4038 litteris
3035 3965 3537 4038 Cyrilliiepistolam

239 4043 481 4096 debamr.
797 4035 809 4038 “
1945 4038 2284 4093 inuetescere
2315 4038 2487 4091 voluit
2514 4053 2580 4091 ex
2613 4041 2770 4107 epist.
2801 4037 2890 4098 67.
2935 4035 3104 4092 solam
3154 4035 3444 4102 epistolam
3471 4035 3540 4090 ad

313 4123 340 4149 ο
372 4112 447 4167 Ita
478 4125 601 4166 cum
632 4110 794 4166 editis
829 4108 952 4180 cod.
991 4109 1189 4174 Grim.,
1241 4107 1546 4175 Vindebon,
1580 4109 1754 4176 llisp..
1787 4119 1840 4165 et
1946 4108 2260 4180 Flavianum
2291 4110 2343 4162 in
2375 4109 2583 4180 synodo
2606 4107 2932 4178 suscepisse,
2970 4107 3535 4180 utLeoﬂagitaverat,

240 4196 378 4238 mss.
430 4183 647 4239 collect.
677 4180 750 4236 24
788 4197 850 4236 ac
902 4179 1214 4236 Sichardus.
1279 4181 1507 4246 Ratisp.,
1566 4181 1837 4235 exciverat.
1945 4179 2113 4251 liquet
2141 4197 2206 4235 ex
2233 4177 2508 4249 epist.’99.
2536 4179 2679 4234 Idem
2713 4180 2993 4234 Anatolius
3022 4179 3384 4251 nonnisipost
3412 4177 3538 4233 sub-

243 4253 373 4308 Vat.
411 4255 565 4323 llisp.
598 4263 653 4308 et
693 4254 816 4307 Isid.
849 4251 1048 4323 aliique
1081 4252 1307 4306 aliarum
1337 4253 1716 4323 collectionum
1750 4267 1842 4306 co-
1945 4250 2204 4323 scriptam
2232 4252 2477 4307 eamdem
2506 4251 2793 4314 etdstolam
2825 4265 2968 4323 anno
3009 4250 3255 4323 sequenti
3282 4257 3538 4319 receptus

239 4324 419 4391 dices,
443 4322 791 4386 exstruxerat,
811 4339 931 4379 cum
955 4322 1150 4393 quibus
1172 4325 1515 4378 consentiunt
1538 4332 1647 4378 tres
1665 4322 1843 4379 Thua-
1943 4322 2064 4390 fuit,
2100 4332 2152 4377 ut
2189 4325 2416 4392 probant
2441 4323 2682 4391 epistolae
2714 4323 2803 4389 78,
2833 4322 2900 4377 79
2922 4331 2977 4378 et
3008 4322 3097 4380 80.

239 4373 1644 4466 serietatem};152;.ngsitsai‘.tt""""""
1674 4373 1814 4379 ﬂ"
1943 4373 2414 4466 "'i’vaf'msgi
2439 4373 2504 4450 ei
2513 4373 2677 4450 Ῑέῖἁῗ
2703 4373 2776 4449 se
2789 4373 2950 4449 31's.:
2961 4373 3212 4448 collect.
3259 4390 3325 4446 at
3353 4432 3369 4459 ,
3413 4373 3538 4447 ditio

313 4469 334 4507 ί
387 4468 700 4524 Lectionem
754 4467 892 4522 hanc
923 4468 1274 4532 aQucsnello
1316 4466 1691 4538 inductamex
1734 4481 1836 4523 ms.
1944 4476 2134 4538 genter.
2186 4489 2191 4495 ·
2370 4536 2399 4538 77
2906 4536 2937 4538 77
3332 4533 3342 4538 _
3499 4525 3506 4532 ,

237 4539 560 4597 Grimanico
601 4541 886 4596 confirmat
931 4539 1414 4608 prtestantissimus
1448 4540 1569 4593 cod.
1607 4537 1837 4607 Ratisp.,
1945 4533 1963 4538 ⁷
2016 4535 2043 4576 ιι
2073 4539 2208 4595 Male
2235 4539 2287 4593 in
2320 4536 2480 4592 editis
2507 4550 2628 4592 cum
2657 4552 2789 4591 mss.
2835 4536 3050 4593 collect.
3082 4536 3176 4600 24,
3204 4533 3342 4607 quod
3383 4550 3536 4608 ausus

239 4614 326 4666 cui
386 4613 609 4680 propius
660 4607 943 4665 accedunt
970 4609 1086 4665 eod.
1128 4609 1425 4664 Vindeboo.
1462 4611 1610 4677 llisp.
1657 4619 1710 4664 et
1736 4624 1836 4665 ms.
1943 4619 2042 4665 est.
2094 4610 2495 4665 Correctionem
2527 4623 2555 4661 a
2586 4608 2878 4672 Quesnello
2925 4616 3199 4680 receptam
3227 4622 3307 4680 fex
3351 4607 3537 4680 codice

238 4676 870 4750 collect.24,interquze
892 4690 974 4736 est
1005 4681 1333 4736 Victorinum
1361 4681 1429 4735 ab
1457 4676 1645 4736 eodem
1670 4682 1842 4748 Qucs-
1945 4681 2184 4737 Griman.
2239 4681 2563 4737 conﬁrmant
2621 4689 2806 4734 noster
2854 4676 3065 4750 Baiisp.
3119 4689 3176 4734 et
3223 4676 3532 4738 Vindebou.

238 4757 392 4809 nelio
425 4757 683 4818 citatum;
735 4756 787 4808 in
832 4755 1026 4822 quibus
1074 4754 1330 4814 habetur.
1388 4763 1447 4806 ut
1491 4754 1650 4808 etiam
1698 4755 1837 4817 apud
1867 4757 1920 4822 ἦ
1948 4753 2102 4822 llisp.
2149 4754 2342 4808 Affinis
2373 4763 2456 4807 est
2501 4752 2661 4806 lectio
2693 4751 2813 4805 Vat.
2859 4753 3005 4821 llisp.
3035 4766 3098 4808 ac
3121 4750 3248 4806 Isid.
3283 4764 3401 4822 ,nec
3431 4766 3536 4804 non

239 4794 723 4898 ἶῖέτιῖιῖἱῖιῖιιτιὶἱίιίς
749 4794 1099 4898 globatim"),
1120 4839 1170 4877 m
1204 4794 1526 4898 ordibatione
1547 4825 1711 4898 ipsitts
1736 4794 1836 4878 an:
1865 4794 1920 4855 D
2354 4794 2432 4878 iT
2450 4823 2617 4898 (ξι-ξι,
2645 4823 2697 4877 in
2719 4822 2911 4898 quibus
2934 4794 3162 4890 Iggittir:
3189 4807 3534 4893 Repudiauda

237 4912 297 4949 ra
329 4907 668 4963 prwceuent.
695 4896 908 4965 Reliqui
934 4897 1101 4952 nostri
1136 4911 1261 4948 mss.
1293 4896 1409 4949 libri
1434 4909 1496 4950 ac
1527 4906 1634 4950 tres
1654 4895 1834 4950 Thua-
1940 4897 2060 4963 sibi,
2093 4912 2206 4963 qua:
2229 4914 2358 4951 ausa
2387 4905 2482 4950 est.
2505 4894 2641 4950 Vide
2664 4905 2778 4948 not.
2808 4895 2840 4949 4
2869 4895 3071 4957 Ouesn.

238 4969 326 5024 nei
353 4969 630 5037 Qnesnelli
654 4983 774 5022 cum
804 4963 1012 5022 caeteris
1039 4967 1221 5031 editis,
1242 4967 1294 5020 in
1323 4968 1644 5020 ordinatione
1671 4969 1833 5034 ipsius
2020 4967 2038 5006 1
2069 4968 2224 5024 Varie
2249 4970 2298 5024 in
2323 4982 2454 5022 mss.
2489 4967 2736 5020 habetur.
2763 4965 2820 5020 In
2854 4965 3160 5033 Ratispon.,
3186 4963 3530 5037 abscidet;7in

237 5035 398 5110 plura
427 5040 797 5108 praecesserint.
836 5037 1111 5110 Videant.
1158 5038 1184 5092 1
1222 5038 1462 5107 ejusdem
1490 5038 1790 5106 Quesnelli.
1942 5055 2075 5094 mss.
2104 5041 2317 5095 collect.
2349 5039 2414 5094 2|
2458 5053 2578 5092 cum
2608 5038 2767 5092 editis
2813 5047 2938 5091 ante
2967 5037 3195 5110 Quesn.,
3223 5035 3530 5110 _,obscind7et.

310 5121 337 5158 ε
367 5105 492 5165 Vat.
525 5111 674 5177 llisp.
703 5120 753 5165 ct
785 5109 932 5173 lsid.,
962 5109 1116 5177 Opto.
1251 5105 1263 5107 ⁷
1522 5105 1528 5106 “
1944 5111 2280 5166 Retinuimus
2337 5110 2669 5179 praeteritum
2727 5119 2938 5178 tempus
2964 5123 2994 5162 a
3033 5108 3348 5179 Quesnello
3378 5105 3532 5179 indu-

309 5183 338 5218 δ
372 5182 493 5237 Duo
522 5181 680 5238 codd.
714 5182 1009 5248 Quesnelli,
1045 5195 1180 5252 unus
1218 5179 1427 5235 Thuan.
1463 5190 1514 5237 et
1545 5181 1739 5245 Grim.,
1771 5198 1835 5238 ac
1943 5193 2088 5237 ctum
2109 5198 2172 5238 ex
2205 5182 2317 5237 suis
2340 5177 2532 5249 Vcodd.,
2562 5181 2782 5252 quodin
2803 5177 3044 5252 utrisque
3073 5179 3227 5248 Hisp.
3255 5187 3310 5232 et
3336 5177 3390 5231 in
3409 5177 3531 5232 Vat.

241 5254 473 5309 totidem
494 5254 675 5325 nostri
708 5253 912 5325 Itatisp.
940 5268 1003 5308 ac
1032 5251 1205 5325 Vatic.
1237 5253 1448 5325 collect.
1486 5252 1575 5314 11,
1614 5256 1834 5325 dispoai-
1942 5253 2069 5309 Isid.
2097 5270 2160 5309 ac
2188 5256 2239 5309 in
2269 5254 2376 5308 alio
2403 5251 2624 5325 collect.
2652 5251 2716 5307 II
2751 5251 3070 5325 reperimus.

237 5325 464 5395 tionum.
493 5323 631 5380 Vide
651 5333 760 5380 not.
788 5318 1077 5395 Seiusdem
1103 5324 1304 5392 Quesn.
1331 5324 1450 5378 Mox
1479 5339 1578 5394 pro
1607 5318 1830 5380 Atéxan-
2013 5335 2052 5362 σι
2084 5326 2218 5382 Tres
2240 5326 2396 5380 codd.
2423 5324 2568 5394 Vat.,
2592 5325 2765 5394 Hisp.,
2791 5318 2922 5378 Isid.
2947 5332 2998 5377 et
3017 5321 3166 5395 alius
3185 5319 3408 5395 collect.
3430 5318 3521 5385 II,

237 5394 383 5450 drini
411 5397 640 5468 epismpi
667 5395 786 5451 Vat.
812 5391 964 5467 Hisp.
991 5409 1053 5451 ac
1079 5391 1232 5462 Isid.,
1261 5391 1631 5453 Atexondrinw
1653 5397 1832 5452 Eccle-
1941 5397 2300 5468 Sabundium;
2344 5396 2514 5451 Grim.
2557 5391 2662 5467 pro
2689 5391 2966 5450 Asterium
3015 5392 3180 5448 habet
3227 5391 3528 5456 Etherium;

235 5468 332 5540 site
360 5467 606 5540 episcopi.
718 5539 723 5540 7
864 5539 873 5540 7
1090 5538 1114 5540 _7
1255 5539 1261 5540 7
1319 5539 1326 5540 7
1739 5483 1761 5540 δ
1939 5467 2172 5540 Ratisp.,
2203 5467 2452 5524 Aterium.

315 5537 335 5576 ί
364 5537 442 5593 lia
482 5537 604 5594 cum
634 5539 947 5596 Grimaoico
984 5547 1041 5595 et
1077 5538 1388 5610 Cantabrig.
1422 5540 1698 5605 Quesnelli
1730 5539 1830 5595 ha-
2007 5549 2036 5577 ιι
2063 5539 2270 5607 Ratisp.
2305 5539 2453 5608 cod.,
2484 5540 2646 5605 urbis,
2673 5538 2732 5601 in
2763 5551 2924 5609 quam
2954 5551 3142 5593 vocem
3172 5551 3206 5590 u
3232 5550 3330 5607 pro
3357 5551 3385 5588 ο
3411 5548 3531 5603 per-

238 5607 373 5684 bent
399 5611 564 5684 etiam
591 5612 941 5684 nostri_7mss.
984 5611 1104 5684 libri
1133 5607 1611 5684 Ratisp.',7utrique
1649 5612 1829 5684 llisp.,
1941 5627 2125 5684 peram
2157 5607 2444 5684 irrepsisse
2479 5611 2714 5684 videtur.

236 5678 392 5754 Χίας..
424 5681 573 5746 Isid.,
603 5683 741 5737 alius
769 5682 890 5738 Vat.
920 5683 1132 5738 collect.
1171 5681 1230 5737 Il
1263 5677 1318 5738 et
1356 5682 1463 5738 duo
1490 5677 1703 5738 collect.
1736 5677 1828 5739 2'1.
1942 5677 1958 5684 ⁷
2014 5692 2039 5721 ο
2071 5677 2284 5754 Vulgati
2314 5683 2440 5740 ante
2469 5683 2671 5752 Qde'sn.
2706 5695 2830 5737 cum
2861 5694 2994 5737 mss.
3025 5679 3240 5736 collect.
3268 5677 3340 5734 24
3363 5685 3417 5734 ct
3445 5677 3530 5733 Si-

235 5749 453 5826 !ulgati
483 5755 822 5826 antiquiores
850 5770 973 5810 cum
1003 5755 1286 5820 Sichardo,
1322 5764 1368 5809 et
1410 5755 1636 5826 epistola:
1679 5771 1827 5811 mere.
1934 5749 2480 5822 chardofcontentio.

237 5822 638 5898 ﬂic'optioneni
669 5826 920 5883 Anatolio
944 5826 1122 5881 datam
1170 5835 1321 5896 putat
1351 5822 1675 5894 Quesnellus
1714 5835 1829 5882 not.
2007 5838 2034 5877 ιι
2056 5827 2289 5898 Ratisp.,
2323 5830 2605 5891 unitatem;
2632 5832 2687 5898 et
2709 5837 2857 5891 mox,
2887 5825 3283 5898 discreparetur.

238 5896 297 5972 ὅ,
333 5889 500 5954 ιη’νει
529 5899 714 5972 Cyrilli
757 5899 999 5968 epistolae
1028 5898 1112 5953 vel
1138 5889 1248 5953 sum
1279 5889 1611 5972 ειώὲςιήὺεις
1641 5915 1702 5953 ac
1745 5899 1826 5953 id-
2005 5909 2032 5949 (ί
2063 5889 2438 5968 Εὸἰίῖῥιιθειι.
2472 5889 2773 5957 anteriores
2815 5889 2937 5956 cum
2983 5889 3117 5954 mss.
3165 5897 3380 5954 collect.
3432 5889 3526 5960 '2‘.

241 5968 394 6025 circo
421 5968 815 6036 praeferendum
845 5972 1049 6040 putavit
1073 5972 1152 6026 vel
1179 5985 1278 6041 pro
1307 5980 1374 6028 et.
1410 5970 1515 6028 Sed
1545 5972 1622 6028 ret
1649 5985 1748 6044 pro
1778 5981 1820 6027 et
1946 5981 2218 6028 annuente.
