4014 6358
242 313 342 375 897
888 340 891 341 ν
1085 348 1091 365 ;
1160 336 1163 339 ’
1314 348 1321 351 -
1592 312 1925 373 EPISTOLA
1963 310 2169 371 LXXII.
3418 310 3520 376 898

243 433 695 508 patrocinabatur.
742 432 980 508 Epistola
1013 445 1143 489 vero
1186 445 1329 487 nunc
1355 431 1690 508 subjicienda
1721 432 1920 508 scripta
1946 431 2066 508 iuit,
2088 444 2231 508 _cuin
2259 427 2437 508 aliqua
2464 427 2693 482 humana
2726 427 2866 508 ratio
2893 441 2987 508 seu
3012 436 3188 508 metus
3219 429 3418 508 aliquis
3452 434 3521 487 ab

242 499 425 577 aperta
452 506 701 561 veritatis
740 499 1055 562 defensione
1087 514 1297 574 poterat
1320 499 1577 577 cohibere
1608 521 1620 558 :
1651 504 1796 560 unde
1819 499 2064 577 pontil'ex_
2087 502 2544 577 Fatis_to_aitiintini_
2564 516 2783 577 acuens,
2805 499 3335 577 _E:chortor,__inquitj,
3372 513 3513 577 tuam

240 571 625 643 bEatitudinem,
664 587 720 631 ut
744 594 846 632 non
876 571 1209 648 confundaris
1241 578 1305 631 de
1350 575 1629 648 Evangelia
1657 571 1996 648 generationis
2020 574 2234 648 Domini
2264 571 2390 648 Jesu
2423 572 2647 648 Christi;
2678 572 2818 648 quod
2848 574 3026 648 vivunt
3058 574 3232 628 adhuc
3262 574 3516 648 Theodo-

240 653 375 708 sium
406 652 710 721 prmsumit.
759 650 891 704 llinc
914 644 1046 721 ante
1102 649 1395 703 Theodosii
1450 644 1701 715 mortem,
1748 644 2079 721 qumincidit
2101 655 2331 721 ereunte
2357 645 2498 721 Julio
2521 644 2803 721 _anni_450_,
2834 646 3139 721 velsaltem
3170 656 3297 702 ante
3328 647 3518 721 mortis

240 723 354 791 eius
385 716 656 786 notitiam,
680 738 799 793 qua:
819 721 886 776 ad
906 720 1145 777 Leonem
1171 721 1425 790 pervenit
1443 729 1729 791 antequam
1752 716 2015 775 Scriberet
2035 733 2088 771 vi
2112 717 2231 771 idus
2246 716 2566 771 Novembris
2592 717 2874 786 epistolam
2901 717 2991 783 75,
3015 727 3302 788 sequentes
3328 719 3522 776 littera:

240 795 379 851 data:
405 794 678 849 videntur.

305 866 361 920 ‘2.
392 865 451 920 In
483 866 804 920 collectione
851 864 1299 931 Chalcedonensi,
1355 879 1424 919 ex
1452 878 1554 933 qua
1588 878 1690 918 una
1740 862 1878 917 hanc
1912 861 2200 933 epistolam
2230 859 2512 933 habemus,
2546 859 3015 933 describiturcap.
3053 861 3086 916 6
3128 871 3249 931 post
3279 863 3523 921 Flaviani

240 938 523 1007 epismlam
551 939 689 991 inter
711 935 981 991 Leoninas
1007 935 1098 1001 2'2,
1131 947 1186 991 et
1207 946 1331 992 ante
1361 930 1519 1004 epist.
1541 933 1633 996 28,
1665 935 1843 1007 datam
1877 933 2055 988 idibus
2080 932 2224 988 Junii
2256 948 2344 985 an.
2372 930 2502 995 H9,
2533 947 2598 987 ex
2622 946 2731 1002 quo
2755 933 2853 1007 su_l_i
2890 930 2989 987 hoc
3016 930 3225 1001 tempus
3248 935 3523 991 lticubrata

242 1003 409 1063 videri
453 1016 650 1078 potest.
681 1007 815 1062 Cum
855 1022 988 1063 vero
1023 1003 1483 1063 Chalcedonensis
1503 1006 1839 1060 collectionis
1881 1013 2073 1078 auctor
2115 1016 2360 1078 esactum
2396 1014 2699 1078 temporum
2728 1003 2973 1078 ordinem
3004 1019 3110 1059 non
3140 1020 3524 1078 usquequaque

243 1074 566 1145 servaverit,
598 1088 657 1134 ut
686 1095 753 1135 ex
783 1079 907 1133 aliis
935 1079 1276 1134 documentis
1319 1080 1504 1147 liquet.
1540 1078 1689 1131 locus
1728 1078 1851 1131 huic
1880 1077 2123 1144 epistolae
2152 1074 2203 1129 in
2234 1090 2293 1129 ea
2325 1075 2644 1147 collectione
2675 1074 2926 1147 tributus.
2960 1090 3155 1143 cogere
3181 1074 3283 1129 non
3317 1074 3477 1133 debet
3512 1097 3521 1131 :

242 1166 361 1206 cum
394 1153 694 1221 praesertim
728 1152 897 1217 prima
935 1151 1179 1220 epistolae
1208 1146 1391 1214 verba,
1420 1147 1633 1203 Gratum
1662 1164 1868 1221 semper
1888 1157 1961 1202 est
1990 1148 2115 1200 mihi
2144 1146 2506 1221 titaniatloqni
2545 1146 2862 1221 cliriritatein,
2897 1146 3130 1202 indicent
3156 1147 3525 1221 jauidiuintcr

242 1218 478 1279 Leonem
506 1233 559 1277 et
580 1223 835 1277 Faustum
859 1218 1228 1277 intercessisse
1258 1222 1555 1276 litterarum
1582 1219 1988 1285 commercium,
2022 1218 2163 1289 quod
2188 1219 2254 1272 ali
2283 1218 2431 1271 initio
2459 1218 2805 1288 Etitycliiaitm
2835 1232 3011 1271 cause
3042 1233 3270 1284 cmptsse
3290 1220 3524 1273 videtur.

241 1294 386 1351 Inter
434 1295 691 1361 epistolas
731 1308 850 1361 quae
880 1294 944 1347 ad
989 1309 1085 1347 nos
1116 1308 1433 1363 pervenere,
1476 1296 1645 1360 prima
1686 1292 1751 1346 ad
1783 1290 2035 1344 Faustum
2082 1304 2134 1344 et
2176 1302 2401 1363 ceteros
2428 1289 2876 1343 archimandritas
2905 1300 2985 1363 est
3009 1292 3243 1363 cpistola
3272 1291 3366 1363 ὅδὲ,
3399 1291 3524 1363 data

241 1368 419 1421 idibus
446 1360 589 1421 Junii
622 1382 711 1419 an.
748 1364 872 1420 449.
910 1366 1038 1419 Dein
1071 1360 1173 1418 alia
1206 1365 1270 1419 ad
1302 1364 1544 1429 eosdem,
1570 1365 1773 1418 scilicet
1799 1362 1955 1430 epist.
1982 1362 2070 1423 51,
2099 1377 2163 1414 ex
2193 1360 2429 1415 Humana
2462 1366 2667 1431 synodo
2698 1372 2892 1425 scripta
2928 1360 3104 1414 idibus
3131 1360 3379 1415 Octobris
3398 1362 3524 1416 anni

240 1438 481 1507 ejusdem
505 1454 521 1504 ;
554 1450 607 1492 et
635 1438 750 1491 hzec
777 1446 859 1490 est
880 1437 1055 1505 prima
1084 1446 1204 1505 post
1227 1437 1561 1491 latrocinium
1595 1434 1948 1507 Epliesitium,
1971 1435 2184 1507 quando
2212 1432 2517 1507 Theodosio
2545 1443 2913 1501 patrocniuiitc
2949 1432 3407 1507 Entyclitauorutii
3440 1438 3519 1487 vis

239 1503 286 1563 ei
316 1510 635 1579 impotentia
682 1503 931 1561 innotuit.
974 1503 1101 1562 Post
1138 1509 1274 1563 hanc
1317 1508 1560 1577 sequitur
1590 1506 1818 1576 epistola
1845 1507 1935 1569 6|,
1964 1505 2028 1557 ad
2066 1504 2316 1579 Fattsutiii
2346 1513 2401 1559 ct
2435 1503 2743 1565 Matinium,
2776 1514 2989 1579 exarata
3008 1504 3100 1579 tlte
3134 1506 3195 1558 t7
3227 1504 3397 1557 Martii
3420 1519 3522 1579 an.

239 1579 362 1634 450.
398 1576 533 1635 Cum
563 1580 615 1635 in
646 1579 743 1633 hac
767 1579 876 1634 Leo
904 1590 1169 1634 memoret
1200 1576 1618 1634 eortim’litteras
1649 1579 1714 1631 ad
1754 1594 1813 1630 se
1846 1578 2189 1630 transmissos
2218 1576 2406 1629 eodem
2442 1586 2683 1643 tempore
2714 1590 2820 1643 quo
2847 1576 2960 1642 ipse
2987 1576 3209 1629 tlcilcrat
3239 1577 3523 1645 epistolam

239 1653 323 1712 5|.
348 1654 426 1705 itii
458 1652 1140 1706 ariiiiiadvertttiiusannot.
1168 1652 1239 1706 48
1258 1651 1396 1720 (Col.
1415 1651 1541 1713 871,
1564 1651 1695 1718 n.m)
1721 1650 1770 1701 iii
1793 1650 1951 1716 epist.
1978 1647 2068 1711 59,
2090 1653 2425 1720 explouitiiiii
2453 1651 2662 1720 vitietur
2691 1646 2784 1698 has
2814 1645 2993 1700 Fausti
3018 1657 3071 1701 et
3090 1647 3298 1701 Martini
3320 1650 3525 1703 litteras

239 1733 366 1778 tunc
390 1734 671 1791 acceptas,
708 1722 871 1778 fuisse
902 1723 1101 1791 primas
1132 1718 1632 1792 post‘lntrociniuin
1665 1721 2017 1790 Epliesinniii,
2053 1729 2103 1772 et
2149 1719 2431 1788 Oplsltildlll
2464 1718 2523 1772 Gl
2565 1718 2730 1792 fuisse
2764 1733 2988 1792 primani
3022 1721 3327 1788 epistolam,
3362 1735 3522 1792 quam

239 1795 300 1848 ad
331 1790 552 1851 eosdem
603 1794 746 1847 misit
776 1790 1211 1861 post’epistOIain
1245 1794 1335 1860 51,
1368 1808 1429 1847 ac
1478 1801 1757 1858 propterea
1792 1800 2038 1845 metuens
2070 1806 2136 1845 ne
2168 1792 2281 1844 haec
2311 1792 2534 1857 epistola
2569 1791 2627 1843 fil
2670 1791 2731 1841 ad
2765 1804 2858 1842 eos
2893 1790 3029 1843 i0ite
3061 1794 3384 1857 pervenerit,
3419 1790 3521 1844 Itac

240 1867 405 1935 prima
432 1868 715 1921 occasione
741 1866 858 1934 ejus
902 1865 1214 1931 exemplum
1249 1865 1350 1930 ipsi
1377 1864 1621 1933 epistola:
1666 1865 1724 1918 (ii
1762 1863 1978 1930 adjecit.
2029 1862 2162 1935 lltiic
2189 1877 2421 1929 sequens
2455 1861 2938 1935 cpistolajnpqna
2976 1862 3097 1935 aliis
3129 1861 3304 1916 Fausti
3342 1872 3525 1935 pqste-

240 1931 477 1992 rioribus
503 1938 695 1992 litteris
734 1931 827 2004 per
853 1936 1197 1990 Parthenium
1224 1931 1446 1991 directis
1480 1935 1537 1990 S.
1573 1935 1807 2001 pontifex
1836 1933 2146 2001 resiiondct,
2179 1947 2304 1987 ante
2332 1933 2614 2001 tTpISUiiJIII
2648 1933 2708 1987 Gl
2755 1932 3065 1985 collocanda
3104 1947 3206 1986 non
3239 1935 3355 1987 luit.
3387 1931 3525 1987 Cum

239 2023 399 2077 porro
442 2026 513 2066 ex
546 2010 703 2063 dictis
733 2010 945 2063 vivente
972 2008 1280 2062 Theodosio
1327 2008 1408 2061 vel
1441 2018 1563 2061 ante
1592 2007 1835 2060 nontiain
1888 2007 2075 2077 mortis
2123 2006 2366 2073 ejusdem
2421 2004 2611 2057 tradita
2672 2004 2835 2077 luerit
2858 2043 2872 2066 ,
2907 2015 3087 2077 certus
3118 2015 3293 2077 autem
3323 2005 3440 2059 dies
3465 2020 3529 2058 ac

241 2075 443 2136 mensis
481 2082 813 2146 ignorentur,
861 2080 912 2133 in
946 2079 1051 2135 line
1100 2081 1399 2134 litterarum
1442 2094 1565 2150 quae
1615 2078 1735 2131 vivo
1765 2076 2071 2150 Theodosio
2103 2078 2241 2130 datu:
2275 2076 2504 2150 luerunt
2534 2090 2651 2150 eam
2697 2075 3103 2142 collocaviiitus,
3156 2075 3228 2129 ita
3262 2085 3440 2132 tamen
3472 2084 3532 2130 ut

240 2150 507 2207 altlrtiiare
534 2153 709 2206 solum
736 2153 1000 2214 possimus
1023 2166 1139 2205 eam
1165 2165 1440 2206 exaratam
1463 2147 1616 2204 inter
1646 2150 1891 2203 Martium
1924 2160 1972 2202 ct
2002 2148 2357 2201 Novetnlircin
2382 2147 2505 2198 anni
2539 2147 2666 2201 4:30.

302 2223 359 2278 5.
403 2224 678 2294 Originale
721 2222 967 2277 Latinum
1017 2221 1174 2292 hujus
1223 2222 1467 2291 epistolae
1500 2220 1796 2294 desiderari
1843 2221 2115 2294 credimus
2149 2234 2161 2271 τ
2192 2217 2412 2294 Latinus
2454 2220 2597 2294 enim
2630 2225 2828 2281 textus,
2861 2232 3023 2294 quem
3053 2232 3119 2273 ex
3148 2233 3279 2274 mss.
3325 2218 3533 2294 Latinis

239 2288 579 2349 collectionis
620 2288 1101 2349 Chalcedonensis
1126 2288 1410 2356 habemus,
1439 2294 1618 2346 versio
1666 2292 1875 2346 videtur
1905 2307 1967 2346 ex
2022 2288 2465 2359 interpretatione
2495 2290 2682 2344 Graeca
2724 2306 2735 2341 :
2767 2289 2909 2343 unde
2930 2331 2944 2352 ,
2977 2299 3173 2359 praeter
3212 2291 3469 2346 nonnulla
3504 2307 3534 2351 a

240 2364 436 2421 Leonis
464 2368 606 2437 stylo
642 2366 839 2428 aliena,
874 2376 996 2420 nota
1036 2366 1294 2420 chronica
1322 2366 1496 2432 abest,
1528 2365 1601 2418 uti
1640 2363 1794 2437 deest
1839 2364 1890 2416 iu
1919 2362 2442 2437 oninibns_epistolis
2481 2362 2723 2437 ejusdem
2755 2360 3108 2437 collectionis,
3134 2376 3256 2437 quae
3285 2377 3316 2418 e
3345 2361 3536 2420 Graeco

242 2438 469 2494 reddita:
489 2431 726 2495 fuerunt.
758 2437 896 2494 llinc
918 2439 1152 2508 primum
1176 2439 1358 2493 locum
1382 2436 1665 2492 tribuimus
1694 2434 2131 2504 interpretationi
2165 2433 2389 2501 Graecae,
2419 2447 2539 2503 qua:
2564 2431 2840 2503 originalis
2867 2432 3037 2489 vicem
3064 2431 3299 2505 supplet.

1556 2551 1897 2609 EPISTULA
1928 2560 1952 2589 °
1985 2552 2195 2607 LXXII.

1505 2664 1573 2703 AD
1602 2662 1843 2703 FAUSTL’M
1876 2660 2272 2701 PRESBYTERUM.

950 2756 1221 2801 bvuorsrs.
1269 2774 1339 2785 -—
1377 2742 1567 2797 Fidem
1611 2746 1724 2816 ejus
1775 2743 1990 2807 laudat;
2029 2743 2097 2795 ad
2127 2741 2523 2796 sollicitudinem
2563 2728 2817 2798 hortatur.

245 2834 458 2908 1016
494 2833 860 2890 Dilectissimo
899 2832 927 2873 ι)
959 2834 1161 2890 Fausto
1208 2834 1524 2906 presbytero
1552 2833 1666 2890 Leo
1710 2834 1828 2905 epi-

1948 2834 2157 2905 1015
2194 2842 2275 2907 Τῷ
2318 2836 2571 2908 ἀγαπητῷ
2610 2836 2706 2909 υίῶ
2750 2835 2966 2906 Φαύστῳ
3014 2834 3352 2909 πρεσϐυτέρῳ
3398 2838 3538 2893 Δίων

929 2921 1147 2976 scepus.

303 3020 533 3079 Gratum
558 3036 772 3090 semper
799 3030 882 3077 est
914 3020 1047 3075 mihi
1077 3032 1220 3075 tuam
1260 3020 1457 3093 alloqui
1486 3021 1833 3091 charitatem,

238 3129 288 3176 et
328 3118 583 3174 affectum
630 3118 973 3173 salutationis
1018 3117 1306 3173 exsolvere
1353 3116 1653 3187 :quoniam
1707 3127 1730 3154 ο
1780 3126 1836 3171 et

237 3212 349 3268 scio
377 3221 429 3267 te
473 3211 808 3281 probabilem
837 3219 893 3265 et
922 3209 1308 3265 sincerissima:
1355 3210 1481 3265 ﬁdei
1512 3225 1633 3265 esse
1654 3218 1837 3265 custo-

237 3304 381 3373 deni,
415 3311 473 3360 et
497 3305 588 3374 qui
616 3320 721 3359 non
750 3304 1172 3359 circumducitur
1185 3304 1330 3358 omni
1354 3312 1516 3357 vento
1546 3304 1832 3369 doctrinae,

238 3397 332 3451 sed
365 3396 418 3451 in
452 3395 808 3451 fundamento
842 3395 1223 3466 pr0pbetarum
1247 3404 1302 3450 et
1323 3395 1716 3467 apostolorum,
1743 3395 1835 3466 qui

236 3487 485 3545 Christus
516 3499 622 3554 est,
656 3487 813 3544 firme
841 3489 1141 3545 consistere
1172 3506 1185 3544 :
1221 3498 1279 3543 ut
1298 3504 1420 3543 cum
1452 3491 1661 3544 venerit
1694 3489 1834 3544 titius

237 3580 475 3636 hominis
524 3582 577 3635 in
627 3580 923 3637 Divinitate
972 3596 1067 3636 sua
1112 3581 1178 3635 ad
1243 3581 1622 3651 purgationem
1669 3582 1835 3640 totius

236 3676 454 3742 mundi,
486 3671 513 3711 ἀ
552 3673 607 3730 in
635 3677 901 3730 electione
930 3674 1218 3743 reperiaris
1249 3673 1577 3729 frumentum
1607 3675 1830 3730 aeterni-

238 3768 381 3831 tatis,
412 3766 505 3835 qui
528 3765 722 3836 digtitis
747 3767 1098 3821 tliesaurizari
1130 3767 1306 3836 possis
1352 3767 1403 3821 in
1436 3767 1667 3822 horreis.
1697 3766 1834 3823 Sus-

236 3861 407 3928 ceptis
460 3858 639 3929 itaque
680 3860 872 3915 litteris
908 3875 1001 3929 per
1028 3860 1195 3913 lilium
1227 3874 1411 3915 meum
1446 3860 1793 3915 Parthenium
1818 3900 1836 3928 ,

237 3954 570 4023 reciprocam
616 3952 995 4009 salutationem
1036 3954 1327 4010 exsolvens
1356 3995 1370 4018 ,
1399 3955 1664 4009 exhortor
1690 3964 1836 4010 tuam

239 4052 263 4080 ⁸
283 4044 708 4111 beatitudinem,
754 4045 826 4099 [ili
856 4046 1179 4101 charissime
1204 4088 1219 4113 ,
1265 4059 1323 4101 ut
1352 4062 1461 4101 non
1486 4047 1836 4104 conlundaris

235 4135 300 4191 de
348 4135 646 4207 Evangelio
700 4138 913 4210 1018
960 4139 1326 4209 generationis
1370 4140 1581 4195 Domini
1637 4138 1655 4177 ί
1704 4141 1835 4196 Jesu

2598 2908 2891 2967 ἐπίσκοπος.

2016 3021 2406 3095 Κεχαρισμένον
2431 3020 2571 3075 ἐστὶν
2590 3021 2669 3073 ἀεὶ
2690 3021 2802 3089 ἐμοὶ
2832 3020 2890 3074 τὸ
2916 3024 3004 3078 τήν
3026 3024 3120 3077 σήν
3146 3020 3348 3090 ἀγάπην
3374 3039 3538 3094 προσ-

1941 3112 2257 3185 φθέγγεσθαι,
2290 3115 2372 3168 καί
2415 3115 2547 3184 πρὸς
2587 3118 2676 3170 τὴν
2715 3117 3069 3188 προσηγορίαν
3097 3115 3164 3169 τὰ
3193 3110 3381 3171 ἥδιστα
3402 3111 3537 3184 ἔχω.

1938 3210 2074 3262 Ἐπεὶ
2101 3206 2153 3261 δέ
2202 3208 2287 3261 οὐκ
2319 3208 2484 3277 ἀγνοῶ
2530 3204 2957 3277 δεδοκιμασμένον
3005 3228 3063 3262 σε
3097 3208 3113 3236 ¹
3139 3215 3232 3267 τῆς
3258 3207 3409 3281 ἁγίας
3446 3212 3538 3263 πί·

1941 3320 2107 3361 στεως
2136 3296 2257 3353 εἶναι
2290 3300 2504 3371 φύ).ακοι,
2536 3304 2604 3369 μή
2630 3300 3017 3377 περιφερόμενον
3046 3303 3203 3354 παντί
3242 3301 3409 3373 ἀνέμῳ
3447 3308 3540 3361 τῆς

1942 3391 2294 3453 διδασκα).ίας,
2317 3392 2484 3447 ἀλλ’ἐν
2514 3399 2587 3464 τῷ
2616 3392 2823 3462 θεμελίῳ
2853 3400 2953 3447 τῶν
2992 3400 3260 3468 προφητῶν
3291 3396 3378 3448 καί
3407 3395 3541 3449 ἁπο-

1940 3486 2158 3548 στόλων,
2192 3484 2246 3545 ὃς
2272 3486 2385 3541 ἐστι
2422 3486 2660 3557 Χριστός,
2686 3484 2895 3554 βέϐαιον
2921 3483 3191 3556 διαμένειν.
3228 3482 3345 3540 Ἵνα
3385 3483 3540 3540 ὁπότε

1942 3581 2059 3652 ἔλθῃ
2087 3580 2113 3635 ό
2153 3580 2262 3641 υίὸς
2289 3587 2380 3636 τοῦ
2410 3581 2675 3655 ἀνθρώπου
2715 3578 2766 3634 ἓν
2798 3580 2999 3639 Θεότητι
3034 3581 3193 3635 αὐτοῦ
3221 3581 3351 3656 πρός
3381 3580 3540 3635 καθαο

1941 3674 2124 3750 ρισμὸν
2167 3676 2355 3735 παντὸς
2399 3681 2490 3729 τοῦ
2531 3674 2759 3745 κόσμου,
2808 3676 2856 3728 ἐν
2897 3675 3101 3750 ἐπιλογῇ
3145 3675 3397 3750 εὑρεθείης
3449 3680 3539 3729 τοῦ

1943 3771 2088 3825 σίτου
2136 3778 2227 3830 τῆς
2270 3768 2554 3830 ἀιδιότητος
2594 3778 2706 3832 τοῖς
2754 3768 2909 3845 ὁρίοις
2945 3770 3346 3844 θησαυρίζεσθαι
3375 3765 3537 3832 ἄξιος.

1938 3860 2301 3917 Ἀποδοθέντων
2325 3870 2593 3938 τοιγαροῦν
2616 3871 2717 3917 τῶν
2740 3863 3057 3938 γραμμάτων
3084 3861 3169 3917 διὰ
3196 3868 3287 3916 τοῦ
3307 3862 3422 3916 υίοῦ
3448 3867 3539 3916 τοῦ

1942 3956 2068 4026 ἐμοῦ
2115 3956 2407 4030 Παρθενίου,
2456 3960 2548 4014 τήν
2593 3954 2768 4027 ὁμοίαν
2814 3956 3157 4032 προσηγορίαν
3192 3955 3540 4029 πληρῶ,προ-

1941 4050 2249 4120 τρεπόμενος
2284 4056 2373 4108 τὴν
2417 4054 2511 4107 σήν
2555 4049 2874 4111 τελειότητα,
2927 4049 3001 4102 υίέ
3042 4049 3313 4119 ἀγαπητέ,
3339 4047 3426 4100 ἵνα
3467 4052 3539 4115 μὴ

1942 4140 2297 4211 ἐπαισχυνθῇς
2342 4139 2398 4194 τό
2703 4138 2992 4210 εὐαγγέλιον
3032 4147 3123 4197 τῆς
3161 4138 3405 4211 γενέσεως
3449 4142 3538 4192 τοῦ

235 4228 437 4285 Christi
464 4229 559 4286 lilii
593 4230 782 4293 David,
820 4233 911 4286 lilii
934 4232 1207 4287 Abraham
1237 4233 1533 4288 secundum
1565 4248 1782 4289 carnem
1820 4253 1832 4289 :

1948 4229 2195 4286 δεσπότου
2242 4237 2492 4305 Χριστοῦ,
2516 4237 2609 4286 τοῦ
2652 4231 2765 4284 υἱοῦ
2811 4228 2989 4296 Δαυίδ,
3018 4229 3129 4283 υίοῦ
3152 4228 3380 4302 ’Δϐραὰμ
3414 4230 3548 4285 κατᾶ

235 4325 491 4392 quoniam
518 4326 632 4378 hinc
663 4324 796 4378 lides
824 4324 991 4380 vincit
1021 4326 1303 4393 mundum,
1331 4328 1547 4397 quando
1576 4329 1696 4397 quis
1717 4342 1837 4383 cre-

234 4414 310 4469 dit
341 4417 472 4486 quia
510 4415 759 4472 Christus
804 4417 961 4473 Jesus
999 4429 1083 4475 est
1112 4420 1279 4474 Filius
1311 4420 1428 4474 Dei.
1473 4420 1533 4476 Si
1560 4436 1679 4490 quae
1707 4435 1837 4476 vero

236 4505 363 4562 ﬁdei
395 4511 728 4579 quaestiones
768 4510 1146 4575 inveniuntur,
1179 4512 1536 4568 admonemus
1567 4524 1623 4567 ut
1653 4513 1720 4568 de
1750 4513 1835 4569 liis

235 4616 357 4669 quae
387 4602 455 4656 ad
482 4617 829 4657 communem
861 4604 1145 4660 utilitatem
1180 4608 1449 4674 pertinent
1480 4607 1639 4662 latius
1678 4607 1833 4663 nobis

236 4695 470 4763 scribas,
496 4695 729 4752 libenter
754 4704 781 4744 κ
811 4697 1230 4767 suscipientibus
1260 4701 1352 4770 qui
1376 4699 1480 4755 ista
1509 4700 1829 4757 detulerint.

308 4866 348 4930 ιν
371 4856 517 4911 Alias
557 4857 656 4930 57.7
687 4858 820 4926 Quae
849 4866 1027 4914 autem
1072 4870 1229 4914 antea
1278 4860 1348 4915 72
1386 4869 1521 4930 erat,
1570 4877 1712 4918 nunc
1740 4862 1831 4919 95.

233 4926 448 4996 Scripta
473 4930 614 4984 inter
645 4929 799 4985 Mart.
831 4940 887 4985 et
911 4930 1045 4985 Nov.
1081 4949 1166 4988 an.
1195 4930 1321 4986 450.

303 4999 332 5037 b
367 5000 689 5068 Quesnelltis
731 5016 852 5075 cum
884 5004 1183 5058 editoribus
1216 5004 1471 5057 Romanis
1514 5004 1666 5059 addit
1694 5006 1829 5075 ﬁlio,

233 5087 357 5141 quae
396 5082 571 5126 tamen
604 5087 704 5127 vox
748 5073 799 5126 iii
832 5076 1193 5128 anterioribus
1236 5075 1430 5129 Leonis
1463 5073 1827 5140 edittOnibiis,

233 5144 286 5267 illi
320 5143 509 5267 Graeca
549 5145 800 5200 versione
840 5155 897 5200 et
933 5146 985 5199 in
1016 5146 1266 5201 omnibus
1304 5146 1508 5201 Latinis
1555 5148 1832 5204 codicibus

272 5227 367 5267 ees
398 5254 412 5267 .

272 5221 412 5268 eest.

309 5296 333 5323 ε
371 5286 647 5362 Editiones
691 5286 1085 5362 Leonis._Scio
1109 5298 1156 5343 te
1200 5298 1247 5344 et
1270 5289 1614 5362 probabilem.
1650 5289 1835 5346 Secuti

234 5372 425 5411 sumus
445 5358 732 5412 lectionem
755 5358 888 5415 edit.
906 5357 1137 5427 Concil.,
1162 5357 1283 5416 cuni
1308 5363 1379 5416 sit
1404 5364 1568 5416 etiam
1593 5363 1835 5417 omnium

234 5430 483 5483 codicum
518 5431 698 5485 lectio.

311 5498 339 5572 si
377 5500 470 5555 llic
507 5502 660 5555 locus
698 5515 869 5571 usque
895 5502 961 5557 ad
993 5503 1151 5557 linem
1195 5504 1401 5572 periodi
1430 5519 1536 5559 non
1568 5504 1829 5571 Leonem,

234 5571 334 5625 sed
369 5572 712 5642 interpretem
747 5573 951 5644 prodit,
990 5577 1081 5644 qui
1114 5571 1213 5629 nec
1242 5577 1373 5630 satis
1414 5577 1552 5632 bene
1583 5576 1830 5631 Grmctim

236 5649 447 5716 textum
476 5644 731 5698 reddidit.
764 5643 897 5699 Nam
928 5648 1104 5716 aptius
1132 5662 1198 5701 ex
1227 5647 1415 5703 Graeco
1441 5666 1453 5702 :
1480 5647 1549 5715 In
1590 5650 1831 5703 electione

234 5714 514 5790 repetieris
552 5717 798 5770 frumenti
830 5694 1150 5785 ieiunitatis,
1181 5694 1608 5790 dign-iisrecondi
1630 5722 1682 5773 in
1709 5694 1833 5775 hei:
1857 5694 1904 5760 (ἶ

267 5798 367 5839 ιιι.

267 5798 367 5839 eis.

233 5795 267 5842 τ
321 5862 351 5897 ο
383 5854 469 5915 Sic
498 5860 933 5921 omnescodices
962 5869 1017 5919 et
1044 5861 1312 5921 editiones
1343 5872 1466 5920 ante
1510 5865 1827 5940 Romanam,

1940 4329 2127 4402 σάρκα’
2156 4325 2330 4385 ἐπειδὴ
2371 4326 2503 4384 αῦτη
2541 4328 2571 4384 ἡ
2615 4328 2787 4386 πίστις
2828 4327 3021 4382 ἐνίκησε
3048 4324 3133 4380 τὸν
3161 4324 3366 4391 κόσμον,
3396 4320 3539 4384 εἴτις

1940 4424 2192 4485 πιστεύει,
2220 4419 2299 4476 ὄτι
2324 4428 2519 4480 Ἰησοῦς
2560 4422 2699 4473 ἐστιν
2728 4419 2753 4473 ό
2791 4420 2907 4478 Υἱός
2945 4425 3036 4473 τοῦ
3067 4423 3212 4473 Θεοῦ.
3245 4418 3301 4470 ΕΞ
3330 4415 3382 4471 δέ
3409 4433 3537 4477 τινες

1941 4524 2032 4575 τῆς
2056 4517 2283 4575 πίστεως
2312 4514 2651 4588 παρευρέσεις
2688 4513 3025 4588 εὑρίσκοιντο,
3063 4511 3539 4581 όπομιμνήσκομεν,

1937 4610 2021 4663 ἵνα
2048 4610 2245 4682 γράφῃς
2282 4611 2399 4678 ἡμῖν
2426 4607 2762 4683 πλατύτερον,
2805 4603 2965 4667 ἡδέως
2993 4603 3213 4676 ἔχοντες
3254 4604 3383 4680 πρὸς
3420 4604 3542 4664 τοὺς

1941 4704 1960 4732 ²
1991 4704 2187 4762 ταύτας
2214 4700 2618 4770 διακομίζοντας.

1940 4861 1993 4915 in
2025 4878 2128 4931 qna
2159 4877 2225 4916 ex
2250 4861 2462 4927 Graeco,
2493 4860 2878 4929 perfectionem.
2903 4858 3173 4913 Caeterum
3210 4856 3543 4931 beatitudinis

1942 4928 2128 4987 titulus
2171 4928 2501 5004 presbyteris
2557 4928 2593 4985 ιι
2634 4934 2814 4987 Leone
2860 4931 3102 5004 tributus
3146 4944 3438 5004 numquam
3488 4928 3539 5004 in

1940 5004 2294 5072 originalibus
2326 5001 2442 5073 ejus
2476 5006 2668 5059 litteris
2693 5002 3015 5057 invenietur.
3050 5002 3102 5056 In
3153 5002 3312 5070 epist.
3350 5001 3442 5067 74,
3473 5002 3537 5053 ait

1941 5076 2225 5130 Mai-tinum
2270 5077 2749 5130 arcliimaiidritatn
2797 5085 2851 5128 et
2891 5075 3296 5144 presbyterum,
3337 5083 3395 5124 ut
3422 5082 3540 5125 erat

1942 5146 2206 5213 Faustus,
2241 5147 2528 5200 dilectionis
2566 5158 2665 5200 tute
2692 5148 2911 5200 vocibus
2943 5143 3127 5198 utitur.
3157 5143 3540 5213 Interpretatio
3572 5204 3575 5207 ἰ

1941 5220 2027 5273 vel
2052 5235 2115 5273 ex
2144 5212 2245 5297 hec
2267 5218 2618 5297 cciilirniatur
2638 5218 2893 5297 hominis,
2916 5213 3358 5297 quibeatitudiiiis
3383 5212 3540 5267 titulo
3570 5258 3577 5297 ἱ

1945 5290 2241 5345 monachos
2275 5292 2619 5360 presbyteros
2648 5291 2921 5359 appellare
2944 5287 3175 5360 solebat.
3401 5353 3414 5360 _
3465 5352 3483 5360 _

2021 5360 2038 5397 τ
2072 5349 2298 5428 Quidam
2336 5349 2554 5416 codices
2595 5349 2853 5415 omittunt
2884 5373 3070 5414 vocem
3100 5358 3265 5428 λεια,
3307 5362 3361 5428 et
3400 5352 3538 5428 infra

1944 5424 2219 5501 Chrisius,
2276 5432 2730 5503 quemadmodum
2782 5432 2942 5489 etiam
2986 5430 3041 5485 in
3088 5427 3281 5483 Graeco
3320 5424 3541 5481 deside-

2110 5522 2152 5559 Γ.

1944 5514 2351 5702 ηὲῗιὲίίίιὶοιιεε
2385 5577 2597 5633 Concil.
2639 5592 2762 5633 cum
2810 5570 3084 5631 nonnullis
3130 5567 3290 5627 codd.
3333 5566 3542 5625 addunt

1944 5665 2011 5702 no
2046 5668 2106 5702 18.

1944 5665 2106 5703 110018.

1982 5665 2118 5806 ἠίῃῖιέ
2172 5737 2272 5777 ms.
2320 5722 2491 5791 Ven.,
2533 5743 2627 5783 της
2655 5723 2831 5796 ὑγιοῦς
2872 5721 3126 5778 πίστεως.
3158 5712 3412 5772 Fortasse
3450 5724 3541 5771 re-

1943 5805 2100 5851 ctius.

2017 5872 2035 5901 ’
2066 5870 2123 5925 in
2159 5885 2330 5941 marg.
2366 5868 2493 5925 edit.
2522 5866 2703 5937 Βοω..
2733 5863 2887 5935 ἴσως,
2909 5868 3102 5926 ταῦτα.
