4014 6358
257 302 345 363 θοι
595 251 598 254 ’
902 256 910 262 ’
1603 297 1848 360 EPISTO

1980 297 2193 358 LXXV.

258 428 393 482 rum,
445 429 568 471 cum
601 416 1002 486 aequanimitate
1034 413 1375 474 tolerandum
1403 423 1486 473 est
1521 436 1533 470 :
1579 420 1833 488 quoniam
1855 391 1912 481 Ἀ
1940 418 2304 486 amplectens,
2332 412 2533 483 alloqui
2555 411 2906 471 dilectionem
2939 421 3179 472 vestram
3205 411 3534 476 sacerdotali

256 510 337 567 ubi
379 509 584 566 veritas
613 521 700 566 est
747 512 1034 582 magistra,
1085 527 1375 584 numquam
1423 513 1622 568 desunt
1660 513 1841 568 divina

255 604 462 672 solatia,
495 603 694 660 fratres
721 606 1049 660 cliarissimi.
1093 606 1353 675 Quamvis
1382 620 1511 678 ergo
1541 622 1734 677 magna
1763 607 1844 662 lo-

256 712 433 754 corum
479 697 770 753 intervalla
803 713 902 754 nos
933 698 1200 766 dividant,
1258 701 1466 755 unitate
1506 709 1687 755 tamen
1718 699 1844 756 ﬁdei

254 791 524 848 vobiscum
554 807 765 858 sumus,
797 803 852 848 et
884 801 996 848 toto
1017 795 1187 850 corde
1212 794 1398 850 Jesum
1426 793 1702 849 Christum
1732 794 1840 848 Do-

254 882 451 939 minum
491 891 742 938 nostrum
784 898 974 939 verum
1023 884 1189 940 Deum
1238 897 1292 940 et
1331 901 1518 941 verum
1566 886 1841 942 hominem

256 975 601 1046 conﬁtentes,
649 975 796 1030 nulla
840 976 894 1030 in
936 977 1086 1031 vobis
1116 977 1438 1032 detrimenta
1483 978 1840 1048 perpetimur,

254 1083 363 1123 cum
391 1067 464 1124 de
511 1076 707 1124 vestrae
756 1068 1111 1140 professionis
1156 1071 1446 1127 concordia
1491 1071 1838 1141 gloriamur:

255 1167 454 1215 tantum
506 1169 568 1215 ut
611 1161 682 1216 sit
713 1160 1008 1217 auxiliante
1037 1162 1268 1218 Domino
1307 1163 1608 1227 constantia
1652 1178 1841 1234 perse-

255 1269 460 1322 verans,
493 1253 710 1310 dicente
735 1254 997 1325 Apostolo
1023 1273 1035 1309 :
1091 1257 1298 1330 1021
1339 1256 1498 1312 Vobis
1525 1258 1661 1312 enim
1685 1266 1711 1294 ελ
1742 1257 1840 1312 do-

255 1355 422 1402 natum
449 1357 524 1402 est
553 1364 647 1421 pro
677 1345 881 1402 Christo
900 1390 916 1415 ,
948 1364 1052 1402 non
1078 1351 1246 1402 solum
1277 1358 1332 1404 ut
1361 1352 1414 1404 in
1443 1366 1563 1414 eum
1594 1349 1839 1416 credatis,

253 1444 332 1494 sed
363 1440 524 1493 etiam
553 1449 608 1494 ut
640 1457 735 1508 pro
764 1439 858 1495 illo
883 1439 912 1479 ι)
939 1442 1211 1513 patiamini
1259 1441 1484 1514 (Philip.
1516 1459 1566 1510 ι,
1608 1442 1726 1512 29).
1760 1441 1844 1498 Ad

253 1546 404 1602 quam
431 1531 810 1588 fortitudinem
832 1545 1142 1590 sanctarum
1166 1537 1424 1590 mentium
1448 1536 1840 1604 roborandam,

255 1624 448 1696 fratres
477 1632 693 1679 nostros
720 1634 882 1695 atque
913 1627 1118 1697 legatos
1146 1671 1160 1697 ,
1216 1643 1355 1696 quos
1389 1643 1486 1698 pro
1532 1627 1845 1698 apostolicae

254 1715 369 1772 ﬁdei
419 1717 668 1774 libertate
699 1719 1028 1786 direximus,
1079 1730 1133 1776 et
1173 1737 1312 1792 quos
1338 1721 1544 1778 dudum
1575 1723 1718 1794 apud
1748 1737 1846 1778 vos

1945 509 2234 564 aﬁ‘ectione
2255 524 2362 564 non
2393 507 2624 563 desino:
2652 516 2713 563 ut
2739 523 2804 564 ex
2839 507 2955 578 ipsa
2984 508 3291 579 frequentia
3325 511 3538 568 littera-

1945 619 2064 660 rum
2117 603 2336 674 possitis
2383 617 2680 674 agnoscere
2728 610 2984 673 quantam
3033 617 3219 658 curam
3273 602 3534 661 Ecclesiae

1943 697 2263 753 universalis
2307 696 2631 763 habeamus,
2690 710 2789 765 pro
2831 695 2982 765 cujus
3010 695 3246 766 piissimo
3281 696 3387 753 ﬁde
3417 707 3530 752 stu-

1945 789 2153 845 diosius
2219 789 2554 845 defendenda
2619 799 2854 844 vestram
2916 806 3131 862 quoque
3192 791 3537 860 devotionem

1945 895 2159 956 oportet
2210 885 2453 941 laborum
2498 894 2808 941 nostrorum
2856 901 2976 941 esse
3019 895 3353 943 consortem.
3407 889 3540 944 Nam

1947 990 2002 1036 et
2029 995 2125 1050 per
2157 980 2351 1036 fratres
2382 989 2598 1034 nostros
2625 978 2910 1049 episcopos
2941 989 3101 1048 atque
3151 981 3499 1052 presbyteros
3524 1022 3540 1046 ,

1947 1086 2085 1141 quos
2119 1086 2217 1141 pro
2250 1070 2570 1126 Christianae
2601 1069 2878 1139 religionis
2908 1079 3051 1125 statu
3080 1072 3347 1138 misimus,
3378 1087 3544 1142 quos-

1947 1181 2053 1237 que
2099 1165 2302 1238 dudum
2347 1164 2626 1220 vobiscum
2674 1177 2796 1218 esse
2838 1163 3182 1230 conﬁdimus,
3230 1166 3543 1234 plenissime

1947 1272 2016 1313 ex
2064 1256 2214 1312 omni
2265 1239 2623 1311 instructione
2668 1239 2829 1324 quam
2881 1253 3129 1310 dedimus
3173 1257 3420 1324 pOtuistis
3451 1259 3542 1312 ad-

1946 1363 2161 1409 vertere
2209 1367 2367 1422 quam
2418 1349 2759 1405 intolerabile
2811 1348 3077 1420 habeatur
3127 1350 3268 1419 apud
3320 1362 3544 1408 cunctos

1919 1455 2252 1501 nostrarqu
2298 1445 2530 1515 partium
2573 1442 2923 1508 sacerdotes,
2972 1441 3115 1512 quod
3159 1444 3380 1514 profana
3413 1461 3546 1515 quo-

1953 1543 2201 1598 rnmdam
2233 1542 2541 1614 insipientia
2573 1549 2764 1596 contra
2790 1551 3192 1598 sacramentum
3223 1542 3548 1610 redemptio~

1950 1635 2034 1693 nis
2066 1637 2316 1692 humanae
2371 1635 2574 1691 inferre
2619 1635 2806 1690 molita
2837 1644 2941 1691 est.
2976 1636 3040 1690 Et
3089 1650 3228 1691 nunc
3259 1651 3357 1706 per
3381 1635 3547 1689 lilium

1954 1741 2199 1784 nostrum
2232 1729 2578 1786 Maximinum
2623 1727 2875 1783 comitem
2905 1728 3258 1784 continuatim
3289 1741 3386 1782 vos
3414 1726 3544 1780 allo-

253 1820 365 1862 esse
418 1809 746 1866 conﬁdimus
774 1850 788 1876 ,
837 1811 1125 1881 plurimum
1170 1813 1443 1869 credimus
1486 1815 1841 1885 profuturos:
1876 1826 1926 1887 Β
1951 1820 2094 1889 quiis
2124 1821 2494 1884 cohortamur,
2547 1827 2603 1874 ut
2651 1821 2776 1888 quia
2829 1820 3104 1888 pr0piti01
3145 1818 3375 1873 Domino
3405 1816 3546 1872 ιιιυίο

254 1915 366 1954 cum
410 1902 578 1956 totius
620 1901 848 1958 actionis
879 1913 1078 1960 nostra:
1120 1905 1419 1962 didiceritis
1462 1907 1743 1978 allectum,
1791 1918 1847 1964 et

256 2007 434 2049 curam
463 2004 701 2050 vestram
729 2005 890 2066 atque
917 1998 1199 2054 consilium
1236 2009 1256 2038 ε
1295 2001 1384 2069 pio
1413 2001 1564 2070 operi
1593 2002 1847 2069 junxeri-

256 2086 335 2142 tis.
365 2085 448 2142 De
474 2101 582 2158 qua
614 2102 674 2144 re
711 2103 819 2143 non
851 2104 1075 2145 necesse
1101 2101 1185 2146 est
1216 2108 1359 2146 nunc
1388 2093 1547 2147 latius
1578 2094 1841 2163 scribere,

256 2195 370 2237 cum
396 2180 512 2250 jam
545 2196 644 2252 per
674 2183 1014 2252 supradictos
1051 2183 1381 2260 sufﬁcientes
1401 2183 1429 2223 τι
1458 2186 1717 2257 epistolas
1744 2190 1846 2244 mi-

255 2272 498 2340 serimus,
529 2272 725 2344 quibus
747 2275 1210 2332 abnndantissime
1231 2280 1409 2332 omnis
1437 2279 1708 2334 catholica
1739 2278 1846 2335 fra-

251 2367 477 2422 ternitas
503 2367 820 2424 instruatur.
856 2369 1065 2425 Divina:
1096 2372 1201 2426 erit
1227 2371 1442 2426 virtutis
1472 2381 1526 2427 et
1570 2374 1756 2444 gratia:
1787 2380 1847 2429 ut

256 2459 341 2515 Dei
367 2460 576 2528 Filius,
607 2462 701 2533 qui
729 2471 974 2518 naturam
1006 2463 1226 2518 humani
1259 2465 1476 2535 generis
1505 2481 1657 2520 suam
1693 2468 1843 2533 l'ecit,

252 2555 478 2627 amplius
504 2571 666 2625 quam
699 2566 724 2594 °
753 2557 996 2613 videmus
1022 2569 1115 2612 aut
1144 2559 1414 2628 sapimus,
1448 2575 1701 2630 magnum
1733 2561 1846 2629 pie-

251 2646 370 2702 tatis
401 2661 517 2703 sua:
537 2657 745 2705 asserat
767 2660 1167 2705 sacramentum
1195 2651 1247 2723 (l
1280 2651 1413 2707 Tim.
1445 2668 1526 2721 tu,
1560 2652 1670 2722 16),
1700 2653 1846 2724 quod

251 2738 410 2809 impia
433 2743 714 2813 temeritas
735 2743 837 2798 sibi
853 2743 1068 2814 quidem
1094 2743 1380 2812 fraudavit,
1409 2745 1506 2801 sed
1537 2746 1698 2800 rectis
1723 2761 1848 2801 cor-

255 2831 406 2888 dibus
427 2834 644 2890 auferre
669 2851 776 2893 non
815 2839 1009 2907 potuit.
1058 2837 1192 2908 Data
1236 2836 1254 2876 ί
1287 2839 1462 2894 idibus
1494 2839 1844 2910 septembris,

257 2923 634 2986 Valentiniano
661 2939 718 2987 et
743 2933 952 2987 Avieno
977 2947 1030 2987 v.
1064 2946 1114 2988 c.
1149 2932 1485 2988 consulibus.

724 3043 1058 3100 EPISTOLA
1103 3054 1128 3092 Β
1169 3044 1382 3101 LXXV.

409 3133 440 3173 ιι
472 3153 542 3192 an
583 3152 831 3193 raus'run
871 3153 940 3192 ετ
979 3153 1256 3193 HARTINUM
1295 3151 1686 3194 rnesnv'renos.

1949 1922 2060 1967 tum
2089 1913 2480 1967 catholicorum
2508 1919 2590 1966 est
2613 1920 2766 1966 aucta
2793 1910 3036 1975 libertas,
3060 1910 3086 1948 ¹ι
3110 1921 3398 1966 assumatis
3420 1925 3550 1966 con-

1947 2005 2200 2059 stantiam
2247 2003 2549 2072 spiritalem
2593 2012 2780 2058 contra
2811 2003 3126 2057 Antichristi
3162 2015 3548 2070 praecursores,

1949 2096 2163 2152 dicente
2189 2098 2349 2152 beato
2381 2095 2590 2151 Joanne
2631 2113 2643 2148 :
2673 2094 2853 2150 Omnis
2891 2093 2907 2132 ι
2937 2096 3149 2164 spiritus
3196 2095 3286 2163 qui
3333 2095 3552 2160 conﬁte-

1953 2200 2038 2243 tur
2067 2189 2242 2243 Jesum
2283 2187 2543 2242 Christum
2575 2188 2629 2241 in
2673 2203 2826 2242 carne
2873 2190 3066 2241 venisse
3105 2203 3172 2242 ex
3207 2185 3317 2241 Deo
3358 2198 3466 2250 est;
3503 2196 3552 2241 et

1951 2284 2116 2337 omnis
2161 2281 2374 2353 spiritus
2404 2282 2490 2349 qui
2522 2281 2670 2334 solvit
2703 2279 2883 2334 Jesum
2913 2279 3176 2335 Christum
3216 2295 3280 2334 ex
3309 2278 3420 2334 Deo
3447 2295 3551 2335 non

1947 2387 2043 2442 est,
2068 2383 2116 2430 et
2138 2376 2220 2429 hic
2241 2386 2314 2428 est
2340 2374 2687 2430 Antichristus
2710 2373 2755 2441 (Ι
2775 2371 2934 2428 Joan.
2966 2389 3037 2439 tv,
3059 2374 3115 2444 2,
3142 2373 3222 2445 5).

2025 2465 2157 2523 Car.
2189 2466 2255 2522 ll.
2286 2495 2358 2508 -—
2383 2466 2480 2538 Cui
2511 2465 2793 2521 Nestorius
2819 2477 2871 2520 et
2904 2465 3180 2537 Eutyches
3205 2465 3308 2522 sub
3339 2465 3555 2526 diversa

1951 2561 2170 2632 quidem
2218 2559 2422 2615 erroris
2449 2559 2654 2627 specie,
2690 2557 2786 2625 sed
2830 2559 2932 2629 sub
2960 2558 3151 2614 eodem
3180 2559 3374 2630 spiritu
3404 2560 3555 2616 lalsi-

1952 2648 2080 2709 tatis
2110 2652 2345 2708 militare
2370 2651 2674 2719 voluerunt,
2708 2665 2830 2706 cum
2864 2650 3130 2722 catholica
3160 2651 3294 2724 ﬁdes
3331 2664 3555 2722 aposto-

1949 2747 2073 2805 licis
2101 2757 2144 2784 ιη
2170 2755 2332 2817 atque
2362 2747 2690 2816 evangelicis
2735 2745 2940 2800 imhuta
2971 2745 3231 2801 doctrinis
3262 2757 3556 2818 utrumque

1951 2840 2269 2906 detestetur,
2289 2849 2576 2908 utrumque
2598 2837 2957 2904 condemnet;
2992 2854 3110 2908 qua:
3139 2853 3205 2910 ex
3245 2855 3352 2910 quo
3395 2848 3420 2876 ο
3464 2854 3556 2896 co-

1951 2944 2212 2990 mternum
2247 2933 2386 2988 Patri
2425 2930 2644 2986 Verbum
2667 2947 2786 2985 caro
2813 2934 3007 3002 factum
3037 2917 3112 2986 est
3141 2931 3321 3004 (Joan.
3350 2948 3385 2996 ι,
3421 2933 3486 2986 14
3509 2934 3556 3003 ),

1952 3043 2113 3097 quem
2163 3026 2336 3083 credit
2362 3025 2556 3080 Filium
2587 3025 2725 3094 Dei,
2774 3024 3024 3082 eumdem
3056 3027 3218 3080 etiam
3253 3027 3422 3081 lilium
3451 3026 3558 3084 ho-

1955 3120 2116 3175 minis
2145 3119 2464 3184 conﬁtetur;
2505 3127 2561 3174 et
2589 3119 2641 3173 in
2673 3132 2780 3172 uno
2801 3133 2932 3172 vero
2958 3117 3068 3174 Deo
3098 3133 3162 3172 ac
3191 3118 3400 3191 1023
3425 3133 3554 3175 vero

266 3227 546 3284 SYNOPSIS.
579 3229 721 3284 -1.
770 3228 1107 3283 Intolerabile
1148 3246 1254 3284 esse
1293 3231 1463 3284 scribit
1507 3228 1856 3284 Occidentali-
1884 3221 1932 3286 C
1961 3212 2182 3268 homine
2229 3212 2454 3267 nomino
2495 3210 2623 3267 -Ῑθευ
2666 3209 2882 3265 Chiis"?
2920 3226 3029 3266 ηοη
3072 3225 3233 3266 “nam
3283 3221 3556 3277 "amr-"ms

329 3305 425 3355 bus
448 3303 704 3371 episcopis
726 3345 740 3365 ,
768 3303 907 3372 quod
937 3300 1133 3373 Ephesi
1162 3311 1342 3354 contra
1369 3303 1522 3371 ﬁdem
1552 3314 1722 3356 actum
1753 3312 1849 3373 est.

323 3404 391 3418 —-
421 3373 488 3443 il.
518 3371 837 3433 Antio/triste
870 3371 1090 3427 militare
1114 3384 1218 3425 tam
1243 3373 1544 3426 Nestorium
1564 3391 1716 3443 quam
1740 3371 1853 3426 Eu-

326 3442 543 3516 tychen;
590 3455 769 3498 contra
810 3461 936 3514 quos
974 3444 1211 3498 Ecclesia
1243 3445 1514 3516 proﬁtetur
1557 3442 1656 3499 non
1700 3461 1855 3499 unam

327 3526 595 3587 naturam,
626 3518 717 3571 sed
743 3533 896 3570 imam
929 3532 982 3569 se
1010 3516 1233 3570 adorare
1262 3533 1554 3584 personam.
1627 3516 1632 3520 ’
1700 3516 1706 3522 “

260 3607 470 3680 1022
488 3605 602 3663 Leo
624 3623 826 3664 raus're
848 3617 900 3663 et
924 3608 1167 3733 Maanvo
1195 3609 1531 3681 presbyteris
1561 3607 1572 3645 ί
1603 3617 1657 3664 et
1678 3608 1855 3664 archi-

265 3711 284 3716 --
311 3693 320 3698 ’
503 3697 512 3702 -
900 3694 1022 3733 man
1071 3690 1211 3733 ritis.

265 3711 284 3716 ··
311 3693 320 3698 ’
503 3697 512 3702 ’
900 3690 1211 3734 ιηαιιανιῐιε.

690 3771 796 3826 Per
823 3771 1136 3827 Maxumum
1167 3773 1420 3827 comitem.

325 3863 455 3921 Cap.
498 3864 544 3920 Ι.
588 3892 656 3906 --
696 3864 900 3920 Omnes
941 3864 1216 3920 scribendi
1255 3867 1575 3922 occasiones
1616 3867 1853 3922 libenter

326 4055 354 4083 ⁸
383 4047 475 4104 Sic
505 4061 637 4101 mss.
670 4054 724 4101 et
752 4045 1096 4115 Quesnellus.
1131 4044 1360 4103 Caetera:
1399 4046 1702 4113 editiones,
1749 4047 1850 4100 da-

417 4129 485 4173 st.

279 4135 362 4229 mf
385 4137 516 4245 {iace
543 4189 746 4258 scripta
772 4198 898 4243 sunt
920 4204 951 4243 a
983 4188 1166 4244 Leone
1187 4234 1202 4259 ,
1235 4189 1362 4244 dum
1409 4189 1642 4244 nondum
1669 4190 1850 4244 Theo-

261 4261 432 4327 dosii,
465 4261 557 4332 qui
593 4259 942 4333 Eutychianis
981 4261 1232 4332 favebat,
1265 4273 1495 4316 mortem
1527 4275 1850 4331 acceperat;

259 4337 404 4388 unde
427 4334 725 4388 catholicos
748 4333 924 4404 adhuc
953 4343 1172 4386 vexatos
1201 4337 1504 4404 praesumit.

333 4416 356 4444 ε
385 4405 560 4461 Codd.
593 4405 812 4460 collect.
842 4402 911 4458 12
941 4420 1062 4458 cum
1105 4402 1267 4460 editis
1299 4405 1594 4471 Quesncllo
1618 4404 1855 4460 anterio-

260 4476 414 4546 ribus
444 4474 696 4547 ignorant
725 4477 830 4546 pio.
867 4475 974 4531 lste
1013 4476 1066 4530 in
1112 4477 1356 4547 margine
1396 4492 1494 4545 pro
1535 4479 1677 4548 operi
1709 4477 1859 4531 alias

259 4563 430 4618 opere.

328 4619 356 4655 ⁸³
387 4620 444 4675 ld
468 4628 552 4676 est
583 4620 870 4688 epistolam
899 4619 990 4675 Ἠ.

1959 3307 2054 3361 sed
2104 3320 2264 3361 unam
2314 3319 2374 3360 se
2415 3305 2699 3374 prolitetur
2742 3303 2972 3359 adorare
2997 3318 3316 3375 personam.
3352 3306 3407 3360 In
3455 3305 3558 3361 hac

1960 3398 2066 3453 ﬁde
2120 3396 2402 3452 nobiscum
2467 3395 2906 3465 inseparabiliter
2961 3407 3126 3467 atque
3181 3396 3559 3462 indiﬁ‘crentcr

1961 3490 2116 3556 uniti,
2140 3497 2282 3545 state
2315 3498 2339 3524 ο
2370 3497 2682 3543 constanter
2709 3496 2764 3543 et
2793 3487 3022 3544 viriliter
3054 3487 3232 3559 agite;
3271 3503 3332 3544 ac
3363 3490 3410 3545 si
3436 3506 3560 3561 quae

1958 3596 2086 3640 sunt
2131 3599 2298 3640 morte
2341 3583 2409 3638 de
2454 3583 2536 3638 his
2580 3599 2699 3653 quzn
2744 3583 3014 3652 poscimus
3062 3583 3414 3652 ordinandis,
3460 3599 3560 3655 per

1965 3681 2282 3736 occasiones
2310 3688 2524 3745 tamen,
2559 3692 2694 3749 quas
2741 3677 2874 3732 lidas
2903 3678 3072 3746 gratia
3097 3676 3277 3733 divina
3313 3677 3560 3748 provide-

1963 3775 2072 3841 rit,
2123 3772 2319 3828 litteris
2364 3787 2464 3828 nos
2509 3780 2708 3827 vestrae
2753 3771 3064 3826 dilectionis
3108 3770 3383 3828 instruite.
3421 3771 3559 3840 Quia

1961 3867 2192 3922 multum
2241 3866 2422 3922 solatii
2471 3875 2596 3934 est,
2647 3864 2860 3938 1024
2905 3880 3031 3938 cum
3077 3865 3325 3924 sollicitis
3362 3867 3558 3923 animis

1956 4045 2023 4102 ad
2045 4055 2368 4116 praesentem
2401 4058 2524 4100 esse
2554 4042 2900 4099 referendam
2932 4059 2946 4098 :
2969 4044 3310 4116 nequeenim
3335 4058 3430 4100 eos
3452 4046 3556 4102 cle-

1956 4115 2098 4173 ricos
2131 4117 2210 4170 his
2243 4116 2606 4171 transmisisse
2636 4126 2689 4170 et
2719 4115 2820 4169 hoc
2850 4124 2905 4170 et
2925 4115 3171 4186 sequenti
3202 4129 3345 4171 anno
3383 4118 3552 4172 ullum

1958 4189 2238 4251 indicium,
2273 4189 2382 4241 ulla
2417 4185 2769 4256 probabilitas
2796 4193 2902 4240 est.

2032 4271 2056 4308 ε
2091 4261 2172 4314 Al.
2209 4259 2299 4314 56.
2326 4259 2457 4324 Qua:
2487 4268 2668 4312 autent
2700 4268 2817 4314 erat
2848 4257 2952 4324 75,
2983 4271 3130 4313 nunc
3162 4257 3255 4313 95.
3286 4257 3384 4315 Die
3411 4257 3446 4312 8
3471 4259 3556 4315 vel

1960 4333 1993 4389 9
2024 4333 2158 4386 Nov.
2186 4347 2274 4385 an.
2311 4329 2437 4384 450.

2031 4402 2060 4442 ιι
2091 4404 2246 4468 Edita
2273 4404 2370 4457 luit
2391 4419 2418 4456 a
2448 4401 2741 4471 Quesncllo
2763 4415 2829 4456 ex
2859 4414 2963 4455 nis.
2998 4399 3312 4457 Grimanico
3338 4401 3555 4458 collect.

1963 4473 2051 4530 18.
2076 4475 2183 4530 Nos
2214 4476 2460 4530 eamdem
2489 4474 2816 4529 contulimus
2861 4488 2985 4526 cum
3029 4472 3413 4542 Ratisponensi
3444 4475 3560 4530 col-

1962 4547 2090 4602 lect.
2119 4547 2202 4601 19.

2041 4621 2057 4655 ί
2095 4619 2264 4673 Voces
2288 4625 2337 4670 et
2357 4614 2774 4670 archimandritis
2792 4613 3088 4682 adjecimus
3109 4629 3174 4670 ex
3202 4615 3324 4670 cod.
3346 4614 3559 4688 Ratisp.

331 4700 358 4729 ο
409 4691 488 4744 lia
528 4676 700 4746 nostri
737 4692 897 4746 codd.
939 4707 1060 4747 cum
1089 4692 1249 4749 editis
1276 4701 1402 4748 ante
1441 4692 1668 4761 Quesn.,
1713 4690 1858 4762 apud
1887 4676 1939 4736 D
1964 4689 2286 4758 Quesiiellus
2315 4688 2556 4762 addidit_,
2587 4705 2619 4740 a
2648 4688 2794 4762 pari,
2825 4676 2968 4762 quod
3001 4700 3194 4762 noster_
3209 4690 3378 4744 codex
3409 4676 3561 4761 igno-

256 4777 442 4834 quem,
475 4762 833 4834 prcevidemus.

337 4835 517 4904 ﬁliam
547 4835 692 4899 dies,
721 4834 925 4889 mensis
945 4880 959 4902 ,
992 4844 1046 4890 et
1074 4836 1356 4891 consulum
1388 4835 1594 4890 notatio
1616 4834 1771 4890 deest
1801 4835 1855 4890 in

254 4919 364 4961 ms.
397 4906 568 4961 Grint.
619 4905 838 4975 Legitur
877 4918 1055 4961 autem
1087 4908 1141 4962 in
1178 4910 1377 4962 nostris
1411 4922 1543 4962 mss.
1575 4919 1628 4960 et
1661 4909 1710 4959 in
1743 4907 1858 4961 edi-

253 4981 348 5033 tis.
387 4977 573 5050 Solum
619 4987 740 5050 post
767 4994 952 5032 vocem
986 4978 1350 5032 Valentiniano
1378 4981 1737 5050 supplendum
1767 4994 1858 5033 es-

254 5060 342 5104 set
367 5049 503 5123 Aug.
532 5049 883 5120 Vttletrique
921 5051 1136 5123 codices
1167 5053 1384 5123 collect.
1421 5049 1488 5106 i2
1529 5055 1708 5104 statim
1737 5059 1857 5118 post

256 5121 608 5176 consularem
655 5131 834 5175 notant
867 5121 1106 5187 addunt,
1146 5139 1234 5191 per
1271 5121 1559 5176 Carterium
1596 5133 1643 5174 et
1679 5123 1853 5174 Ascle-

256 5194 467 5265 piadem
537 5194 799 5265 diaconos?
851 5191 1512 5265 Constantinopolitanum;
1580 5203 1852 5265 corrupte.

257 5264 400 5316 Cum
431 5265 576 5318 enim
602 5264 837 5332 epistola
862 5263 950 5328 80,
977 5280 1095 5332 cap.
1133 5266 1158 5318 i
1187 5263 1200 5331 ,
1239 5268 1440 5319 mentio
1470 5266 1560 5318 ﬁat
1587 5263 1814 5318 Casterii
1836 5305 1852 5331 ,

255 5336 397 5389 alius
418 5335 644 5407 Carterii
672 5336 1002 5407 presbyteri.
1031 5345 1084 5390 et
1107 5336 1444 5406 Asclepiadis
1470 5334 1854 5390 diacoui'Con-

260 5403 750 5476 stantinopolitaiii,
786 5403 1069 5475 legendum
1098 5403 1369 5462 Credimus
1411 5425 1497 5476 per
1518 5407 1808 5463 Carterium
1836 5450 1852 5474 ,

255 5491 361 5551 s_eu
391 5478 692 5551 Casteriumg
712 5480 1062 5549 presbyterum
1080 5521 1094 5544 ,
1126 5488 1171 5533 et
1198 5480 1553 5551 Asclepiadem
1579 5480 1855 5532 diaconum

257 5546 909 5620 Constantirwpolitanum.
956 5552 1089 5605 Cum
1139 5565 1302 5620 porro
1347 5546 1652 5605 iniisdem
1714 5564 1846 5606 mss.

257 5617 393 5693 huic
433 5622 674 5689 epismlae
718 5622 1032 5690 subjiciatur
1072 5617 1308 5691 epistola
1337 5622 1407 5676 78
1428 5668 1442 5691 ,
1477 5639 1598 5693 quae
1629 5637 1724 5691 per
1753 5623 1852 5676 hos

255 5690 568 5764 (lasterium
608 5701 665 5746 et
708 5693 1084 5764 Asclepiadem
1114 5690 1640 5764 Constantinopolim
1689 5694 1853 5748 missa

257 5760 374 5818 fuit
399 5779 536 5818 anno
566 5763 814 5835 sequenti
861 5765 1037 5821 idibus
1087 5765 1332 5835 Aprilis,
1379 5760 1665 5822 con-Semus
1716 5766 1856 5821 hanc

260 5834 603 5896 notationem
642 5834 712 5895 ad
755 5835 1004 5895 eamdem
1042 5834 1334 5909 epititolain
1363 5836 1433 5894 78
1473 5839 1651 5926 potius
1693 5853 1855 5910 quam

1962 4769 2063 4823 rat,
2097 4773 2150 4815 et
2179 4769 2463 4815 contextus
2489 4759 2711 4826 pluralis
2742 4759 2953 4814 numeri
2983 4758 3244 4813 excludit.

2036 4836 2050 4883 ι
2101 4832 2338 4900 RatiSp.,
2389 4831 2517 4884 Deo.
2568 4829 2771 4884 Idcirco
2798 4841 2978 4885 autem
3009 4830 3233 4884 multum
3274 4833 3562 4887 catholico-

1960 4922 2073 4960 rum
2111 4915 2266 4957 aucta
2301 4903 2505 4956 libertas
2535 4902 2751 4967 dicitur,
2777 4902 2897 4963 quia
2923 4903 3231 4956 Marcianus
3262 4919 3430 4964 novus
3455 4904 3561 4958 im-

1962 4987 2179 5046 perator
2201 4975 2483 5030 catholicis
2507 4973 2738 5028 favebat.
2777 4974 2888 5028 Hoc
2918 4976 3150 5046 primum
3184 4975 3442 5030 indicium
3476 4988 3562 5031 est

1963 5045 2243 5102 electionis
2269 5047 2565 5112 Marciani,
2614 5062 2773 5114 quam
2824 5046 3044 5115 quidem
3088 5045 3438 5100 Maximinum
3470 5063 3563 5101 c0-

1963 5122 2147 5173 mitem
2177 5119 2419 5188 ejusdem
2455 5118 2798 5188 imperatoris
2843 5119 3150 5172 ministrum
3181 5117 3463 5184 attulisse,
3502 5127 3563 5173 ut

1961 5206 1990 5243 a
2025 5191 2400 5245 Valentiniano
2424 5191 2843 5259 approbaretnr,
2873 5191 3002 5243 satis
3032 5189 3291 5243 credibile
3318 5201 3421 5243 est.

2035 5262 2061 5299 ι
2094 5263 2418 5328 Qucsnellus
2444 5278 2508 5316 ex
2535 5261 2847 5316 Griinanico
2865 5302 2882 5329 ,
2903 5263 3140 5314 summis.
3172 5259 3341 5328 Magis
3361 5261 3561 5329 placuit

1963 5335 2124 5388 lcetio
2156 5333 2365 5403 Rali~p.

2037 5404 2056 5443 1
2109 5401 2324 5475 Βαιιερζ
2364 5403 2836 5476 omittitspiritus,
2885 5413 2940 5460 et
2983 5402 3224 5480 secundo
3254 5402 3376 5458 loco
3411 5401 3560 5458 Chri-

1960 5486 2130 5533 stum:
2987 5489 2992 5496 ’

2033 5559 2073 5586 ω
2109 5549 2162 5602 In
2192 5549 2382 5603 eodem
2415 5549 2600 5603 codice
2623 5549 2818 5604 desunt
2838 5563 2998 5603 voces
3025 5556 3176 5616 atque
3196 5546 3522 5617 euangelicis.

1961 5692 2006 5750 Ρ
2032 5630 2060 5658 τι
2093 5621 2181 5676 Sic
2208 5631 2392 5676 noster
2415 5622 2617 5690 ltatisp.
2647 5621 2964 5689 Quesnellus
2994 5635 3060 5675 ex
3088 5619 3285 5686 Grim.,
3317 5628 3562 5674 teternum

2010 5707 2153 5748 atris.

2010 5707 2153 5748 atris.

1970 5840 2018 5897 Β
2039 5765 2268 5848 “IGrini.
2302 5780 2403 5849 ms.
2437 5775 2490 5822 et
2519 5764 2876 5835 Quesnellus,
2917 5763 3253 5834 conﬁdenter.
3285 5760 3479 5822 Melius
3505 5758 3564 5830 ita

2024 5852 2380 5897 ansnonensn
3441 5853 3444 5856 ·

2024 5852 2380 5911 atisponensn
3441 5853 3444 5856 '
