4014 6358
511 408 607 463 911

1652 397 1713 453 S.
1752 390 1995 452 LEONIS
2033 390 2246 452 MAGNI
2282 391 2656 450 EPISTOLJE.

3662 382 3761 443 912

508 530 562 576 et
590 517 679 590 qui
708 517 809 573 sibi
850 513 1084 585 singulas
1106 518 1287 583 partes
1315 510 1541 583 gemina
1580 509 1866 580 impietatis
1904 510 2080 581 elege-
2103 512 2159 572 A
2182 524 2301 565 rum
2344 524 2504 581 quam
2534 506 2710 563 fratris
2737 510 2793 560 et
2839 502 3144 574 coepiscopi
3195 499 3402 573 1037
3428 508 3453 549 ε
3496 497 3602 590 mei
3625 499 3761 554 Ana-

506 621 648 675 rant,
682 624 783 663 una
808 605 1084 663 catholicae
1125 604 1247 659 fidei
1277 603 1472 659 virtute
1500 603 1930 673 procumberent.
1974 603 2072 658 Se-

506 702 678 759 cunda
704 714 831 770 ergo
851 697 966 753 hinc
990 697 1138 752 vobis
1163 696 1231 752 de
1249 706 1524 767 perempto
1547 695 1859 764 Eutychetis
1890 710 2077 751 errore

505 793 725 846 victoria
756 798 869 855 est;
896 797 923 825 ι
952 802 1131 858 quem,
1182 789 1226 842 si
1256 788 1383 858 quid
1420 788 1536 841 sani
1571 787 1750 842 cordis
1781 787 2074 854 habuisset,

503 880 701 936 dudum
742 879 796 934 in
828 878 1136 933 auctoribus
1180 879 1293 931 suis
1340 877 1642 945 perculsum
1688 878 1919 945 olimque
1951 892 2075 945 pro-

502 981 725 1026 stratum
760 969 914 1024 facile
942 977 1187 1038 potuerat
1214 969 1504 1032 declinare,
1546 984 1613 1023 ne
1658 967 1725 1023 de
1750 968 1975 1036 sepultis
2001 968 2077 1021 ci-

500 1063 720 1118 neribus
748 1061 988 1117 rediviva
1011 1068 1244 1115 tentaret
1273 1061 1515 1114 incendia
1545 1073 1906 1125 commovere,
1938 1068 1991 1112 ut
2020 1057 2075 1111 in

499 1170 687 1211 eorum
729 1152 985 1209 transiret
1021 1152 1368 1217 consortium,
1419 1167 1642 1220 quorum
1683 1160 1898 1204 secutus
1932 1159 2076 1205 esset

499 1246 825 1315 exemplum,
852 1245 1234 1315 gloriosissima
1258 1244 1514 1310 Augusta.
1541 1242 1695 1296 Libet
1715 1242 1873 1311 igitur
1896 1244 2073 1297 exsul.

499 1347 612 1395 tare
641 1354 760 1393 cum
791 1336 1007 1408 gaudio,
1040 1344 1095 1391 et
1122 1350 1220 1405 pro
1250 1343 1443 1387 vestrae
1471 1334 1770 1388 clementiae
1802 1334 2074 1403 prosperi-

498 1439 608 1486 tate
636 1430 792 1498 digna
829 1429 937 1481 Deo
970 1435 1091 1480 vota
1123 1424 1449 1488 persolvere,
1499 1424 1588 1491 qui
1625 1423 1719 1477 tibi
1762 1440 1855 1492 per
1886 1438 2072 1478 omnes

496 1519 681 1573 mundi
727 1526 903 1585 partes
934 1517 987 1569 in
1026 1515 1217 1585 quibus
1247 1512 1453 1567 Domini
1498 1513 1842 1582 Evangelium
1888 1513 2076 1581 praedi-

494 1623 649 1666 catur
666 1608 694 1648 δ
715 1608 981 1678 duplicem
1010 1607 1119 1676 jam
1141 1616 1193 1661 et
1221 1606 1448 1674 palmam
1471 1607 1695 1660 contulit
1715 1616 1767 1660 et
1793 1622 2068 1661 coronam.

565 1702 695 1757 CAP.
728 1700 791 1754 II.
817 1728 885 1740 -—
914 1700 1208 1753 Clementia
1242 1698 1401 1766 igitur
1433 1706 1606 1751 vestra
1634 1709 1920 1767 ciignoscat
1950 1714 2067 1753 om-

496 1809 621 1850 nem
668 1794 962 1847 Romanam
1007 1790 1299 1845 Ecclesiam
1327 1790 1395 1845 de
1424 1790 1690 1844 universis
1719 1790 1842 1844 ﬁdei
1877 1802 2068 1847 veSIrae

2180 601 2329 667 tolii,
2380 602 2465 656 cui
2516 596 2877 654 testimonium
2936 596 3077 651 ferre
3127 592 3451 664 dignamini,
3506 589 3759 646 relatione

2176 693 2552 763 cognovimus;
2587 704 2813 761 quorum
2840 684 3122 741 desideriis
3141 686 3219 740 sic
3248 684 3553 753 prtebemus
3575 680 3603 717 δ
3632 678 3755 735 eﬂ'e-

2181 794 2349 853 ctum,
2379 793 2436 838 ut
2462 782 2743 844 correctis,
2775 792 2826 835 et
2856 795 2974 849 qua:
3006 778 3146 832 male
3184 785 3309 831 sunt
3341 778 3499 843 facta,
3544 774 3757 845 propria

2176 877 2569 946 subscriptione
2609 875 3005 939 damnantibus,
3049 872 3366 942 participata
3402 870 3419 908 ί
3455 878 3757 925 nostrorum

2163 984 2311 1041 quos
2360 969 2602 1024 misimus
2646 983 2776 1022 cura
2816 982 2935 1021 cum
2967 964 3273 1033 supradicto
3316 964 3573 1034 episcopo
3616 961 3758 1029 pacis

2175 1064 2345 1133 gratia
2378 1063 2669 1116 tribuatur:
2702 1074 2826 1123 QUIA
2850 1057 3152 1113 devotionis
3182 1068 3469 1124 utrumque
3497 1063 3578 1109 est
3604 1052 3755 1108 Chri-

2180 1157 2390 1221 Sliitnm,
2442 1164 2498 1209 ut
2539 1163 2591 1209 et
2642 1153 2947 1221 pertinaces
2980 1152 3177 1207 veritas
3215 1150 3359 1221 iusta
3397 1158 3663 1215 coerceat,
3706 1157 3759 1204 et

2178 1260 2467 1301 conversos
2500 1244 2735 1299 cbaritas
2767 1260 2873 1299 non
2895 1244 3141 1313 repellat.

2244 1337 2372 1393 Car.
2405 1338 2492 1393 Ill.
2515 1368 2586 1378 —
2607 1338 2738 1404 Quia
2773 1352 2901 1391 vero
2926 1338 3199 1404 novimus,
3230 1343 3487 1403 quantum
3523 1334 3623 1403 piae
3654 1335 3758 1390 sol-

2175 1431 2469 1486 licitudinis
2495 1430 2775 1484 catholicis
2796 1429 3165 1485 sacerdotibus
3193 1429 3547 1483 mansuetudo
3577 1435 3757 1483 vestra

2173 1521 2418 1589 dignetur
2466 1521 2812 1590 impendere.
2869 1519 3211 1574 indicandum
3253 1534 3374 1574 esse
3419 1519 3755 1585 curavimus,

2172 1613 2391 1669 fratrem
2421 1624 2473 1668 et
2500 1616 2873 1684 coepiscopum
2904 1616 2919 1665 i
2953 1628 3128 1668 meum
3159 1613 3449 1668 Eusebium
3479 1614 3757 1668 nobiscum

2173 1706 2389 1776 degere,
2413 1718 2465 1762 et
2490 1717 2687 1761 nostra!
2712 1707 3105 1761 communionis
3128 1722 3247 1761 esse
3262 1714 3589 1771 consortem,
3607 1706 3760 1771 cujus

2172 1798 2611 1852 commendamus
2657 1796 2978 1861 Ecclesium,
3011 1812 3170 1866 quam
3205 1796 3401 1851 dicitur
3430 1808 3641 1852 vaSIare
3668 1795 3759 1867 qui

497 1887 750 1957 operibus
780 1884 1064 1956 plurimum
1098 1884 1373 1954 gratulari,
1420 1886 1530 1939 sive
1580 1885 1718 1953 quod
1750 1886 2068 1955 legationem
2101 1864 2146 1924 Β
2174 1888 2249 1942 illi
2278 1889 2470 1957 injuste
2513 1889 2773 1942 asseritur
2797 1885 2823 1924 ¹ι
2857 1864 3175 1956 subrogatus
3200 1903 3214 1952 ;
3244 1887 3375 1941 illud
3401 1888 3561 1942 etiam
3582 1864 3758 1941 latina

498 1991 734 2036 nostram
766 1980 852 2047 pio
882 1994 976 2047 per
1005 1978 1183 2031 omnia
1208 1977 1423 2045 juvistis
1471 1977 1684 2040 affectu,
1735 1989 1788 2032 et
1814 1979 1955 2048 quod
1979 1994 2067 2033 sa-

497 2074 744 2130 cerdotes
800 2071 1134 2135 catholicos,
1187 2070 1275 2139 qui
1320 2070 1388 2124 de
1435 2069 1674 2123 ecclesiis
1715 2073 1827 2123 suis
1875 2072 2068 2140 injusta

500 2176 523 2204 ι’
542 2164 757 2220 fuerant
787 2163 946 2232 ejecti
974 2162 1257 2225 sententia,
1292 2160 1603 2226 reduxistis,
1634 2162 1747 2216 sive
1777 2162 1917 2230 quod
1947 2164 2071 2217 reli-

494 2258 648 2328 quias
671 2264 871 2310 sanctae
907 2252 1181 2309 memoriae
1207 2251 1445 2306 Flaviani
1474 2252 1773 2307 innocentis
1800 2265 1854 2308 et
1879 2255 2066 2309 catho-

494 2349 585 2405 lici
614 2347 907 2402 sacerdotis
928 2346 994 2400 ad
1018 2345 1310 2399 Ecclesiam
1333 2345 1416 2398 cui
1464 2343 1601 2399 bene
1622 2345 1830 2414 praefuit
1868 2346 2067 2401 fecistis

494 2438 521 2478 δ
540 2455 661 2495 cum
676 2439 879 2492 honore
900 2436 1080 2491 debito
1094 2434 1357 2490 revocari.
1376 2434 1432 2488 In
1463 2435 1655 2504 quibus
1685 2437 1868 2505 utique
1893 2438 2068 2491 omni-

492 2534 593 2589 bus
617 2532 801 2603 glorias
827 2539 1021 2585 vestrm
1062 2528 1445 2598 multiplicatur
1467 2538 1832 2597 augmentum,
1857 2531 1982 2586 dum
2016 2539 2071 2586 et

494 2637 709 2683 sanctos
734 2639 833 2695 pro
860 2624 972 2679 suis
998 2622 1206 2677 meritis
1233 2621 1589 2688 veneramini,
1637 2631 1693 2677 et
1712 2622 1781 2676 ab
1808 2637 1938 2693 agro
1965 2623 2070 2679 Do-

494 2720 694 2775 minico
730 2718 911 2788 spinas
939 2725 990 2773 et
1031 2715 1257 2771 tribulos
1291 2716 1452 2768 vultis
1476 2724 1499 2752 ε
1528 2714 1746 2769 auferri.
1797 2714 2067 2781 Quosdam

490 2827 622 2867 vero
650 2812 929 2881 episcopos
951 2808 1019 2864 de
1047 2808 1129 2862 Itis
1156 2807 1243 2874 qui
1266 2806 1425 2861 rebus
1452 2805 1628 2871 impiis
1654 2804 1904 2860 videntur
1924 2822 2066 2875 prte-

494 2904 674 2959 buisse
708 2915 1053 2967 consensum,
1088 2896 1573 2953 reconciliationem
1604 2912 1847 2967 poscere,
1886 2909 1941 2953 et
1968 2895 2068 2952 Ca-

490 2993 807 3049 tholicorum
838 2990 1269 3046 communionem
1302 2989 1629 3054 desiderare,
1667 2998 1775 3043 tam
1804 2989 1824 3027 τ
1856 2999 2066 3046 nostro-

564 3142 590 3170 ι
622 3129 962 3197 Qiiesnellus,
996 3130 1080 3195 qui
1122 3130 1165 3181 si
1199 3128 1319 3197 quid
1349 3127 1462 3180 sani
1492 3127 1659 3181 cordis
1685 3126 1961 3191 habuisset,
1990 3144 2066 3182 er-

2177 1981 2377 2050 pietate
2414 1990 2728 2051 poscentes,
2771 1982 2912 2051 quod
2963 1995 3056 2036 vos
3100 1992 3397 2050 spontaneo
3431 1983 3607 2036 iacere
3651 1996 3758 2037 non

2175 2071 2480 2127 dubitamus
2527 2070 2772 2135 arbitrio,
2820 2080 2880 2125 ut
2916 2081 3020 2125 tam
3053 2072 3267 2125 fratrem
3295 2083 3347 2126 et
3378 2072 3755 2140 coepisc0puni

2177 2177 2355 2218 meum
2377 2162 2666 2229 Julianum,
2691 2178 2847 2232 quam
2868 2160 3487 2231 Constantinopolitanos
3510 2163 3755 2230 clericos,

2176 2255 2265 2323 qui
2296 2264 2495 2309 sanctae
2516 2256 2790 2309 memoriae
2814 2254 3072 2309 Flaviano
3096 2254 3349 2310 fidelibus
3371 2256 3556 2311 officiis
3578 2256 3759 2310 adhae-

2173 2356 2381 2411 serunt,
2408 2361 2470 2400 ea
2497 2362 2598 2415 qua
2625 2346 2834 2401 debetis
2855 2346 3027 2415 gratia
3060 2356 3097 2382 ιη
3127 2344 3374 2402 foveatis.
3406 2346 3483 2401 De
3511 2348 3760 2402 omnibus

2172 2451 2304 2492 vero
2349 2438 2595 2506 pietatem
2628 2448 2859 2493 vestram
2892 2446 2920 2473 η
2953 2454 3047 2506 per
3094 2448 3313 2495 nostros
3357 2439 3485 2508 quid
3514 2439 3630 2495 fieri
3668 2451 3759 2495 aut

2175 2531 2412 2585 ordinari
2453 2531 2676 2586 deberet
2715 2532 3086 2585 instruximus.
3142 2532 3271 2585 Data
3304 2531 3477 2587 idibus
3520 2533 3755 2603 Aprilis,

2180 2622 2390 2679 Adellio
2413 2623 2531 2677 viro
2560 2623 2865 2678 clarissimo
2890 2623 3131 2677 consule.

2537 2719 2748 2791 1033
2774 2718 3105 2773 EPISTOLA
3138 2727 3161 2753 ο
3192 2716 3402 2772 Lxxx.

2218 2822 2244 2860 Ρ
2272 2827 2340 2866 ΔΙ)
2363 2825 2669 2866 ΑΝΑτοιιυιι
2708 2824 2993 2864 EPISCOPUI
3032 2824 3720 2866 CONS'I'ANTINOPOLITANUI.

2689 2910 2715 2950 tt
2737 2900 2913 2955 Prima
2946 2914 3042 2969 pro
3074 2914 3224 2968 pace.

2169 2994 2424 3051 SYNOPSIS
2466 2994 2581 3063 (Ex
2626 2993 2946 3048 collectione
2989 2990 3329 3064 llispanica).
3368 2993 3494 3047 —-I.
3536 2991 3761 3062 De‘fide

2174 3148 2285 3183 nem
2317 3142 2456 3183 tuam
2480 3128 2576 3182 hoc
2600 3129 2740 3181 decet
2765 3128 3019 3181 custodire
3043 3128 3183 3193 quod
3226 3129 3386 3181 nostri
3412 3128 3599 3181 ibidem
3628 3146 3753 3184 con-

491 3219 656 3257 rorem
681 3200 898 3265 dudum,
939 3208 1042 3254 etc.
1078 3200 1425 3269 Anterioruni
1451 3198 1743 3251 editionum
1784 3197 2062 3252 lectionem
2093 3205 2140 3269 (ζ
2170 3203 2332 3256 stituti
2361 3202 2635 3265 dixerunt;
2684 3213 2745 3251 ac
2776 3199 2819 3251 si
2854 3198 2928 3251 illi
2975 3214 3079 3252 non
3127 3200 3357 3266 amplius
3388 3198 3585 3253 ibidem
3620 3217 3758 3263 prte-

492 3274 739 3331 omn‘tbiis
780 3272 976 3324 nostris
1022 3284 1209 3323 novem
1242 3268 1512 3323 codicibus
1554 3269 1829 3338 probatam
1858 3278 1910 3322 et
1938 3271 2067 3323 satis

488 3356 779 3411 congruam
798 3355 1196 3411 grevocaVImus.

560 3408 738 3467 b'Vat.
773 3409 922 3479 Ilisp.
957 3420 1009 3463 ct
1041 3410 1185 3475 Isid.,
1232 3410 1449 3480 duplicis
1479 3409 1657 3479 gloriiz
1693 3408 1918 3474 palmam
1947 3424 2064 3462 con-

489 3485 624 3540 tulit.

564 3566 585 3593 ο
618 3555 695 3609 Ita
723 3567 790 3607 ex
821 3551 1087 3619 plerisque
1126 3559 1179 3605 et
1223 3550 1515 3619 potioribus
1547 3550 1745 3604 nostris
1769 3550 2065 3607 codicibus.

488 3625 700 3694 Vulgati
729 3638 848 3677 cum
880 3637 1007 3694 mss.
1040 3620 1253 3694 collect.
1282 3622 1372 3687 21,
1400 3622 1626 3687 fuerunt.

560 3692 841 3762 d'Quidain
873 3692 1028 3747 codd.
1061 3693 1311 3745 omittunt
1341 3707 1474 3762 cuin.

562 3776 585 3803 ε
614 3759 704 3819 Sic
731 3781 795 3818 ex
827 3764 1030 3831 Ratisp.
1063 3771 1116 3815 et
1142 3764 1384 3828 exemplo
1415 3759 1677 3823 Sichardi,
1707 3774 1769 3815 ac
1802 3775 1929 3814 mss.
1959 3762 2069 3816 col-

488 3837 612 3892 lect.
630 3835 719 3901 24,
748 3833 824 3888 uti
842 3843 956 3887 erat
986 3835 1039 3885 in
1060 3832 1218 3885 editis
1236 3844 1360 3885 ante
1378 3832 1717 3897 Quesnelluni
1747 3832 1884 3897 apud
1907 3847 2066 3900 quem

489 3910 713 3978 auferre.
750 3906 870 3960 Mox
901 3918 996 3969 pro
1025 3917 1139 3955 vero
1169 3902 1383 3970 quidam
1415 3901 1629 3955 codices
1658 3909 1712 3955 et
1740 3903 2066 3970 antiquiores

488 3978 617 4033 editi
650 3978 845 4030 habent
871 3990 1014 4027 sane.

568 4047 587 4085 τ
624 4047 990 4113 lmelliguutur
1013 4042 1170 4113 legati
1193 4058 1328 4112 quos
1350 4044 1459 4098 Leo
1491 4043 1719 4096 Anatolii
1742 4057 1899 4096 causa
1924 4042 2067 4097 Con—

486 4113 887 4186 stantinopoliiti
904 4117 1122 4169 miserat
1136 4129 1221 4186 an.
1238 4113 1501 4186 450.Vide
1514 4113 1668 4182 epist.
1688 4113 1819 4167 69et
1836 4128 1984 4181 seqq.
2003 4115 2066 4168 Hi

489 4184 841 4256 auteni,‘q‘uos
857 4184 1214 4252 postAiiatolii
1231 4184 1455 4256 clericos
1478 4184 1697 4236 Romani
1722 4186 1912 4256 missos
1934 4186 2067 4256 Cori-

488 4253 833 4326 stantinopoli
856 4257 1170 4310 discessisse
1191 4254 1489 4308 videbimus
1509 4263 1690 4307 annot.
1719 4253 1751 4306 4
1774 4254 1907 4323 (Col.
1941 4255 2063 4318 9l9,

488 4330 599 4401 me)
617 4335 665 4383 in
680 4330 833 4401 epist.
855 4327 943 4387 8‘5,
960 4326 1147 4401 iisdem
1163 4326 1371 4379 clericis
1386 4341 1560 4378 rerum
1574 4335 1840 4401 gestarum
1856 4326 2065 4401 relatio-

486 4395 610 4455 nem
638 4395 970 4454 ad‘Leonem
1000 4398 1281 4456 dederunt,
1323 4412 1441 4465 qua:
1464 4410 1582 4448 cum
1614 4395 1840 4447 Anatolii
1876 4395 2064 4465 litteris

486 4472 661 4526 eidem
694 4469 932 4539 pontifici
965 4468 1157 4539 tradita
1186 4466 1311 4531 fuit;
1342 4463 1594 4539 undere:
1615 4468 1860 4539 utrisque
1881 4463 2066 4518 didicit

487 4536 745 4609 quosdain
779 4540 1062 4608 episcopos
1093 4536 1269 4609 lapsos
1301 4536 2059 4609 reconciIiationetn_poscere,

486 4604 540 4665 et
570 4604 889 4667 catholicam
937 4604 1369 4661 communionem
1403 4607 1725 4658 desiderare.
1776 4604 1905 4657 Cum
1935 4622 2063 4660 vero

487 4682 706 4735 eosdem
744 4680 949 4747 legatos
982 4692 1074 4743 per
1103 4677 1201 4729 hoc
1230 4688 1439 4744 tempus
1468 4673 1925 4747 Constantinopoli
1950 4676 2060 4744 jain

484 4746 921 4805 discessisseLeo
945 4761 1311 4817 prazsumeret,
1355 4748 1475 4798 huic
1503 4746 1917 4799 reconciliationi
1942 4762 2063 4814 per-

483 4822 726 4875 ficienda
758 4835 947 4872 novam
974 4821 1288 4885 legationem
1319 4818 1645 4881 dirigentium
1674 4818 1970 4882 constituit,
1994 4818 2059 4871 ad

483 4908 642 4959 quam
664 4892 940 4944 referentia
961 4897 1081 4940 sunt
1099 4890 1371 4959 sequentia
1399 4904 1411 4938 :
1439 4886 1754 4951 Pariicipata
1777 4901 2061 4940 nostrorum

482 4958 612 5033 quos
644 4961 898 5033 misimus,
936 4969 1037 5012 etc.
1077 4958 1166 5033 Ila;
1195 4960 1311 5033 dum:
1352 4958 2061 5033 legitionesdistinguenda:

484 5027 634 5096 ἑυιιι,
664 5046 731 5084 ne
762 5030 990 5083 maxima
1035 5029 1279 5081 Cttttfusio
1325 5037 1588 5096 gignatur.
1640 5027 1712 5080 Ita
1754 5030 1801 5078 in
1834 5030 2059 5091 epistola

483 5104 726 5171 sequenti
751 5117 869 5167 cap.
900 5099 951 5163 2,
982 5100 1140 5151 verba
1168 5117 1179 5150 :
1214 5098 1357 5152 Illud
1388 5100 1592 5167 quidem
1633 5098 1767 5167 quod
1796 5100 2059 5168 pi-teseiili-

483 5176 573 5228 bus
601 5184 649 5227 et
691 5172 953 5241 agentibus
1000 5171 1184 5223 nostris
1220 5174 1546 5241 constitutum
1583 5180 1652 5221 est
1694 5174 2054 5239 approbamtts,

482 5246 548 5298 ad
580 5240 809 5311 priorem
844 5241 1157 5311 legationem
1194 5240 1487 5307 pertinent;
1520 5246 1677 5293 verba
1712 5254 1913 5301 autem,
1939 5257 2057 5309 qua:

486 5310 611 5369 mox
641 5314 992 5382 subjiciuntur
1025 5330 1037 5364 :
1067 5310 1172 5364 Sed
1202 5327 1316 5363 cum
1342 5312 1520 5382 legatis
1550 5311 1736 5363 nostris
1767 5328 1892 5380 quos
1916 5313 2061 5364 misi-

480 5381 760 5451 mus,etc.,
777 5392 1017 5451 spectant
1033 5381 1095 5434 ad
1117 5381 1430 5450 legationem
1452 5386 1759 5445 secundani,
1776 5397 1933 5449 qnam
1953 5397 2055 5436 iiiia

478 5473 600 5512 cum
634 5456 714 5509 his
738 5455 928 5508 litteris
946 5454 1307 5507 transmittere
1330 5451 1699 5514 meditabatur,
1726 5455 1817 5504 sed
1849 5454 2055 5506 distulit

479 5528 533 5583 in
568 5542 805 5581 mensam
831 5525 1069 5586 Junium,
1100 5526 1174 5577 uti
1204 5525 1604 5577 observavimus
1633 5534 1815 5575 atiiiot.
1844 5524 1872 5575 7
1898 5522 2051 5592 (Col.

479 5598 670 5660 909,".
687 5595 737 5667 ἀ)
758 5599 806 5648 in
832 5597 985 5667 epist.
1007 5594 1094 5649 78.
1124 5594 1217 5649 Hic
1242 5604 1491 5667 prieterea
1516 5603 1702 5667 notare
1722 5594 1867 5656 libet,
1891 5596 2052 5667 verba

482 5664 891 5734 laiidatm'epist.
921 5665 1009 5729 80,
1042 5682 1094 5719 c.
1116 5667 1172 5732 ‘2,
1204 5666 1335 5733 quod
1364 5665 1691 5730 praesentibus
1716 5674 1763 5715 et
1786 5664 2052 5733 agentibus

482 5739 665 5790 nostris
694 5746 1020 5789 constitutum
1043 5746 1134 5799 est,
1166 5737 1333 5790 videri
1360 5735 1580 5788 inniiere
1611 5752 1727 5802 quae
1759 5738 1914 5803 legati
1951 5736 2055 5801 pri-

486 5826 581 5857 iiia-
616 5808 894 5873 legationis
921 5817 1200 5873 gesserunt
1224 5810 1347 5861 dum
1377 5805 1834 5873 Constantinopoli
1867 5812 2052 5858 es~ent

484 5886 801 5932 praesentes:
833 5880 966 5929 sicut
994 5877 1221 5931 indicant
1250 5880 1405 5932 ctiatn
1436 5878 1520 5931 illa
1549 5891 1668 5945 cap.
1697 5877 1731 5930 5
1757 5892 1770 5927 :
1803 5874 2050 5928 Dilectio-

2169 3281 2348 3325 sentes
2393 3279 2574 3325 essent
2614 3287 2627 3323 :
2670 3284 2787 3338 quae
2832 3284 3016 3322 eorum
3066 3270 3361 3323 discessum
3402 3270 3754 3325 confirmant.

2171 3342 2305 3396 Hinc
2344 3337 2635 3396 de'iisdem
2667 3337 2786 3401 cap.
2824 3340 2844 3391 1
2882 3340 2939 3394 S.
2974 3342 3080 3393 Leo
3111 3340 3300 3393 scribit
3337 3358 3349 3393 :
3386 3338 3632 3393 Fratrum
3660 3359 3760 3396 no-

2170 3421 2410 3475 strorum,
2448 3428 2573 3481 quos
2614 3410 3107 3481 Constantinopolim
3137 3412 3456 3474 miseramus,
3500 3411 3758 3467 relatione

2170 3484 2539 3550 cognoscimus,
2591 3481 2677 3550 ubi
2730 3481 3117 3535 observandum
3172 3491 3378 3549 tempus
3428 3482 3756 3538 miserrimus.

2171 3552 2307 3607 Vide
2337 3560 2519 3605 annot.
2554 3552 2585 3605 5
2615 3549 2891 3622 (Col.915,
2909 3569 2961 3603 η.
2981 3552 3029 3620 ο)
3063 3552 3112 3604 in
3144 3550 3303 3619 epist.
3334 3565 3671 3622 sequentem.

2242 3633 2268 3670 ts
2312 3624 2429 3705 _\'at.
2460 3622 2612 3690 Isid.,
2648 3623 2828 3676 nostri.
2870 3621 2924 3675 ln
2960 3622 3080 3676 Vat.
3124 3622 3277 3692 Hisp.
3318 3621 3505 3678 errOre
3546 3623 3759 3680 librarii

2167 3706 2343 3747 υεδιη.

2241 3764 2269 3800 h
2309 3763 2435 3817 Val.
2468 3764 2616 3828 Hisp.
2647 3771 2699 3817 et
2726 3760 2880 3827 Isid,
2910 3760 3169 3826 affectum.

2248 3834 2264 3871 ί
2308 3834 2688 3902 Significantur
2711 3835 2769 3897 ii,
2799 3847 2934 3898 quos
2964 3833 3072 3885 Leo
3102 3834 3623 3903 Constantinopolim
3651 3834 3756 3891 mi—

2169 3907 2533 3975 sitlegatione
2551 3906 2804 3965 secunda,
2830 3903 2897 3956 de
2924 3919 3023 3971 qna
3052 3914 3235 3959 anttot.
3265 3903 3285 3942 ί
3318 3921 3496 3975 supra.

2244 3974 2259 4025 i
2314 3975 2612 4029 Vindebon.
2658 3974 2831 4041 Hisp.,
2866 3984 3111 4027 nostram.

2240 4044 2264 4082 ¹ι
2308 4045 2363 4099 Id
2392 4048 2580 4099 saltem
2606 4044 2790 4099 Romae
2816 4060 2908 4111 per
2931 4046 3030 4097 hoc
3062 4054 3271 4113 tempus
3302 4045 3592 4101 ferebatur.
3619 4045 3754 4100 Nul-

2168 4117 2275 4171 lum
2306 4133 2430 4169 vero
2462 4116 2693 4170 Eusebio
2723 4115 3052 4185 Dorylteensi
3080 4117 3426 4185 subrogatum
3459 4119 3621 4170 tradit
3656 4116 3755 4171 Li-

2169 4186 2387 4240 beratus
2412 4187 2462 4239 in
2492 4187 2762 4239 Breviario
2790 4200 2907 4254 eap.
2938 4186 3023 4251 Iit,
3057 4196 3115 4240 ut
3139 4188 3189 4240 in
3215 4188 3425 4256 postilla
3456 4188 3749 4257 marginali

2170 4258 2475 4311 observavit
2497 4256 2840 4323 Quesnellus.

2248 4325 2265 4364 ι
2314 4329 2383 4380 Ita
2412 4343 2475 4380 ex
2510 4328 2715 4393 Itatisp.
2754 4326 2996 4394 utrisque
3028 4326 3203 4394 Hisp.,
3251 4342 3348 4382 nec
3376 4342 3480 4381 non
3520 4343 3590 4381 ex
3625 4327 3750 4382 Vat.

2170 4396 2296 4458 Isid,
2341 4399 2566 4464 aliisque
2597 4413 2724 4450 mss.
2756 4398 2967 4450 collect.
3001 4400 3060 4451 11
3102 4408 3155 4450 et
3180 4397 3270 4463 24,
3302 4410 3461 4466 atque
3497 4400 3753 4462 exemplo

2167 4466 2438 4525 Sichardi,
2486 4468 2625 4521 Editi
2652 4482 2772 4521 cum
2802 4468 2959 4521 eodtl.
2992 4469 3204 4522 collect.
3248 4470 3342 4531 '21,
3368 4485 3399 4519 a
3428 4477 3595 4522 vestra
3633 4472 3750 4535 p‘e-

2089 4571 2140 4632 Β
2338 4539 2479 4605 Mox,
2524 4539 2777 4607 [acturam
2816 4552 2910 4607 pro
2944 4538 3111 4606 facere
3150 4540 3201 4593 iii
3248 4539 3366 4593 Vat.
3401 4539 3549 4607 llisp.
3584 4550 3752 4610 atque

2166 4608 2293 4663 Isid.

2234 4688 2273 4715 ω
2310 4679 2447 4733 Editi
2479 4694 2597 4733 cum
2630 4678 2830 4746 aliquot
2860 4678 3039 4744 codd.,
3070 4694 3319 4743 erronee,
3344 4679 3577 4744 faueatis.
3610 4678 3752 4734 Cor-

2164 4753 2405 4803 reximus
2431 4765 2493 4802 ex
2530 4765 2631 4803 ms.
2662 4749 2866 4813 Itatisp.
2901 4764 2962 4803 ac
2990 4765 3053 4803 ex
3083 4749 3199 4803 Vat.
3233 4750 3378 4817 Hisp.
3410 4760 3467 4804 et
3487 4749 3614 4802 Isid.

2235 4828 2262 4855 η
2305 4821 2677 4889 Inlelligunttir
2710 4821 2869 4888 legati
2900 4820 3129 4887 quicum
3161 4822 3243 4874 his
3276 4821 3469 4875 litteris
3497 4821 3747 4875 mittendi
3796 4828 3801 4835 '

2164 4892 2550 4953 credebantur;
2583 4890 2675 4943 sed
2715 4899 2915 4943 tantum
2948 4906 3131 4945 mense
3172 4891 3327 4943 Junio
3370 4889 3519 4944 missi
3550 4889 3707 4945 fuere
3730 4934 3745 4958 ,
3794 4892 3797 4901 ⁴

2164 4962 2240 5015 uti
2264 4962 2649 5028 explicavimus
2671 4969 2856 5014 annot.
2882 4964 2909 5013 7
2940 4958 3073 5030 (Col.
3089 4958 3353 5027 909.n.d)
3377 4961 3431 5014 in
3457 4962 3746 5029 epistolam

2164 5034 2585 5103 praecedentem.
2629 5031 2829 5103 confer
2863 5033 3022 5085 etiam
3064 5042 3248 5086 aiinot.
3280 5031 3340 5084 11
3380 5032 3571 5101 (supra
3597 5030 3658 5103 ί)
3693 5033 3745 5086 in

2163 5113 2483 5171 praesentem
2508 5102 2811 5169 epistolam.
2848 5102 2966 5155 PoSI
2994 5118 3186 5171 pauca,
3219 5119 3313 5170 pro
3334 5104 3586 5160 ordinari.
3612 5102 3744 5156 editi

2164 5184 2289 5226 ante
2320 5173 2520 5237 Quesu.
2554 5172 2771 5239 habent,
2802 5173 3067 5225 declinari.
3097 5173 3369 5239 Quesnelli
3401 5174 3743 5227 emendatio-

2163 5258 2281 5295 nem
2313 5261 2376 5295 ex
2410 5243 2721 5297 Grimanico
2763 5257 2825 5296 ac
2858 5245 3027 5295 tribus
3068 5246 3183 5297 aliis
3232 5244 3510 5299 codicibus
3552 5257 3743 5298 omnes

2163 5314 2331 5367 nostri
2361 5313 2566 5381 antiqui
2598 5313 2717 5365 libri
2748 5315 3063 5382 approbant.
3800 5322 3805 5327 ‘

2235 5393 2258 5419 ο
2299 5384 2383 5437 At.
2414 5383 2500 5437 60.
2528 5384 2657 5449 Quze
2681 5394 2857 5438 autem
2881 5396 3035 5439 antea
3062 5383 3131 5439 80
3156 5394 3291 5451 erat,
3316 5398 3458 5439 nunc
3481 5383 3587 5439 I06
3612 5382 3739 5441 Scr.

2160 5456 2229 5509 15
2259 5455 2453 5520 Aprilis
2478 5470 2566 5508 :in.
2594 5453 2720 5508 451.

2230 5535 2256 5573 r
2307 5527 2491 5578 Exstat
2530 5528 2583 5578 in
2621 5539 2752 5579 mss.
2785 5524 2996 5579 collect.
3024 5526 3089 5590 5,
3120 5525 3153 5580 8
3185 5523 3336 5591 Hisp.
3371 5523 3497 5578 Isid.
3537 5525 3629 5594 11,
3675 5524 3747 5581 12

2157 5605 2210 5649 et
2245 5596 2310 5651 18
2342 5611 2507 5664 usque
2532 5596 2597 5649 ad
2624 5594 2719 5660 24,
2747 5610 2809 5649 ac
2840 5597 2890 5648 in
2922 5596 3170 5664 exemplo
3203 5596 3472 5655 Sichardi,
3497 5610 3597 5650 nec
3628 5612 3743 5653 non

2157 5666 2208 5719 in
2236 5667 2322 5719 illo
2350 5682 2413 5720 ex
2439 5681 2547 5735 quo
2571 5670 2755 5734 prima:
2778 5667 3030 5721 Romana:
3056 5681 3366 5722 sermonum
3386 5666 3616 5722 editioni
3640 5667 3745 5722 ali-

2154 5747 2287 5805 quot
2305 5738 2545 5805 epistolte
2566 5739 2822 5805 subjecta:
2846 5742 3077 5792 luerunt.

2228 5817 2256 5857 ιι
2299 5809 2372 5863 lta
2400 5809 2522 5863 cod.
2550 5805 2723 5863 Grim.
2750 5808 3041 5875 Quesnello
3073 5815 3366 5863 annotante
3390 5807 3446 5863 in
3467 5807 3733 5879 margine.
