4014 6358
278 368 380 424 915

1619 354 1947 411 EPISTULA
1989 351 2201 409 LXXX.

3425 352 3528 405 ‘JH

342 483 457 553 ejus
484 479 700 553 scriptis
722 478 887 553 missis
929 479 1155 553 probata.
1184 508 1251 519 -—
1275 476 1457 553 ll._De
1484 475 1563 553 Itis
1592 474 1843 553 quimetu
1871 473 1921 531 Α
1948 478 2134 524 contra
2186 467 2476 538 potentiam
2528 477 2818 536 contraque
2858 473 3093 520 terrores
3139 478 3243 520 non
3290 464 3529 521 tenuisse

344 544 395 606 in
425 544 659 606 heresim
683 548 816 616 lapsi
840 544 976 611 sunt,
1003 559 1054 601 ut
1076 550 1118 602 si
1139 549 1363 601 conversi
1386 546 1571 615 fuerint
1593 544 1847 613 recipian-

344 620 649 677 tur.——lll.
700 620 773 672 De
810 620 1096 671 nominibus
1142 620 1491 672 haereticorum
1538 616 1604 668 ad
1650 631 1849 667 sacrum

342 696 504 748 altare
534 708 634 745 non
659 691 952 744 recitandis.
973 688 1143 745 —IV.
1180 690 1251 742 De
1280 687 1710 743 commendatione
1734 684 1848 756 [ΑΙ.

340 758 849 831 commemoratione]
880 759 1079 813 Iuliani
1125 762 1369 829 episcopi,
1397 760 1473 811 vel
1499 772 1674 831 eorum
1700 757 1849 809 cleri-

340 851 519 890 corum
546 834 633 904 qui
663 828 917 885 Flaviano
946 833 1183 902 episcopo
1214 834 1264 884 in
1292 831 1393 899 ﬁde
1418 828 1775 882 adhteserunt.

544 927 655 981 Leo
682 925 967 994 episcopus
994 925 1273 979 Anu-ouo
1313 924 1584 991 episcOpo.

335 1020 466 1074 CAP.
493 1018 535 1072 l.
558 1047 629 1059 —
649 1026 674 1054 ⁸
699 1016 1004 1073 Gaudemus
1037 1016 1086 1069 in
1122 1016 1366 1079 Domino,
1405 1022 1461 1069 et
1482 1014 1531 1067 in
1559 1012 1702 1067 dono
1731 1025 1851 1079 gra-

272 1111 353 1166 tiae
384 1111 554 1179 ipsius
575 1111 886 1180 gloriamur,
909 1106 938 1146 δ
964 1109 1072 1177 qui,
1106 1108 1243 1161 sicut
1264 1106 1566 1161 dilectionis
1591 1115 1692 1158 tua:
1717 1114 1738 1141 ε
1764 1104 1850 1157 lit-

271 1202 396 1256 teris
439 1210 495 1256 et
534 1202 753 1255 fratrum
802 1208 1109 1254 nostrorum
1151 1213 1286 1268 quos
1330 1196 1847 1265 Constantinopolim

270 1295 594 1350 miseramus
616 1294 875 1348 relatione
898 1292 1265 1362 cognovimus,
1297 1305 1581 1360 sequacem
1612 1299 1662 1343 te
1686 1304 1847 1343 evan-

266 1386 456 1457 gelicae
496 1385 811 1440 eruditionis
856 1383 1131 1437 ostendit:
1165 1392 1223 1437 ut
1266 1398 1360 1452 per
1388 1380 1685 1437 sacerdotis
1727 1395 1850 1451 pro-

268 1478 500 1534 habilem
533 1479 690 1533 [idem
733 1479 923 1532 merito
952 1492 1337 1543 praesumamus
1364 1476 1500 1545 quod
1526 1486 1633 1529 tota
1662 1474 1847 1528 Eccle-

266 1571 339 1625 sia
370 1572 553 1625 eidem
597 1568 797 1624 credita
839 1586 935 1624 nec
978 1584 1161 1639 rugam
1192 1569 1506 1638 cujusquam
1538 1568 1608 1621 sit
1648 1566 1848 1620 erroris

267 1660 511 1714 habitura
542 1675 640 1715 nec
670 1661 931 1713 maculam
954 1700 969 1724 ,
996 1659 1211 1714 dicente
1250 1658 1510 1728 Apostolo
1540 1674 1553 1710 :
1583 1656 1849 1728 Despondi

266 1754 393 1806 enim
438 1754 653 1825 1039
682 1770 765 1807 vos
810 1755 900 1807 uni
938 1754 1046 1806 viro
1093 1754 1336 1825 virginem
1382 1762 1573 1807 castam
1616 1752 1851 1806 exhibere

1964 560 1977 597 ί
2010 561 2397 626 constantiam,
2431 561 2521 614 sed
2555 561 2731 615 alieno
2760 557 2949 615 sceleri
2981 558 3275 629 praebuisse
3300 573 3531 614 consen~

1955 668 2095 718 sum,
2123 668 2246 707 cum
2274 653 2344 706 ita
2384 666 2478 707 eos
2506 651 2733 706 formido
2763 651 3034 706 turbasset
3065 661 3122 706 ut
3148 652 3200 705 in
3227 652 3530 706 damnatio-

1955 761 2076 800 nem
2107 745 2356 799 catholici
2382 754 2541 813 atque
2571 744 2871 798 innocentis
2898 742 3172 805 antistitis,
3207 752 3258 797 et
3289 743 3339 796 in
3375 758 3532 797 rece«

1954 836 2192 907 ptionem
2235 835 2564 890 detestabilis
2606 834 2881 904 pravitatis
2912 834 3118 902 trepido
3148 832 3533 887 famularentur

1953 928 2231 996 obsequio,
2259 926 2384 980 illud
2408 925 2620 995 quidem
2644 924 2783 994 quod
2810 925 3163 994 praesentibus
3179 934 3233 978 et
3253 926 3532 991 agentibus

1957 1018 1971 1068 i
2006 1019 2201 1072 nostris
2231 1021 2578 1073 coostitutum
2607 1026 2688 1071 est
2708 1019 3090 1085 approbamus,
3121 1025 3180 1070 ut
3204 1031 3418 1070 suarum
3453 1017 3533 1069 in-

1952 1112 2104 1165 terim
2141 1110 2494 1164 Ecclesiarum
2519 1117 2701 1163 essent
2726 1108 3103 1163 communione
3138 1110 3404 1173 contenti;
3434 1107 3532 1162 sed

1952 1220 2073 1260 cum
2116 1204 2303 1273 legatis
2349 1204 2545 1257 nostris
2570 1216 2705 1271 quos
2733 1202 2972 1254 misimus
3004 1201 3319 1268 participata
3351 1211 3530 1254 tecum

1953 1296 2310 1349 sollicitudine
2357 1296 2599 1348 volumus
2653 1293 2999 1363 disponatur,
3041 1302 3306 1361 quatenus
3348 1290 3399 1344 lii
3444 1291 3535 1361 qui

1959 1386 2168 1459 1040
2211 1388 2387 1456 plenis
2438 1385 2890 1440 satisfactionibus
2952 1384 3090 1439 male
3145 1395 3291 1453 gesta
3337 1383 3538 1437 conde-
3610 1440 3613 1443 _

1955 1493 2161 1544 mnam,
2193 1489 2246 1534 et
2276 1477 2300 1516 ¹ί
2326 1494 2581 1533 accusare
2604 1493 2663 1531 se
2701 1476 2870 1547 magis
2915 1477 3118 1545 eligunt
3158 1489 3315 1543 quam
3366 1474 3531 1538 tueri,

1955 1575 2098 1642 pacis
2120 1581 2174 1627 et
2199 1572 2592 1627 communionis
2618 1580 2817 1625 nostra:
2843 1570 3046 1624 unitate
3069 1570 3350 1635 laetentur;
3382 1570 3453 1624 ita
3473 1578 3533 1625 ut

1954 1664 2113 1734 digno
2136 1666 2282 1733 prius
2309 1664 2646 1718 anathemate
2671 1678 2791 1731 quas
2812 1671 2997 1716 contra
3029 1661 3184 1715 fidem
3210 1661 3532 1716 catholicam

1954 1765 2073 1810 sunt
2112 1765 2322 1824 recepta
2363 1754 2705 1808 damnentur.
2747 1754 2912 1808 Aliter
2959 1753 3100 1807 enim
3139 1749 3154 1789 ¹
3192 1753 3241 1805 in
3283 1752 3526 1807 Ecclesia

267 1842 469 1897 Christo
498 1845 576 1915 (ll
606 1843 723 1897 Cor.
756 1860 831 1915 xx,
858 1844 951 1915 2).
983 1844 1076 1898 illa
1103 1852 1185 1898 est
1213 1844 1354 1897 enim
1386 1845 1534 1912 virgo
1574 1843 1843 1907 Ecclesia,
1878 1853 1925 1913 Β
1954 1848 2070 1913 Dei,
2103 1862 2221 1916 quae
2250 1861 2443 1915 corpus
2470 1855 2551 1900 est
2582 1845 2808 1910 Christi,
2837 1860 2938 1900 nec.
2965 1854 3004 1881 ω
3036 1855 3150 1899 rata
3191 1854 3315 1899 sunt
3353 1859 3531 1900 sacer-

270 1950 473 2005 sponsa
502 1936 660 1990 unius
688 1935 786 1990 viri
825 1936 1049 2000 Christi,
1080 1951 1199 2006 quae
1229 1935 1379 1990 nullo
1418 1950 1477 1989 se
1521 1936 1717 2004 patitur
1754 1950 1842 1988 er-

264 2044 383 2083 rore
431 2029 615 2084 vitiari
645 2046 658 2084 :
688 2038 745 2083 ut
784 2045 878 2100 per
907 2041 1074 2085 totum
1120 2030 1375 2084 mundum
1422 2044 1527 2083 una
1575 2028 1728 2083 nobis
1776 2028 1846 2083 sit

264 2121 417 2175 unius
447 2130 611 2176 castze
641 2122 1038 2177 communionis
1066 2122 1370 2191 integritas,
1402 2121 1454 2175 in
1488 2136 1588 2191 qua
1618 2121 1849 2175 societa-

264 2218 368 2265 tem
399 2218 511 2265 tua:
539 2210 843 2267 dileCtionis
871 2213 1279 2281 amplectimur;
1303 2222 1357 2267 et
1382 2210 1409 2249 ά
1433 2222 1704 2281 gestorum
1728 2227 1845 2281 quae

267 2304 617 2371 sumpsimus,
660 2303 857 2358 seriem
887 2304 1224 2370 necessariis,
1267 2306 1405 2359 sicut
1434 2306 1688 2372 oportuit,
1732 2319 1847 2358 tnu-

265 2391 432 2447 nitam
458 2393 946 2463 subscriptionibus
971 2397 1350 2465 approbemus.
1375 2394 1443 2450 Ut
1469 2409 1597 2465 ergo
1619 2394 1845 2449 invicem

263 2485 575 2542 dilectionis
619 2494 722 2541 tua:
761 2488 970 2542 animus
1024 2488 1219 2542 nostris
1259 2488 1667 2543 confirmaretur
1713 2488 1846 2541 allo~

270 2579 434 2649 quiis,
470 2578 613 2633 ﬁlios
645 2588 859 2633 nostros
883 2589 906 2617 °
932 2578 1229 2634 Casterium
1258 2581 1648 2651 presbyterum,
1678 2581 1848 2634 Patri-

267 2673 406 2726 cium
430 2681 489 2726 et
510 2672 883 2741 Asclepiadem
909 2672 1181 2736 diaconos,
1210 2674 1298 2743 qui
1322 2673 1388 2726 ad
1414 2690 1511 2727 nos
1542 2683 1625 2726 tua
1649 2673 1847 2742 scripta

265 2761 285 2800 ί
317 2764 655 2827 detulerunt,
684 2780 803 2819 cum
835 2766 1078 2834 epistolis
1106 2765 1304 2819 nostris
1336 2775 1455 2835 post
1484 2765 1847 2820 venerabilem

264 2863 287 2903 s
318 2855 464 2909 diem
490 2856 609 2910 festi
641 2855 904 2924 paschalis
935 2856 1262 2919 remisimus,
1302 2856 1603 2910 indicantes
1638 2870 1758 2921 nos,
1789 2864 1849 2909 ut

262 2963 422 3018 supra
449 2949 707 3017 diximus,
727 2948 794 3003 de
812 2948 1419 3017 Constantinopolitanae
1443 2948 1697 3003 Ecclesia:
1721 2963 1849 3017 pace

262 3040 519 3111 gaudere,
568 3043 651 3097 cui
701 3042 839 3096 hanc
880 3056 1063 3096 curam
1110 3056 1325 3110 semper
1378 3041 1756 3110 impendimus,
1791 3046 1852 3094 ut

262 3148 379 3189 eam
410 3135 558 3189 nulla
581 3135 810 3190 velimus
835 3134 1207 3189 haereticorum
1241 3134 1425 3189 fraude
1453 3134 1661 3187 violari.

1950 1942 2115 2005 dolia,
2150 1955 2249 1995 nec
2290 1955 2411 1995 vera
2442 1940 2725 2001 sacriﬁcia.
2759 1940 2861 1993 nisi
2886 1942 2936 1993 in
2980 1948 3179 1993 nostra:
3210 1940 3534 2008 proprietate

1950 2046 2156 2089 naturae
2182 2047 2345 2088 verus
2369 2048 2467 2087 nos
2490 2031 2739 2086 Pomifex
2764 2030 3094 2094 reconciliet,
3118 2038 3148 2066 ιι
3169 2044 3327 2083 verus
3347 2029 3535 2084 imma-

1950 2126 2109 2182 culati
2136 2125 2271 2195 Agni
2314 2125 2531 2195 sanguis
2559 2126 2833 2180 emundet.
2881 2124 2983 2190 Qui
3030 2123 3152 2177 licet
3178 2122 3230 2176 in
3264 2122 3438 2177 Patris
3464 2123 3535 2178 sit

1950 2219 2168 2273 dextera
2221 2219 2575 2284 constitutus,
2624 2218 2676 2271 in
2724 2216 2913 2271 eadem
2961 2226 3136 2270 tamen
3167 2229 3329 2270 carne
3367 2229 3527 2282 quam

1950 2311 2175 2380 sumpsit
2198 2325 2261 2364 ex
2286 2309 2506 2379 Virgine
2524 2300 2931 2363 sacramentum
2958 2307 3348 2376 propitiationis
3378 2319 3535 2360 exse-

1949 2406 2150 2475 quitur,
2176 2404 2391 2459 dicente
2418 2403 2673 2471 Apostolo
2699 2420 2712 2454 :
2738 2400 2971 2455 Christus
2998 2401 3170 2465 Iesus,
3195 2401 3283 2471 qui
3304 2410 3536 2453 mortuus

1950 2506 2044 2561 est,
2077 2498 2230 2550 immo
2260 2496 2348 2567 qui
2379 2506 2422 2549 et
2453 2496 2749 2560 resurrexit,
2792 2496 2883 2563 qui
2920 2504 2991 2547 est
3016 2502 3041 2529 ο
3072 2494 3124 2545 in
3165 2492 3371 2546 dextera
3398 2490 3532 2557 Dei,

1950 2588 2038 2656 qui
2064 2587 2215 2640 etiam
2246 2587 2537 2657 interpellat
2559 2602 2651 2655 pro
2673 2584 2815 2638 nobis
2839 2584 2859 2656 (
2881 2584 3028 2637 Rom.
3054 2598 3165 2649 vui,
3193 2584 3260 2637 54
3278 2582 3320 2653 ).
3352 2582 3537 2651 Neque

1951 2680 2093 2734 enim
2142 2687 2318 2748 potest
2340 2680 2390 2733 in
2411 2680 2587 2747 aliqua
2614 2678 2915 2747 benignitas
2947 2685 3127 2730 nostra
3171 2676 3532 2745 reprehendi,

1952 2784 2072 2824 cum
2102 2769 2494 2824 satisfacientes
2527 2768 2819 2838 recipimus
2846 2781 2983 2835 quos
3011 2766 3278 2821 doluimus
3304 2780 3423 2822 esse
3442 2766 3536 2822 de-

1953 2872 2158 2932 ceptos.
2185 2862 2293 2916 Nec
2323 2877 2515 2931 aspere
2537 2861 2700 2931 igitur
2723 2854 3117 2913 communionis
3144 2866 3342 2911 nostrae
3366 2857 3534 2924 gratia

1953 2953 2262 3021 deneganda
2307 2960 2419 3017 est,
2466 2967 2565 3006 nec
2608 2959 2814 3005 temere
2864 2949 3130 3018 largienda
3158 2966 3171 3000 :
3199 2949 3325 3017 quia
3374 2948 3535 3003 Stcur

1952 3062 2163 3101 anuuu
2192 3045 2408 3115 pietatis
2437 3051 2522 3099 est
2548 3045 2822 3113 OppreSSlS
2852 3043 3168 3097 charitatem
3201 3041 3534 3096 Dominicam

1956 3136 2244 3201 redhiberi,
2276 3137 2345 3189 ita
2371 3146 2397 3184 P
2424 3135 2633 3204 justum
2663 3146 2747 3189 est
2783 3134 2962 3188 omnia
2988 3132 3405 3202 perturbationis
3434 3147 3533 3186 au-

330 3226 464 3280 Cn.
493 3225 646 3281 ll.—
667 3226 740 3281 De
778 3227 1037 3280 fratribus
1072 3240 1204 3279 vero
1234 3241 1366 3294 quos
1391 3234 1445 3281 et
1473 3225 1718 3294 epistolis
1743 3224 1846 3279 tuis
1873 3236 1918 3299 ρ
1951 3230 2190 3284 ctoribus
2219 3228 2490 3298 imputari.

261 3326 315 3373 et
345 3318 647 3387 legatorum
689 3330 994 3373 nosuorum
1027 3317 1290 3372 relatione
1319 3316 1713 3370 communionis
1750 3331 1846 3370 no-

261 3418 390 3466 stra:
409 3407 442 3446 ιι
467 3410 691 3479 cupidos
715 3424 833 3465 esse
858 3410 1231 3481 cognovimus,
1263 3424 1328 3463 eo
1351 3410 1493 3480 quod
1530 3408 1746 3463 doleant
1774 3423 1834 3464 se

332 3581 358 3608 ⁸
402 3570 503 3626 Ms.
570 3570 689 3623 Vat.
737 3569 920 3636 Hisp.,
971 3566 1328 3631 Gaudeamus,
1381 3582 1500 3622 cum
1546 3570 1843 3636 exemplari

298 3642 454 3695 rima:
500 3640 773 3702 editionis,
820 3648 873 3693 et
900 3655 1019 3693 cum
1062 3655 1191 3692 mss.
1235 3638 1445 3693 collect.
1495 3640 1585 3704 ει,
1614 3644 1699 3692 ac.
1736 3654 1847 3694 uno

312 3724 386 3767 at.
410 3712 630 3766 collect.
662 3712 748 3774 ει,
784 3710 835 3763 in
863 3710 1057 3779 quibus
1089 3722 1207 3777 post
1237 3724 1426 3777 pauca,
1456 3712 1755 3779 gloriemur.

334 3782 365 3821 δ
408 3784 547 3837 Tres
574 3782 808 3847 codices,
840 3781 982 3850 quia.
1022 3780 1223 3848 Vulgati
1250 3792 1374 3833 ante
1396 3780 1621 3845 Qucsn.,
1655 3782 1844 3850 quia...

265 3854 512 3907 ostendis.

338 3935 361 3962 ε
403 3924 533 3977 Ηερο
578 3922 847 3977 distinctio
897 3923 1180 3975 litterarum
1226 3920 1455 3973 Anatolii
1493 3930 1545 3975 et
1575 3920 1849 3975 relationis

263 3994 567 4062 legatorum
599 3993 833 4047 indicare
858 3992 1021 4046 videri
1053 4000 1231 4059 potest
1255 3992 1458 4062 legatos
1484 4008 1585 4043 non
1616 4006 1708 4056 per
1728 3995 1847 4054 epi-

263 4061 467 4127 Stolas,
502 4065 597 4117 sed
629 4066 745 4116 viva
795 4079 925 4116 voce
971 4066 1217 4115 retulisse
1246 4076 1363 4129 quae
1410 4061 1506 4114 hac
1536 4062 1586 4114 in
1621 4063 1848 4127 epistola

261 4145 656 4197 memorantur,
680 4148 742 4187 ac
768 4134 810 4186 si
841 4135 946 4200 jam
981 4132 1201 4185 Romam
1236 4136 1594 4200 pervenerint.
1632 4132 1733 4186 Sed
1763 4149 1846 4184 re-

267 4207 477 4259 lationis
509 4208 723 4257 nomine
754 4205 860 4257 Leo
891 4220 1014 4256 usus
1047 4214 1127 4255 est
1158 4204 1207 4255 in
1239 4205 1463 4268 epismla
1501 4202 1846 4269 princedenti,

266 4290 319 4331 c.
347 4274 402 4338 2,
438 4291 560 4329 cum
606 4278 913 4341 loqueretur
936 4276 1002 4327 de
1030 4273 1297 4336 Anatolio,
1331 4273 1420 4341 qui
1452 4288 1579 4327 sane
1613 4288 1706 4339 per
1731 4275 1849 4334 epi-

267 4348 464 4399 stolam
493 4345 709 4409 retulit;
736 4362 796 4399 ac
827 4358 1084 4412 practerea
1107 4359 1199 4397 eos
1227 4345 1431 4411 legatos
1458 4346 1627 4396 serius
1659 4344 1709 4395 in
1743 4342 1849 4398 Ur-

264 4415 389 4471 bem
438 4416 709 4485 ingressos
751 4417 954 4484 patebit
985 4430 1048 4469 ex
1080 4424 1263 4468 annot.
1294 4416 1328 4468 4
1362 4412 1509 4485 (Col.
1545 4416 1669 4480 919,
1705 4430 1757 4465 η.
1787 4414 1847 4484 ο)

264 4488 317 4541 in
352 4484 514 4554 epist.
546 4484 633 4539 85.

339 4556 367 4592 ἀ
412 4558 615 4609 llorum
641 4566 913 4625 gestorum
942 4556 1315 4625 lragmentum,
1346 4555 1485 4623 quod
1509 4564 1757 4623 superest
1782 4571 1850 4609 ex

265 4626 387 4681 Vita
412 4628 470 4680 S.
498 4628 730 4680 Abundii
752 4627 1043 4694 apostolica
1070 4626 1334 4694 legatiOne
1358 4625 1544 4691 tuneti,
1574 4628 1623 4679 in
1649 4640 1848 4695 appen-

266 4697 387 4752 dice
416 4698 628 4751 edetur.

344 4778 370 4805 ε
410 4766 544 4821 Cod.
569 4766 829 4820 Vallicell.
854 4765 919 4827 A,
949 4768 981 4820 5
1001 4766 1216 4821 collect.
1242 4766 1274 4820 8
1295 4774 1349 4819 et
1370 4768 1642 4834 exemplar
1665 4767 1850 4833 prima:

267 4839 543 4921 editionis,
591 4835 875 4921 C‘a‘leriuml.‘
908 4836 1021 4919 Vat.
1069 4838 1207 4892 58t5
1237 4837 1493 4921 .ejusd‘e-m
1533 4837 1750 4921 collect.
1778 4837 1844 4903 8,
1879 4862 1929 4921 ι)

266 4907 593 4964 Carnerium.
628 4909 945 4973 Quesnellus
990 4906 1042 4960 in
1085 4908 1357 4975 margine:
1384 4909 1493 4970 AL,
1528 4906 1847 4975 Castorium,

266 4978 720 5103 velnCartzeqium;
766 4977 909 5047 quod
942 4989 1267 5047 postremum
1308 4978 1607 5033 invenimus
1632 4979 1686 5032 in
1717 4993 1846 5032 mss.

268 5066 335 5103 co
385 5059 483 5103 ect.
589 5090 603 5103 .

268 5052 747 5182 εοιιθὸῑῆιῗειονθῑη
781 5119 1084 5172 detulerant.
1126 5118 1302 5173 Prima
1350 5119 1535 5186 editio,
1572 5119 1657 5187 qui
1685 5128 1848 5171 uestra

272 5191 469 5242 scripta
499 5190 811 5242 detulerunt.

272 5199 469 5259 scripta
499 5199 811 5242 detulerunt.

347 5268 376 5305 8
413 5262 731 5328 Exemplum
759 5261 946 5328 primae
967 5259 1239 5324 editionis,
1262 5258 1397 5312 diem
1422 5261 1604 5329 festum
1631 5258 1849 5329 pascha-

270 5332 395 5383 lem.
426 5332 556 5385 Cod.
586 5330 781 5394 Grim.,
808 5332 942 5385 diem
972 5329 1189 5384 Pascltte
1215 5328 1494 5382 emisimus.
1523 5328 1654 5383 cum
1687 5330 1847 5384 cleri~

270 5402 356 5454 cis
402 5397 1006 5469 ConstantinOpolitanis
1052 5400 1140 5454 hic
1186 5403 1494 5453 memoratis
1536 5400 1617 5453 has
1658 5402 1848 5455 littera:

271 5472 485 5524 tradita:
544 5471 780 5535 fuerint,
838 5472 1165 5534 praeteritum
1229 5482 1433 5538 tempus
1477 5471 1767 5523 remisimus
1817 5485 1845 5524 a

273 5540 457 5596 Leone
477 5543 753 5609 accipitur,
779 5543 853 5596 uti
874 5544 1255 5612 esplicavimus
1281 5551 1463 5595 annot.
1497 5539 1693 5613 7(Col.
1717 5539 1845 5605 909,

274 5629 329 5663 η.
366 5610 415 5667 ά)
449 5614 497 5665 in
530 5610 688 5667 epist.
716 5614 804 5667 78.
1673 5663 1689 5667 ,

274 5629 329 5663 n.
355 5616 415 5717 l:1)
449 5616 505 5694 in.
530 5616 804 5695 epist..7.8.
952 5684 964 5696 .
1007 5685 1018 5696 _
1172 5684 1182 5696 _
1671 5663 1689 5677 .

424 5684 602 5737 Prima
629 5684 813 5749 editio,
845 5684 1140 5754 cupiditate~
1164 5685 1507 5754 inﬂammatos
1535 5695 1665 5737 esse.
1719 5683 1850 5738 Post

276 5768 446 5824 pauca
484 5754 788 5809 Vindebon.
831 5752 980 5823 Hisp.
1023 5764 1077 5808 et
1106 5752 1229 5807 Vat.
1265 5753 1476 5809 collect.
1524 5755 1622 5817 11,
1667 5762 1848 5809 contra

278 5823 649 5891 impotentiam,
683 5824 736 5882 id
764 5834 865 5893 est,
891 5824 1292 5879 immoderatam
1322 5823 1632 5894 potentiam.

2023 3321 2149 3375 Cn.
2180 3321 2265 3375 Ill.
2290 3350 2362 3360 —
2383 3321 2459 3373 De
2480 3319 2787 3373 nominibus
2814 3326 2990 3371 autem
3015 3325 3045 3366 ει
3072 3315 3341 3382 Dioscori,
3374 3314 3535 3369 Juve-

1943 3414 2080 3467 nalis
2103 3422 2155 3466 et
2185 3411 2448 3466 Enstathii
2476 3411 2541 3464 ad
2569 3424 2780 3464 sacrum
2810 3409 2980 3462 altare
3013 3407 3038 3437 τ
3072 3404 3367 3461 recitandis
3396 3405 3533 3460 dile-

2028 3570 2046 3609 ί
2094 3570 2211 3624 Vat.
2262 3570 2438 3635 Hisp.,
2471 3569 2795 3622 sententiam.
2837 3566 2953 3619 Mox
2984 3580 3102 3619 cum
3138 3564 3388 3617 Merlinus
3417 3564 3534 3619 sine

1948 3642 2053 3696 ulla
2086 3641 2396 3709 interposita
2432 3640 2685 3706 particula
2712 3638 2959 3709 ediderit,
2986 3636 3337 3709 constantiam
3365 3635 3532 3709 alieno

1948 3714 2150 3772 sceleri,
2184 3704 2305 3764 ante
2336 3704 2522 3763 Vocem
2554 3710 2721 3761 alieno
2766 3707 2943 3760 addita
2977 3706 3076 3759 fuit
3103 3705 3154 3758 in
3201 3704 3529 3758 etlitionibus

1950 3783 2208 3851 partienla
2239 3781 2348 3845 sed,
2381 3797 2539 3849 quam
2566 3781 2773 3843 quidem
2808 3778 3109 3851 invenimus
3138 3775 3527 3851 in__Vinde_liop.

1950 3846 2126 3916 Hisp.,
2157 3854 2207 3905 in
2243 3853 2358 3904 Vat.
2400 3846 2619 3904 i-ollect.
2648 3853 2679 3904 5
2710 3858 2763 3902 et
2804 3850 2854 3901 in
2899 3847 3108 3920 duobus
3135 3846 3348 3920 colli-ct.
3380 3846 3434 3899 8.
3467 3850 3535 3920 At

1950 3927 2128 3976 caueri
2164 3938 2353 3976 novem
2381 3920 2598 3975 codices
2622 3922 2958 3973 diversarum
2983 3917 3360 3972 collectionum
3394 3917 3533 3985 prae;

1950 3994 2127 4047 ferunt
2154 4003 2221 4046 et.

2026 4064 2039 4112 ἱ
2091 4063 2223 4117 Vide
2252 4070 2435 4115 annot.
2463 4065 2519 4116 il
2552 4060 2686 4130 (Col.
2711 4059 2808 4112 9H
2836 4076 2889 4112 η.
2913 4057 2958 4125 τ)
2979 4059 3029 4111 in
3054 4057 3209 4125 epist.
3236 4055 3538 4130 prteceden-

1953 4142 2058 4186 tem
2085 4175 2099 4198 ,
2140 4137 2226 4187 ubi
2255 4135 2337 4185 hic
2382 4127 2585 4200 legatos
2612 4172 2625 4192 ,
2676 4130 2765 4197 qui
2822 4139 2975 4182 antea
3011 4127 3531 4200 Constantinopolim

1952 4205 2099 4257 missi
2143 4206 2383 4266 fuerant,
2407 4199 2529 4255 dein
2560 4218 2686 4254 vero
2711 4202 2842 4251 alios
2877 4204 3094 4268 legatos,
3130 4200 3217 4265 qui
3258 4199 3535 4250 transmit-

1953 4274 2097 4327 tendi
2138 4285 2311 4338 erant,
2362 4274 2581 4325 indicari
2620 4270 2971 4324 ostendimus.
3009 4271 3062 4322 In
3113 4268 3269 4320 verba
3314 4278 3527 4333 autem,

1952 4356 2006 4397 ut
2056 4362 2264 4397 suarum
2315 4345 2519 4397 interim
2563 4343 2905 4395 Ecclesiarum
2959 4350 3125 4394 essent
3181 4341 3533 4391 communione

1953 4420 2194 4479 contenti,
2222 4416 2406 4468 confer
2438 4424 2548 4466 not.
2583 4416 2602 4467 1
2634 4414 2832 4478 Quesn.

2026 4483 2052 4522 ¹ί
2107 4478 2221 4539 Vat.
2256 4486 2403 4552 Hisp.
2434 4497 2480 4536 et
2512 4485 2647 4536 alius
2683 4482 2798 4536 Vat.
2829 4482 3038 4538 collect.
3069 4482 3157 4545 ll,
3188 4478 3440 4552 accusari.

2031 4554 2048 4591 ι
2096 4558 2118 4609 1
2153 4573 2241 4624 qu.
2284 4550 2429 4612 1.81::
2463 4553 2689 4607 Ecclesia
2720 4552 2819 4604 Dei
2852 4571 2949 4623 qua
2980 4569 3183 4621 corpus,
3205 4567 3263 4624 c.
3293 4550 3380 4603 68.

2026 4636 2067 4663 ω
2104 4618 2275 4680 (Σόόό.
2306 4626 2516 4679 Colle-ct.
2562 4626 2594 4678 8
2620 4639 2740 4677 cum
2782 4618 3091 4678 Gritnanico
3134 4618 3350 4675 collect.
3384 4619 3448 4674 18
3477 4626 3534 4674 et

1955 4695 2248 4750 Barherino
2292 4697 2503 4751 collect.
2551 4696 2614 4757 5,
2662 4705 2863 4749 sacrata
2905 4702 3043 4748 sunt.
3094 4694 3271 4746 Prima
3318 4689 3483 4745 editio
3511 4730 3529 4757 ,

1952 4783 2119 4821 sacra.
3224 4794 3229 4797 ‘

2027 4846 2053 4873 ιι
2093 4838 2225 4892 Cod.
2278 4836 2397 4892 Vat.
2449 4836 2659 4892 collect.
2711 4837 2765 4903 3,
2809 4845 2863 4891 et
2903 4848 3041 4889 unus
3088 4833 3303 4888 collect.
3332 4831 3436 4901 Ξιι,
3481 4838 3531 4884 et

1954 4924 2121 4961 verus.

2029 4986 2053 5013 °
2096 4979 2241 5035 Unus
2283 4977 2406 5033 cod.
2442 4977 2586 5045 Vat.,
2613 4980 2680 5031 ad
2724 4979 3007 5031 dexteram.
3051 4975 3173 5030 Mox
3214 4973 3376 5030 codd.
3405 4970 3528 5028 Vat.

1956 5049 2107 5118 Hisp.
2141 5058 2197 5103 et
2225 5048 2370 5114 lsid.,
2399 5046 2580 5119 Neque
2604 5051 2737 5102 enim
2768 5050 2972 5118 poterit.

2026 5113 2067 5167 ν’
2094 5120 2223 5173 Cod.
2256 5120 2374 5173 Vat.
2408 5113 2532 5172 Isid.
2566 5130 2617 5174 et
2638 5113 2777 5171 alios
2792 5119 3004 5172 collect.
3043 5116 3131 5184 H,
3160 5129 3280 5170 cum
3312 5113 3526 5167 duobus
3585 5162 3587 5164 .

1953 5189 2242 5254 Thuaneis,
2286 5200 2339 5243 et
2371 5204 2475 5243 uno
2511 5189 2818 5259 Cantabrig.
2866 5187 3169 5255 Quesnelli,
3198 5193 3405 5257 justum
3450 5191 3527 5236 est

1955 5263 2127 5313 omnia
2158 5260 2494 5331 perturbantis
2519 5262 2872 5313 auctoritatem
2891 5259 3169 5329 amputari.

2023 5333 2051 5373 ε
2094 5331 2225 5384 Vide
2254 5342 2435 5383 notam
2464 5329 2499 5381 2
2527 5331 2824 5397 Quesnclli.

2028 5411 2050 5438 τ
2080 5401 2218 5454 Editi
2265 5416 2384 5454 cum
2419 5392 2657 5470 utrisque
2686 5402 2835 5469 Hisp.
2876 5399 3098 5470 aliisque
3138 5392 3522 5465 posterioribus
3574 5404 3581 5421 ‘

1954 5471 2364 5526 collec1ionibus
2393 5469 2636 5525 inserunt
2663 5488 2785 5527 non.
2816 5469 3122 5524 Delevimus
3144 5476 3317 5519 autem
3341 5472 3527 5517 aucto-

1954 5544 2111 5596 ritate
2153 5541 2580 5610 prarstantiorum
2623 5550 2677 5595 et
2704 5543 3051 5595 vetustiorum
3099 5535 3476 5610 collectionum
3503 5572 3521 5599 ,
3572 5550 3575 5581 ε

1954 5604 2203 5668 nimirum
2250 5627 2351 5667 ms.
2397 5611 2517 5683 Vat.
2549 5613 2760 5667 collect.
2788 5613 2842 5678 5,
2876 5612 3099 5683 duorum
3131 5609 3343 5683 collect.
3375 5604 3439 5668 8,
3473 5613 3527 5683 et
3566 5612 3569 5621 '

1951 5684 2378 5752 prasstantissimi
2404 5682 2607 5751 Ratisp.
2632 5677 2843 5754 collect.
2872 5682 3106 5754 t9,_cum
3131 5677 3321 5754 quibus
3347 5677 3528 5754 conci-

1960 5743 2093 5824 nunt
2149 5754 2473 5824 exemplaria
2532 5743 2715 5823 prima:
2757 5743 3211 5824 editionisatque
3258 5743 3525 5824 Si_c_hardi.

1952 5822 2241 5881 Enimvero
2288 5815 2388 5878 liae
2426 5826 2478 5878 iu
2528 5815 2587 5878 re
2626 5822 2905 5878 Anatolius
2953 5815 3225 5876 dubitasse
3274 5815 3525 5880 videtur.
