4014 6358
503 333 607 393 915

502 451 731 505 ctiouem
781 456 922 509 tuam
952 444 1052 501 hoc
1078 439 1231 497 decet
1268 434 1557 501 custodire,
1601 430 1742 503 quod
1775 430 1941 487 nostri
1975 428 2074 483 ibi-
2100 433 2154 497 Α

503 544 626 600 dem
667 539 944 599 constituti
986 533 1280 593 iaciendum
1327 544 1446 587 esse
1491 527 1771 595 dixerunt,
1825 524 2077 595 quodque

502 633 829 691 honoranda:
857 630 912 687 S.
943 628 1179 685 Flaviani
1207 625 1481 683 memorize
1517 636 1625 677 non
1652 628 1932 690 repugnet,
1965 627 2018 673 et
2046 631 2078 673 a

502 731 668 801 gratia
690 738 774 782 tua
795 724 1111 779 Christianae
1136 720 1305 790 plebis
1325 718 1533 774 animos
1562 730 1671 772 non
1693 721 1915 769 avertat.
1943 711 2075 767 Nam

506 831 531 859 ³
562 822 803 889 iniquum
831 815 990 877 nimis
1017 824 1099 871 est
1124 823 1285 883 atque
1307 812 1661 879 incongruum
1688 820 1786 863 eos
1811 806 1899 874 qui
1931 804 2081 859 inno-

503 924 684 971 centes
711 922 762 966 et
790 907 1083 965 catholicos
1114 920 1208 959 sua
1252 902 1624 975 persecutione
1655 906 1915 957 vesarunt
1956 912 2079 952 san-

503 1014 711 1063 ctorum
745 1002 960 1075 10h],
987 999 1294 1055 nominibus
1321 997 1440 1055 siue
1468 995 1795 1052 discretione
1827 992 2077 1057 misceri;
2133 1012 2135 1015 ι

503 1113 624 1154 cum
662 1100 965 1151 damnatam
996 1092 1324 1161 impietatem
1354 1104 1462 1145 non
1496 1088 1805 1145 deserentes
1832 1084 1858 1121 ι)
1889 1085 1988 1153 ipsi
2020 1097 2082 1139 se

504 1204 595 1246 sua
627 1190 888 1259 pravitate
916 1186 1304 1249 condemnem;
1338 1198 1474 1251 quos
1512 1180 1795 1246 convenit,
1825 1188 1916 1237 aut
1954 1192 2078 1249 per-

506 1282 624 1340 celli
657 1295 753 1350 pro
784 1279 1028 1349 perﬁdia,
1062 1284 1154 1333 aut
1180 1277 1424 1332 laborare
1459 1290 1552 1342 pro
1590 1273 1761 1328 venia.

575 1373 704 1429 Car.
748 1372 838 1428 IV.
868 1396 935 1413 -ο
965 1369 1204 1431 Fratrem
1237 1382 1369 1424 vero
1414 1374 1468 1422 et
1513 1366 1891 1434 coepiscopum
1922 1373 1945 1401 ο
1984 1362 2083 1417 no;

504 1476 674 1525 strum
719 1466 1030 1528 lulianum,
1080 1474 1134 1516 et
1163 1458 1391 1516 clericos
1436 1458 1527 1528 qui
1560 1468 1760 1513 sanclre
1810 1454 2084 1509 memoriae

502 1558 763 1615 Flaviano
794 1555 1037 1609 ﬁdelibus
1057 1551 1248 1608 ofﬁciis
1271 1549 1634 1614 adhaeserunt,
1663 1548 1931 1603 dilectioni
1954 1561 2087 1617 quo-

503 1664 609 1719 que
654 1658 759 1707 tuae
798 1646 1045 1701 volumus
1084 1643 1363 1699 adhmrere
1408 1657 1421 1695 :
1464 1650 1523 1696 ut
1567 1656 1723 1711 quem
1757 1637 1782 1675 ἀ
1813 1638 1935 1695 ﬁdei
1974 1654 2088 1695 sua:

502 1741 707 1801 meritis
755 1741 939 1795 vivere
988 1738 1128 1806 apud
1163 1737 1328 1792 Deum
1364 1744 1606 1791 nostrum
1649 1734 1913 1798 novimus,
1957 1733 2091 1790 inte

1642 322 1697 373 S.
1748 317 1991 372 LEONIS
2026 311 2242 373 MAGNI
2284 314 2663 371 EPISTULE.

2194 226 2221 276 η

3660 319 3765 377 916

2258 440 2354 483 tem
2400 440 2634 486 vexatum
2684 440 2851 485 "tonet
2907 433 3077 501 lapsos
3126 429 3179 483 in
3238 431 3637 501 communionem
3682 446 3769 487 re-

2257 501 2361 571 cipi
2408 519 2509 557 non
2552 502 2731 558 debere
2754 545 2769 573 ,
2816 502 2916 557 nisi
2949 500 3167 574 perﬁdia
3202 515 3317 553 cum
3354 500 3643 559 auctoribus
3673 503 3769 559 da-

2256 584 2447 629 innata.

2485 725 2596 783 Leo
2624 726 2907 798 episcopus
2935 724 3159 783 JULIANO
3190 725 3465 798 episcopo.

2260 907 2490 963 Litteras
2522 906 2871 967 fraternitatis
2916 915 3022 969 tum
3062 921 3157 977 per
3188 906 3326 965 ﬁlios
3367 918 3584 965 nostros
3632 910 3776 967 Con-

2187 1000 2699 1069 stantinopolitanos
2718 1000 2966 1061 clericos.
2988 1000 3201 1055 nuntias
3228 1008 3333 1055 tum
3355 1001 3541 1059 salutis
3562 1004 3772 1074 accepi;

2189 1096 2386 1165 quibus
2435 1103 2488 1150 te
2535 1094 2743 1165 magnis
2804 1096 3239 1151 tribulationibus
3286 1108 3561 1166 gravatum
3612 1100 3778 1157 fuisse

2191 1188 2459 1257 signiﬁcas
2492 1205 2505 1243 :
2535 1203 2656 1242 cum
2690 1190 2873 1257 utique
2913 1206 3015 1243 non
3056 1188 3287 1244 defuerit
3326 1192 3548 1246 materia
3578 1193 3781 1247 sollici-

2194 1284 2394 1338 tudinis
2422 1292 2477 1337 et
2506 1283 2729 1349 laboris,
2763 1298 2881 1352 quae
2902 1285 3041 1338 inter
3071 1298 3330 1352 procaces
3353 1284 3629 1341 catholica:
3654 1284 3781 1341 ﬁdei

2193 1377 2535 1432 adversarios
2564 1376 2913 1433 inhaerentem
2946 1378 3155 1433 veritati
3185 1375 3424 1431 animum
3464 1377 3779 1446 fatigarent;

2199 1467 2221 1508 ι
2252 1469 2425 1537 isque,
2459 1477 2515 1522 ut
2546 1470 2762 1534 scribis,
2797 1468 2960 1525 fuerit
2987 1469 3196 1525 animus
3226 1478 3282 1523 ut
3314 1483 3407 1537 per
3439 1470 3783 1525 occasionem

2195 1560 2535 1617 necessitatis
2562 1571 2611 1616 et
2645 1560 2800 1617 nobis
2832 1571 2883 1615 te
2913 1570 2965 1615 et
2996 1561 3183 1630 patria:
3223 1570 3600 1629 praesentares.
3626 1560 3782 1625 Quod

2196 1667 2323 1707 vere
2346 1652 2577 1707 futurum
2602 1666 2970 1720 speraveram,
2995 1662 3051 1707 ut
3082 1652 3323 1720 apertius
3348 1653 3586 1706 omnium
3610 1651 3783 1707 licere-

2199 1745 2426 1801 ticorum
2451 1744 2704 1811 ambages
2735 1753 2825 1801 tuo
2846 1759 2939 1799 ore
2968 1754 3010 1781 ω
3032 1758 3497 1813 recognoscerem.
3531 1743 3633 1797 Sed
3661 1758 3782 1813 ατε.

502 1836 602 1891 Sibi
636 1848 755 1889 eum
796 1840 1119 1901 ῐὶΐπεθιηοηὶ
1147 1845 1269 1885 θδδθ
1309 1836 1656 1899 cosnoscant-
1706 1827 1841 1885 Ῑίίυά
1878 1841 2093 1899 (ιυυίιυο
2123 1828 2175 1901 Β
2202 1839 2302 1892 tias
2332 1836 2467 1901 Deo,
2507 1834 2652 1905 quod
2682 1836 2754 1890 ita
2786 1843 2841 1889 et
2889 1836 3231 1893 incolumitas
3281 1845 3367 1890 tua
3395 1877 3409 1901 ,
3452 1846 3501 1891 et
3530 1836 3784 1890 Ecclesia:

502 1926 845 1983 dilecﬁonem
882 1934 1027 1981 tuam
1072 1937 1234 1979 nosse
1261 1921 1539 1986 volumus,
1568 1920 1791 1975 fratrem
1826 1929 1880 1975 et
1899 1919 2084 1987 coepi-

502 2034 723 2089 secpum
771 2026 1011 2073 nostrum
1059 2014 1373 2082 Eusebium,
1421 2014 1511 2085 qui
1555 2028 1715 2071 causa
1749 2013 1871 2069 ﬁdei
1917 2013 2086 2069 multa

502 2113 811 2171 discrimina
846 2112 1168 2180 laboresque
1208 2108 1489 2173 toleravit,
1543 2107 1819 2167 nobiscum
1867 2107 2083 2165 interim

502 2207 767 2263 demorari
808 2216 862 2262 et
892 2206 945 2261 in
974 2216 1153 2261 nostra
1188 2218 1328 2259 nunc
1356 2200 1738 2259 communione
1760 2199 2042 2269 persistere
2066 2216 2080 2255 :

503 2300 655 2367 cuius
699 2299 993 2357 Ecclesiam
1025 2308 1110 2353 tua
1156 2295 1517 2355 sollicitudine
1547 2293 1795 2353 volumus
1838 2308 1959 2347 esse
1987 2293 2083 2347 (ιε.

502 2394 725 2459 fettsam,
754 2404 775 2431 ο
806 2405 863 2449 ιιι
893 2394 1024 2449 nihil
1052 2394 1244 2449 eodem
1270 2392 1497 2449 absente
1525 2389 1798 2457 depereat,
1826 2396 1879 2442 et
1904 2386 2087 2443 nullus

504 2487 552 2543 ei
577 2488 629 2541 in
651 2487 831 2556 aliquo
856 2486 1211 2557 priejudicare
1242 2489 1563 2554 praesumat,
1595 2481 1768 2539 donec
1799 2495 1920 2539 cum
1945 2480 2087 2534 litte-

502 2597 679 2643 rarum
712 2590 1016 2635 nostrarum
1046 2576 1115 2633 ad
1138 2591 1237 2633 vos
1265 2575 1648 2645 prosecutione
1682 2572 1984 2643 perveniat.
2023 2572 2089 2629 Et

504 2685 559 2730 ut
590 2675 763 2744 major
808 2674 950 2728 circa
997 2681 1050 2727 te
1089 2671 1176 2726 vel
1207 2680 1392 2727 nostra
1442 2668 1531 2727 vel
1563 2668 1727 2723 totius
1765 2667 2087 2724 Cbrisdanae

503 2768 672 2838 plebis
700 2766 912 2821 affectio
943 2772 1286 2833 provocetur,
1320 2763 1423 2818 hoc
1453 2761 1596 2830 quod
1630 2760 1696 2817 ad
1742 2762 2086 2817 dilectionem

502 2868 646 2914 tuam
680 2858 994 2928 scripsimus
1036 2855 1091 2911 in
1121 2856 1362 2910 omnium
1414 2854 1663 2909 volumus
1690 2853 1935 2907 notitiam
1967 2866 2087 2920 per-

504 2954 684 3005 venire
710 2968 721 3002 :
750 2962 803 3004 ut
824 2954 913 3021 qui
945 2950 1059 3005 Deo
1086 2960 1274 3003 nosuo
1301 2948 1319 2987 ί
1346 2947 1662 3002 deserviunt
1683 2946 1749 2998 de
1775 2944 2088 3000 conﬁrmata

505 3044 647 3112 apud
676 3052 726 3096 te
746 3058 877 3111 pace
900 3042 1043 3095 sedis
1064 3041 1374 3109 apostolica»
1396 3039 1752 3110 gratulentur.
1782 3046 1808 3086 ⁸
1834 3037 1908 3093 De
1929 3046 2089 3091 caete-

501 3135 574 3189 ris
605 3150 738 3189 vero
776 3136 953 3189 causis
995 3142 1154 3202 atque
1193 3132 1446 3202 personis
1487 3130 1708 3185 dilectio
1748 3138 1834 3187 tua
1871 3129 2083 3193 litteris,

2194 1945 2353 1985 causa
2386 1932 2637 1999 profecit,
2668 1940 2728 1985 ut
2758 1930 2986 1985 liberum
3030 1930 3122 1986 tibi
3152 1930 3309 1985 fuerit
3338 1929 3478 1998 apud
3522 1945 3617 1985 eos
3646 1931 3783 1986 inte-

2192 2025 2297 2080 rim
2344 2024 2561 2093 degere,
2600 2038 2831 2093 quorum
2862 2025 3016 2079 nobis
3044 2024 3336 2091 probabilis
3365 2038 3663 2079 consensus
3694 2025 3781 2077 in-

2194 2118 2407 2181 notuit,
2437 2117 2574 2171 sicut
2612 2125 2667 2171 et
2701 2116 2884 2171 fratris
2930 2117 3162 2173 Anatolii
3194 2117 3389 2185 scripta
3420 2117 3744 2185 proﬁtentur
3767 2159 3783 2184 ,

2191 2218 2249 2264 et
2274 2219 2419 2279 gesta
2448 2225 2565 2277 quae
2587 2210 2728 2277 apud
2754 2209 2929 2277 ipsum
2954 2224 3132 2263 coram
3162 2209 3361 2263 nostris
3383 2220 3507 2262 sunt
3536 2210 3785 2265 confecta

2193 2304 2605 2367 demonstrant,
2639 2302 2803 2357 frater
2837 2302 3172 2357 charissime.
3225 2302 3609 2357 Retneantibus
3653 2317 3786 2372 ergo

2194 2398 2503 2468 praedictis,
2548 2396 2888 2451 salutationis
2932 2396 3361 2455 vicissitudinem
3398 2396 3595 2460 reddo,
3628 2404 3682 2449 et
3731 2404 3788 2450 ut

2192 2502 2384 2548 contra
2428 2490 2674 2545 falsitatis
2716 2491 2943 2545 astutias
2977 2498 3417 2556 perseverantem
3450 2489 3787 2557 diligentiam

2196 2593 2381 2637 teneas
2422 2583 2649 2638 ﬁdenter
2690 2582 2978 2645 exhortor;
3023 2597 3146 2636 cum
3195 2582 3289 2635 tibi
3332 2581 3396 2634 ad
3434 2582 3534 2635 hoc
3572 2593 3627 2635 et
3657 2591 3785 2637 tuus

2192 2680 2404 2733 animus
2458 2686 2511 2732 et
2558 2686 2739 2731 nostra
2787 2678 3082 2733 auctoritas
3118 2677 3460 2745 suffragetur.
3508 2676 3779 2744 Quoniam

2193 2770 2317 2823 licet
2349 2770 2418 2823 de
2456 2769 2640 2822 multis
2679 2768 2903 2823 meliora
2947 2768 3177 2822 indicata
3210 2766 3316 2821 sint
3347 2812 3359 2835 ,
3394 2766 3536 2836 quod
3575 2768 3788 2821 scilicet

2192 2861 2408 2916 doleant
2440 2876 2501 2915 se
2521 2861 2798 2929 deceptos,
2822 2870 2877 2916 et
2906 2861 3157 2915 damnata
3187 2861 3409 2931 perﬁdia
3442 2876 3561 2914 cum
3594 2870 3786 2914 aucto-

2193 2954 2345 3009 ribus
2376 2954 2522 3021 suis,
2553 2953 2777 3022 gratiam
2819 2963 3016 3007 nostrtn
3055 2953 3449 3007 communionis
3492 2960 3788 3021 exposcam

2194 3044 2358 3114 (quod
2404 3059 2503 3099 nos
2544 3045 2681 3099 adeo
2729 3044 2960 3099 libenter
3006 3045 3347 3113 accepimus,
3397 3045 3657 3098 reddituri
3704 3044 3789 3099 his

2194 3136 2331 3190 hanc
2348 3152 2506 3207 quam
2536 3137 2839 3191 desiderant
2864 3138 3320 3203 communionem,
3337 3152 3456 3191 eum
3474 3136 3740 3205 promissa
3759 3146 3786 3175 ιι

502 3243 631 3295 quas
660 3244 753 3293 per
778 3236 991 3280 n0stros
1022 3223 1050 3261 ιι
1075 3226 1320 3293 accipiet,
1358 3223 1571 3291 plenius
1599 3224 1919 3278 instrttetur.
1955 3221 2087 3277 Data
2118 3213 2165 3281 C
2195 3230 2629 3299 compleverint),
2662 3230 2921 3299 quosdam
2953 3240 3129 3283 tamen
3165 3229 3372 3301 1053
3408 3232 3701 3299 persistere
3732 3229 3786 3283 in

507 3316 525 3355 ί
550 3319 725 3372 idibus
754 3319 973 3387 Aprilis,
1007 3316 1215 3370 Adelﬁo
1241 3317 1359 3370 viro
1386 3315 1692 3370 clarissimo
1722 3316 1962 3373 consule.

842 3410 1051 3482 1042
1083 3408 1416 3463 EPISTULA
1445 3407 1461 3458 i
1500 3407 1737 3463 LXXXI.

918 3502 943 3540 ¹¹
968 3520 1034 3558 an
1058 3517 1315 3557 JULIANUH
1349 3516 1660 3556 nrtscoruu.

504 3598 763 3656 SYNOPSIS.
805 3628 874 3637 —
921 3594 1191 3650 Iulianum
1238 3596 1327 3653 diu
1370 3610 1461 3666 per
1500 3591 1741 3647 Dioscori
1787 3593 2087 3663 improbita-

504 3765 713 3819 tametsi
744 3762 922 3831 legati,
964 3759 1091 3817 dum
1127 3753 1607 3831 ConstantinOpoli
1623 3762 1825 3831 essent,
1864 3755 2084 3812 Diosco—

504 3851 644 3901 tum,
672 3824 1008 3896 Iuvenalem,
1034 3838 1089 3885 et
1120 3828 1538 3901 Eustathium,_e
1556 3824 1830 3901 diptychis
1856 3842 1961 3901 non
1993 3843 2080 3901 re-

505 3892 741 3963 citatidos
781 3892 1157 3965 adﬁrmassent,
1203 3914 1269 3955 eo
1296 3897 1435 3968 quod
1472 3892 2084 3968 Ephe:int13__inlpielali8

505 3912 741 3963 eitandos
781 3912 1157 3965 attirmassent,
1203 3914 1269 3955 eo
1296 3912 1435 3968 quoa
1473 3912 1757 4020 bﬁuestnm
1792 3912 2084 3963 Impietatts

503 3981 673 4045 capita
700 3975 1037 4027 haberentur.
1068 3972 1222 4045 Ratio
1245 3985 1400 4045 quam
1424 3968 1481 4021 S.
1558 3965 1865 4045 eostibjicit
1887 3971 2086 4045 legito:

500 4036 618 4102 ruin
634 4050 951 4101 sententiam
974 4041 1250 4111 approbat.
1263 4036 1414 4095 'Hinc
1432 4053 1499 4111 ex
1517 4038 1786 4111 codicibus
1808 4036 1928 4093 Vat.
1945 4036 2085 4094 5855

501 4120 713 4175 collect.
762 4120 813 4176 8,
868 4106 1072 4181 ltatisp.
1104 4121 1158 4166 et
1187 4126 1317 4166 mss.
1364 4109 1579 4181 collect.
1609 4106 1699 4174 ‘24,
1734 4122 1833 4181 nec
1866 4124 1969 4161 non
2018 4125 2084 4165 ex

502 4191 670 4255 prima
710 4189 941 4243 editione
971 4179 1034 4241 ac
1072 4181 1331 4240 Stcltardo
1362 4179 1691 4251 praetulimus
1720 4180 1959 4234 dixerunt
1990 4196 2087 4250 pro

503 4262 719 4328 vulgato
748 4258 990 4313 dixerint.

574 4319 621 4368 ί
644 4329 762 4385 Vat.
800 4330 947 4393 llisp.
972 4335 1027 4385 et
1054 4324 1177 4387 Isid.
1211 4339 1335 4381 cum
1376 4321 1547 4385 tribus
1588 4320 1819 4381 laudatis
1855 4335 1884 4374 a
1914 4319 2088 4389 Ques-

503 4402 646 4455 nello
674 4398 858 4459 codd.,
885 4398 1167 4449 inimicum.

578 4472 603 4508 δ
632 4471 947 4537 Exemplum
990 4470 1179 4535 prima)
1222 4461 1512 4530 editionis,
1556 4463 1672 4531 ipsa
1699 4476 1791 4519 stta
1840 4461 2088 4531 pravitate

505 4545 917 4594 condemnentur.

1038 4607 1234 4663 omittit
1272 4614 1498 4663 nostrum
1517 4621 1537 4676 _:
1568 4610 1621 4659 et
1660 4600 1783 4676 dein
1806 4600 1977 4676 habet
2006 4601 2086 4676 rel
2112 4578 2166 4637 Ῑ)

505 4682 734 4743 clericos,
785 4671 999 4747 sumpio
1043 4680 1118 4737 vel
1148 4694 1242 4744 pro
1292 4687 1359 4742 et,
1390 4673 1529 4747 quod
1577 4674 1773 4747 puriter
1806 4671 1997 4747 legitur
2029 4672 2081 4747 in

508 4742 809 4804 Vindelico.
856 4742 1002 4817 lli-sp.
1038 4759 1090 4802 et
1139 4742 1223 4801 llic
1265 4756 1316 4817 et
1340 4742 1569 4817 in‘titulo
1595 4742 1751 4817 hujus
1774 4742 1995 4807 capitis,
2018 4742 2081 4817 _i_n

506 4822 776 4879 codicibus
820 4812 1031 4873 collect.
1080 4819 1135 4875 il
1184 4826 1236 4870 ct
1286 4816 1390 4885 24,
1444 4829 1545 4871 nec
1586 4830 1692 4869 non
1725 4814 1775 4869 in
1822 4812 2081 4881 exemplis

505 4892 744 4947 Sichardt
778 4902 828 4943 et
860 4890 1041 4955 primm
1073 4887 1343 4940 editionis.

578 4962 607 5005 ά
628 4964 757 5015 tiod.
786 4952 943 5012 Barb.
965 4959 1179 5013 collect.
1210 4958 1243 5013 ’ὁ
1272 4965 1323 5013 et
1352 4955 1470 5015 Vat.
1492 4954 1631 5011 sets
1658 4953 1871 5015 collect.
1898 4952 1952 5017 8,
1982 4968 2081 5009 nec

506 5052 610 5088 non
639 5034 806 5085 Griut.
839 5039 892 5082 et
924 5032 1088 5095 prima
1117 5029 1303 5093 editio,
1332 5026 1455 5094 ﬁdei
1482 5026 1827 5095 sacramentis.

578 5116 601 5143 υ
632 5105 733 5159 Sex
768 5094 985 5155 voculas
1014 5102 1402 5167 sutisequentes
1442 5096 1713 5167 desiderat
1743 5094 2079 5167 Grimnnicus

503 5177 697 5232 codex.
727 5173 949 5237 Quidam
981 5165 1217 5233 codices,
1249 5180 1293 5223 et
1324 5166 1471 5221 nihil.
1516 5165 1748 5234 Ratips.,
1781 5174 1830 5218 ut
1857 5176 1900 5223 et
1928 5166 2076 5231 nihil,

502 5250 589 5315 qui
623 5260 739 5295 rnox
766 5241 1055 5315 supprimit
1074 5240 1137 5299 ei,

582 5316 596 5353 ί
636 5313 946 5378 Eaetnplutn
984 5314 1164 5377 prim-.c
1195 5307 1468 5371 editionis,
1495 5322 1626 5359 nunc
1657 5307 1897 5360 serviunt.

575 5396 601 5434 κ
631 5387 771 5441 Idem
809 5377 1128 5449 exemplar:
1166 5381 1241 5433 De
1281 5380 1473 5435 ueteris
1505 5394 1618 5433 vero
1668 5377 1865 5437 discidii
1912 5382 2080 5433 causis

502 5470 652 5525 atque
685 5454 1007 5519 intercessionis
1032 5453 1373 5525 dilectiotuq,
1405 5459 1512 5525 etc.

575 5517 601 5566 ιι
648 5517 914 5581 mummi-
961 5523 1187 5588 epistnta
1338 5520 1467 5583 Vide
1506 5529 1688 5581 annot.
1734 5520 1762 5575 7
1791 5517 1928 5591 (Col.
1950 5518 2074 5589 909,

503 5616 557 5654 tt.
589 5598 643 5667 ά)
664 5615 717 5651 ιιι
738 5598 896 5661 θριει.
928 5595 1017 5649 Ἱ8.

582 5673 596 5708 ί
623 5660 715 5721 ’διε
741 5660 931 5719 omnes
960 5664 1125 5718 nostri
1149 5664 1364 5725 codices
1393 5671 1447 5721 et
1476 5660 1621 5721 editi.
1675 5661 1994 5730 Quesnellus
2022 5661 2077 5719 in

505 5742 759 5806 margine.
795 5739 900 5801 AL,
950 5752 999 5791 γι
1031 5736 1163 5793 idus.

580 5812 594 5860 1
625 5801 711 5865 λιι
739 5806 829 5861 δίο
857 5807 986 5871 Quae
1019 5818 1202 5869 autem
1224 5817 1382 5867 antea
1410 5801 1499 5875 8t,
1532 5819 1670 5863 nunc
1709 5803 1833 5865 1.07.
1866 5802 2075 5867 Scripta

2195 3336 2291 3375 sua
2335 3321 2691 3377 obduratione
2728 3322 3085 3391 cognovimus
3124 3340 3138 3375 :
3173 3337 3308 3391 quos
3349 3331 3560 3390 oportet
3595 3320 3788 3377 distri-

2194 3417 2336 3469 ctius
2368 3414 2689 3483 comprimi,
2724 3414 2768 3467 si
2807 3423 3079 3485 nequeunt
3106 3414 3438 3483 benignitate
3465 3412 3670 3471 sanari.
3702 3410 3783 3465 Ad

2195 3521 2357 3575 quam
2390 3522 2505 3560 rem
2538 3516 2750 3560 nostros
2781 3517 2901 3575 post
2940 3506 3080 3560 diem
3110 3505 3475 3561 venerabilem
3510 3513 3534 3540 ο
3561 3503 3789 3559 Pascha:

2196 3596 2523 3670 dirigemus,
2562 3598 2649 3669 qui
2678 3607 2853 3654 tecum
2902 3600 3214 3669 participato
3249 3597 3474 3653 consilio
3506 3610 3567 3652 ea
3611 3612 3735 3669 qua:
3759 3611 3790 3652 a

2194 3756 2273 3827 13,
2295 3756 2495 3827 Aprilis
2524 3773 2612 3813 an.
2649 3756 2776 3813 451.

2265 3826 2288 3864 ¹ί
2306 3820 2582 3883 Invenitur
2600 3827 2713 3882 haec
2734 3825 2959 3894 epistola
2984 3826 3033 3879 in
3050 3842 3182 3881 mss.
3205 3824 3417 3879 collect.
3449 3820 3677 3889 i2,l8et
3700 3827 3785 3883 i9.

2268 3896 2287 3934 1
2322 3899 2435 3953 Duo
2484 3899 2640 3953 codd.
2687 3899 2899 3957 collect.
2953 3897 3040 3961 1'2,
3068 3898 3237 3966 idque,
3287 3906 3341 3948 ut
3385 3896 3602 3963 scribis,
3630 3896 3789 3963 fuerit

2193 3969 2375 4029 animi.
2412 3970 2614 4037 Ratisp.
2654 3970 2808 4022 habet
2838 3967 3009 4034 idque,
3040 3968 3135 4021 sed
3157 3968 3382 4020 animus.

2265 4049 2305 4076 ω
2330 4042 2404 4095 Ita
2426 4056 2488 4094 es
2506 4056 2633 4095 mss.
2659 4040 2926 4109 superiori
2948 4038 3293 4093 cunctatione
3307 4036 3636 4091 memoratis.
3657 4036 3788 4109 Vul-

2193 4113 2300 4178 gati
2346 4127 2409 4166 ex
2452 4111 2627 4173 alittlltl
2675 4108 2860 4165 codice
2886 4152 2899 4175 ,
2950 4126 3342 4179 cognoscerem,
3382 4108 3585 4165 omisso
3628 4125 3683 4163 re
3717 4108 3787 4163 ob

2194 4182 2507 4309 (earumdem
2536 4182 2833 4239 litterarum
2849 4196 3170 4239 cencursum
3195 4180 3247 4234 in
3274 4180 3380 4235 line
3402 4179 3551 4234 vocis
3578 4193 3787 4247 praece-

2233 4263 2390 4307 enus.

2233 4263 2390 4307 COIIS.

2266 4332 2291 4361 υ
2328 4322 2559 4391 Ratisp.,
2588 4324 2867 4388 prtemissa.

2268 4400 2291 4427 ο
2324 4387 2518 4446 Vocem
2573 4387 2809 4459 Pascbce,
2862 4408 2980 4463 quae
3032 4391 3085 4447 in
3116 4389 3312 4463 nostris
3361 4404 3494 4463 mss.
3540 4398 3599 4463 et
3625 4387 3785 4445 editis

2198 4461 2372 4527 deest,
2407 4479 2433 4515 a
2466 4464 2753 4527 Quesnello
2777 4460 3028 4516 insertam
3058 4478 3126 4515 ex
3147 4460 3331 4515 codice
3360 4460 3673 4514 Grimauico
3700 4476 3785 4516 re-

2196 4534 2472 4598 tinuimus,
2506 4551 2571 4589 eo
2614 4536 2755 4605 quod
2803 4534 3049 4605 similiter
3094 4534 3145 4605 in
3195 4532 3785 4605 epismlaprmcedenti

2192 4618 2310 4671 cap.
2340 4619 2378 4667 ι,
2412 4616 2521 4672 post
2552 4598 2883 4661 venerabilem
2921 4598 3050 4656 diem
3090 4602 3205 4669 {esti
3234 4598 3493 4668 paschalis
3514 4598 3785 4657 Constan-

2191 4675 2528 4741 tinopolitani
2568 4674 2747 4727 clerici
2780 4674 2846 4727 ad
2883 4674 3187 4727 Anatolium
3228 4672 3435 4726 remissi
3472 4690 3569 4725 seu
3606 4675 3782 4740 potius

2189 4745 2499 4813 remittendi
2525 4747 2820 4810 tradantur,
2842 4760 2960 4800 cum
2984 4746 3176 4813 quibus
3206 4758 3329 4797 suos
3348 4757 3557 4812 quoque
3573 4744 3780 4811 legatos

2190 4812 2248 4869 S.
2282 4814 2387 4868 Leo
2420 4820 2783 4871 transmittere
2807 4818 2919 4883 jam
2942 4812 3321 4880 destinaverat,
3352 4816 3430 4866 uti
3470 4817 3782 4868 monuimus

2189 4896 2377 4941 annot.
2410 4886 2440 4939 7
2464 4885 2581 4957 (Col
2610 4882 2887 4957 μοι,ᾠῆ
2919 4886 2969 4940 in
2993 4887 3149 4957 epist.
3187 4884 3273 4957 78.
3310 4885 3661 4957 Hancantem
3687 4900 3783 4955 po-

2188 4956 2391 5015 stillatn
2421 4955 2560 5010 idem
2591 4956 2912 5026 Quesnellus
2936 4956 3157 5025 margini
3187 4956 3415 5025 adjecit:
3453 4955 3781 5026 (irinianicus

2190 5026 2335 5078 addit
2364 5024 2713 5088 Patsclthtoc
2735 5033 2865 5097 forte
2886 5029 3167 5095 intelligens
3187 5024 3445 5079 defectura
3479 5024 3777 5092 Paschalis,

2188 5098 2326 5168 quod
2343 5100 2554 5167 fueratis
2585 5098 2803 5165 Aprilis.
2826 5099 2881 5153 Id
2903 5099 3130 5160 censuit,
3160 5108 3438 5165 propterea
3468 5097 3616 5168 quod
3642 5097 3779 5152 lianc

2188 5167 2469 5234 epistolam
2495 5183 2765 5221 exaratam
2797 5169 3023 5223 credidit
3055 5170 3182 5235 ipsis
3214 5169 3391 5223 idibus
3421 5167 3627 5231 Aprilis
3654 5170 3777 5235 qui-

2188 5238 2289 5295 bus
2315 5242 2578 5306 signator.
2606 5240 2711 5293 Sed
2736 5256 2924 5293 omnes
2953 5239 3050 5293 has
3069 5240 3324 5307 epistolas
3355 5249 3564 5297 notatas
3598 5238 3778 5301 idibus

2188 5310 2389 5379 Aprilis
2436 5321 2562 5363 ante
2598 5310 2797 5365 Pascha
2842 5310 3004 5365 fuisse
3042 5314 3291 5379 scriptas,
3325 5325 3445 5367 cum
3488 5308 3600 5363 Leo
3630 5311 3782 5377 Cogi-

2186 5380 2332 5437 tabat
2360 5380 2563 5448 legatos
2590 5381 3199 5445 Constantinopolitmis
3240 5381 3454 5434 clericis
3480 5383 3780 5434 remeanti-

2186 5449 2286 5506 bus
2305 5450 2561 5519 jungere;
2592 5455 2827 5520 signatas
2852 5460 3027 5507 autem
3060 5450 3223 5505 fuisse
3249 5467 3309 5504 ea
3333 5451 3421 5520 die
3441 5468 3541 5519 qua
3568 5460 3779 5503 mutato

2187 5522 2414 5591 oonsilio
2443 5519 2764 5591 legationem
2799 5523 3027 5586 diStulit,
3054 5533 3108 5575 et
3141 5525 3283 5575 solos
3315 5519 3781 5591 Censtautinono-

2184 5590 2378 5644 litanos
2422 5590 2648 5645 clericos
2689 5592 2933 5656 dimisit,
2984 5594 3309 5661 probabilius
3352 5602 3451 5661 est.
3504 5591 3596 5646 διο
3628 5590 3778 5647 enin)

2182 5662 2534 5733 conciliantur
2580 5680 2700 5733 quae
2731 5666 2783 5721 in
2829 5665 3132 5733 lmjusmodi
3180 5665 3371 5717 litteris
3397 5660 3777 5719 difﬁcultatem

2182 5730 2477 5797 lacessunt.
2523 5730 2655 5793 Hinc
2684 5747 2864 5791 autem
2900 5730 3003 5804 pro
3024 5737 3112 5790 die
3142 5734 3444 5801 Pascliatis,
3476 5737 3599 5803 eius
3626 5740 3778 5795 υειῧο

2184 5818 2303 5859 vam
2337 5804 2439 5861 hoc
2464 5805 2579 5861 loco
2608 5806 2911 5876 intelligere
2941 5821 3078 5875 cpus
3106 5822 3215 5861 non
3243 5814 3347 5867 est.
