4014 6358
530 329 630 390 919

955 432 1283 492 EPISTOLA
1327 438 1349 465 ⁸
1384 424 1665 482 LXXXIII.

949 549 975 586 ιι
999 563 1065 602 su
1105 558 1319 600 εωωειι
1362 552 1687 595 κικοιΑΝυι.

536 680 558 707 ε
585 668 848 723 SYNOPSIS.
874 688 942 700 ——
961 658 1003 712 I.
1050 657 1152 711 Pro
1181 655 1433 722 patefacta
1463 649 1700 723 Anatolii
1719 649 1837 723 ﬁde,
1874 644 2104 723 Eutyclte

601 714 854 799 represso,
901 730 1145 784 revocatis
1182 714 1434 799 episcOpis
1462 762 1476 786 ,
1503 714 1728 799 reductis
1758 720 1825 799 in.
1838 714 2007 771 urbem
2040 714 2101 770 S.

603 787 852 859 Flaviani.
896 800 1181 869 reliquiis,
1214 787 1523 869 gratulatur.
1563 790 1741 869 ——_II.
1791 787 2109 869 Legatosuse

605 858 802 929 mittere
830 888 921 940 pro
961 858 1350 923 reconciliandis
1393 864 1548 935 lapsis
1581 861 1849 931 episwpis.
1872 858 2108 912 Concilio

606 943 929 999 convocanda
962 948 1305 1009 opportunum
1331 946 1525 1006 tempus
1551 949 1653 986 non
1682 947 1807 984 esse.
2143 947 2146 951 ’

701 1056 912 1132 1046
946 1057 1055 1111 ι.ιο
1078 1054 1360 1124 episcopus
1388 1050 1664 1105 Mancuno
1697 1048 1951 1115 Augusto.

607 1174 736 1230 Cn.
768 1174 810 1229 I.
837 1202 907 1214 —
932 1171 1150 1228 Multam
1204 1167 1334 1223 mihi
1388 1166 1635 1220 ﬁduciam
1687 1160 1713 1200 ἀ
1742 1160 2011 1217 scribendi
2046 1158 2112 1213 ad

540 1266 880 1323 clementiam
912 1272 1144 1319 vestram
1172 1303 1187 1328 ,
1237 1270 1289 1313 et
1316 1260 1509 1313 littera:
1538 1265 1755 1319 vestrae,
1792 1268 1924 1323 quas
1954 1265 2116 1306 vene-

542 1368 721 1415 ranter
746 1358 947 1428 accepi,
982 1367 1032 1411 et
1063 1363 1087 1391 ⁶
1111 1351 1411 1423 coepiscopi
1438 1350 1539 1405 mei
1572 1355 1897 1403 revertentes
1927 1360 1955 1399 a
1976 1345 2118 1400 Con-

542 1449 887 1519 stantinopoli
918 1446 1279 1513 prmbuerunt,
1314 1458 1419 1497 non
1449 1443 1561 1496 sola
1590 1440 1889 1494 assertione
1923 1436 2116 1492 verbo-
2190 1448 2199 1457 '

544 1556 684 1607 rum,
720 1539 814 1593 sed
844 1538 975 1607 ipsis
997 1535 1107 1605 jam
1146 1532 1164 1572 ί
1188 1548 1409 1603 operum
1440 1531 1716 1587 effectibus
1746 1530 2121 1583 demonstran-

545 1642 645 1696 tes,
677 1631 743 1684 ad
772 1628 1138 1684 defensionem
1169 1625 1447 1679 catholica:
1474 1621 1598 1677 fidei
1628 1621 1865 1676 divinum
1889 1620 1939 1674 in
1970 1618 2121 1674 vobis

547 1722 730 1790 vigere
778 1717 1105 1789 prazsidium.
1150 1715 1265 1783 Quo
1309 1715 1492 1783 utique
1530 1728 1635 1765 non
1667 1713 1838 1765 solum
1874 1707 2122 1764 Ecclesiae

1665 308 1719 363 S.
1761 302 2009 360 LEONIS
2051 296 2263 355 MAGNI
2304 289 2674 371 EPISTUUAE.

2125 412 2327 472 Asunt
2368 406 2571 478 agenda
2619 404 3019 460 commendans.
3067 402 3196 458 Nam
3242 410 3281 438 ω
3312 414 3431 458 cum
3484 406 3540 455 et
3567 396 3760 470 1057

3666 281 3757 339 920

2209 504 2390 559 fratris
2420 505 2525 557 mei
2551 500 2782 556 Anatolii
2823 499 3061 569 scriptis,
3109 508 3164 554 et
3193 505 3497 551 nostrorum
3528 506 3761 547 sermone

2208 596 2554 668 cognoverim
2600 593 2794 648 multos
2834 592 2901 647 de
2946 592 3031 646 his
3070 590 3160 661 qui
3189 588 3327 659 apud
3358 586 3626 656 Ephesum
3658 584 3768 636 Dio-

2210 690 2351 746 scori
2379 689 2608 743 factione
2643 686 2902 755 compulsi
2928 682 3333 740 detestabilibus
3359 676 3578 735 statutis
3608 680 3641 713 ³
3669 688 3771 744 po:-

2212 782 2491 840 nitendum
2540 780 2819 852 praebuere
2868 791 3221 839 consensum,
3272 770 3645 829 inconstantiae
3672 781 3772 821 sua:

2214 878 2422 933 veniam
2452 876 2745 946 postulare,
2775 882 2829 928 et
2856 871 3285 928 communionem
3328 865 3645 921 catholicam
3689 877 3775 930 per

2214 969 2634 1025 satisfactionem
2662 965 3009 1022 correctionis
3036 972 3310 1031 expetere,
3341 974 3445 1013 non
3476 957 3575 1012 fuit
3605 955 3777 1009 talium

2216 1058 2530 1131 negligenda
2560 1057 2867 1122 conversio,
2916 1056 3007 1127 qui
3057 1070 3165 1109 non
3213 1051 3429 1122 proprio
3478 1063 3662 1112 sensu,
3695 1045 3780 1102 sed

2220 1163 2243 1189 ο
2291 1153 2517 1221 improbi
2570 1151 2974 1220 praesumptoris
3020 1147 3250 1215 impulsu
3294 1145 3347 1199 in
3398 1144 3516 1198 haec
3544 1140 3784 1196 incidisse

2220 1257 2527 1312 noscuntur,
2577 1247 2627 1300 in
2676 1245 2868 1315 quibus
2926 1243 3153 1298 liberum
3201 1254 3306 1295 non
3360 1238 3663 1292 habuerant
3712 1234 3785 1303 ju-

2218 1341 2437 1396 dicium.

2289 1432 2416 1489 Cap.
2445 1432 2507 1487 Il.
2532 1462 2603 1473 —
2633 1430 2709 1486 Ne
2732 1441 2757 1480 ρ
2789 1429 2949 1499 igitur
2972 1426 3056 1482 vcl
3078 1422 3501 1493 resipisceutinm
3536 1417 3788 1474 desideria

2222 1544 2367 1584 mora
2399 1526 2605 1597 longior
2635 1526 2896 1594 fatigaret,
2921 1520 3006 1574 vel
3033 1518 3296 1574 incuriosa
3328 1515 3556 1571 facilitas
3589 1523 3785 1566 temere

2224 1624 2430 1693 aliquos
2476 1637 2539 1677 ac
2586 1620 2701 1674 sine
2747 1617 3070 1672 discretione
3116 1613 3453 1680 susciperet,
3502 1606 3791 1676 injunctum

2227 1725 2311 1772 est
2360 1715 2427 1771 ab
2478 1712 2769 1781 apostolica
2821 1709 2948 1763 sede
2991 1707 3232 1769 directis,
3279 1712 3337 1757 ut
3384 1703 3436 1757 in
3473 1700 3795 1756 consortium

549 1819 719 1866 status
746 1852 760 1874 ,
812 1809 908 1865 sed
938 1810 1097 1864 etiam
1130 1806 1290 1860 vestri
1322 1806 1485 1859 robur
1514 1804 1751 1857 munitur
1797 1802 1999 1869 imperii
2027 1818 2039 1854 :
2065 1811 2127 1855 ut
2154 1797 2202 1857 B
2230 1818 2257 1858 «ι
2306 1822 2416 1861 sua:
2469 1801 2871 1859 deliberationis
2928 1799 3131 1853 adscito
3197 1791 3798 1859 C0nslanlin0p0lilana‘,

549 1902 742 1958 merito
773 1910 796 1947 ε
831 1901 945 1970 cjus
974 1897 1297 1968 exspectetis
1325 1894 1737 1967 protectionetu,
1771 1894 1922 1962 cujus
1950 1892 2123 1947 colitis

553 1995 835 2049 veritatem
861 2032 876 2057 ,
925 1989 1310 2061 gloriosissime
1337 1987 1651 2057 imperator.
1684 1985 1815 2040 Nam
1848 1995 1904 2039 ut
1930 1992 1985 2039 et
2011 1983 2123 2038 fra-

556 2090 655 2142 tris
684 2087 787 2141 mei
820 2084 1045 2140 Anatolii
1085 2083 1240 2137 citius
1282 2080 1714 2136 manifestaretur
1745 2079 2041 2148 integritas,
2073 2084 2127 2132 et

549 2180 676 2235 olim
708 2177 943 2231 damnati
973 2174 1173 2230 erroris
1215 2172 1240 2209 ιι
1272 2172 1543 2227 redivivus
1579 2180 1818 2225 assertor
1869 2171 2040 2225 locum
2073 2170 2124 2223 in

555 2270 756 2328 Christi
789 2271 1030 2326 Ecclesia
1075 2283 1181 2323 non
1207 2268 1462 2323 haberet:
1493 2274 1551 2320 ut
1594 2264 1839 2320 catholici
1866 2264 2123 2333 episcopi,

555 2378 690 2435 quos
734 2377 903 2433 nuper
932 2361 1305 2416 haereticorum
1353 2357 1657 2428 persecutio
1699 2356 1988 2426 depravare
2021 2370 2129 2410 non

554 2458 748 2529 potuit,
778 2456 844 2511 ab
872 2455 1083 2524 iniustis
1112 2459 1498 2508 revocarentur
1534 2452 1766 2515 exsiliis;
1810 2460 1970 2520 utque
1998 2449 2129 2504 reli-

555 2549 698 2620 quiis
725 2548 892 2603 beatae
920 2545 1199 2599 inemorite
1226 2542 1464 2597 Flaviani
1504 2542 1665 2611 digno
1714 2541 1917 2596 honore
1952 2554 2133 2594 susce-

557 2641 706 2712 ptis,
761 2638 1088 2706 impietatem
1121 2651 1271 2690 suam
1309 2633 1325 2671 ί
1374 2636 1759 2690 condemnator
1806 2634 1921 2703 ejus
1971 2648 2137 2703 agno-

558 2740 988 2790 sceretzvestrae
1032 2729 1246 2784 virtutis
1292 2728 1477 2783 titulus
1506 2771 1521 2794 ,
1570 2739 1760 2783 vestrae
1804 2727 2013 2797 pietatis
2055 2736 2139 2781 est

558 2826 785 2880 fructus.
816 2823 911 2878 Cui
965 2821 1175 2878 conﬁdo
1222 2822 1381 2877 etiam
1432 2821 1654 2875 aliarum
1709 2819 1953 2893 insignia.
1984 2834 2139 2874 accu-

559 2915 811 2971 mulanda
861 2914 1159 2984 palmarum
1204 2931 1217 2964 :
1261 2921 1321 2967 ut
1364 2913 1501 2968 sicut
1545 2910 2140 2981 ConstantinOpolitana

562 3008 820 3073 Ecclesia,
856 3015 1068 3074 recepta
1099 3004 1410 3074 apostolicae
1454 3003 1578 3057 ﬁdei
1611 3003 1874 3067 libertate,
1906 3002 2135 3069 laetatur,

560 3096 637 3153 ita
678 3113 868 3154 omnes
918 3099 1065 3167 regni
1115 3097 1279 3152 vestri
1327 3094 1619 3165 provinciae
1664 3091 2025 3148 emundatasi
2082 3109 2142 3149 se

2227 1898 2375 1954 urbis
2412 1896 2689 1958 antistite,
2729 1899 2784 1947 et
2824 1889 3141 1960 pestilentia:
3181 1885 3426 1953 contagia
3471 1898 3577 1936 non
3622 1880 3801 1933 admit-

2230 2000 2429 2055 tantur,
2474 1997 2526 2043 et
2555 1985 2799 2042 sanitatis
2831 1981 3064 2038 remedia
3110 1962 3215 2033 non
3249 1987 3531 2045 negentur.
3563 1974 3693 2040 Quae
3724 1972 3798 2024 in-

2231 2083 2434 2137 dustria
2482 2082 2534 2135 in
2583 2077 2830 2133 omnibus
2864 2091 2981 2144 quze
3014 2072 3257 2141 nequiter
3287 2079 3434 2137 gesta
3463 2076 3590 2119 sunt
3616 2078 3795 2119 emcn-

2232 2174 2422 2230 dandis
2445 2214 2459 2237 ,
2511 2171 2745 2226 celerem
2793 2168 3009 2236 juvaute
3036 2163 3263 2218 Domino
3294 2166 3659 2227 consequetur
3689 2153 3806 2207 elle-

2234 2277 2399 2330 ctum,
2447 2265 2491 2319 si
2535 2259 2858 2331 reparatibni
2901 2257 3045 2326 pacis
3074 2253 3455 2309 ecclesiasticae
3480 2262 3641 2317 opem
3668 2261 3805 2299 suam

2234 2370 2411 2415 vestra
2456 2356 2627 2425 pietas
2677 2352 2924 2420 dignetur
2970 2348 3261 2416 adjungere
3306 2363 3317 2397 :
3378 2352 3435 2421 ult
3468 2352 3490 2379 τ
3544 2340 3701 2393 vobis
3746 2338 3809 2392 ita

2236 2448 2606 2519 regnantibus,
2634 2452 2689 2498 et
2713 2443 2804 2496 Dei
2838 2455 3054 2510 regnum
3085 2438 3223 2491 intra
3256 2450 3349 2490 vos
3378 2433 3579 2487 habere
3607 2444 3807 2484 merea-

2239 2545 2389 2607 mini,
2420 2551 2473 2595 et
2497 2536 2814 2593 catholicam
2849 2533 3006 2587 fidem
3050 2531 3191 2584 nulla
3221 2529 3425 2582 falsitas
3455 2525 3642 2586 violet,
3680 2523 3810 2575 nulla

2241 2633 2460 2689 hazresis
2507 2629 2809 2699 inquietet;
2866 2639 2963 2680 nec
3009 2624 3257 2691 cuiquam
3304 2620 3462 2674 liceat
3513 2617 3805 2671 doctrinam

2240 2723 2602 2793 evangelicam
2652 2720 2903 2773 deserere
2936 2758 2950 2780 ,
2996 2724 3049 2769 et
3083 2712 3397 2769 sacerdotali
3448 2710 3659 2765 honore
3702 2723 3818 2774 gau-

2242 2818 2389 2871 dere.
2422 2811 2694 2885 Synodum
2740 2822 2870 2863 vero
2916 2806 3031 2861 fieri
3061 2830 3091 2875 ι)
3127 2816 3184 2859 ut
3236 2802 3479 2857 meminit
3540 2800 3816 2854 clementia

2243 2918 2445 2972 vestra,
2473 2906 2635 2961 etiam
2665 2904 2766 2971 ipsi
2816 2901 3176 2970 poposcimus.
3210 2897 3316 2954 Sed
3363 2894 3681 2953 sacerdotes
3708 2906 3821 2961 pro-

2248 3002 2540 3055 vinciarum
2581 2995 2819 3050 omnium
2879 2990 3194 3061 congregari
3242 2985 3524 3056 prmsentis
3575 2983 3821 3049 temporis

2249 3092 2542 3148 necessitas
2588 3087 2730 3143 nulla
2782 3085 2990 3139 ratione
3038 3081 3300 3151 permittit
3330 3080 3381 3145 ,εἴ
3423 3076 3682 3147 quoniam
3730 3075 3823 3129 illze

559 3206 682 3247 esse
735 3205 766 3243 a
795 3190 1045 3246 diabolici
1093 3189 1361 3259 dogmatis
1410 3188 1657 3257 contagio
1701 3188 2017 3257 glorientur.
2074 3188 2140 3245 Ut
2165 3175 2211 3239 C
2245 3185 2566 3258 provincias,
2608 3181 2675 3236 de
2712 3179 2905 3250 quibus
2947 3176 3176 3231 maxime
3218 3184 3343 3228 sunt
3374 3171 3668 3237 evocandi,
3703 3177 3722 3204 ³
3754 3172 3827 3222 in-
3908 3218 3915 3223 ,

560 3297 689 3349 ergo
736 3282 1159 3351 praecedentibus
1198 3279 1225 3318 ¹ι
1259 3281 1453 3335 litteris
1484 3280 1733 3346 iudicavi,
1768 3279 1957 3335 fratres
1989 3296 2137 3336 meos

567 3372 587 3412 ι
620 3374 937 3429 Lucentium
983 3374 1292 3443 episcopum
1341 3381 1395 3427 et
1434 3371 1689 3425 Basiliam
1737 3370 2138 3441 presbyterum,

563 3469 652 3539 qui
695 3467 1073 3522 sollicitudinis
1121 3481 1260 3521 mete
1288 3474 1468 3534 partes
1498 3463 1704 3534 possint
1749 3466 1975 3534 implere
2002 3507 2015 3529 ,
2062 3466 2143 3520 dio

564 3560 677 3618 rexi
719 3581 731 3614 :
778 3562 945 3617 favori
990 3575 1085 3617 eos
1137 3560 1352 3630 pietatis
1398 3566 1594 3615 vestrae
1642 3558 1696 3612 in
1747 3558 1996 3614 omnibus
2026 3575 2143 3629 quae

637 3753 663 3781 ι
694 3743 893 3797 Α1.65.
949 3742 1081 3809 Qum
1131 3750 1307 3795 autem
1351 3749 1506 3795 antea
1542 3738 1609 3793 85
1654 3746 1790 3802 erat,
1821 3752 1966 3792 nunc
2015 3737 2140 3793 I08.

565 3813 774 3880 Scripta
803 3815 835 3867 9
863 3813 1001 3867 Junii
1031 3828 1117 3865 an.
1148 3810 1271 3865 451.

637 3884 663 3921 ί)
693 3877 889 3937 Existit
934 3885 984 3935 in
1034 3898 1163 3935 mss.
1214 3881 1429 3935 collect.
1476 3879 1624 3949 Hisp.
1656 3877 1778 3932 Isid.
1813 3878 1901 3940 II,
1934 3877 2024 3949 I2,
2054 3878 2163 3947 18,.

576 3954 638 4008 19
670 3967 719 4008 et
747 3954 809 4006 2|
849 3968 1015 4019 usque
1042 3953 1106 4003 ad
1137 3950 1229 4012 ‘24,
1254 3966 1314 4005 ac
1347 3952 1396 4003 in
1429 3952 1676 4018 exemplo
1700 3948 1966 4019 Sichardi.

645 4036 664 4061 ε
695 4024 749 4077 In
782 4018 941 4087 llisp.,
964 4024 1049 4074 hic
1083 4022 1266 4075 titulus
1316 4037 1435 4075 cum
1479 4021 1636 4075 editis
1663 4029 1789 4074 ante
1818 4018 2022 4082 Quesn.
2055 4032 2149 4072 ex-

568 4094 784 4147 hibetur
826 4113 837 4146 :
886 4093 983 4148 Ubi
1009 4094 1138 4146 inter
1166 4102 1347 4145 caetera
1371 4107 1463 4161 pro
1500 4092 1794 4162 defensione
1824 4090 1942 4157 ﬁdei
1972 4091 2152 4143 catho-

570 4166 683 4234 lictr
709 4164 1012 4234 gratulatur.

643 4233 669 4271 ἀ
698 4231 1041 4301 Quesnellus,
1075 4232 1402 4297 rescribendi,
1438 4240 1493 4286 ut
1523 4232 1575 4285 in
1608 4232 1804 4285 nostris
1856 4244 1989 4285 mss.
2037 4231 2152 4284 col-

571 4305 695 4360 lect.
726 4300 834 4358 ῨΞΙ.
883 4305 955 4357 Ex
991 4302 1198 4369 Ratisp.
1242 4304 1479 4371 utrisque
1511 4302 1658 4369 Hisp.
1693 4302 1813 4357 Vat.
1847 4301 1968 4355 Isid.
2001 4300 2151 4354 aliis-

571 4391 675 4445 que
716 4375 989 4457 codicibus
1038 4374 1364 4428 anteriorum
1412 4372 1708 4427 editionum
1738 4373 2020 4427 lcetionem
2069 4386 2153 4425 rc-

571 4459 902 4500 νοοθνιῐηιιε.

651 4526 675 4552 ε
704 4514 832 4568 Cum
864 4515 915 4568 hi
946 4513 1144 4569 Leonis
1187 4514 1347 4583 legati
1374 4512 1838 4579 Constantinopoli
1869 4512 1920 4583 in
1950 4510 2150 4567 Urbem

573 4585 796 4642 reduces
828 4600 992 4638 novas
1023 4582 1359 4652 imperatoris
1389 4584 1595 4639 litteras
1639 4583 1704 4637 ad
1733 4582 1978 4636 eumdem
2010 4597 2144 4650 pon-
2173 4585 2226 4644 D

574 4655 770 4711 tilicem
821 4654 1099 4709 attuli-rint
1130 4695 1143 4713 ,
1193 4654 1383 4721 quibus
1431 4668 1571 4706 nunc
1613 4653 1936 4721 respoodet,
1989 4654 2148 4720 paulo

574 4736 695 4780 ante
726 4727 825 4780 hoc
859 4736 1066 4793 tempus
1095 4724 1320 4778 Romam
1352 4728 1663 4790 pervenisse
1693 4734 2002 4779 noscuntur.

648 4794 668 4832 τ
701 4796 797 4849 Ms.
833 4795 1039 4860 Ratisp.
1066 4798 1207 4849 delet
1232 4810 1462 4864 Operum.

647 4875 671 4911 8
706 4866 848 4919 Idem
881 4866 1074 4929 codex,
1115 4866 1435 4931 exspectatis.
1464 4864 1577 4916 Mox
1615 4864 1741 4917 editi
1773 4873 1897 4918 ante
1925 4864 2147 4930 Quesn.,

577 4934 754 5020 nullus
802 4945 912 5020 tum
965 4937 1088 5020 ejus.
1127 4944 1236 4988 tum
1289 4935 1484 5016 nostris
1535 4948 1663 4988 mss.
1715 4934 2147 5003 suifragantibus,

605 5007 722 5056 uius
751 5008 914 5056 colitis
942 5008 1238 5056 reliaionem
1263 5013 1307 5056 et
1336 5004 1439 5056 veri

575 5008 722 5077 cujus
751 5008 914 5059 colitis
942 5008 1238 5075 religionem
1263 5013 1307 5056 et
1336 5008 1614 5058 veritatem.

649 5076 679 5113 ιι
708 5075 828 5129 Vat.
866 5078 1012 5146 llisp.
1057 5086 1111 5130 et
1151 5074 1308 5138 Isid.,
1358 5076 1443 5144 qui
1491 5075 1741 5129 redivivus
1788 5075 2022 5143 affertur,
2080 5076 2158 5129 lo-

576 5162 711 5201 cum.
738 5162 843 5201 CIC.

654 5162 692 5199 tn
738 5158 843 5201 etc.

654 5214 671 5294 ξ
697 5187 861 5294 Iidem
883 5215 1474 5294 _codd._,_conde_m_natus
1503 5225 1818 5294 agnosceret.

653 5286 667 5335 i
712 5285 1008 5340 Vindebon.
1056 5285 1205 5349 Hisp.
1246 5285 1390 5338 delc-t
1430 5302 1502 5338 se.
1535 5286 1745 5357 Ratisp.
1780 5295 1833 5341 et
1866 5285 2157 5342 Sichardus

576 5355 757 5425 delent
783 5373 906 5411 esse.
936 5359 1076 5421 Mox,
1102 5356 1399 5425 contagione
1428 5373 1478 5409 tn
1510 5372 1604 5412 sex
1636 5355 1829 5412 nostris
1858 5357 2152 5412 codicibus.

650 5423 674 5496 ξι
710 5426 1079 5496 Intelliguntur
1106 5423 1357 5496 epist.'ﬂ78
1388 5436 1440 5479 et
1464 5427 1553 5483 82.

652 5492 669 5531 ι
701 5492 907 5561 Βειιῑειῇ
941 5498 1025 5549 hic
1054 5492 1209 5549 habet
1250 5495 1557 5552 Lucensium
1585 5542 1600 5565 ,
1654 5499 1708 5553 in
1758 5498 1923 5553 tribus
1971 5507 2149 5552 autem

578 5568 923 5648 sequentibus
945 5568 1196 5648 epistolis
1218 5566 1527 5648 Lucensem;
1572 5569 2019 5648 quemadmodum
2053 5572 2151 5622 hac

579 5637 628 5707 in
655 5638 880 5707 epistola
916 5637 1202 5707 praeferunt
1227 5640 1388 5693 etiam
1420 5644 1633 5707 utrique
1661 5640 1815 5706 Hisp.
1850 5639 1969 5693 Vat.
1998 5638 2149 5705 Isid.,

581 5705 876 5787 ιιμμςυὶζεειῑἱ
913 5705 1121 5787 collect.
1164 5708 1226 5787 II
1261 5716 1316 5762 et
1342 5705 1622 5787 exemplar
1651 5705 1929 5773 Sichardi;
1970 5709 2065 5765 sed
2098 5708 2152 5762 in

582 5774 698 5829 aliis
719 5776 907 5831 litteris
934 5778 1130 5833 habent
1154 5775 1473 5832 Lucentium.

2246 3280 2502 3352 quietatae
2551 3276 2692 3352 bello
2736 3274 2803 3328 ab
2834 3271 3091 3326 Ecclesiis
3138 3269 3251 3325 suis
3277 3283 3374 3323 eos
3405 3282 3513 3320 non
3564 3266 3825 3333 patiuntur

2246 3370 2556 3427 abscedere.
2590 3366 2740 3422 Undc
2768 3362 3135 3433 opportuniori
3168 3359 3423 3428 tempori,
3458 3360 3477 3394 ί
3510 3356 3829 3427 prapitiante

2247 3463 2501 3525 Domino,
2545 3474 2667 3515 cum
2716 3457 2918 3512 ﬁrmior
2968 3455 3126 3508 fuerit
3155 3452 3405 3508 restituta
3436 3449 3719 3509 securitas,
3748 3446 3831 3515 ju-

2248 3559 2373 3614 beat
2399 3561 2577 3610 vestra
2626 3549 2911 3606 clementia
2954 3545 3265 3603 reservari.
3292 3545 3362 3599 De
3397 3556 3504 3611 qua
3538 3556 3598 3596 re
3632 3537 3830 3606 plenius

2319 3746 2359 3772 ιιι
2378 3732 2499 3787 Vat.
2533 3730 2686 3799 llisp.
2720 3743 2782 3782 ac
2811 3726 2937 3782 Isid.
2968 3733 3024 3780 et
3053 3724 3187 3778 alius
3212 3723 3430 3799 collect.
3467 3721 3528 3774 II
3565 3734 3682 3774 cum
3711 3715 3838 3799 Yin-

2248 3807 2442 3861 dehnn.
2500 3793 2651 3869 Hisp:
2697 3801 2949 3853 omittunt
2996 3811 3146 3859 cum;
3187 3796 3280 3869 sed
3329 3793 3405 3846 illi
3436 3806 3615 3869 ,_n0n
3658 3795 3833 3841 autem

2250 3876 2551 3931 Viudebon.
2587 3862 2765 3938 postea
2817 3884 2910 3937 pro
2938 3866 3258 3937 cognoverim
3289 3862 3655 3919 emendarunt
3696 3874 3837 3911 reco-

2250 3948 2417 4019 gnovi,
2444 3944 2535 4019 vel
2563 3941 2791 4019 cognoui.

2322 4027 2349 4053 ιι
2382 4002 2518 4070 Editi
2548 4002 2895 4077 antiquiores,
2922 4006 3181 4077 praebuere
3199 4019 3506 4077 consensum
3527 4002 3827 4077 paenitendo.

2252 4086 2572 4155 Quesoellus
2613 4071 3015 4155 emendavi!“
3050 4076 3363 4131 Grimanico
3398 4071 3681 4155 tribusque
3720 4071 3838 4125 aliis

2254 4145 2555 4216 codicibus,
2586 4153 2776 4219 quibus
2806 4149 2929 4204 addi
2963 4156 3187 4217 possunt
3216 4156 3339 4199 octo
3366 4145 3545 4199 nostri
3577 4160 3637 4197 ac
3664 4156 3839 4196 exem-

2254 4230 2400 4298 plum
2428 4224 2691 4281 Sicltardi.

2329 4280 2527 4351 eEditi
2560 4291 2856 4347 anteriores
2883 4290 3087 4355 Quesn.
3126 4301 3247 4342 cum
3302 4300 3437 4340 mss.
3491 4284 3705 4340 collect.
3747 4280 3839 4345 2i,

2254 4386 2422 4422 ηηυιι.

2329 4388 2591 4499 iniistisp.
2623 4432 2925 4488 Vindebon.
2968 4429 3120 4498 llisp.
3163 4435 3217 4482 et
3264 4440 3400 4480 mss.
3436 4424 3659 4480 collect.
3688 4423 3745 4477 II
3780 4433 3842 4473 ac

2258 4511 2326 4564 2i
2357 4526 2477 4565 cum
2505 4505 2788 4566 Sichardo,
2817 4501 2898 4556 Ne
2922 4503 3111 4571 itaque.

2325 4592 2351 4629 ιι
2378 4580 2547 4634 Codd.
2581 4574 2789 4628 collect.
2821 4572 2886 4627 2i
2923 4566 3176 4623 omittunt
3204 4583 3330 4622 suae.
3368 4567 3529 4631 Dein,
3553 4566 3750 4619 adscito
3775 4576 3842 4615 ex

2256 4650 2463 4717 Ratisp.
2513 4656 2566 4702 et
2608 4646 2814 4699 duobus
2841 4642 2960 4717 aliis
2986 4640 3149 4717 codd.
3179 4641 3350 4707 magis
3381 4638 3586 4717 placuit
3611 4650 3761 4717 quam
3788 4634 3843 4685 in

2255 4706 2438 4787 Vulg,
2463 4718 2656 4777 accito;
2688 4706 3525 4787 Constant_ino_po|itanutn_eni_ni
3554 4706 3845 4787 antistitem

2256 4777 2445 4861 legatis
2470 4790 2775 4861 adjunctum
2808 4781 3006 4861 innuit.-
3026 4782 3219 4861 Postea
3247 4782 3299 4833 in
3330 4778 3642 4861 Vindebon.
3674 4777 3843 4861 llisp.,

2250 4843 2837 4921 tbgnstarttinopolitnme
2900 4853 3163 4916 antistite;
3221 4860 3534 4903 correctum
3602 4850 3659 4903 in
3723 4843 3846 4899 Vat.

2261 4934 2409 4992 Hisp.
2442 4941 2494 4983 ct
2524 4930 2670 4990 Isid.,
2697 4922 3261 4989 Constantinopolitano
3291 4921 3557 4992 episcopo.

2334 4986 2369 5039 τ’
2394 5002 2531 5054 Editi
2560 4986 2682 5051 ante
2708 4996 2907 5063 Quesn.
2939 4986 3058 5047 cum
3093 5007 3223 5046 mss.
3256 4986 3482 5046 collem.
3513 4989 3606 5055 24,
3634 4987 3764 5043 vobis
3790 4986 3849 5037 in

2261 5082 2396 5127 terra
2422 5066 2766 5141 regnantibus.

2337 5151 2356 5177 ⁸
2392 5130 2531 5196 Editi
2573 5135 2903 5203 antiquiores
2952 5148 3071 5185 cum
3106 5131 3227 5203 Vat.
3255 5131 3421 5203 llisp.
3458 5130 3588 5185 Isid.
3621 5138 3677 5184 et
3709 5139 3850 5203 mss.

2260 5195 2468 5267 collect.
2498 5210 2583 5269 II,
2603 5208 2665 5261 21
2696 5195 2749 5258 ct
2767 5205 2836 5259 ‘24
2859 5214 3017 5270 atque
3044 5201 3328 5263 S‘Chardo,
3356 5195 3678 5270 inquietante
3703 5195 3849 5270 bello.

2260 5282 2581 5350 Quesnellus
2622 5293 2741 5332 cum
2795 5269 3325 5350 nostro_Vindehon.
3379 5269 3579 5350 llisp.,
3629 5269 3852 5350 inquieta

2263 5337 2529 5408 bellorum.
2565 5348 2966 5415 Ratisponensis
2996 5344 3283 5398 lectionem
3319 5337 3853 5415 prtetulimus_._lt_tdi-

2261 5436 2412 5479 catur
2444 5422 2643 5475 bellum
2676 5409 2813 5485 quod
2843 5415 3007 5470 Attila
3048 5415 3149 5485 hoc
3186 5415 3631 5485 annoiadversus
3665 5409 3851 5485 Valen-

2260 5476 2519 5548 tinianum
2569 5476 2974 5552 commoverat,
3023 5484 3166 5540 unde
3193 5483 3513 5539 Occidentis
3562 5476 3854 5553 provincia:

2262 5568 2583 5611 nertnrhalm
2614 5560 2849 5611 fuerunt.

2637 5577 2849 5610 uerum.

2260 5568 2583 5635 perturbatae
2614 5566 2849 5611 fuerunt.

2335 5636 2353 5671 ‘
2392 5635 2595 5697 Ratisp.
2629 5639 2681 5683 et
2706 5628 2861 5682 codd.
2890 5626 3102 5682 collect.
3135 5625 3206 5683 24
3235 5639 3362 5681 cum
3408 5622 3692 5689 Sicbardo,
3727 5626 3855 5690 pro-

2260 5707 2439 5777 pitiato
2463 5702 2701 5757 Domino.
