4014 6358
243 392 333 455 921

1546 382 1873 442 EPISTULA
1914 378 2173 438 LXXXV.

3376 382 3490 441 92⁸8

245 514 373 568 inter
415 518 609 565 caetera
646 507 785 579 apud
822 505 1073 579 pietatem
1103 512 1337 561 vestram
1382 511 1634 574 poterunt
1680 510 1807 552 aue-
1832 510 2011 565 Aque
2034 497 2300 560 essentiae,
2327 510 2427 550 nec
2457 495 2619 550 altera
2664 494 2733 549 sit
2779 495 2831 549 in
2878 494 3104 550 alteram
3158 510 3335 566 versa,
3384 513 3489 560 nec

245 616 359 673 gare
405 616 541 672 quos
590 600 736 655 misi.
792 599 919 654 Data
946 607 973 636 ι
999 612 1034 653 v
1061 596 1179 653 idus
1224 593 1408 662 Junii,
1440 589 1647 649 Adelﬁo
1689 591 1805 646 viro

244 695 532 753 clarissimo
558 695 799 750 consule.

544 784 753 857 1048
780 783 1108 839 EPISTOLA
1147 781 1176 821 δ
1205 780 1495 838 LXXXIV.

602 911 624 939 ο
658 917 724 955 AD
762 915 1093 955 PULCEERIAI
1129 913 1426 956 AUGUSTAI.

240 1018 497 1076 SYNOPSIS.
546 1046 616 1058 ——
659 1016 699 1070 1.
733 1016 944 1086 Legatos
982 1016 1131 1069 mittil
1158 1016 1245 1084 qui
1273 1030 1387 1086 cum
1416 1013 1574 1086 lapsis
1600 1030 1800 1067 summa

298 1089 569 1157 prudentia
596 1097 642 1142 et
670 1085 1017 1140 moderatione
1041 1097 1215 1158 agant.
1236 1115 1319 1158 —-:
1332 1085 1394 1139 ΙΙ.
1436 1085 1599 1139 Extra
1625 1086 1797 1137 unita-

302 1154 397 1211 tem
428 1159 541 1225 ﬁeri
569 1160 655 1228 qui
684 1170 919 1211 naturam
946 1154 1169 1211 nostram
1194 1160 1245 1210 in
1280 1154 1480 1211 Christo
1512 1165 1681 1227 negat.
1728 1186 1798 1198 —

297 1228 380 1283 111.
417 1229 583 1300 Rogat
631 1239 684 1283 ut
727 1228 984 1298 Eutyche:
1026 1230 1091 1281 ad
1124 1229 1480 1299 longinquiora
1510 1232 1792 1298 transfera-

297 1312 401 1367 tur,
435 1303 641 1370 eiusque
670 1302 973 1353 monasterio
1000 1300 1279 1353 catholiCus
1309 1300 1642 1370 praeﬁciatur.

473 1412 583 1468 Leo
613 1414 897 1483 episcopus
924 1414 1247 1468 Puncnenut
1279 1414 1565 1495 Augustas.

293 1529 421 1585 CAP.
456 1527 499 1583 Ι.
533 1559 604 1570 —
647 1528 967 1599 Religiosam
997 1529 1210 1596 pietatis
1240 1539 1434 1583 vestrae
1480 1523 1795 1581 sollicitudi-

236 1638 343 1677 nem
371 1663 387 1686 ,
438 1637 543 1692 qua
590 1622 846 1675 universo
894 1621 1111 1685 mundo,
1148 1620 1260 1674 Deo
1288 1620 1619 1688 inspirante,
1666 1632 1795 1672 con-

235 1714 427 1779 sulitis,
475 1714 837 1768 crebrioribus
882 1714 1126 1782 alloquiis
1156 1712 1377 1767 incitare
1413 1726 1694 1780 prmsumo,
1739 1720 1796 1765 ut

234 1821 446 1877 operum
475 1803 502 1842 ἀ
528 1816 826 1860 vestrorum
858 1807 1155 1876 profectum
1200 1805 1501 1860 necessaria
1538 1803 1794 1871 perfectio

1908 598 2181 654 assumpta
2236 588 2287 641 in
2334 597 2641 643 assumente
2670 586 2852 652 ﬁnita;
2887 587 2981 643 sed
3002 595 3057 643 et
3086 587 3249 645 Verbi
3278 591 3483 647 incom-

1907 681 2249 746 mutabilitas,
2273 690 2326 735 et
2351 683 2525 736 carnis
2555 690 2715 752 atque
2757 681 2950 737 anima:
2987 684 3185 739 veritas
3230 694 3483 744 maneant

1906 774 2398 841 inseparabiliterin
2432 775 2635 828 unitate
2678 789 2940 842 personae.
2992 774 3143 842 Quod
3191 777 3279 845 qui
3333 779 3481 835 testi-

1904 865 2097 921 ﬁcante
2123 866 2258 935 lege,
2282 865 2620 920 credentibus
2637 866 2970 933 patriarchis,
2987 869 3421 924 annuntiautibus
3448 868 3464 921 i

1904 958 2197 1027 prophetis,
2230 958 2552 1027 prazdicaute
2578 957 2888 1025 Evangelio,
2915 958 3225 1013 docentibus
3260 971 3475 1030 aposto-

1902 1051 1985 1115 lis,
2012 1060 2066 1105 et
2107 1060 2217 1105 toto
2249 1052 2444 1104 mundo
2471 1032 2759 1105 confitente
2784 1066 2886 1103 non
2916 1050 3159 1114 credunt,
3191 1062 3342 1106 extra
3383 1068 3469 1106 sa-

1900 1154 2227 1200 cramentum
2271 1143 2507 1212 corporis
2552 1142 2793 1209 Christi,
2855 1152 3004 1196 extra
3051 1143 3302 1198 unitatem
3348 1154 3474 1200 sunt

1900 1236 2128 1291 nominis
2148 1234 2459 1290 Christiani.

1966 1330 2095 1385 Cn.
2129 1328 2215 1384 Ill.
2248 1329 2575 1395 —Quorum
2632 1328 2766 1383 sicut
2821 1328 3030 1382 ruinam
3078 1327 3342 1398 dolemus,
3389 1330 3463 1385 ita

1896 1422 2171 1494 perﬁdiam
2198 1422 2545 1477 detestamur.
2595 1421 2662 1476 Ut
2688 1429 2862 1475 autem
2895 1420 3035 1475 circa
3070 1420 3253 1474 talium
3284 1435 3468 1488 perso-

1898 1524 1993 1570 na‘s
2017 1516 2285 1571 sincerum
2307 1523 2555 1570 servetur
2578 1513 2771 1583 ubique
2789 1512 3070 1582 judicium,
3094 1523 3148 1567 et
3176 1512 3315 1566 aliud
3346 1526 3469 1567 cor-

1896 1610 2077 1676 rectis,
2106 1608 2249 1663 aliud
2280 1607 2639 1676 pertinacibus
2670 1607 3012 1675 rependatur,
3063 1616 3238 1661 vestra
3293 1609 3464 1673 pietas

1897 1714 2132 1769 nostros,
2164 1701 2253 1772 qui
2284 1702 2352 1756 ab
2371 1700 2663 1770 apostolica
2706 1700 2835 1755 sede
2887 1709 3009 1755 sunt
3062 1700 3234 1766 missi,
3292 1701 3469 1756 fovere

1897 1794 2171 1863 dignetur;
2212 1807 2506 1860 eorumque
2536 1807 2722 1846 omnes
2754 1807 2887 1861 quas
2910 1792 3235 1862 injunximus
3254 1793 3470 1862 adjuvet

232 1899 615 1968 subsequatur;
659 1912 720 1950 ac
749 1898 890 1952 sicut
932 1898 998 1953 de
1028 1908 1168 1952 statu
1197 1895 1794 1965 Constantinopolitanae
1824 1885 1872 1945 B
1897 1886 2136 1940 actiones
2167 1901 2181 1949 ;
2212 1900 2316 1954 quo
2338 1885 2496 1939 citius
2542 1899 2603 1937 ac
2634 1884 2857 1949 facilius,
2890 1885 3183 1938 auxiliante
3216 1884 3465 1952 Domino,

231 1991 481 2046 Ecclesia
514 1990 868 2060 gratulamur,
917 1990 1070 2059 cujus
1112 1999 1167 2045 et
1194 1989 1449 2044 sacerdos
1492 1997 1547 2042 et
1573 1988 1800 2058 p0pulus

232 2083 500 2140 catholica:
552 2084 798 2153 puritatis
850 2083 1006 2138 tidem
1051 2083 1161 2153 jam
1206 2093 1390 2138 tenere
1436 2082 1796 2150 cognoscitur,

232 2176 293 2230 ita
334 2178 500 2231 etiam
554 2177 780 2230 aliorum
824 2190 1049 2230 concors
1096 2175 1375 2230 nobiscum
1420 2174 1490 2227 sit
1538 2173 1605 2228 de
1635 2172 1799 2227 Verbi

232 2268 592 2322 incarnatione
642 2267 934 2323 confessio.
988 2267 1141 2323 Unde
1205 2266 1344 2335 quod
1400 2268 1662 2320 facturum
1712 2279 1801 2319 me

235 2360 342 2413 aliis
370 2360 569 2415 litteris
596 2359 952 2415 indicaveratu
976 2402 989 2425 ,
1022 2346 1339 2414 Lucentium
1386 2358 1714 2428 episcopum,
1748 2364 1802 2411 ct

229 2450 476 2505 Basiliam
530 2452 899 2520 presbyterum
948 2449 1144 2505 fratres
1185 2464 1333 2505 meos
1363 2450 1593 2519 dirigere
1628 2458 1651 2485 °
1681 2462 1802 2518 pro-

230 2542 434 2610 peravi,
470 2542 562 2611 qui
591 2542 966 2612 dispositiones
997 2556 1166 2605 meas,
1209 2540 1389 2596 fratris
1436 2541 1539 2594 mei
1571 2538 1803 2594 Anatolii

228 2630 512 2687 devotione
558 2634 754 2687 sociata
782 2675 797 2699 ,
849 2633 1141 2688 secundum
1190 2649 1281 2688 eas
1319 2648 1450 2702 quas
1482 2639 1802 2700 acceperunt

232 2721 443 2789 regulas
494 2732 876 2793 exsequantur,
928 2712 1327 2794 gloriosissima
1360 2723 1619 2792 Augusta.
1652 2722 1801 2777 Sicut

230 2813 362 2867 enim
419 2815 665 2882 praedicti
713 2816 947 2886 episcopi
996 2816 1213 2885 scriptis
1243 2825 1296 2869 et
1340 2816 1655 2869 clericorum
1686 2814 1803 2883 ejus

228 2908 565 2975 suggestione
602 2907 922 2977 patefactum
965 2920 1077 2976 est,
1112 2909 1279 2963 multa
1311 2915 1437 2961 sunt
1468 2924 1583 2975 quae
1626 2906 1802 2960 indul-

228 2998 437 3066 gentius
489 3009 616 3053 sunt
665 3000 940 3065 curanda,
991 3000 1153 3053 multa
1202 3015 1321 3069 quae
1366 2999 1562 3069 justius
1595 2996 1614 3034 ί
1645 3012 1802 3052 coer-

230 3089 388 3143 cenda
418 3101 517 3145 :ut
549 3092 600 3144 in
636 3105 792 3145 causa
828 3100 985 3145 tanta:
1016 3091 1456 3161 perturbationis,
1491 3105 1589 3144 nec
1619 3089 1802 3143 distri-

228 3183 328 3237 ctio
380 3183 460 3237 sit
504 3185 660 3239 nimis
694 3199 881 3254 aspera
910 3228 924 3252 ,
975 3200 1074 3239 nec
1121 3185 1369 3239 remissio
1402 3198 1586 3251 parum
1618 3192 1800 3249 cauta;

1902 1993 2018 2047 quae
2051 1976 2114 2029 ad
2146 1987 2375 2030 vestram
2399 1974 2623 2045 gloriam
2654 1983 2707 2028 et
2732 1973 2798 2026 ad
2827 1973 2985 2026 totius
3012 1973 3263 2027 Ecclesiae
3289 1988 3471 2043 pacem

1903 2069 2186 2140 proﬁciant
2233 2078 2615 2137 exsequantur.
2678 2066 2752 2120 De
2801 2064 3043 2136 Eutyche
3088 2076 3265 2119 autem
3310 2067 3475 2121 totius

1904 2162 2140 2218 scandali
2171 2170 2224 2215 et
2256 2160 2541 2230 pravitatis
2561 2167 2803 2223 auctore,
2855 2158 2955 2211 hoc
2982 2156 3262 2212 clementia
3299 2166 3473 2212 vestra

1903 2256 2198 2325 prarcipiat,
2230 2261 2287 2307 ut
2312 2254 2379 2307 ab
2409 2268 2474 2308 eo
2489 2253 2607 2307 loco
2627 2252 2713 2320 qui
2729 2248 3333 2319 Constantinopolitanre
3356 2249 3473 2305 urbi

1902 2347 2062 2401 nimis
2100 2346 2304 2399 vicinus
2357 2354 2438 2400 est
2483 2384 2496 2407 ,
2548 2344 2754 2412 longius
2811 2342 3199 2398 transferatur:
3249 2358 3315 2397 ne
3361 2341 3473 2399 fre-

1901 2439 2271 2511 quentioribus
2320 2436 2525 2493 solatiis
2570 2450 2756 2491 eorum
2819 2450 2953 2505 quos
3005 2435 3073 2489 ad
3141 2434 3468 2505 impietatem

1902 2547 2051 2587 suam
2094 2531 2253 2585 traxit
2292 2539 2493 2585 utatur.
2545 2525 2869 2582 Monasterio
2916 2541 3128 2596 quoque
3171 2526 3356 2595 ipsius,
3390 2525 3476 2580 cui

1905 2622 2205 2693 perniciose
2230 2620 2550 2689 indigneque
2580 2618 2852 2688 prtesedit,
2877 2617 3198 2673 catholicum
3228 2617 3475 2672 abbatem

1901 2713 2086 2783 jubete
2108 2714 2372 2782 praeponi,
2401 2713 2489 2781 qui
2523 2711 2663 2765 illam
2714 2725 2990 2765 servorum
3034 2709 3130 2764 Dei
3180 2723 3474 2779 congrega-

1902 2805 2104 2858 tionem
2130 2812 2184 2858 et
2207 2819 2236 2857 a
2286 2817 2451 2871 pravo
2480 2803 2729 2871 dogmate
2762 2800 3009 2866 liberare,
3039 2810 3092 2855 et
3116 2800 3370 2854 institutis
3393 2815 3479 2854 ve-

1903 2897 2076 2950 ritatis
2112 2896 2278 2963 possit
2337 2896 2550 2966 1050
2612 2894 2871 2948 imbuere.
2904 2892 3033 2946 Data
3055 2890 3083 2929 ι
3111 2908 3140 2946 v
3170 2893 3286 2947 idus
3308 2891 3475 2958 Junii,

1905 2985 2112 3041 Adelﬁo
2132 2988 2250 3041 viro
2274 2986 2576 3040 ClariSslmO
2603 2984 2844 3039 consule.

2356 3100 2685 3157 EPISTOLA
2717 3098 2736 3137 ι
2779 3098 3019 3154 LXXXV

1941 3201 1981 3228 ω
2008 3209 2074 3247 AD
2105 3208 2403 3247 ANATOLIUM
2428 3209 2711 3249 EPISCOPUI
2758 3204 3435 3247 CONSTANTINOPOLITANUI.

231 3292 342 3329 cum
398 3276 548 3331 aliud
594 3278 1046 3334 satisfacientibus
1070 3320 1085 3345 ,
1141 3276 1283 3332 aliud
1316 3274 1675 3347 pertinacibus
1704 3275 1801 3329 de-
1829 3257 1874 3321 C
1906 3294 1934 3321 ιι
1965 3286 2231 3341 δικορειε,
2269 3316 2338 3326 _
2366 3287 2408 3339 ι,
2448 3284 2515 3341 Ui
2541 3288 2625 3348 ηυξ
2658 3287 3010 3339 mammarum
3041 3284 3293 3336 erroribus
3323 3294 3483 3349 metu,

228 3365 437 3421 beatur.

289 3455 428 3514 CAP.
464 3457 527 3511 II.
561 3487 629 3499 —
656 3456 893 3512 Oﬁertur
922 3472 1051 3528 ergo
1079 3458 1259 3527 pietati
1288 3465 1479 3511 vestra:
1506 3455 1662 3525 digna
1696 3470 1808 3509 ma-

227 3550 369 3614 teria,
434 3549 644 3621 1049
677 3566 795 3619 qua:
827 3551 1071 3620 placitam
1108 3561 1132 3597 ε
1178 3551 1403 3604 1)οωὶηο
1424 3564 1604 3603 curam
1637 3549 1806 3603 sancti

227 3642 398 3696 cordis
429 3654 695 3708 exerceat,
731 3652 784 3697 et
804 3642 1225 3712 praacedeutium
1283 3643 1596 3696 meritorum
1654 3656 1808 3695 coro-

228 3748 315 3788 nas
335 3737 501 3789 etiam
526 3734 593 3789 de
626 3735 901 3804 praesentis
918 3738 1118 3789 erroris
1143 3734 1433 3789 abolitione
1460 3734 1796 3803 multiplicet.

226 3826 368 3881 Sicut
395 3828 545 3881 enim
585 3826 899 3882 Nestoriaua
942 3827 1214 3897 impietas,
1254 3826 1325 3881 ita
1369 3840 1422 3881 et
1472 3828 1801 3898 Eutycltiana

227 3918 680 3989 blasphemiahab
699 3922 934 3975 omnium
964 3930 1043 3976 est
1074 3920 1457 3975 catholicorum
1483 3920 1801 3975 elitninanda

225 4011 521 4065 consortio.
552 4011 684 4078 Quia
727 4022 832 4065 tam
882 4012 1102 4079 impium
1152 4022 1258 4077 est,
1311 4012 1802 4081 consempiternam

226 4111 272 4155 et
300 4103 816 4156 consubstantialem
842 4102 983 4156 Patri
1015 4101 1133 4157 Filii
1185 4102 1465 4168 Deitatem,
1517 4104 1679 4158 etiam
1738 4118 1803 4157 ex

226 4204 373 4250 utero
396 4194 638 4265 Virginis
664 4198 849 4251 matris
879 4207 1030 4265 partu
1065 4198 1261 4252 editam
1292 4214 1487 4267 negare
1514 4213 1800 4267 corporeo,

225 4305 378 4359 quam
416 4306 577 4344 unam
606 4291 658 4345 in
684 4292 775 4345 Dei
817 4292 954 4345 Filio
1015 4302 1133 4359 post
1182 4292 1573 4346 incarnationis
1619 4306 1801 4347 sacra-

224 4393 465 4437 mentum
495 4383 766 4438 aflirmare
792 4396 1037 4439 naturam
1070 4402 1081 4435 :
1109 4394 1164 4438 ut
1195 4386 1401 4439 scilicet
1429 4395 1517 4438 aut
1559 4384 1804 4440 humaui-

226 4489 304 4537 tas
332 4482 458 4552 ejus
487 4481 752 4537 refutetur
777 4491 868 4536 aut
897 4482 1077 4537 Deitas
1106 4499 1119 4533 :
1145 4495 1264 4536 cum
1294 4480 1307 4517 ί
1342 4480 1582 4535 unitione
1612 4481 1807 4534 utrius-

292 4662 319 4690 ⁸
353 4662 698 4717 Retinuimus
724 4662 865 4716 diem
896 4662 1160 4717 editorum
1192 4671 1316 4716 ante
1355 4662 1575 4723 Ouesn.,
1607 4661 1802 4730 quippe
1832 4669 1885 4728 Ι)

225 4733 311 4802 qui
362 4750 476 4787 non
530 4734 703 4788 solum
746 4733 942 4799 legitur
984 4734 1036 4786 in
1085 4733 1330 4800 exemplo
1361 4731 1628 4793 Sicbardi,
1659 4745 1709 4785 et
1744 4735 1795 4786 in

226 4819 356 4858 mss.
388 4804 602 4858 collect.
634 4808 699 4858 tz
742 4813 797 4857 et
820 4803 911 4863 24,
943 4819 1125 4858 verum
1166 4804 1325 4857 etiam
1372 4804 1421 4855 iu
1470 4804 1796 4871 praestantis-

226 4873 363 4925 simu
417 4875 628 4942 Ratisp.
671 4875 802 4928 etin
852 4875 1151 4927 Vindebon.
1190 4874 1336 4937 Hisu.
1364 4873 1797 4942 Quesnellusex

224 4943 396 4998 Grim.
459 4955 513 4999 et
562 4941 742 4999 noster
799 4944 917 4997 Vat.
973 4946 1182 4997 collect.
1236 4943 1321 5005 11,
1373 4960 1445 4997 vn
1490 4944 1619 4995 idus.
1674 4941 1793 4996 Vat.

225 5012 377 5083 iiiSp.
416 5024 470 5069 et
501 5016 648 5077 isid.,
697 5031 747 5068 vi
777 5017 913 5067 idus.
961 5016 1085 5068 Mss.
1118 5014 1224 5067 duo
1267 5014 1478 5067 collect.
1524 5011 1612 5076 21,
1658 5014 1793 5076 idus,

225 5086 312 5138 ubi
362 5086 659 5140 numeralis
710 5096 833 5139 uota
878 5084 1183 5139 collectoris
1232 5085 1312 5138 vel
1359 5084 1562 5138 librarii
1613 5097 1799 5138 errore

223 5156 425 5210 omissa
456 5157 571 5210 fuit.

291 5226 319 5264 δ
354 5228 507 5281 Alias
546 5226 633 5281 64.
674 5226 804 5293 Quae
834 5237 1011 5280 autem
1043 5232 1197 5279 antea
1232 5224 1294 5277 8i
1328 5231 1463 5291 erat,
1495 5238 1635 5277 nunc
1679 5224 1801 5277 111.

222 5294 438 5367 Scripta
467 5301 501 5352 9
530 5298 676 5352 Junii
703 5315 790 5351 au.
820 5296 948 5351 451.

296 5379 318 5407 ε
345 5363 456 5423 Εει
478 5370 531 5423 in
561 5384 690 5422 mss.
722 5368 931 5422 collect.
966 5364 1051 5427 l2,
1081 5366 1148 5421 18
1172 5373 1226 5420 et
1256 5363 1344 5418 19.

287 5436 315 5475 δ
347 5438 486 5493 Cod.
521 5439 754 5507 Ratisp.,
786 5448 1096 5491 nostrorum.

291 5519 317 5547 ⁸
356 5510 566 5578 Vulgati
598 5506 722 5563 ante
752 5512 951 5574 Quesu.
986 5507 1145 5575 male,
1177 5506 1481 5577 praeparatu.

294 5578 314 5617 τ
351 5580 490 5634 Cod.
515 5580 712 5646 Grim.,
736 5579 1058 5649 inquirenda.

292 5650 594 5732 ῗβέίίδίῖξν
627 5651 756 5732 ρεο·
847 5721 858 5732 .
1045 5721 1055 5731 .
1192 5721 1203 5732 .
1260 5697 1290 5732 .\

287 5718 319 5756 δ
349 5722 503 5775 idem
527 5722 755 5791 Ratisp.,
806 5721 869 5774 ab
920 5721 1055 5773 omni
1102 5718 1467 5776 catholicorum
1508 5728 1581 5774 est
1609 5718 1808 5773 abomi-

225 5792 401 5847 nanda
430 5794 705 5846 consortio.

298 5862 315 5901 ί
348 5864 497 5916 idem
526 5866 720 5928 codex,
748 5862 949 5917 unione.

1981 3374 2080 3409 non
2107 3357 2362 3410 voluntate
2389 3356 2638 3423 implicati
2664 3365 2801 3417 sunt,
2860 3372 2949 3426 per
2996 3356 3476 3426 satis!ncti9ne_1_n_et

1981 3444 2081 3481 non
2112 3428 2315 3480 dubiam
2348 3422 2709 3497 professionem
2741 3422 3106 3489 suscipiantur.
3135 3453 3205 3465 —
3233 3423 3293 3478 ll.
3330 3422 3481 3475 Prin-

1980 3500 2114 3568 cipes
2138 3497 2491 3552 ha‘reticorum
2516 3500 2610 3551 sibi
2656 3506 2872 3550 reservat
2902 3497 3479 3568 discutiendosieorunt

1982 3563 2187 3621 nomina
2209 3570 2275 3620 ad
2304 3570 2467 3621 altare
2490 3570 2690 3621 interim
2736 3568 2939 3620 recitari
2970 3576 3117 3619 vetat.
3164 3594 3232 3606 —--
3270 3565 3354 3618 ΙΙΙ.
3408 3563 3482 3618 De

1983 3642 2366 3692 commonitorio
2399 3640 2443 3692 ei
2484 3639 2793 3706 respondet;
2826 3638 2894 3689 ad
2924 3637 3318 3691 sollicitudinem
3366 3634 3481 3687 lior-

1982 3719 2152 3775 tatur;
2181 3722 2361 3763 cuncta
2392 3711 2486 3763 sibi
2515 3710 2696 3779 referri
2724 3708 2967 3776 postulat.

2161 3823 2273 3876 Leo
2315 3823 2592 3890 episcopus
2632 3821 2907 3874 Aunouo
2950 3818 3221 3887 episcopo.

1979 3937 2107 3991 Car.
2126 3936 2166 3989 ι.
2196 3965 2263 3974 —-
2294 3934 2438 3989 Licet
2462 3948 2673 4003 sperem
2701 3933 3039 3986 dilectionem
3064 3939 3207 3984 tuam
3236 3929 3299 3983 ad
3323 3944 3482 3984 omne

1910 4043 2044 4098 opus
2068 4029 2261 4081 bonum
2294 4041 2414 4079 esse
2455 4027 2724 4084 devotam,
2782 4033 2837 4076 ut
2870 4032 3048 4076 tamen
3097 4022 3365 4076 efﬁcacior
3396 4031 3481 4074 tua

1912 4120 2023 4174 ﬁeri
2045 4121 2211 4187 possit
2237 4118 2516 4181 industria,
2548 4115 2911 4170 necessarium
2940 4122 2964 4150 ο
2991 4123 3044 4167 et
3065 4128 3361 4182 congruum
3387 4112 3485 4166 fuit

1909 4211 2101 4264 fratres
2158 4224 2306 4263 meos
2348 4208 2663 4262 Luceutium
2725 4207 3069 4275 episcopum,
3127 4214 3180 4259 et
3227 4205 3482 4258 Basilium

1907 4300 2297 4369 presbyterum,
2324 4309 2379 4352 ut
2402 4299 2766 4367 promisimus,
2796 4298 3095 4361 destinare;
3146 4296 3336 4364 quibus
3388 4304 3475 4349 tua

1906 4391 2122 4445 dilectio
2146 4392 2401 4456 societur,
2435 4399 2491 4444 ut
2536 4389 2665 4443 uiltil
2718 4390 2769 4443 in
2803 4388 2887 4442 his
2922 4403 3039 4456 quae
3066 4388 3130 4440 ad
3164 4387 3484 4441 universalis

1909 4483 2161 4537 Ecclesiae
2208 4492 2402 4538 statqu
2451 4482 2737 4551 pertinent,
2800 4489 2891 4535 aut
2946 4478 3107 4533 dubie
3153 4487 3342 4549 agatur
3394 4488 3486 4532 aut

1981 4663 2260 4733 iVulgati,
2309 4664 2665 4718 annuentibus.
2723 4663 2906 4718 Melior
2964 4664 3119 4716 trium
3177 4674 3482 4718 nostrorum

1908 4735 2151 4788 codicum
2186 4734 2365 4789 lectio.

1975 4803 1999 4841 ι
2029 4805 2349 4871 Quesuellus
2375 4822 2442 4859 ex
2487 4804 2813 4865 Grimmicn,
2850 4819 2919 4857 vn
2958 4804 3093 4856 idus.
3121 4802 3312 4858 Caneri
3347 4803 3478 4859 editi

1903 4890 2025 4929 eum
2071 4878 2227 4929 codd.
2281 4876 2491 4930 enllect.
2550 4877 2638 4940 12,
2686 4876 2871 4928 idibus.
2906 4873 3346 4941 Ratispnnensem
3399 4890 3487 4930 se-

1902 4948 2136 5015 quimur,
2171 4948 2256 5012 qui
2292 4948 2341 5000 iu
2374 4959 2601 5015 quatuor
2627 4946 2865 5013 epistolis
2904 4960 2995 5011 per
3022 4947 3242 5000 eosdem
3274 4945 3477 5013 legatos

1906 5018 2232 5138 ll‘anF‘llliSSlS
2263 5018 2509 5071 eumdem
2550 5017 2690 5071 diem
2739 5030 2886 5069 more
2930 5015 3127 5069 Leonis
3174 5028 3481 5071 constanter

1908 5102 2018 5138 orm
2043 5099 2142 5138 ert.

1908 5099 2142 5156 prmtert.

1986 5155 2003 5194 ι
2035 5158 2180 5210 Alias
2210 5157 2295 5211 65.
2328 5158 2456 5224 Quae
2482 5166 2657 5211 autem
2686 5166 2841 5211 antea
2885 5155 2953 5211 85
3002 5164 3135 5220 erat,
3170 5171 3309 5210 nunc
3362 5155 3484 5209 112.

1908 5226 2117 5295 Scripta
2150 5229 2213 5281 19
2241 5228 2383 5282 Junii
2407 5243 2495 5281 an.
2530 5227 2654 5282 451.

1982 5307 2020 5333 ω
2050 5301 2231 5351 Exstat
2275 5299 2388 5352 huic
2412 5300 2639 5367 epistola
2681 5298 2733 5350 in
2792 5296 2980 5351 iisdem
3021 5311 3153 5352 mss.
3198 5296 3251 5351 in
3292 5294 3486 5364 quibus

1914 5370 2158 5435 superior
2190 5368 2279 5421 85.

1982 5446 2009 5472 υ
2039 5438 2093 5491 1η
2129 5438 2408 5506 Hispanica
2435 5439 2518 5492 hic
2558 5439 2741 5492 titulus
2784 5437 3011 5503 legitur:
3044 5435 3122 5488 De
3172 5437 3249 5489 his
3292 5436 3379 5503 qui
3426 5437 3479 5489 in

1909 5508 2263 5561 hwreticorum
2316 5510 2574 5562 erroribus
2610 5521 2766 5568 metu,
2805 5524 2904 5559 non
2926 5507 3184 5559 voluntate
3214 5507 3485 5571 implican-

1910 5587 2013 5640 tur,
2048 5590 2099 5630 ut
2158 5595 2246 5645 per
2302 5580 2701 5646 satisfactionem
2754 5581 2805 5631 in
2838 5578 3067 5632 Ecclesia
3118 5578 3488 5643 suscipiantur,

1908 5658 1955 5700 et
1984 5658 2036 5700 ut
2069 5650 2419 5703 ltwreticorum
2444 5652 2648 5703 nomina
2672 5648 2738 5700 ad
2767 5648 2925 5701 altera
2955 5664 3054 5699 non
3083 5648 3379 5705 recitantur.

1984 5728 2007 5752 ο
2036 5719 2186 5787 Apud
2221 5722 2565 5775 ilatramuum
2591 5721 2683 5773 lib.
2710 5735 2756 5771 tv
2799 5728 2979 5771 contra
3022 5717 3238 5772 Grmcos
3287 5729 3418 5773 tutu.
3470 5720 3491 5777 l

1908 5788 2090 5857 Spicil.
2122 5791 2313 5845 Acher.
2345 5807 2462 5862 pag.
2501 5790 2619 5854 109,
2648 5800 2694 5842 et
2726 5788 3049 5841 commodum
3080 5789 3196 5859 fuit.
