4014 6358
427 1277 448 1324 β

1634 365 1691 420 S.
1733 360 1978 418 LEONIS
2016 357 2227 417 MAGNI
2267 356 2638 416 EPISTOLIE.

3649 355 3761 410 91d

501 481 768 552 segniter
804 496 945 548 eum,
974 489 1001 518 ι
1032 477 1394 534 residentibus
1417 477 1596 546 vobis,
1627 476 1821 548 quibus
1852 491 2084 532 exsecu-
2107 479 2160 540 Α
2184 475 2380 532 debeat
2409 473 2729 532 aestimetur.
2768 470 2956 542 Neque
2994 469 3142 543 prius
3185 469 3242 524 in
3286 467 3550 533 Ecclesia,
3593 468 3679 524 cui
3705 477 3760 527 te

505 574 702 631 tionem
731 581 928 628 nostra:
957 570 1328 639 dispositionis
1376 570 1727 640 iniunximus,
1769 585 1831 626 ea
1871 570 2082 641 possint

2185 567 2442 624 Domina
2481 567 2658 630 voluit
2691 563 3003 636 praesidere,
3051 563 3366 634 cujusquam
3411 559 3616 627 talium,
3643 569 3701 616 ut
3731 557 3758 597 ιι

505 669 590 740 agi
623 675 812 722 cuncta
843 668 1228 733 moderatione,
1271 673 1452 722 utnec
1485 664 1876 720 benevolentia
1901 672 2084 732 partes
2181 670 2307 716 ante
2347 663 2456 729 jam
2509 661 2844 731 scripsimus,
2894 673 3090 713 nomen
3139 656 3204 711 ad
3258 656 3427 711 altare
3478 656 3764 726 recitetttr,

505 773 608 814 nec
642 757 862 825 justitiat
916 756 1277 826 negligantur,
1329 755 1425 809 sed
1479 755 1680 824 absque
1730 769 2086 824 personarum
2182 769 2340 824 quam
2368 752 2494 823 quid
2524 753 2593 812 de
2617 752 2697 810 eis
2724 752 2978 810 constitui
3015 751 3212 836 debeat
3257 764 3442 808 rerum
3480 763 3764 820 processus

505 849 820 919 acceptione
844 847 1082 902 divinum
1116 848 1166 902 in
1199 847 1446 902 omnibus
1467 848 1674 919 1051
1705 846 1964 916 judicium
1992 861 2087 900 co-

502 943 721 1015 gitetur.
745 940 770 979 δ
797 941 950 1009 Quod
981 953 1036 997 ut
1059 953 1205 996 recta
1235 941 1576 996 observantia
1605 942 1778 995 valeat
1799 940 2082 1009 custodiri,
2145 1015 2148 1018 ῃ

505 1035 785 1091 catholicae
818 1033 1061 1103 primitus
1084 1033 1208 1088 ﬁdei
1240 1042 1482 1088 servetur
1505 1034 1812 1102 integritas;
1861 1041 1916 1088 et
1961 1034 2086 1102 quia

505 1143 604 1198 per
629 1129 808 1180 omnia
833 1138 1049 1197 angusta
1073 1137 1121 1180 ct
1141 1127 1306 1180 ardua
1331 1129 1413 1180 ria
1450 1134 1543 1190 est,
1582 1141 1697 1196 qua
1724 1125 1868 1178 ducit
1897 1125 1964 1178 ad
2010 1126 2084 1178 ei-

507 1229 609 1274 tam
638 1219 851 1291 (Matth.
883 1236 976 1285 \‘ll,
1008 1219 1130 1287 H);
1167 1236 1338 1286 neque
1369 1220 1418 1273 iu
1453 1221 1729 1273 sinistram
1769 1233 1946 1288 neque
1971 1228 1994 1257 ε
2018 1217 2088 1273 ad

506 1311 786 1367 dexteram
815 1313 883 1366 ab
904 1311 1019 1380 ejus
1047 1311 1260 1365 tramite
1285 1309 1552 1364 devietur.
1611 1309 1676 1363 Et
1707 1309 1828 1376 quia
1858 1322 2087 1378 evange-

507 1401 612 1458 lica
634 1415 686 1456 et
713 1402 1008 1472 apostolica
1043 1400 1178 1454 fides
1220 1412 1406 1453 omnes
1447 1409 1716 1469 expugnat
1751 1413 1992 1462 errores,
2033 1407 2091 1454 et

507 1494 577 1547 ab
617 1509 724 1547 uno
751 1493 946 1547 latere-
975 1492 1278 1545 Nestorium
1321 1491 1523 1559 dejieit,
1555 1491 1626 1545 ab
1665 1491 1774 1546 alio
1803 1489 2081 1562 Eutychen

514 1592 570 1639 et
597 1585 881 1654 participes
923 1584 1042 1653 ejus
1081 1584 1232 1638 elidit
1277 1583 1414 1637 hanc
1462 1583 1702 1653 regulam
1754 1592 2088 1640 mementote

510 1679 853 1740 servandam,
881 1676 1358 1745 utquirumquein
1389 1675 1480 1730 illa
1531 1674 1759 1746 synodo,
1821 1690 1943 1746 quas
1991 1691 2090 1730 no-

515 1785 639 1826 men
670 1769 861 1841 synodi
895 1785 991 1824 nec
1014 1769 1213 1824 habere
1239 1766 1266 1806 ά
1297 1770 1606 1838 poteritnce
1633 1779 1891 1837 meretur,
1935 1778 1991 1826 et
2033 1770 2092 1825 in

2184 845 2454 901 ostendat.

2254 938 2381 994 Car.
2409 938 2492 993 Ill.
2523 968 2594 979 —
2617 935 2694 993 De
2730 935 3148 994 commonitorio
3177 949 3326 1001 vero,
3375 949 3402 990 a
3431 933 3645 990 clericis
3683 934 3767 990 di—

2186 1031 2432 1088 lectionis
2473 1039 2579 1087 tute
2638 1031 2794 1086 nobis
2833 1030 3039 1091 oblato.
3088 1028 3453 1084 necessarium
3507 1042 3614 1082 non
3668 1027 3770 1082 fuit

2186 1124 2430 1192 epistolis
2448 1122 2575 1192 quid
2600 1123 2870 1178 videretur
2918 1121 3159 1177 inserere
3184 1135 3306 1174 cum
3327 1118 3598 1174 sufficeret
3624 1119 3770 1190 lega-

2187 1211 2260 1267 tis
2283 1213 2786 1274 entictacomitti.
2811 1228 3038 1284 quorum
3089 1225 3342 1266 sermone
3394 1226 3464 1266 ex
3514 1212 3764 1264 outnibus

2189 1303 2500 1374 diligentius
2531 1306 2830 1361 instrueris.
2883 1304 3145 1359 Anuitere
3196 1304 3394 1372 itaque,
3440 1302 3602 1356 frater
3643 1301 3773 1356 cha-

2189 1399 2425 1460 rissinie,
2462 1407 2518 1452 nt
2544 1415 2665 1467 quae
2692 1399 2953 1453 Ecclesia:
2981 1397 3075 1452 Dei
3105 1405 3428 1466 congruunt,
3462 1393 3692 1449 ﬁdeliter
3716 1402 3775 1448 et

2189 1489 2477 1547 efﬁcaciter
2509 1491 2720 1563 1052
2742 1507 2864 1544 cum
2921 1491 3001 1544 bis
3053 1485 3378 1552 fratribus,i
3421 1501 3556 1556 quos
3611 1495 3777 1540 tantae

2190 1587 2271 1639 rei
2300 1583 2523 1639 idoneos
2544 1599 2790 1639 anotores
2829 1585 3108 1654 elegimus,
3153 1580 3498 1651 cx<equaris;
3543 1593 3779 1648 praeser-

2191 1676 2286 1730 tim
2310 1691 2430 1730 cum
2456 1674 2470 1727 i
2508 1676 2624 1745 ipsa
2651 1691 2746 1729 vos
2777 1689 2952 1729 causa:
2984 1675 3141 1737 ratio,
3169 1687 3398 1742 spesque
3426 1668 3591 1725 divini
3623 1669 3780 1723 auxi-

2193 1767 2250 1824 lii
2268 1770 2639 1833 cohortentur,
2661 1777 2716 1824 et
2745 1769 3288 1823 clementissimorum
3313 1766 3608 1836 principum
3663 1775 3777 1818 tam

510 1879 615 1934 qua
666 1862 1092 1917 malevolentiam
1152 1877 1303 1917 suam
1345 1863 1656 1928 Dioscorus,
1692 1873 1716 1904 ο
1768 1864 2088 1932 imperitiam
2115 1869 2164 1930 Β
2192 1869 2379 1914 sancta
2401 1861 2472 1915 sit
2501 1860 2652 1928 ﬁdes,
2684 1871 2792 1914 tam
2819 1861 3066 1930 religiosa
3089 1859 3326 1925 devotio,
3359 1857 3496 1912 utin
3525 1856 3604 1912 eis
3658 1871 3773 1910 non

513 1965 694 2010 autem
721 1954 992 2009 iuvenalis
1046 1954 1304 2021 ostendit,
1333 1955 1536 2019 dolent,
1561 1965 1618 2010 ut
1646 1955 1948 2011 dilectionis
1980 1965 2088 2012 tua

509 2047 774 2102 relatione
798 2048 1180 2114 comperimus,
1211 2062 1269 2101 se
1299 2057 1443 2101 uictu
1476 2048 1648 2102 victos
1673 2056 1726 2102 et
1759 2057 1969 2103 terrore
1997 2063 2088 2103 su-

518 2150 734 2210 peratos
761 2139 829 2193 ad
876 2154 1197 2193 consensum
1246 2139 1610 2194 scelestissimi
1628 2140 1819 2210 judicii
1849 2139 2088 2209 potuisse

513 2233 786 2302 compelli,
819 2243 870 2287 et
901 2233 1331 2287 communionem
1359 2233 1680 2287 catholicam
1720 2233 1972 2288 obtinere
1994 2232 2090 2289 de-

509 2325 768 2388 siderant,
793 2325 1148 2379 satisfactioni
1170 2341 1356 2378 eorum
1389 2339 1484 2394 pax
1511 2324 1744 2379 fraterna
1766 2335 2088 2395 praestetur;

512 2417 588 2472 ita
648 2429 704 2472 ut
751 2434 856 2472 non
888 2419 1064 2472 dubiis
1091 2419 1512 2487 professionibus
1539 2419 1818 2490 Eutychen
1840 2435 1962 2474 cum
1992 2435 2091 2475 suo

510 2506 784 2577 dogmate,
831 2524 1057 2576 cumque
1085 2509 1430 2564 consortibus
1467 2509 1580 2566 suis
1611 2509 1967 2565 anatltematis
1986 2525 2089 2566 ex-

510 2601 817 2656 secratione
839 2602 1220 2656 condemnem.

579 2697 709 2752 Cu».
739 2699 974 2753 ll.—De
1010 2698 1094 2752 his
1123 2706 1302 2752 autem
1334 2697 1424 2766 qui
1451 2697 1508 2752 in
1540 2698 1637 2752 hac
1671 2711 1832 2752 causa
1875 2697 2090 2767 gravius

508 2805 817 2860 peccavere,
846 2802 897 2846 et
922 2792 995 2845 ob
1022 2791 1120 2844 hoc
1148 2791 1488 2860 superiorem
1501 2791 1603 2845 sibi
1632 2792 1806 2845 locum
1830 2792 1879 2844 in
1904 2791 2090 2846 eadem

507 2881 702 2936 infelici
723 2883 930 2953 synodo
956 2882 1312 2951 vindicarunt,
1341 2894 1395 2936 ut
1433 2880 1455 2922 ί
1490 2883 1837 2938 humilior-um
1868 2883 2092 2937 fratrum

507 2976 907 3043 simplicitatem
934 2976 1254 3043 arrogantia!
1305 2988 1420 3028 sua:
1460 2974 1783 3044 pvaajiidiciis
1837 2989 2094 3045 aggrava-

507 3075 646 3132 rent,
679 3067 723 3122 si
755 3066 893 3121 forte
919 3068 1266 3137 resipisetiat,
1290 3076 1314 3114 ε
1346 3073 1406 3120 et
1435 3081 1468 3121 a
1493 3067 1618 3121 facti
1668 3067 1751 3120 sui
1780 3065 2092 3122 defensione

507 3169 808 3225 cessantes,
843 3158 896 3212 in
925 3158 1429 3214 condemnationem
1464 3159 1666 3229 proprii
1705 3166 2094 3214 convertuntur

507 3251 744 3317 erroris;
785 3250 974 3308 borum
1012 3252 1056 3306 si
1089 3251 1386 3308 satisfactio
1418 3252 1540 3310 talis
1578 3251 1786 3308 accedit
1821 3268 1945 3322 qua:
1985 3267 2088 3308 non
2118 3255 2164 3323 ρ

509 3343 790 3398 refutanda
829 3346 1112 3409 videatur,
1168 3346 1550 3400 maturioribns
1591 3346 1901 3415 apostolicae
1943 3347 2088 3402 sedis

507 3435 750 3489 consiliis
790 3447 1125 3504 reservetur,
1171 3447 1228 3491 ut
1284 3439 1603 3493 examinatis
1634 3439 1883 3494 omnibus
1929 3448 2093 3509 atque

513 3531 792 3598 propensis
811 3569 824 3594 ,
853 3528 924 3585 de
952 3530 1082 3598 ipsis
1109 3546 1294 3586 eorum
1342 3529 1646 3586 actionibus
1683 3530 1810 3602 quid
1838 3532 2091 3587 constitui

582 3695 607 3723 α
637 3686 711 3764 lia
736 3702 863 3764 cum
885 3689 1246 3764 amarioribus
1268 3691 1498 3761 vulgatis
1527 3691 1696 3747 codex
1720 3691 1928 3764 Batisp.
1955 3694 2088 3748 utri-

508 3772 611 3827 que
640 3757 788 3834 llisp.
826 3758 1100 3834 Vat.__lstd.
1155 3757 1526 3834 Rati-ant'nus,_
1553 3764 1845 3817 Sicltardtts
1873 3757 2089 3834 'aliique

510 3832 679 3904 nostri
711 3839 916 3904 veteres
941 3830 1083 3904 libri.
1133 3835 1372 3904 exceptis
1401 3831 1607 3887 duobus
1630 3834 1840 3889 collect.
1871 3835 1966 3900 Ἣ,
1999 3830 2089 3904 qui

509 3902 761 3954 omittunt
795 3901 956 3954 uobis.
988 3902 1332 3966 Quesncllus.
1375 3905 1714 3959 residentibus
1740 3905 1840 3967 his,
1869 3921 1935 3959 ex
1967 3901 2087 3959 cod.

510 3971 834 4026 Grimanico.
864 3972 1067 4026 Laudat
1095 3975 1255 4027 etiam
1281 3974 1589 4042 Trecopitli.
1634 3991 1696 4030 ac
1745 3977 1878 4030 duos
1908 3975 2088 4030 Tltua-

511 4057 639 4113 neos
665 4059 679 4106 ;
706 4058 770 4096 ex
803 4044 996 4113 quibus
1030 4042 1134 4096 duo
1167 4056 1285 4098 sunt
1319 4045 1650 4099 collectionis
1701 4047 1754 4102 5.
1800 4045 1867 4100 At
1918 4048 1968 4100 in
1995 4048 2092 4100 hac

511 4111 973 4188 collectimielnec
994 4115 1218 4188 epistola
1252 4133 1369 4188 non
1405 4116 1703 4183 invenitur;
1729 4129 1781 4171 et
1808 4119 1853 4170 si
1875 4118 2092 4188 quidem

509 4194 688 4258 exstat
714 4185 765 4239 in
801 4185 878 4238 his
908 4185 1114 4258 duobtrs
1165 4187 1462 4251 codicibus,
1511 4185 1936 4243 additamentum
1971 4203 2096 4258 pro-

511 4255 650 4309 fecto
677 4267 758 4311 est
788 4257 929 4323 quod
975 4257 1040 4310 ad
1071 4259 1206 4312 hanc
1249 4258 1625 4314 collectiOnem
1670 4274 1776 4313 non
1825 4255 2091 4323 pertinet:

511 4272 650 4309 tecm
677 4272 758 4311 εει
788 4272 929 4381 εἷμαι]
975 4272 1040 4310 ad
1071 4272 1206 4312 nauc
1249 4272 1625 4314 cettecuooem
1670 4274 1776 4313 non
1825 4272 2091 4323 pertinet:

511 4327 653 4398 unde
688 4325 740 4380 in
842 4329 1031 4380 ltuanei
1068 4328 1235 4398 ipsius
1279 4329 1457 4383 tabula
1491 4330 1558 4398 ab
1589 4331 1776 4384 eodem
1801 4328 2095 4398 Quesncllo

512 4397 674 4457 edita,
709 4413 825 4465 qum
854 4399 1028 4451 omnia
1060 4397 1175 4467 ejus
1205 4397 1540 4454 collectionis
1561 4397 1880 4454 documenta
1905 4415 2095 4455 recen-

512 4476 638 4540 set,_
655 4483 994 4540 nequaquam
1022 4482 1264 4536 apparet.
1299 4473 1460 4524 Natat
1485 4485 1650 4540 porro
1677 4472 1814 4524 idem
1836 4470 2096 4537 Quesnelo

514 4538 595 4591 lus
627 4538 677 4591 in
709 4539 986 4607 marginali
1020 4541 1252 4607 postilla,
1286 4538 1594 4609 improbans
1626 4551 1860 4595 nostram
1911 4542 2096 4596 lectio-

517 4624 639 4679 nem
669 4651 684 4672 ,
732 4610 1068 4663 residentibus
1125 4611 1284 4679 vobis,
1340 4612 1422 4666 Itis
1469 4615 1689 4666 verbis:
1725 4630 1744 4662 ι
1780 4614 1938 4676 Quasi
1987 4613 2095 4667 Leo

515 4677 882 4751 diSpositiunis
913 4696 1022 4732 sum,
1061 4677 1438 4736 executionem
1490 4684 1744 4751 episcopo
1788 4681 2096 4736 Constanti-

514 4750 1171 4817 IlOpOltlalH)llllelXiShel
1228 4750 1577 4808 Romanus.»
1635 4750 1741 4807 Sed
1789 4754 2095 4809 Anatolium

514 4818 614 4872 hac
639 4821 765 4892 iure
786 4820 1105 4890 delegatum.
1135 4839 1226 4876 seu
1252 4825 1438 4892 legatis
1461 4823 1764 4889 Specialiter
1787 4824 2096 4892 adjuactnm

514 4891 798 4963 ostendunt
826 4895 984 4944 verba
1019 4892 1179 4961 paulo
1224 4891 1346 4948 ante
1379 4897 1651 4963 prtemissa
1683 4891 1865 4963 quibus
1897 4905 1984 4947 tua
2015 4897 2097 4949 di-

514 4958 664 5014 lectio
702 4963 953 5032 societur;
997 4958 1051 5016 e't
1092 4965 1140 5014 iu
1170 4978 1254 5032 cp.
1281 4958 1450 5026 83:0.
1481 4965 1515 5018 2
1545 4982 1556 5017 :
1601 4958 1902 5030 Iniunctum
1931 4976 2003 5018 est
2033 4968 2095 5020 ab

513 5029 798 5098 apostolica
827 5033 944 5084 sede
967 5029 1283 5099 directisput
1314 5038 1367 5088 in
1407 5029 1719 5089 consortium
1769 5052 1875 5090 sua:
1905 5035 2094 5091 delibe-

513 5102 730 5173 rationis
783 5103 974 5155 adscito
1029 5104 1616 5172 ConstantinOpolitanw
1654 5107 1789 5160 urbis
1843 5109 2091 5173 antistite,

512 5183 620 5245 etc.
677 5169 1085 5245 Ettsecuzioiiem
1137 5183 1312 5229 autem
1371 5169 1671 5245 pontiﬁcio:
1729 5169 2094 5234 disz.ositi0nis

515 5243 686 5316 eidem
713 5244 1004 5316 injunctam
1037 5247 1326 5300 ostendunt
1369 5243 1645 5312 sequentia
1677 5249 1864 5316 capitis
1897 5251 2039 5301 tertii
2078 5267 2089 5303 :

514 5312 962 5388 Anniierejtaquc,
996 5325 1172 5368 ut.....
1218 5318 1439 5382 [ide/iter
1487 5326 1534 5370 et
1575 5312 2095 5388 efﬁcaciter...exse-

514 5387 711 5456 quaris.
746 5385 910 5439 Paulo
933 5396 1052 5456 post
1100 5388 1235 5454 apud
1277 5385 1620 5442 Ratrantnuui
1656 5430 1672 5454 ,
1723 5402 1773 5444 et
1827 5393 1876 5443 ιιι
1925 5393 2094 5444 tribus

515 5451 696 5528 codd.)
731 5473 788 5509 ca
809 5451 1000 5528 possint
1033 5459 1115 5528 agi
1135 5451 1316 5511 cuncta
1346 5477 1460 5511 cum
1500 5451 1863 5513 moderatione.

583 5546 611 5586 δ
645 5524 772 5592 Quae
799 5524 850 5580 ut
883 5537 1017 5582 recta
1042 5524 1359 5582 observantia
1395 5530 1593 5582 valeant
1630 5532 1872 5583 custodiri
1901 5530 1950 5584 in
1977 5531 2089 5586 Ra-

515 5597 641 5666 tisp.
663 5600 779 5650 cod.
810 5598 1020 5666 legitur.
1056 5598 1172 5653 Vat.
1213 5599 1359 5666 llisp.
1387 5613 1438 5654 et
1467 5600 1591 5656 [sit].
1623 5615 1686 5656 ac
1717 5616 1845 5657 tnss.
1874 5602 2089 5658 collect.

517 5665 605 5735 Η,
636 5667 786 5733 Quod
812 5665 942 5724 uti...
965 5673 1162 5723 valeant
1191 5665 1464 5725 custOdt're.

590 5747 611 5807 ς
646 5738 848 5807 Ratisp.
875 5757 994 5794 cum
1019 5744 1226 5796 duobus
1257 5744 1374 5796 aliis
1400 5741 1584 5807 codd.,
1607 5742 1720 5798 Vat.
1738 5744 1790 5796 in
1810 5744 2094 5798 dexteram.

587 5804 777 5889 {Editi
803 5804 929 5863 ante
951 5811 1152 5889 Quesn.
1178 5828 1295 5872 cum
1321 5804 1580 5887 exemplo
1607 5813 1872 5885 Sicltardi,
1904 5815 2092 5886 potuit,

517 5875 752 5947 ﬂatisp.,
780 5875 1025 5947 potuerit.

2189 1953 2370 2012 Stilum
2399 1952 2786 2019 Christianum,
2832 1952 2926 2008 sed
2957 1953 3117 2006 etiam
3167 1950 3555 2007 sacerdotalem
3612 1964 3784 2018 expe-

2191 2045 2394 2099 riamur
2425 2043 2451 2082 ¹ί
2494 2044 2761 2100 allectum.
2798 2045 2900 2111 Qui
2927 2047 3107 2115 utique
3138 2061 3237 2116 pro
3263 2060 3323 2100 ea
3359 2045 3558 2114 pietate
3583 2060 3690 2112 qua
3716 2058 3785 2099 se

2190 2149 2312 2190 esse
2361 2135 2456 2191 Dei
2511 2135 2738 2190 famulos
2785 2137 3117 2207 gloriantur,
3171 2149 3360 2190 omnes
3409 2134 3783 2204 suggestiones

2190 2235 2399 2282 vestras
2430 2227 2550 2282 ﬁdei
2597 2229 2874 2283 catholicae
2921 2230 3252 2298 profuturas,
3304 2226 3586 2296 dignanter
3632 2227 3782 2282 acci-

2192 2322 2369 2394 pient,
2402 2332 2458 2378 ut
2481 2324 2719 2393 ipsorum
2770 2338 2980 2393 quoque
3015 2319 3032 2358 1
3068 2337 3230 2392 opere
3259 2332 3314 2376 et
3343 2336 3444 2390 pax
3475 2319 3789 2375 Christiana

2191 2413 2458 2484 reparari,
2483 2424 2540 2468 ct
2578 2429 2733 2469 error
2766 2415 2957 2484 impius
3005 2415 3176 2485 possit
3218 2413 3443 2468 aboleri.
3489 2412 3568 2468 Ac
3612 2413 3660 2466 si
3715 2413 3790 2468 de

2193 2508 2465 2577 aliquibus
2491 2509 2722 2578 amplius
2751 2507 2914 2563 fuerit
2965 2508 3396 2572 deliberandum,
3421 2507 3675 2562 celeriter
3715 2507 3788 2563 ad

2195 2618 2294 2659 nos
2316 2604 2504 2658 relatio
2521 2604 2776 2672 dirigatur
2811 2621 2822 2656 :
2853 2611 2916 2657 ut
2941 2611 3261 2672 pertractata
3292 2601 3548 2670 qualitate
3567 2608 3610 2638 ιιι
3651 2615 3788 2655 cau-

2194 2713 2398 2764 sarum,
2430 2710 2633 2763 nostra,
2681 2699 2808 2768 quid
2859 2699 3140 2754 observari
3201 2697 3424 2763 debeat,
3473 2695 3790 2751 sollicitudo

2195 2794 2508 2848 constituat.
2547 2793 2674 2847 Data
2708 2802 2736 2829 ιι
2769 2808 2800 2848 v
2829 2793 2948 2848 idus
2969 2792 3131 2859 Junii,
3172 2790 3386 2847 Adelﬁo
3423 2793 3546 2846 viro
3591 2789 3793 2846 claris-

2195 2885 2336 2942 sime
2355 2886 2593 2945 consule.

2635 2975 2963 3033 EPlSTOLA
2995 2985 3019 3012 ο
3054 2975 3333 3032 LXXXVI.

2492 3079 2518 3118 Ρ
2550 3084 2618 3125 Ah
2645 3083 2903 3125 ηιιιιιιηι
2930 3085 3166 3126 60m“
3191 3083 3500 3124 IPISGOPUI.

2196 3159 2684 3217 Saevum—Pro
2707 3165 2962 3216 communi
2987 3163 3218 3216 amicitia
3265 3171 3310 3215 et
3359 3159 3606 3215 Ecclesia
3659 3157 3795 3214 bona

2271 3233 2663 3304 sollicitudinrm
2686 3233 2886 3286 .luliani
2915 3234 3196 3304 legatorum
3241 3249 3453 3286 suorum
3475 3247 3613 3285 cura:
3642 3230 3795 3298 iunqi

2265 3303 2487 3373 postulat
2514 3303 2582 3356 ad
2620 3305 2859 3373 reliquias
2886 3303 3239 3358 Itwi'eticorum
3261 3304 3682 3373 exstinguendos.

2668 3415 2779 3470 Lso
2799 3414 3022 3472 Juuauo
3049 3415 3326 3485 episcopo.

2271 3531 2442 3601 Quam
2465 3543 2676 3604 gratum
2703 3535 2832 3589 mihi
2880 3549 3094 3601 semper
3134 3543 3220 3589 est
3243 3531 3502 3601 epistolas
3554 3537 3664 3586 tum
3716 3529 3792 3587 di-

2271 3707 2294 3736 ε
2349 3695 2652 3751 Vindebon.
2673 3695 3118 3760 Hisp.,incrtiam.
3142 3691 3260 3747 Vat.
3286 3693 3459 3758 Hisp.,
3474 3694 3791 3748 maestitiam.

2193 3765 2650 3823 Ratramnus'cum
2661 3764 2777 3819 Vat.
2796 3765 2921 3818 Isid.
2941 3776 2990 3817 ct
3006 3767 3110 3820 alio
3125 3766 3334 3819 collect.
3356 3766 3438 3827 ll,
3456 3764 3789 3820 industriam.

2274 3839 2292 3877 ι
2333 3837 2449 3892 Vat.
2473 3836 2621 3903 Hisp.
2647 3847 2701 3892 et
2726 3837 2851 3890 ιδιά.
2876 3851 2996 3890 cum
3023 3835 3316 3890 llatramno
3339 3847 3391 3891 et
3412 3849 3542 3890 mss.
3570 3835 3791 3890 collect.

2200 3909 2262 3963 Η
2293 3925 2355 3963 ac
2381 3909 2474 3975 2i,
2508 3909 2805 3961 humilium.

2269 3991 2294 4029 κ
2330 3980 2446 4034 Vat.
2505 3979 2656 4043 ιδιά..
2711 3988 2758 4032 et
2800 3979 2926 4045 {acti
2981 3979 3062 4031 sui
3107 3978 3452 4047 defensionem
3506 3988 3794 4032 cessantes.

2203 4052 2368 4108 Paulo
2392 4061 2510 4118 post
2538 4050 2674 4116 apud
2711 4051 3080 4112 ltatramnum,
3113 4050 3338 4103 accedat.

2269 4121 2294 4159 ιι
2325 4117 2444 4175 Vat.
2478 4123 2628 4188 Hisp.
2663 4129 2716 4174 et
2744 4121 2890 4182 lsid.,
2927 4120 2996 4174 ad
3019 4129 3064 4173 te
3093 4124 3208 4192 jam
3258 4119 3577 4186 scripsimus,
3629 4117 3795 4174 niml-

2195 4208 2317 4249 rum
2339 4193 2568 4261 epistola
2591 4192 2683 4246 80.

2274 4263 2290 4302 ί
2314 4259 2622 4319 Lectionem
2649 4263 2985 4331 vulgatos-um
3019 4270 3144 4315 ante
3177 4259 3528 4331 Quesnellum
3551 4262 3797 4316 restitui-

2197 4350 2316 4388 mus
2345 4335 2662 4388 auctoritate
2688 4330 2894 4402 [tatisp.
2920 4332 3149 4401 exempli
3177 4330 3534 4396 Sicliardiaui,
3597 4344 3651 4384 et
3701 4347 3798 4386 co-

2197 4403 2375 4460 dicum
2423 4403 2636 4457 collect.
2691 4403 2756 4458 1‘2
2805 4404 2979 4458 etSt.
3018 4405 3237 4456 Accedit
3269 4402 3569 4456 Vindebon.
3603 4403 3788 4472 llisp.,

2199 4474 2259 4530 in
2285 4491 2392 4544 quo
2419 4476 2592 4528 solum
2628 4487 2814 4528 errore
2865 4475 3220 4544 amanuensis
3263 4483 3552 4526 constanter
3594 4475 3645 4526 ei
3691 4485 3794 4542 pro

2197 4543 2323 4616 quos
2353 4555 2506 4599 tanta:
2526 4546 2599 4598 rei
2630 4547 2883 4611 Scriptum
2920 4546 3035 4598 fuit.
3073 4545 3126 4598 lu
3184 4543 3302 4596 Vat.
3339 4545 3487 4612 Hip.
3541 4554 3594 4597 ct
3656 4545 3790 4599 Isid.

2199 4615 2539 4672 emendatum
2572 4615 2794 4670 arbitrio
2826 4617 2978 4680 primi
3004 4616 3302 4683 scriptoris,
3345 4624 3638 4667 constanter
3660 4631 3797 4675 quos

2200 4688 2442 4750 idoneos;
2465 4687 2560 4741 sed
2591 4686 2643 4740 in
2677 4687 2794 4739 Vat.
2828 4686 2974 4753 llisp.
3007 4689 3124 4739 voci
3169 4696 3458 4738 constanter
3486 4685 3797 4751 subjiciun-

2200 4766 2289 4811 tur
2338 4767 2552 4824 puncta,
2603 4774 2723 4823 qua:
2780 4756 2918 4811 hanc
2970 4771 3156 4810 Vocem
3214 4755 3494 4810 delendam
3527 4756 3793 4809 indicant.

2199 4828 2516 4896 Quesnellus
2556 4844 2676 4882 cum
2718 4842 2824 4882 uno
2867 4842 3050 4882 nostro
3088 4825 3204 4882 Vat.
3263 4827 3476 4882 collect.
3512 4827 3572 4878 2|
3611 4869 3626 4892 ,
3670 4843 3799 4896 quos

2203 4908 2356 4952 tanta:
2383 4915 2520 4953 cura:
2549 4900 2777 4952 idoneos.

2277 4969 2290 5020 i
2331 4970 2536 5038 Ratisp.
2568 4969 2691 5024 Vat.
2725 4969 2870 5034 llisp.
2895 4983 2956 5022 ac
2977 4967 3102 5023 lsid.
3136 4968 3336 5021 addunt
3375 4976 3422 5021 et
3451 4967 3616 5022 Paulo
3673 4976 3799 5036 post

2206 5039 2506 5095 Viudebon.
2541 5038 2716 5108 Hisp.,
2741 5040 3060 5108 cohortatur.

2273 5109 2300 5148 ιι
2330 5107 2448 5164 Vat.
2476 5107 2704 5173 Πιερίδι
2727 5107 2874 5174 Isid.,
2910 5109 3164 5178 eﬂ'ectum.

2276 5179 2294 5219 ι
2329 5181 2648 5248 Quesuellus
2677 5182 2730 5234 in
2759 5183 3016 5249 margine.
3051 5181 3218 5242 Alias,
3249 5197 3362 5249 ope.

2271 5260 2310 5288 ω
2348 5247 2458 5306 Vat.
2496 5252 2645 5322 Hisp.
2679 5252 2804 5306 Isid.
2825 5247 3032 5306 et'mss.
3059 5247 3350 5306 collect.“
3379 5265 3442 5304 ac
3462 5248 3554 5313 “ll,
3574 5247 3785 5313 horum,

2201 5332 2402 5375 nostra.

2269 5401 2298 5428 ιι
2329 5392 2416 5446 Sic
2450 5393 2656 5459 Ratisp.
2691 5401 2744 5447 et
2781 5407 2911 5447 mss.
2937 5391 3145 5445 collect.
3185 5391 3252 5446 l2
3280 5407 3338 5445 ac
3369 5389 3462 5458 ει,
3523 5406 3644 5445 cum
3706 5393 3802 5445 Si—

2199 5463 2420 5516 chardo.
2456 5465 2800 5530 Quesnellus,
2827 5479 2896 5518 vtt
2936 5463 3072 5516 idus.
3111 5461 3430 5528 Vindebon.,
3465 5478 3513 5515 vl
3545 5462 3681 5515 idus.
3737 5463 3800 5516 Ιιι

2201 5534 2321 5587 Vat.
2360 5536 2507 5597 llisp.
2539 5543 2595 5587 et
2617 5535 2721 5588 alio
2753 5536 2966 5588 collect.
3029 5533 3082 5587 ll
3120 5550 3346 5589 errottee
3374 5548 3426 5588 Vl
3459 5535 3572 5588 idus
3595 5533 3804 5586 Janua-

2200 5605 2285 5658 rii.
2311 5605 2481 5659 Codd.
2513 5607 2724 5660 COIlt'Cl.
2755 5605 2848 5670 21,
2882 5607 2996 5658 idus
3019 5601 3186 5658 Junii.

2276 5685 2299 5710 ο
2328 5675 2413 5729 ΔΙ.
2442 5676 2530 5729 ϋ6.
2582 5679 2716 5744 Qua!
2759 5687 2938 5730 autent
2993 5685 3150 5731 antea
3207 5675 3276 5732 86
3319 5686 3455 5742 erat,
3491 5691 3634 5732 nunc
3669 5675 3792 5730 H7).

2206 5746 2412 5811 Scripta
2445 5745 2477 5800 9
2509 5745 2658 5801 Junii
2686 5764 2771 5799 an.
2809 5746 2935 5801 451.

2277 5827 2302 5865 Ρ
2336 5817 2487 5870 Edita
2517 5817 2614 5870 fuit
2635 5833 2664 5870 a
2695 5818 2988 5882 Quesuello
3017 5833 3080 5871 ex
3113 5832 3216 5873 ms.
3246 5816 3420 5874 Grim.
3450 5817 3666 5876 collect.
3693 5811 3788 5873 l8.

2207 5886 2520 5956 Relegimus
2548 5903 2670 5945 cum
2709 5889 2914 5962 llatisp.
2959 5889 3172 5946 collect.
3202 5887 3287 5948 l9.
