4030 6356
571 383 676 443 927
1704 381 1759 437 5.
1800 378 1977 435 LEON
1984 379 2045 434 IS
2084 380 2115 433 Μ

2231 379 2293 434 Nl
2337 379 2716 437 EPISTOLE.
3724 380 3824 441 928

566 514 898 571 nequaquam
916 498 1222 571 excederet:
1248 508 1353 566 quo
1377 494 1574 571 factum
1594 500 1676 549 est
1696 503 1773 561 ut,
1792 502 2011 571 servato
2036 493 2342 571 hoclimite,
2372 496 2424 548 in
2446 511 2603 571 quem
2626 494 2974 571 tumincnrrit
2995 490 3109 571 dies
3132 493 3426 571 Passionis,
3437 495 3646 571 Pascha
3667 499 3822 571 etiam

561 588 591 626 a
622 562 823 626 Latinis
847 562 1324 624 Alexandrinorum
1346 567 1608 620 calculum
1640 564 1835 619 secutis
1864 581 1927 618 eo
1953 580 2093 618 anno
2115 567 2439 620 celebratum
2473 568 2629 620 fuerit
2660 566 2821 620 biduo
2850 574 2988 633 post,
3018 565 3068 619 id
3098 562 3181 620 esl
3201 581 3260 620 tx
3284 564 3389 621 kal.
3409 566 3550 621 Maii.
3575 567 3682 622 Sed
3710 569 3821 624 tunc

560 642 874 698 conciliandi
910 641 1042 693 ratio
1073 639 1199 691 nihil
1227 637 1475 709 proderat
1495 636 1553 709 in
1573 638 1865 706 quaestione
1890 636 1956 690 de
1986 635 2242 709 Paschate
2269 637 2393 709 anni
2425 636 2546 701 455,
2575 653 2680 707 quo
2713 653 2817 691 non
2852 638 3021 691 solum
3052 636 3296 705 biduum,
3327 637 3419 709 sed
3466 638 3702 693 triduum
3737 656 3824 709 pa-

560 712 727 768 schali
757 712 842 765 die
871 711 1311 780 prorogatu,ipse
1362 707 1504 780 dies,
1534 708 1803 780 Passionis
1846 724 1966 761 eum
2015 706 2239 761 limitem
2289 708 2531 761 ultimum
2590 708 2918 780 prmteribat.
2974 709 3234 762 Putabant
3280 708 3488 763 tandem
3546 706 3822 767 Latini'in

558 778 1036 839 Alexandrinorum
1066 781 1327 834 rationem
1362 778 1557 833 Pasch:
1592 779 1915 833 celebratum
1952 781 2010 830 iri
2037 793 2219 833 mense
2248 780 2504 841 secundo,
2531 793 2651 833 cum
2704 795 2769 832 ex
2800 779 2917 845 lege
2968 783 3140 847 primo
3197 795 3380 834 mense
3432 780 3814 836 celebrandum

556 855 655 918 sit;
689 854 916 919 primum
949 852 1090 905 enim
1121 866 1355 905 mensem
1380 867 1407 902 a
1435 852 1521 905 the
1550 851 1851 920 aequinoctii
1877 850 1939 902 2|
1981 849 2146 920 Martii
2177 849 2240 902 ad
2271 849 2412 903 diem
2444 850 2509 903 21
2539 850 2736 915 Aprilis
2762 860 3101 917 computasse
3128 851 3395 904 videntur.

628 928 683 978 4.
709 924 866 978 Multa
897 922 1239 977 Alexandrini
1270 923 1528 975 adversus
1560 920 1674 992 haec
1708 920 2015 974 Latinorum
2041 919 2243 992 objecta
2274 921 2626 988 protulerunt.
2655 921 2758 975 Sed
2793 936 2913 974 cum
2933 937 3149 987 semper
3170 921 3626 988 disputaverintin
3658 920 3821 992 hypo-

556 993 847 1063 tbesiqnod
863 992 1070 1047 vntkal.
1099 993 1212 1045 Maii
1237 1002 1379 1045 esset
1403 993 1523 1045 luna
1551 990 1638 1055 M,
1664 1007 1761 1045 nec
1783 1007 2057 1063 umquam.
2092 991 2281 1045 saltem
2306 1006 2368 1045 ex
2402 993 2759 1045 monumentis
2786 1003 3237 1063 quaisupersunt,
3264 995 3464 1047 erroris
3493 990 3821 1048 convicerint

556 1061 796 1129 Latinos,
827 1066 952 1118 dum
985 1079 1045 1117 ea
1076 1064 1161 1117 die
1190 1063 1457 1117 diversam
1489 1072 1699 1115 .etatem
1735 1063 1870 1114 lun;e
1896 1061 2221 1126 tribuebant,
2249 1077 2346 1114 nec
2375 1062 2661 1131 quidquam
2715 1061 2992 1130 attigerint
3024 1063 3090 1116 de
3120 1064 3259 1116 tome
3318 1063 3538 1116 saltibus
3570 1064 3818 1130 diVersis,

555 1151 620 1191 ex
644 1136 835 1206 quibus
858 1136 1070 1188 diversa
1104 1136 1242 1187 luna:
1269 1143 1396 1187 tetas
1427 1133 1865 1206 proﬁcisctabttur
1899 1132 1974 1202 (in
2029 1147 2134 1206 quo
2163 1136 2206 1185 si
2228 1134 2634 1206 ipersua~issent
2677 1133 2895 1206 Latinos
2925 1148 3127 1206 errare,
3163 1135 3512 1206 proculdubio
3555 1137 3819 1206 obtinuis-

557 1203 677 1261 sent
702 1206 1012 1261 earumdem
1041 1219 1318 1259 assensum
1354 1223 1366 1258 :
1398 1220 1569 1274 neque
1599 1206 1740 1256 enim
1776 1204 1825 1256 hi
1859 1204 1979 1255 lnua
2011 1203 2183 1255 solum
2218 1205 2307 1268 It,
2340 1218 2526 1256 verum
2550 1204 2710 1257 etiam
2738 1203 2803 1256 IS
2830 1203 3026 1257 Pascha
3064 1205 3337 1274 celebrare
3388 1221 3451 1257 ex
3486 1206 3600 1256 suis
3624 1205 3819 1272 regulis

557 1280 917 1345 vetabantur),
945 1277 1072 1329 nihil
1103 1279 1292 1329 mirum
1325 1276 1368 1329 si
1391 1275 1447 1331 S.
1488 1273 1593 1328 Leo
1621 1290 1678 1329 se
1702 1275 2182 1345 Alexandrinorum
2214 1274 2510 1328 rationibus
2538 1290 2642 1327 non
2673 1274 2974 1326 convictum
3018 1273 3267 1342 prodidit,
3323 1284 3375 1326 et
3425 1276 3600 1327 solum
3640 1276 3814 1329 studio

559 1350 780 1402 unitatis
805 1363 867 1401 ac
901 1347 1067 1416 pacis,
1103 1347 1304 1400 Pascha
1328 1348 1380 1399 in
1413 1348 1648 1411 ipsorum
1678 1349 1993 1398 sententiam
2023 1344 2232 1398 indixit.
2264 1344 2386 1397 Haec
2419 1346 2599 1412 paucis
2637 1346 3021 1416 prmtnonnisse
3040 1346 3177 1416 satis
3208 1345 3381 1416 sit.pnt
3403 1360 3464 1396 ea
3488 1360 3604 1412 qu:e
3637 1344 3690 1397 in
3716 1346 3822 1408 epi-

556 1419 708 1473 stolis
737 1420 804 1472 de
835 1414 933 1471 hac
952 1419 1313 1472 controversia
1344 1417 1655 1471 exhibeudts
1687 1416 2007 1481 indicantur,
2042 1416 2265 1483 intelligi
2294 1425 2509 1480 queant.
2546 1416 2658 1467 Alia
2690 1415 2964 1480 nonnulla,
2999 1415 3086 1467 ubi
3137 1429 3271 1482 opus
3301 1414 3481 1479 fuerit,
3520 1418 3569 1467 in
3600 1424 3821 1468 annota-

559 1490 792 1543 tionibus
826 1489 1191 1555 subjtcientur.
1221 1488 1367 1541 Hanc
1413 1498 1588 1541 autem
1640 1487 2056 1539 admonitionem
2098 1486 2346 1555 sequenti
2381 1486 2623 1555 epistola:
2664 1486 3012 1555 pradixitnus,
3041 1500 3108 1540 eo
3137 1485 3279 1554 quod
3310 1489 3478 1554 prima
3508 1485 3579 1539 sit
3605 1501 3732 1555 qua:
3755 1484 3817 1541 de

566 1557 671 1615 hac
689 1562 1050 1623 controversia
1082 1558 1314 1628 paschali
1346 1558 1598 1612 indicium
1622 1557 1845 1627 praebet.

805 1696 1011 1767 1057
1062 1692 1390 1749 EPISTULA
1434 1702 1459 1730 ι
1498 1693 1829 1748 LXXXVIII.

694 1785 722 1825 δ
762 1803 827 1841 ΑΒ
865 1801 1221 1841 PASCHASINUI
1260 1799 1546 1841 EPISCOPUI
1584 1798 1986 1838 LYLIBETANUI.

558 1879 831 1933 Sinoests.
858 1906 928 1917 -—
953 1876 992 1931 I.
1019 1876 1175 1929 Mittit
1198 1877 1266 1931 ad
1308 1877 1680 1930 Paschasinum
1710 1876 1954 1929 celebrem
1985 1890 2132 1928 suam

623 1951 690 2002 ad
716 1947 1022 2001 Flavianum
1054 1947 1161 2001 (ΞΡ.
1192 1949 1479 2017 epistolam,
1512 1964 1612 2016 qna
1640 1948 1905 2017 legatnsin
1937 1948 2133 2015 synodo

626 2022 830 2090 futurus
861 2015 1227 2072 instrueretur.
1246 2020 1405 2090 ——_|l.
1438 2015 1704 2082 Dupliccni
1730 2019 1781 2090 in
1805 2015 2005 2090 C_hristo
2044 2033 2128 2090 as-

620 2087 740 2143 serit
768 2099 1005 2159 naturam
1035 2090 1272 2142 adversus
1302 2088 1584 2159 Eutychen.
1612 2118 1683 2128 —
1708 2089 1793 2142 III.
1824 2087 2133 2141 Testimonia

623 2159 728 2214 SS.
762 2158 978 2212 Patrum
1008 2161 1069 2212 de
1106 2158 1458 2213 incarnatione
1511 2158 1718 2212 Domini
1761 2160 1932 2223 mittit,
2000 2175 2132 2211 nun-

623 2231 813 2299 tiatque
862 2229 1139 2284 Orientalis
1164 2232 1411 2299 #ditecesis
1456 2232 1717 2299 episcopos
1767 2229 2131 2299 subscripsisse

622 2297 783 2355 eidem
804 2299 1031 2355 epistola
1056 2303 1122 2354 ad
1150 2297 1493 2353 Flavianum.
1514 2330 1581 2340 —
1614 2297 1690 2353 De
1714 2297 1973 2354 Pass/tate.
1995 2314 2131 2352 anno

625 2370 731 2426 ‘55
769 2370 1060 2439 diligentius
1085 2371 1274 2440 inquiri
1300 2372 1540 2442 postulat.

630 2472 650 2499 ε
668 2461 779 2517 Lso
801 2462 1083 2531 episcOpus
1097 2461 1426 2517 PASCIIASINO
1446 2463 1697 2532 episcopo
1712 2461 2059 2533 Lylibaetano.

620 2573 751 2631 Car.
788 2575 828 2630 I.
854 2604 925 2617 —
951 2574 1209 2644 Quamvis
1240 2590 1345 2631 non
1394 2577 1633 2632 dubitem
1666 2578 1993 2633 fraternitati
2024 2585 2129 2633 tua:

551 2683 763 2724 omnem
790 2670 1053 2739 originem
1080 2669 1480 2737 scandalorum,
1512 2686 1632 2740 quae
1658 2671 1725 2726 de
1753 2671 2127 2726 incarnatione

557 2760 768 2816 Domini
801 2761 969 2817 nostri
1005 2761 1131 2817 Jesu
1157 2762 1358 2817 Christi
1385 2763 1436 2817 in
1468 2762 1829 2818 Orientalibus
1871 2764 2129 2819 Ecclesiis

558 2862 827 2909 commota
859 2863 1004 2920 sunt,
1036 2854 1103 2908 ad
1133 2855 1346 2923 plenum
1370 2869 1490 2909 esse
1517 2864 1811 2924 comperta,
1843 2865 2019 2910 tamen
2060 2870 2128 2911 ne

552 2946 679 3017 quid
704 2947 842 3003 forte
856 2947 1268 3003 sollicitudinem
1284 2958 1427 3002 tuam
1443 2946 1610 3003 latere
1626 2950 1908 3018 potuisset,
1927 2949 2125 3019 episto-

2157 1694 2212 1750 Α
2235 1696 2430 1743 nostrae
2456 1688 2532 1743 illi
2562 1690 2955 1745 inconvertibili
2987 1690 3300 1746 substantiae.
3333 1700 3572 1745 nostram
3610 1706 3818 1762 quoque

2237 1780 2436 1833 unitam
2459 1796 2577 1836 esse
2600 1791 2875 1837 naturam:
2906 1798 3027 1836 nam
3050 1799 3146 1837 nec
3170 1783 3468 1837 incarnatiu
3489 1784 3595 1837 dici
3619 1793 3817 1851 posset,

2235 1872 2340 1926 nisi
2369 1887 2498 1927 caro
2522 1875 2885 1942 susciperetur
2911 1889 2939 1927 a
2986 1874 3180 1930 Verbo.
3213 1875 3342 1942 Qutc
3366 1876 3641 1945 susceptio
3669 1884 3810 1929 tanta

2232 1982 2285 2026 et
2320 1972 2441 2026 talis
2472 1972 2639 2027 nnilio
2663 1982 2767 2039 est,
2803 1980 2860 2027 ut
2888 1988 2918 2026 a
2948 1987 3110 2027 carne
3134 1971 3391 2033 animata,
3422 1987 3529 2025 non
3561 1972 3747 2025 solum
3773 1972 3818 2025 in

2234 2072 2387 2133 partu
2418 2064 2590 2118 beatae
2619 2064 2869 2133 Virginis.
2914 2064 3007 2118 sed
3056 2065 3215 2118 etiam
3267 2064 3319 2117 in
3347 2072 3615 2130 conceptu
3664 2061 3810 2114 nulla

2234 2154 2533 2210 Divinitatis
2558 2158 2628 2210 sit
2648 2156 2913 2210 credenda
2943 2156 3135 2210 divisio
3161 2173 3172 2207 :
3199 2154 3452 2223 quoniam
3500 2154 3554 2207 in
3602 2153 3811 2208 unitate

2232 2261 2478 2317 personae
2508 2249 2766 2302 Divinitas
2794 2259 2954 2318 atque
2983 2248 3287 2302 humanitas
3315 2256 3370 2303 et
3399 2256 3674 2316 conceptu
3706 2246 3813 2300 Vir-

2230 2338 2369 2408 ginis
2398 2340 2650 2394 convenit
2670 2349 2723 2394 et
2753 2351 2931 2409 partu.

2298 2428 2427 2484 Car.
2459 2431 2610 2485 Il.—
2636 2430 3007 2485 Abominanda
3040 2445 3169 2501 ergo
3203 2439 3286 2486 est
3307 2440 3333 2478 ε
3365 2431 3420 2484 in
3450 2429 3702 2500 Eutyche
3728 2430 3818 2483 im-

2230 2520 2421 2589 pietas,
2453 2537 2571 2591 qua:
2601 2522 2727 2576 olim
2755 2538 2783 2574 a
2810 2523 3057 2577 l’atribus
3088 2526 3139 2576 in
3181 2522 3615 2591 praecedentibus
3643 2522 3819 2577 haere-

2230 2610 2349 2665 ticis
2381 2612 2629 2666 damnata
2659 2621 2817 2681 atque
2839 2613 3108 2669 destructa
3138 2611 3163 2649 ιι
3194 2624 3304 2678 e5t;
3352 2613 3495 2683 quod
3528 2612 3663 2667 huic
3687 2613 3818 2667 stul-

2229 2702 2440 2757 tissimo
2497 2703 2698 2757 homini
2759 2705 3014 2773 prodesse
3062 2706 3354 2759 debuerat:
3409 2715 3469 2759 ut
3513 2705 3665 2775 quod
3721 2720 3822 2759 non

2226 2802 2437 2863 poterat
2451 2809 2611 2849 sensu
2637 2796 3058 2865 apprehendere,
3085 2794 3099 2832 ί
3128 2797 3209 2850 vel
3236 2796 3559 2861 praecedenti
3591 2804 3812 2850 caveret

2227 2886 2498 2955 exemplo,
2523 2901 2589 2941 ne
2631 2888 2815 2941 salutis
2864 2896 3060 2942 nostra:
3105 2888 3375 2955 singulare
3420 2899 3823 2942 sacramentum

2227 2977 2506 3032 veritatem
2548 2980 2723 3033 carnis
2754 2964 3000 3033 lntmanae
3027 2981 3078 3032 in
3125 2979 3341 3034 Christo
3374 2980 3609 3037 Domino
3637 2992 3821 3036 nostro

549 3040 656 3141 lam
680 3049 941 3141 nostram,
959 3056 1117 3141 quam
1140 3042 1418 3141 adsanctae
1440 3042 1712 3096 memoria:
1726 3041 2034 3141 Flavianum
2056 3043 2121 3141 de
2151 3059 2200 3119 Β
2230 3068 2474 3137 negando
2503 3080 2772 3124 vacuam.
2802 3071 3061 3137 Quoniam
3108 3072 3317 3141 1059
3356 3072 3400 3124 si
3440 3086 3566 3125 vera
3615 3084 3672 3126 ει
3699 3086 3822 3141 per,

551 3131 654 3188 hac
674 3148 734 3189 re
769 3133 1134 3204 plenissimam
1171 3134 1438 3198 misimus,
1473 3149 1741 3204 quamque
1757 3135 1992 3189 Ecclesia
2007 3138 2123 3190 uni-

549 3224 771 3279 versalis
800 3226 1158 3294 amplectitur,
1190 3226 1493 3295 diligentius
1508 3228 1597 3280 tibi
1634 3229 2016 3282 recensendam
2031 3243 2123 3283 co-

548 3317 1019 3386 gnoscendamque
1031 3316 1200 3371 direxi
1219 3335 1231 3369 :
1253 3328 1310 3371 ut
1331 3318 1630 3387 intelligens
1655 3336 1757 3388 qua
1783 3320 1993 3391 1058
2008 3322 2123 3391 ple-

549 3406 795 3460 nitudine
810 3407 971 3461 totius
984 3406 1140 3476 hujus
1152 3408 1351 3462 erroris
1372 3409 1636 3477 impietas,
1653 3406 1678 3446 ά
1693 3411 1800 3464 Deo
1811 3413 2119 3481 adjuvante,

550 3498 825 3554 destructa
856 3502 944 3565 sit,
978 3502 1092 3571 ipse
1117 3517 1327 3571 quoque
1350 3503 1595 3557 eumdem
1631 3507 1873 3574 spiritum
1907 3522 2001 3577 pro
2032 3516 2124 3563 tuo

548 3591 601 3647 in
634 3591 800 3647 Deum
831 3607 1011 3648 amore
1030 3596 1308 3663 suscipias,
1336 3598 1578 3665 sciasque
1610 3600 1823 3667 penitus
1847 3602 2124 3656 detestan-

548 3680 648 3736 dos
664 3682 764 3750 Qui
785 3683 1079 3738 secundum
1105 3685 1360 3757 Eutychis
1382 3688 1705 3757 impietatem
1725 3699 1884 3759 atque
1905 3692 2126 3747 demen-

551 3770 677 3825 tiam
704 3772 755 3826 in
788 3773 1015 3828 Domino
1046 3784 1228 3829 nostro
1246 3778 1520 3845 unigenito
1546 3779 1679 3834 Filio
1709 3781 1803 3836 Dei
1826 3783 2125 3851 suscipien-

555 3862 623 3917 tis
650 3862 703 3917 in
733 3878 792 3918 se
819 3867 1208 3934 reparationem
1260 3870 1445 3924 salutis
1492 3871 1769 3939 humanae,
1798 3873 1979 3947 dicere
2009 3876 2122 3929 ausi

549 3964 676 4008 sunt
704 3954 838 4010 duas
860 3973 964 4010 non
992 3971 1113 4012 esse
1143 3969 1380 4028 naturas,
1412 3963 1512 4017 hoc
1539 3974 1619 4019 est
1642 3964 1891 4033 perfecta:
1916 3967 2121 4022 Divini-

548 4047 672 4101 tatis
692 4057 747 4101 et
768 4048 1015 4117 perlecta:
1040 4054 1417 4119 humanitatis;
1446 4065 1502 4111 et
1530 4066 1714 4125 putant
1744 4061 1883 4129 quod
1914 4064 2118 4131 possint

546 4150 782 4194 nostram
826 4142 1154 4213 diligentiam
1204 4146 1411 4218 fallere,
1460 4165 1582 4204 cum
1634 4151 1831 4206 aiunte
1859 4170 1918 4210 se
1957 4171 2114 4210 unam

2232 3157 2369 3211 tecta
2392 3158 2443 3211 in
2473 3158 2563 3211 illo
2592 3157 2936 3213 humanitatis
2958 3168 3142 3212 natura
3168 3177 3272 3213 non
3304 3172 3406 3223 est,
3435 3160 3580 3214 nulla
3605 3173 3695 3215 est
3727 3175 3822 3215 no-

2228 3257 2340 3303 stra
2369 3251 2663 3319 susceptio;
2695 3262 2747 3305 et
2771 3262 2938 3305 totum
2970 3252 3110 3320 quod
3157 3252 3445 3317 credimus,
3476 3254 3624 3321 quod
3652 3253 3820 3308 doce-

2233 3358 2371 3407 mus,
2400 3344 2691 3398 secnndnm
2738 3344 2904 3411 ipsius
2928 3345 3255 3413 impietatem
3283 3346 3490 3397 vanitas
3517 3352 3609 3398 est
3653 3355 3818 3413 atque

2230 3437 2583 3490 mendacium.
2617 3437 2722 3492 Sed
2746 3438 2866 3505 quia
2895 3453 2991 3492 nec
3021 3439 3274 3491 mentitur
3302 3437 3523 3501 veritas,
3560 3451 3667 3492 nec
3693 3451 3818 3506 pas-

2231 3527 2399 3581 sibilis
2420 3539 2499 3580 est
2548 3528 2846 3593 Divinitas,
2899 3537 3077 3581 manet
3106 3529 3155 3580 in
3209 3526 3320 3580 Deo
3366 3525 3547 3580 Verbo
3589 3539 3822 3597 utraque

2228 3616 2521 3670 substantia
2567 3619 2615 3670 in
2669 3632 2771 3671 una
2814 3633 3062 3686 persona,
3096 3627 3147 3672 et
3188 3618 3257 3670 ita
3287 3616 3627 3671 Salvator-em
3662 3631 3822 3672 suum

2228 3709 2464 3764 Ecclesia
2507 3712 2810 3775 conﬁtetur,
2848 3719 2903 3763 ut
2943 3726 3065 3764 eum
3095 3719 3147 3763 et
3180 3709 3470 3763 Divinitate
3511 3709 3823 3777 impassibi-

2227 3803 2353 3863 lem,
2389 3811 2443 3855 et
2466 3819 2628 3856 carne
2654 3804 2958 3871 passibilem
2991 3803 3237 3867 fateatur,
3266 3801 3480 3856 dicente
3504 3802 3774 3871 Apostolo
3802 3819 3817 3854 :

2228 3891 2337 3946 Etsi
2366 3894 2642 3958 cruciﬁxus
2674 3904 2745 3946 est
2783 3910 2845 3947 ex
2887 3894 3187 3961 inﬁrmitate
3212 3902 3405 3957 nostra,
3452 3892 3542 3945 sed
3593 3893 3722 3945 vivit
3761 3907 3823 3945 es

2223 3984 2405 4037 virtute
2439 3984 2531 4037 Dei
2559 3984 2624 4054 (ll
2658 3984 2773 4038 Cor.
2806 4000 2918 4049 xttt,
2948 3984 3025 4055 li).

2296 4077 2423 4131 CAP.
2449 4078 2535 4132 Ill.
2560 4108 2631 4117 ——
2660 4078 2728 4133 Ut
2755 4089 2930 4132 autem
2977 4080 3026 4131 in
3058 4078 3303 4133 omnibus
3350 4080 3563 4148 plenius
3599 4090 3697 4133 tua
3754 4079 3825 4133 sit

2227 4166 2480 4221 instructa
2520 4168 2755 4232 dilectio,
2785 4177 3088 4222 sanctorum
3136 4168 3350 4223 Patrum
3385 4179 3729 4232 nostrorum,
3758 4167 3828 4223 de

548 4230 707 4341 39"!“
740 4240 1261 4341 "jtflfammcredere
1291 4242 1660 4309 ίιιοπηαιεπις
1704 4261 1825 4300 cum
1879 4249 2061 4318 Illique
2093 4248 2111 4287 ί
2142 4279 2188 4341 C
2226 4267 2563 4312 sacramento
2610 4258 2991 4312 incarnationis
3030 4260 3238 4312 Domini
3270 4259 3395 4330 quid
3435 4261 3744 4324 senserint,
3775 4268 3831 4313 et

546 4320 724 4378 Verbo
757 4324 851 4381 Dei
881 4326 934 4381 in
966 4327 1250 4386 Divinitate
1292 4332 1488 4398 Patris,
1535 4343 1589 4389 et
1631 4351 1745 4399 sua,
1778 4346 1831 4391 et
1886 4337 2117 4406 Spiritus

545 4417 736 4485 sancti,
760 4432 863 4473 una
892 4430 1079 4476 natura
1101 4423 1197 4489 sit;
1220 4434 1467 4494 suscepta
1494 4434 1671 4483 autem
1701 4429 1923 4485 veritate
1943 4434 2119 4490 carnis

620 4597 752 4675 -_Al.
782 4599 900 4675 Δ(ᾖδε
929 4600 1058 4675 Qtne
1097 4610 1273 4675 autem
1325 4611 1481 4658 antea
1529 4603 1597 4660 88
1639 4614 1776 4672 erat,
1810 4621 1950 4661 nunc
1991 4608 2113 4675 117,

550 4668 755 4736 Scripta
778 4668 847 4721 24
873 4670 1011 4725 Junii
1044 4686 1130 4725 an.
1149 4672 1274 4727 452.

618 4738 645 4777 δ
676 4739 823 4793 Hanc
850 4743 1152 4809 epistolam,
1186 4757 1343 4809 quam
1372 4758 1436 4797 ex
1466 4758 1566 4799 ms.
1590 4744 1758 4801 Grim.
1804 4746 2016 4803 collect.
2053 4750 2119 4805 18

543 4810 863 4935 ριιῗεῖξιιιιε
900 4812 1087 4877 edidit,
1127 4813 1446 4868 contulimus
1478 4830 1597 4869 cum
1642 4831 1743 4870 ms.
1772 4816 1979 4886 Ratisp.
2014 4821 2122 4873 col-

566 4893 625 4934 ec
652 4918 664 4932 .
765 4920 775 4932 .

566 4889 664 4934 εει.
693 4889 775 4933 ‘19.

619 4960 642 4987 ε
687 4949 831 5030 Hanc
878 4949 1277 5030 inscriptionem
1324 4956 1597 5030 exegimus
1650 4958 1714 5009 ad
1749 4972 1852 5030 ms.
1902 4958 2107 5030 Ratisp.

544 5018 861 5098 Qu_es_t_iellus
887 5036 954 5098 ex
986 5018 1179 5098 cum,
1213 5018 1656 5098 Leo_Pa§cltasino
1677 5029 1932 5098 epismpo.

613 5088 641 5127 ἀ
670 5089 856 5163 Voces
877 5090 981 5163 Deo
1002 5093 1279 5163 adjuvante
1299 5095 1489 5149 desunt
1520 5103 1571 5150 in
1604 5088 1932 5163 nis.'Ratisti.

616 5170 641 5199 ο
669 5160 984 5234 Eutycbiani
1018 5160 1220 5219 scilicet
1253 5165 1353 5219 hac
1378 5167 1601 5220 formula
1645 5184 1704 5221 se
1740 5160 1893 5234 posse
1927 5169 2109 5229 fallere

542 5232 796 5309 putabant
817 5234 1129 5301 catholicos,
1152 5248 1217 5289 eo
1238 5237 1377 5309 quod
1398 5237 1647 5309 eamdem
1670 5253 1698 5290 a
1729 5232 1927 5309 Cyrillu
1954 5256 2107 5297 usur-

544 5301 716 5377 patam
742 5301 1215 5377 _ingererent.iAt
1258 5301 1500 5377 Cyrillus
1556 5308 1623 5360 ita
1662 5301 1817 5361 unaiu
1862 5321 2101 5367 naturam

544 5372 1067 5448 Verbinincarnatatn
1102 5372 1349 5448 dixitLtit
1390 5377 1581 5431 divinae
1610 5379 1958 5448 humanmque
1982 5398 2098 5437 ~ua-

2160 4414 2163 4419 ⁴
2220 4348 2345 4417 quid
2388 4348 2639 4403 Ecclesiis
2671 4350 3098 4418 prtedicaverint,
3134 4361 3188 4403 ut
3216 4350 3501 4404 evidenter
3550 4365 3828 4420 agnosce-

2216 4454 2326 4504 res,
2354 4440 2530 4511 aliqua
2554 4440 2620 4495 ad
2649 4442 2991 4497 dilectionem
3024 4452 3164 4496 tuam
3200 4445 3214 4493 l
3265 4442 3464 4511 scripta
3508 4444 3829 4506 transmisi,

2227 4612 2384 4667 Verbi
2424 4616 2669 4671 dicebant
2703 4618 3051 4681 incarnatam,
3107 4628 3163 4672 Ill
3216 4618 3444 4673 duarum
3489 4627 3823 4673 naturarum

2228 4684 2622 4759 distinctionem
2640 4688 2917 4759 tollentes.
2947 4692 3230 4742 humanam
3256 4705 3281 4741 a
3301 4690 3478 4743 divina
3499 4690 3832 4759 ab5orptam

2227 4755 2518 4820 traderent,
2552 4768 2606 4810 et
2638 4758 2734 4811 hac
2758 4761 2961 4812 ratione
2992 4761 3251 4813 veritatem
3280 4762 3453 4812 carnis
3481 4755 3739 4813 humanae
3774 4764 3824 4811 in

2224 4822 2425 4898 Christo
2456 4827 2669 4879 Domino
2694 4839 2867 4882 nostra
2898 4829 3131 4898 negando
3160 4843 3470 4895 vacuarent;
3503 4846 3670 4894 quem
3711 4836 3833 4883 hac-

2222 4895 2448 4948 relicum
2492 4913 2704 4969 sensum
2747 4898 2857 4953 Leo
2904 4895 3075 4967 capite
3114 4903 3357 4966 sequenti
3401 4900 3603 4969 detegit
3652 4912 3835 4967 atque

2220 4968 2549 5033 perstringit.

2294 5033 2315 5109 ζ
2339 5037 2514 5089 Codex
2542 5036 2765 5105 Ratisp.,
2812 5037 2956 5091 Verbi
2986 5038 3077 5093 Dei
3110 5042 3160 5093 in
3187 5039 3416 5104 Deitate;
3442 5049 3495 5093 et
3523 5040 3835 5109 deinceps,

2221 5102 2432 5159 Deitatis
2454 5111 2521 5180 sit
2550 5102 2847 5180 credenda;
2883 5120 2937 5164 ct
2983 5126 3125 5171 mox,
3164 5109 3337 5163 Deitas
3375 5102 3529 5180 atque
3556 5102 3832 5163 humani-

2211 5183 2312 5240 tas,
2344 5186 2397 5229 et
2421 5178 2667 5231 similiter
2690 5181 2737 5231 in
2771 5181 3135 5244 sequentibus.

2286 5255 2311 5320 β
2339 5247 2507 5320 Siccx
2535 5248 2737 5317 Ratisp.
2761 5250 3007 5320 Concinit
3029 5264 3151 5305 cum
3182 5251 3558 5320 sequentibus,
3578 5251 3643 5303 in
3686 5268 3843 5320 prc-

2206 5318 2500 5391 cedentibus
2530 5294 2795 5391 Ιιτιιηειῖσὶεἒ
2820 5319 3135 5385 Questtellus
3183 5294 3477 5384 ex‘Grimw
3516 5294 3829 5391 Eutyghis.

2278 5386 2301 5423 ιι
2328 5387 2552 5441 Verbum
2582 5398 2653 5441 est
2683 5404 2747 5442 ex
2771 5389 2975 5456 Ratisp.
3003 5391 3385 5457 supplevimus.

544 5453 673 5498 torte
698 5442 1095 5515 distinctionem
1120 5446 1363 5514 pluribus
1392 5448 1443 5500 in
1469 5447 1599 5501 locis
1623 5442 1892 5515 professus
1915 5467 2097 5508 earum

540 5515 790 5587 unionem
815 5514 1198 5587 hyposmticam
1227 5518 1281 5587 in
1302 5514 1667 5572 incarnatione
1699 5519 1951 5573 adversus
1997 5524 2093 5577 Ne-

535 5586 802 5640 storianos
844 5586 1125 5652 astrueret,
1152 5586 1227 5641 uti
1257 5586 1503 5642 Petavius
1529 5588 1633 5642 late
1658 5591 1890 5644 ostendit
1930 5592 2018 5646 lib.
2046 5610 2096 5647 tv

537 5655 604 5711 de
647 5654 866 5729 Incarn._
894 5671 1011 5727 cap.
1054 5659 1086 5711 7
1127 5666 1181 5712 et
1220 5672 1396 5729 seqq.,
1430 5674 1535 5729 quo
1576 5660 1789 5727 quidem
1834 5665 2097 5720 catholico

539 5739 696 5780 sensu
721 5727 833 5781 hzec
856 5727 1105 5803 lpeutio_a
1135 5727 1404 5803 nonnullis
1424 5727 1724 5803 catholicis,
1758 5740 1813 5785 et
1835 5746 1864 5786 a
1894 5737 2096 5803 synodo

538 5807 813 5869 vrecepta
864 5796 979 5853 fuit.
1034 5799 1346 5870 Eutychiani
1398 5816 1524 5856 vero
1552 5801 1623 5855 ita
1669 5816 1826 5855 unam
1856 5796 2094 5862 naiuram

2286 5457 2300 5494 ί
2343 5459 2494 5526 Apud
2527 5460 2755 5527 Quesn.,
2783 5461 2836 5511 id
2865 5461 3166 5523 praecedenti
3196 5471 3390 5515 caveret
3418 5462 3670 5529 exemplo
3697 5479 3721 5524 ;
3746 5480 3850 5517 nec

2203 5529 2384 5605 salutis
2416 5541 2618 5605 nostrae,
2644 5540 2748 5584 etc.
2769 5531 2953 5605 Melior
2990 5530 3095 5583 visa
3130 5540 3211 5585 est
3235 5533 3391 5585 lectio
3427 5532 3547 5585 cod.
3583 5531 3841 5605 Ralisp.

2210 5597 2305 5652 Vel
2333 5613 2426 5667 pro
2463 5602 2638 5653 saltem
2673 5603 2866 5668 passim
2900 5613 3204 5668 usurpatur.

2280 5670 2294 5719 ι
2348 5668 2551 5725 Iudicat
2600 5672 2899 5725 testimonia
2951 5682 3252 5725 sanctorum
3304 5671 3521 5726 Patrum
3562 5687 3721 5736 qua
3784 5675 3844 5729 in

2204 5739 2408 5796 Grtecis
2464 5742 2859 5807 exemplaribus
2907 5742 3359 5797 Chalcedonensis
3407 5742 3634 5795 concilii
3699 5754 3849 5801 ante

2204 5825 2348 5883 gesta
2374 5811 2611 5880 epistola:
2628 5811 2698 5866 28
2729 5812 2923 5868 Leonis
2952 5812 3019 5867 ad
3044 5812 3356 5868 Flavianum
3387 5812 3647 5882 subjecta
3678 5814 3856 5873 inve-
