4014 6358
530 391 638 454 N3

1659 384 1718 440 S.
1763 381 2004 439 LEONIS
2042 378 2260 440 MAGNI
2300 377 2664 439 EPISTOLIE.

3692 373 3789 439 9“

531 512 696 583 cepit,
726 522 850 564 cum
890 520 921 560 a
959 518 1049 561 me
1084 510 1143 558 ut
1185 515 1237 556 in
1270 499 1416 555 italia
1446 497 1736 553 haberetur
1765 507 2120 553 mansuetudo
2148 504 2199 560 Α
2228 511 2320 552 sua
2344 494 2625 564 iniquitate
2649 497 2971 557 nocuerunt,
2992 496 3051 547 et
3068 480 3702 561 majoribns'vulneribus
3721 493 3793 548 di-

530 615 712 659 vestra
769 600 999 654 retineat
1054 594 1405 665 postulatum,
1459 600 1517 645 ut
1569 605 1759 647 omnes
1813 601 2117 644 nostrarum

530 696 762 765 partium
814 688 1090 745 convocati
1132 686 1422 750 antistites,
1464 687 1509 738 si
1554 683 1813 738 securitas
1862 682 2119 753 temporis

530 792 863 856 suppeteret,
894 781 1263 844 convenirent,
1296 780 1432 833 adeo
1461 787 1638 834 tamen
1671 792 1775 833 non
1823 791 2119 846 aspernan-

530 890 613 938 ter
644 882 849 950 accepi,
882 887 941 930 tit
982 878 1134 930 binos
1162 875 1229 929 de
1260 873 1593 941 coepiscoiiis
1622 873 1756 927 meis
1782 881 1836 925 et
1870 885 2119 934 compre-

531 973 763 1044 sbyteris
791 969 1121 1034 ordinarem,
1150 966 1241 1036 qui
1274 967 1443 1020 vit-em
1492 980 1662 1018 meam
1712 963 1937 1031 implere
1967 962 2119 1018 siifllo'

495 1050 502 1056 ’
531 1072 739 1128 cereut,
777 1071 802 1099 α
830 1062 989 1116 etiam
1020 1059 1158 1112 datis
1188 1058 1254 1111 ad
1284 1057 1643 1111 venerabilem
1690 1054 1952 1127 synodum
1984 1070 2118 1109 con-

536 1154 848 1223 grueiilibus
892 1151 1125 1220 scriptis,
1156 1150 1350 1217 quibus
1380 1146 1689 1203 fraternitas
1718 1146 1977 1201 advocata
2024 1161 2120 1202 co-

531 1254 815 1315 gnosceret
843 1257 1002 1313 quam
1026 1240 1250 1295 formam
1280 1254 1496 1293 servare
1527 1238 1577 1292 iii
1611 1237 1711 1294 hac
1739 1236 2119 1307 dijudicatione

534 1338 757 1393 deberet
790 1354 802 1388 :
836 1352 902 1390 ne
933 1334 1038 1389 ulla
1072 1332 1343 1387 temeritas
1371 1341 1462 1385 aut
1492 1331 1611 1385 tidei
1645 1332 1866 1400 regulis,
1897 1339 1989 1385 aut
2030 1345 2119 1386 ca-

534 1446 737 1486 nonum
779 1429 1021 1489 statutis,
1058 1435 1147 1480 aut
1185 1425 1524 1495 benignitatis
1567 1424 1815 1479 remediis
1852 1424 2114 1479 obviaret.

605 1524 733 1575 CAP.
771 1518 833 1573 ll.
861 1519 1102 1571 —-Sicnt
1128 1516 1270 1571 enim
1302 1515 1329 1554 ι»
1371 1531 1401 1569 a
1432 1515 1696 1585 principio
1737 1514 1895 1583 hujus
1940 1530 2119 1571 causa:

534 1611 963 1682 frequentissime
993 1608 1205 1676 scripsi.
1232 1610 1369 1661 hanc
1393 1609 1532 1662 inter
1552 1608 1829 1662 discordes
1853 1622 2045 1662 Sensus
2066 1616 2119 1663 et

534 1704 776 1760 carnales
804 1700 1178 1755 aemulationes
1209 1699 1630 1753 moderationem
1661 1699 1803 1753 volui
1833 1698 2115 1763 custodiri,

536 1810 591 1853 ut
633 1798 925 1868 integritati
970 1796 1188 1865 quidem
1224 1794 1347 1849 fidei
1381 1794 1512 1848 nihil
1550 1794 1731 1861 evelli,
1767 1795 1893 1847 nihil
1936 1794 2119 1850 liceret

2226 590 2477 660 ligentior
2499 599 2579 642 est
2603 584 2904 641 adhibenda
2924 584 3211 651 medicina,
3237 584 3401 643 nullis
3422 602 3674 657 umquam
3694 584 3794 651 epi-

2220 681 2376 736 stolis
2407 680 2623 736 delinivi
2650 677 2813 734 etiam
2844 677 3063 745 talibus,
3095 679 3139 732 si
3168 678 3571 748 resipiscerent,
3599 682 3794 735 veniam

2222 774 2612 845 denegandam.
2639 771 2706 827 Et
2735 774 2982 840 quamvis
3011 773 3520 829 incommutabiliter
3550 773 3797 828 inimicis-

2221 868 2412 922 simam
2427 866 2744 921 Christiana:
2765 863 3006 934 religioni
3023 864 3271 921 haeresim
3289 866 3639 933 detestemur,
3664 868 3799 933 ipsos

2221 968 2423 1024 tamen,
2456 958 2499 1012 si
2527 966 2551 994 ε
2571 972 2678 1011 non
2702 957 2867 1011 dubie
2894 957 3259 1027 corrigantur,
3277 968 3332 1013 ct
3347 958 3504 1024 digna
3527 974 3587 1013 se
3607 959 3799 1016 sati~fa=

2220 1052 2395 1104 ctione
2412 1048 2719 1119 purificent,
2740 1048 3078 1103 abineﬂ'ahili
3102 1049 3471 1104 misericordia
3494 1052 3583 1107 Dei
3603 1067 3707 1105 non
3720 1054 3802 1119 ju-

2219 1140 2252 1196 d
2264 1155 2460 1196 canitis
2476 1140 2680 1195 alienos
2700 1156 2715 1195 :
2734 1141 2828 1195 sed
2842 1140 3016 1207 potius
3032 1154 3152 1195 cuin
3168 1142 3506 1209 gementibus
3522 1142 3802 1211 gemimus,

2219 1249 2341 1288 cum
2363 1233 2616 1289 ﬂentibus
2638 1234 2849 1299 ﬂemus,
2870 1241 2926 1288 et
2942 1248 3020 1289 src
3037 1249 3238 1289 orntus
3263 1234 3466 1304 justitia
3496 1236 3806 1292 commotio-

2220 1328 2327 1394 nis,
2354 1324 2455 1382 titt
2501 1341 2612 1381 non
2662 1326 2974 1381 amittamus
2998 1327 3234 1382 remedia
3270 1327 3550 1383 charitatis
3582 1347 3597 1383 :
3644 1328 3804 1401 quod,

2220 1419 2363 1474 sicut
2384 1419 2555 1490 pietas
2577 1429 2755 1474 vestra
2784 1422 3082 1487 coanoscit,
3107 1435 3213 1475 non
3235 1423 3418 1477 verbis
3437 1422 3568 1478 solis
3592 1424 3803 1492 promit-

2220 1512 2371 1577 titur,
2400 1511 2495 1566 sed
2520 1512 2680 1567 etiam
2720 1510 2877 1567 factis
2906 1512 3151 1567 docetur.
3182 1512 3458 1583 Siquidem
3481 1523 3507 1561 ι
3539 1530 3674 1584 pene
3696 1531 3808 1572 om-

2220 1620 2319 1662 nes
2345 1606 2435 1677 qui
2464 1606 2517 1660 in
2542 1619 2866 1661 consensum
2901 1606 3298 1671 praesidentium
3324 1617 3413 1660 aut
3446 1607 3672 1664 traducti
3696 1608 3807 1665 fue-

2220 1708 2343 1755 rant
2376 1712 2465 1754 aut
2496 1700 2694 1764 coacti,
2739 1694 2767 1735 ιι
2815 1698 3171 1753 rescindendo
3199 1698 3341 1768 quod
3390 1709 3706 1766 statuerant,
3754 1710 3810 1758 et

2219 1790 2632 1846 condemnando
2686 1788 2828 1860 quod
2886 1790 3232 1858 scripserant,
3277 1800 3592 1861 perpetuam
3640 1793 3809 1859 culpae

537 1892 764 1958 apponi;
794 1891 857 1941 ad
891 1889 1146 1941 unitatem
1173 1902 1299 1939 vero
1328 1900 1619 1956 pacemque
1642 1884 2014 1950 redeuntibus,
2038 1900 2124 1941 re-
2154 1887 2197 1946 B
2225 1882 2575 1938 abolitionem
2607 1891 2662 1938 et
2691 1882 2999 1952 apostolicae
3029 1882 3173 1951 pacis
3203 1883 3430 1951 gratiam
3464 1882 3568 1938 sint
3606 1883 3808 1952 adepti.

536 1981 773 2035 modium
799 1980 971 2033 venite
1003 1988 1370 2048 praestaretur.
1399 1977 1531 2042 Quia
1555 1992 1696 2032 'rtitsc
1724 1992 1896 2032 OPERA
1923 1976 2121 2031 diaboli

538 2073 805 2143 potentius
834 2073 1204 2136 de~truuntur,
1232 2086 1353 2124 cum
1387 2069 1452 2124 ad
1493 2070 1585 2124 Dei
1618 2072 1956 2140 proximique
1988 2068 2124 2124 dile-

536 2168 766 2221 ctionem
796 2164 1071 2219 hominum
1101 2163 1263 2218 corda
1296 2172 1637 2217 revocantur.
1669 2161 1774 2218 Sed
1798 2178 1955 2232 quant
1988 2178 2119 2216 eou-

538 2259 701 2315 traria
740 2269 867 2314 tunc
912 2258 994 2309 bis
1041 2256 1257 2310 monitis
1296 2265 1456 2325 atque
1489 2255 1957 2309 obsecrationibus
1986 2254 2123 2310 meis

537 2362 653 2406 acta
683 2351 812 2418 sini,
847 2348 1072 2402 multum
1104 2356 1188 2402 est
1216 2346 1520 2415 explicare;
1546 2362 1643 2399 nec
1668 2361 1803 2415 opus
1821 2356 1899 2400 est
1922 2348 2124 2415 episto-

539 2443 634 2498 lari
678 2443 863 2511 pagina
901 2438 1286 2511 comprehendi
1324 2438 1580 2508 quidquid
1628 2438 1680 2492 iii
1721 2438 1815 2493 illo
1855 2437 2121 2505 Ephe-ino

539 2549 645 2591 non
685 2534 905 2603 judicio,
949 2531 1043 2587 sed
1094 2530 1373 2585 latrocinio
1410 2531 1586 2601 potuit
1622 2530 1947 2597 perpetrari;
1979 2540 2001 2568 ε
2031 2528 2119 2582 ubi

536 2627 798 2695 primates
825 2623 1016 2696 synodi
1045 2638 1145 2677 nec
1172 2622 1548 2678 resistentibus
1575 2623 1675 2678 sibi
1694 2623 1948 2677 fratribus
1970 2619 1996 2659 δ
2024 2635 2123 2677 nec

535 2718 992 2774 consentientibus
1035 2723 1389 2785 pepercerunt
1420 2733 1432 2768 :
1464 2731 1584 2771 cuin
1626 2717 1691 2768 ad
1730 2714 2119 2783 infringendam

536 2810 858 2867 catholicam
890 2808 1069 2872 fidem,
1099 2817 1152 2864 et
1172 2808 1239 2862 ad
1270 2809 1656 2863 exsecrabilem
1692 2808 1938 2863 lu'resilll
1963 2810 2123 2864 robo-

536 2903 785 2968 randam,
824 2902 959 2957 alios
1008 2902 1284 2972 privilegio
1329 2903 1549 2955 honoris
1601 2902 1814 2974 1078
1839 2910 2118 2970 exuerent,

536 2996 675 3051 alios
703 2995 975 3050 consortio
1015 2994 1302 3064 impietatis
1341 2993 1660 3049 iiilicereiit:
1693 2998 1949 3051 aeviores
1993 3010 2118 3064 pro-

538 3090 683 3146 fecto
712 3091 764 3145 in
788 3105 880 3144 eos
912 3103 1046 3155 quos
1078 3087 1450 3157 persuadendo
1481 3088 1550 3141 ab
1578 3089 1881 3143 innocentia
1902 3103 2119 3159 separa-

537 3183 688 3250 baut,
718 3198 875 3253 quam
914 3184 966 3236 in
998 3183 1118 3236 illos
1157 3197 1291 3252 quos
1340 3182 1526 3236 beatos
1554 3182 1893 3239 confessores
1936 3197 2117 3253 perse-

542 3274 751 3343 queudo
773 3274 1056 3327 faciebant.

612 3365 740 3421 Cn.
772 3364 856 3421 Ill.
889 3394 961 3407 —-
1002 3365 1383 3423 Verumtamen
1408 3367 1531 3438 quia
1564 3365 1695 3424 tales
1729 3365 1834 3424 sibi
1877 3367 2119 3425 maxime

547 3664 780 3719 cheriam
810 3662 1131 3730 praecepisse
1161 3659 1446 3731 synodum.
1475 3673 1596 3729 quae
1639 3657 1890 3731 Hart-iani
1926 3657 2126 3731 litteris

545 3737 743 3792 indicta
774 3732 887 3786 ftiit.
918 3732 1045 3785 Nam
1080 3730 1201 3791 ipsa
1225 3731 1502 3787 Pulcltei-ia
1536 3735 1587 3783 iii
1621 3730 1778 3794 epist.
1822 3732 1886 3783 ad
1915 3730 2122 3786 Strate-

545 3823 668 3869 puni
703 3803 1035 3858 consularem
1070 3802 1331 3872 Bithyniae
1363 3806 1430 3855 de
1459 3802 1644 3855 eadem
1686 3801 1894 3873 synodo
1934 3801 2124 3856 Nimiae

548 3886 674 3929 tunc.
695 3889 876 3929 coacta
900 3874 1147 3926 similiter
1170 3875 1377 3943 scrip-it
1400 3890 1415 3927 :
1441 3873 1736 3927 Secuna’uiii
1761 3884 1985 3925 nostram
2006 3890 2125 3926 san-

550 3950 763 4000 ctionem
808 3943 1210 3999 reverendissiini
1260 3944 1458 4012 quidem
1496 3943 1722 4013 epimpi
1762 3952 2122 3999 convenerunt.

550 4019 845 4071 Commune
890 4016 1094 4069 scilicet
1133 4014 1400 4068 Marciano
1430 4024 1482 4066 et
1512 4013 1748 4084 conjugi.
1784 4018 1867 4067 cui
1912 4015 2001 4068 ille
2028 4016 2124 4068 im-

549 4088 756 4153 perium
786 4086 1036 4147 debebat,
1069 4087 1118 4137 in
1154 4084 1430 4139 ἰιιιιίοιιιιάίι
1455 4084 1661 4153 synodo
1691 4084 1973 4139 consilium
2003 4085 2124 4145 fuit.

551 4158 675 4211 licet
704 4158 753 4210 iii
796 4156 1056 4221 imperiali
1110 4156 1386 4209 sanctione
1426 4154 1639 4208 fontium
1678 4171 1870 4209 nomen
1909 4170 2129 4220 pratici-

552 4229 773 4281 niis~tim
805 4228 979 4291 fuerit,
1013 4241 1079 4279 eo
1115 4225 1256 4295 quod
1295 4225 1593 4294 liiijosmodi
1636 4226 1913 4291 inscriptio
1939 4242 1968 4280 a
1999 4242 2126 4282 cono

552 4299 831 4353 suetudine
855 4298 1163 4351 earumdem
1195 4300 1525 4351 sai-ctionuni
1550 4309 1684 4351 esset
1718 4298 1911 4351 aliena.

624 4379 646 4405 "
671 4370 726 4424 lii
760 4386 856 4421 itis.
891 4368 1096 4423 Veneto
1126 4366 1184 4422 S.
1225 4366 1384 4423 Marci
1414 4366 1627 4423 ciillect.
1662 4367 1729 4421 12
1755 4376 1811 4423 et
1837 4369 1887 4421 in
1919 4366 2123 4438 Ratisp.

555 4441 820 4494 omittitur
844 4439 1015 4492 etiam.

623 4510 937 4564 hNimirum
996 4509 1047 4562 in
1083 4510 1241 4573 epist.
1288 4508 1358 4563 28
1413 4518 1636 4578 etseqq.
1688 4509 1905 4577 scriptis
1953 4507 2126 4563 idibus

553 4580 693 4635 Junii
722 4596 808 4638 an.
839 4578 965 4644 449,
990 4580 1075 4633 tibi
1110 4578 1353 4648 Ειιιγιιιιί,
1385 4581 1430 4635 si
1459 4579 1816 4647 resipisceret,
1845 4590 1900 4633 et
1922 4581 2127 4645 proli-s-

552 4656 754 4705 sionem
786 4651 906 4704 fidei
931 4667 1049 4703 cum
1075 4651 1413 4703 damnatione
1435 4652 1635 4705 erroris
1661 4650 1949 4713 emitteret,
1974 4666 2127 4705 suum

552 4722 775 4787 gradum
823 4722 1228 4789 relinquendum
1258 4728 1578 4784 monuerat;
1609 4735 1707 4774 nec
1737 4738 1841 4774 tiun
1886 4722 1938 4775 in
1966 4725 2126 4790 epist.

552 4794 641 4857 14,
675 4808 795 4859 cap.
820 4793 874 4857 ὅ,
906 4792 992 4843 tibi
1021 4793 1273 4844 omnibus
1299 4793 1458 4845 etiam
1491 4790 1864 4845 scantlalorum
1896 4791 2131 4846 auctori-

555 4862 674 4925 bus,
708 4863 797 4929 qui
832 4859 1026 4927 Ephesi
1072 4862 1402 4930 praevariCati
1443 4862 1677 4924 fuerant,
1728 4864 1772 4915 si
1818 4861 2130 4917 melioribus

2296 1973 2424 2027 CAP.
2450 1971 2540 2027 Ν.
2572 2000 2643 2013 -
2672 1971 2731 2027 Si
2768 1987 2898 2041 ergo
2932 1970 3218 2027 clementia
3266 1982 3442 2027 vostra
3478 1974 3809 2044 propositum

2234 2065 2247 2101 ί
2280 2082 2459 2120 meum
2494 2065 2844 2120 considerare
2888 2063 3161 2133 dignetur,
3196 2064 3441 2133 probabit
3482 2081 3569 2121 me
3596 2080 3664 2121 eo
3689 2079 3809 2121 con-

2223 2162 2345 2216 silio
2366 2170 2553 2215 cuncta
2577 2160 2827 2231 gessisse,
2851 2168 2911 2214 tit
2936 2162 3052 2215 sine
3076 2160 3389 2231 cujusquam
3421 2161 3618 2218 anima:
3639 2162 3809 2218 detri-

2224 2263 2431 2314 mento.
2465 2254 2735 2309 haereseos
2777 2263 2982 2309 tantum
3030 2254 3368 2309 obtineretur
3399 2255 3711 2319 exstiiictio,
3757 2264 3812 2311 et

2222 2349 2293 2404 ob
2322 2348 2423 2403 hoc
2446 2363 2590 2403 circa
2621 2360 2873 2404 auctores
2901 2349 3327 2404 szevissimorum
3353 2350 3624 2405 turbinum
3654 2350 3811 2422 quid-

2222 2442 2343 2496 datu
2365 2441 2774 2497 consuetudinis
2803 2442 3083 2508 minuisse,
3121 2450 3179 2496 tit
3203 2443 3267 2495 ad
3297 2443 3681 2515 indulgentiam
3710 2459 3810 2514 po-

2223 2534 2527 2589 stulaodam
2563 2532 2981 2599 compunctione
3011 2534 3190 2604 aliqua
3223 2532 3239 2585 i
3289 2540 3457 2603 possit
3482 2551 3670 2591 eorum
3711 2546 3813 2590 tar-

2220 2625 2361 2680 ditas
2405 2628 2650 2682 excitari.
2691 2626 2793 2695 Qui
2839 2629 2941 2681 etsi
2982 2637 3105 2697 post
3132 2628 3263 2683 illud
3296 2629 3510 2701 1079
3545 2630 3811 2697 judicium

2221 2734 2377 2774 suum
2400 2728 2507 2774 tam
2533 2720 2751 2787 impium
2775 2736 2937 2786 quam
2964 2721 3219 2791 injustum
3247 2736 3352 2776 non
3375 2734 3499 2777 sunt
3524 2722 3814 2779 catholica

2222 2810 2541 2865 fraternitati
2574 2808 2596 2847 ¹¹
2628 2811 2700 2866 ita
2730 2812 3076 2868 honorabiles
3106 2817 3179 2867 uti
3208 2812 3441 2879 fuerunt,
3474 2830 3599 2870 suas
3630 2826 3813 2873 tamen

2220 2904 2395 2959 adhuc
2415 2905 2658 2961 obtinent
2686 2905 2866 2971 sedes,
2894 2915 2950 2960 et
2977 2911 3318 2977 episcopatus
3350 2910 3429 2963 sui
3460 2908 3671 2965 honoro
3702 2923 3804 2978 po-

2221 2999 2446 3065 tiuntur,
2476 3006 2572 3053 aut
2596 3014 2689 3065 per
2713 3013 2892 3052 veram
2919 3008 2972 3054 et
2993 3001 3354 3055 necessariam
3384 2999 3814 3057 satisfactionem

2220 3105 2404 3160 pacem
2462 3087 2483 3127 ι
2520 3093 2681 3146 totius
2717 3089 2974 3145 Ecclesia
3016 3091 3305 3161 recepturi,
3335 3102 3426 3145 aut
3454 3090 3500 3146 si
3536 3092 3814 3159 heresim,

2222 3183 2361 3251 quod
2392 3182 2551 3246 absit,
2583 3192 2626 3221 η
2656 3190 2895 3246 tuentur,
2935 3182 3285 3252 professionis
3313 3198 3426 3239 sure
3454 3184 3649 3239 merito
3664 3183 3817 3253 judi-

2150 3278 2196 3343 C
2224 3275 2401 3332 Caudi.
2432 3278 2564 3331 Data
2598 3274 2812 3329 decimo
2844 3276 3003 3333 tertio
3030 3275 3289 3333 kalendas
3314 3277 3562 3347 Augusti,
3600 3276 3816 3335 Adelﬂo

2228 3370 2350 3425 viro
2372 3368 2677 3427 clarissimo
2701 3371 2946 3427 consule.

2230 3659 2494 3734 firmatam
2535 3660 2925 3734 remeavimus.
2969 3658 3140 3719 Paulo
3186 3669 3309 3734 post
3347 3661 3701 3733 promittimus
3762 3664 3822 3718 in

2226 3734 2348 3786 cod.
2381 3730 2512 3785 Ven.
2538 3732 2751 3787 collect.
2784 3730 2870 3786 12.

2301 3811 2326 3850 s
2356 3802 2408 3855 In
2446 3803 2649 3869 Batisp.
2683 3804 2833 3857 deest
2867 3819 3027 3872 pene;
3056 3803 3149 3860 sed
3176 3804 3532 3859 necessarium
3559 3814 3667 3869 est,
3692 3818 3822 3858 cum

2226 3873 2442 3939 quidam
2482 3891 2577 3939 per
2632 3875 2729 3928 hoc
2775 3885 2985 3938 tempus
3023 3891 3122 3930 nec
3159 3878 3386 3929 rescisso
3427 3876 3569 3944 quod
3608 3884 3825 3929 statue-

2227 3959 2371 4010 rant,
2414 3959 2513 4000 nec
2538 3945 2893 4000 condemnato
2930 3946 3071 4013 quod
3116 3946 3462 4013 scripserant,
3501 3947 3826 4014 apo~tolicc

2231 4020 2374 4084 paci~
2412 4015 2635 4085 gratiam
2663 4016 2895 4069 iii-nilum
2929 4021 3341 4081 protiierut-rint.

2299 4083 2327 4123 ³³
2357 4086 2671 4142 Stchardus.
2699 4085 2980 4140 resistendo
3000 4087 3067 4142 ei.
3095 4090 3232 4142 quod
3260 4098 3510 4141 statutum
3549 4086 3726 4142 fuerat
3753 4087 3828 4141 ab

2436 4104 2671 4137 :naruus-
2699 4104 2775 4137 res

2299 4086 2327 4123 ¹³
2357 4086 2671 4151 Stchardus,
2699 4086 2980 4140 resistendo
3000 4087 3067 4151 ei,
3095 4090 3232 4157 quod
3260 4098 3510 4141 statutum
3549 4086 3726 4154 fuerat
3753 4087 3828 4141 ab

2228 4154 2353 4221 illis,
2381 4171 2425 4210 et
2452 4159 2855 4221 condemnanda,
2888 4168 2992 4212 etc.
3027 4159 3168 4212 Idem
3200 4172 3275 4213 εει
3320 4159 3370 4211 in
3402 4159 3562 4213 codd.
3594 4159 3829 4216 col'ect.

2231 4226 2299 4279 l2
2327 4237 2381 4281 t-t
2412 4226 2500 4289 ‘24,
2532 4229 2620 4295 qui
2667 4228 2839 4281 solum
2869 4227 3121 4282 omittunt
3148 4230 3213 4282 ei.
3250 4229 3390 4283 Ediii
3418 4240 3543 4281 ante
3580 4229 3825 4297 Quesn.,

2229 4299 2561 4351 rescindendo
2588 4298 2723 4365 quod
2750 4308 2993 4369 statutum
3030 4298 3197 4369 fuerat
3222 4299 3284 4351 ab
3319 4300 3445 4353 illis.
3473 4299 3833 4367 Quesnellia-

2230 4382 2352 4422 nam
2377 4371 2658 4423 lectionem
2688 4385 2752 4422 ex
2786 4368 2957 4424 Grim.
2990 4368 3206 4437 praefert
3235 4380 3395 4425 etiam
3430 4371 3638 4437 Rallsp.

2308 4438 2323 4477 ί
2355 4440 2635 4505 Exemplar
2664 4439 2907 4495 Sichardi
2937 4455 3058 4495 cum
3096 4442 3331 4509 antiquis
3360 4442 3516 4507 edit.,
3556 4452 3826 4496 nostrum.

2305 4510 2321 4560 i
2360 4509 2590 4577 Ratisp.,
2620 4518 2807 4580 posset.
2848 4511 2974 4565 Ha'c
3015 4522 3191 4566 autem
3232 4513 3419 4567 referri
3458 4513 3714 4567 videntur
3747 4514 3829 4565 att

2230 4579 2427 4635 Leonis
2492 4579 2790 4647 decretum,
2844 4597 2913 4636 ne
2951 4583 3167 4637 nomina
3214 4593 3493 4638 auctorum
3539 4584 3835 4637 latiocinii

2233 4651 2488 4722 Epliesiiii
2514 4652 2578 4705 ad
2606 4652 2774 4705 altare
2800 4654 3168 4710 recitarentur.
3197 4662 3254 4707 tit
3281 4655 3419 4709 idem
3450 4653 3694 4722 pontifex
3728 4670 3836 4708 re-

2233 4723 2447 4789 scripsit
2466 4720 2715 4794 Aoaiolio
2735 4723 2891 4790 epist.
2929 4724 3020 4786 80,
3048 4738 3166 4794 cap.
3195 4725 3247 4779 ι.
3283 4724 3337 4777 Id
3368 4720 3543 4780 anteiit
3577 4725 3705 4777 lict-t
3751 4739 3841 4779 ex

2234 4808 2333 4864 usu
2364 4794 2627 4847 nonnullis
2648 4793 2865 4864 forsitan
2890 4793 3243 4849 diﬂ'eretiduui
3273 4797 3607 4862 crederetur,
3632 4796 3835 4864 Quoad

2234 4863 2310 4917 illi
2355 4864 2770 4930 deponerentur,
2805 4863 2969 4919 Leoni
3010 4875 3186 4920 tamen
3236 4869 3596 4922 necessarium
3643 4863 3841 4920 t'ismn

555 4931 1241 5024 consiliis'acmtiescer'ent,
1271 4934 1485 5024 δειμὶηιιι
1516 4931 1821 5000 Spopondit.
1842 4933 1970 5024 Post
1996 4948 2128 5024 nolo.-
2159 4964 2205 5024 υ
2231 4946 2312 5024 est
2334 4936 2792 5024 consuetudinem.
2822 4937 2872 4989 iii
2919 4935 3030 5024 hoc.
3064 4937 3310 5024 minuere,
3350 4945 3409 4992 ut
3444 4941 3701 5024 qupttiam
3738 4936 3847 5017 illi

554 5002 699 5056 nulla
731 5001 859 5055 editi
885 5002 1174 5068 Quesiiello
1199 5003 1494 5056 anteriores
1515 5018 1636 5057 cum
1660 5018 1790 5057 mss.
1820 5005 2031 5058 collect.
2059 5003 2120 5059 11

555 5083 607 5126 et
636 5074 708 5127 Sit
728 5071 926 5125 hardo:
963 5071 1184 5141 Operam
1211 5072 1397 5125 diaboli"
1426 5075 1662 5142 potentia:
1699 5074 2051 5127 destruantur.

632 5154 653 5183 ε
681 5143 894 5197 Easdem
926 5144 1191 5197 editiones
1219 5157 1339 5197 cum
1384 5143 1539 5197 codd.
1580 5144 1795 5216 collect.
1837 5145 1903 5198 ta
1937 5153 1994 5199 et
2032 5146 2122 5216 24,

555 5223 716 5279 atque
748 5216 1026 5275 Sicliardo,
1058 5218 1336 5282 pra‘tnisso
1368 5222 1562 5281 puncto
1588 5235 1598 5264 ;
1634 5213 1716 5267 Ibi
1747 5216 2007 5283 primates.

626 5284 653 5321 ά
680 5284 887 5354 Ratisp.
914 5284 1107 5338 omittit
1129 5300 1216 5338 nec
1238 5286 1681 5340 consentientibus.
1708 5286 2014 5354 ReSpicittir
2034 5302 2127 5341 au-

557 5366 663 5411 tent
699 5354 1337 5419 υοιιηιυεΑηιίυοΙιειιυε;
1368 5357 1455 5424 qui
1481 5356 1605 5409 licet
1628 5356 1937 5411 inﬁrmitate
1962 5357 2125 5411 animi

555 5426 612 5483 in
638 5426 877 5483 Flaviani
908 5424 1407 5479 condemnationem
1438 5438 1487 5479 et
1523 5428 1573 5480 in
1613 5425 1866 5497 Eutycbis
1914 5427 2129 5481 ab~olu-

554 5503 755 5552 tionem
787 5500 995 5553 actione
1024 5498 1192 5563 prima
1217 5497 1570 5559 consenserit,
1602 5498 1946 5552 nihilominus
1970 5501 2127 5563 paulo

559 5579 681 5635 post
704 5568 755 5622 iii
781 5570 966 5622 eadem
1002 5568 1409 5635 pst-udosynodo
1436 5567 1711 5637 depositus
1750 5568 1866 5632 fuit,
1899 5568 2127 5623 Maximo

559 5641 609 5691 in
637 5640 753 5691 eius
784 5640 954 5691 locum
983 5639 1288 5691 subrogato.

983 5654 1288 5691 SUDl‘tlﬂalll.

559 5641 609 5694 in
637 5640 753 5709 ejus
784 5640 954 5694 locum
983 5640 1288 5703 subrogato.

634 5720 655 5744 ε
686 5710 1008 5765 Adverbium
1037 5725 1137 5761 non
1165 5710 1315 5761 dubie
1333 5721 1397 5762 ex
1425 5706 1629 5778 Ratisp.
1669 5709 2053 5778 supplevimtis.

635 5778 655 5816 ¹
683 5781 1019 5846 Quesnellus,
1037 5796 1137 5832 non
1152 5780 1457 5832 omittamus.
1476 5781 1642 5835 Antea
1661 5782 1924 5835 editorum
1942 5781 2126 5835 lectio-

560 5861 685 5903 nem
714 5851 959 5904 omnihtis
993 5852 1187 5903 nostris
1214 5849 1370 5903 codd.
1394 5851 1553 5906 etiam
1591 5849 1961 5920 Katisponeusi
1990 5865 2127 5906 con-

2232 5004 2486 5059 Ιιθεῑαξιιιις
2521 5016 2639 5071 post
2668 5006 2884 5077 impium
2922 5007 3099 5061 scelus
3143 5007 3270 5062 tiilizl
3306 5004 3477 5077 paena;
3501 5009 3704 5062 deliit.»
3736 5009 3851 5059 in-

2228 5084 2528 5149 curri-rant,
2568 5086 2617 5128 et
2653 5090 2764 5149 suis
2794 5076 2968 5149 adhuc
3006 5076 3408 5146 epiSCOPalibtlS
3447 5080 3844 5149 potiebantur,

2229 5144 2331 5199 hoc
2354 5146 2544 5201 saltem
2574 5147 2792 5201 stimulo
2823 5148 2889 5201 ad
2922 5144 3209 5217 petendam
3237 5144 3628 5222 indulgentiam
3668 5153 3856 5203 exci-

2229 5226 2489 5270 taretitttr.

2300 5285 2328 5323 κ
2354 5287 2670 5341 Particulam
2702 5289 2773 5341 ita
2803 5304 2830 5342 a
2863 5289 3159 5356 Quesnello
3187 5292 3439 5346 omissam
3472 5308 3541 5349 ex
3564 5291 3859 5347 omnibus

2232 5369 2427 5429 nostris
2456 5360 2611 5412 codd.
2643 5369 2699 5413 et
2727 5360 2987 5414 Sicbardo
3016 5362 3408 5417 revocat/imus.
3437 5362 3637 5419 Caeteri
3662 5364 3861 5429 editi,

2231 5428 2658 5500 ita_honoratiles
2686 5442 2740 5483 ut
2773 5437 2997 5500 fuerunt.

2309 5497 2325 5536 ι
2364 5498 2558 5621 Vlocem
2588 5503 2745 5554 totius
2774 5497 2806 5554 a
2827 5501 3029 5569 Quesn.
3062 5501 3298 5558 additam
3329 5506 3501 5561 nostri
3525 5520 3657 5561 mss.
3683 5502 3862 5561 libri

2309 5584 2396 5621 Γ)Γο
2438 5583 2546 5621 “Ill-

2229 5583 2256 5621 a
2338 5583 2546 5621 t‘tibaiil.

2264 5584 2490 5713 Mss.
2515 5641 2723 5696 collect.
2756 5643 2822 5696 Η.
2851 5655 2903 5696 et
2932 5645 3001 5699 24
3034 5660 3093 5697 :ic
3116 5647 3387 5713 oxeniplar
3415 5646 3662 5703 Sicliardi
3686 5660 3861 5704 cum

2227 5710 2384 5789 editis
2402 5724 2525 5789 ante
2547 5714 2773 5789 Quies-in,
2798 5716 3087 5789 tuebuntur.
3113 5716 3162 5772 Μ
3201 5710 3300 5771 lior
3325 5716 3499 5775 Griui.
3522 5736 3569 5774 ei
3599 5718 3861 5789 Bttttsp.

2230 5781 2408 5858 lectio.
2439 5781 2555 5838 Mox
2582 5790 2632 5836 iit
2673 5784 2848 5858 cita-is
2875 5787 3282 5858 ctillectionibus
3319 5797 3373 5841 ct
3415 5789 3559 5858 apud
3590 5781 3864 5847 Stella}-

2228 5851 2354 5905 dum
2378 5867 2657 5921 perperam
2687 5854 2924 5925 zElpidia
2951 5872 3050 5925 pro
3071 5857 3288 5925 Adelﬁo.
