4014 6358
1639 296 1702 355 8.
1741 295 1987 354 LEONIS
2024 294 2244 353 MAGNI
2287 294 2657 350 EPISTOLE.

3690 306 3796 359 950

505 426 740 489 utentes,
767 417 898 476 dum
927 416 1235 475 noverimus
1260 414 1382 486 quia
1412 411 1667 482 quidquid
1699 410 2069 467 rectitudinis:

2191 410 2346 488 τεραν
2366 409 2383 442 ¹
2411 413 2494 466 καὶ
2518 417 2619 466 τῶν
2638 412 2765 489 παρ’
2778 413 2921 486 ἡμῶν
2939 413 3314 492 «supqu
3329 415 3613 491 βεϐαίωσιν
3634 441 3692 478 τι
3714 423 3797 478 καὶ

508 509 632 567 ﬁliis
681 511 736 566 fit
756 553 772 577 ,
819 512 884 564 ad
913 521 1092 578 patres
1120 506 1377 575 recurrit,
1405 504 1664 560 facientes
1688 506 1790 559 huc
1812 504 2084 573 proprium

2193 507 2589 579 συγκατάθεσιν.

503 605 625 660 sibi.
677 605 943 671 Rogamus
997 605 1186 675 igitur,
1233 611 1289 656 et
1323 601 1429 656 tuis
1459 601 1692 656 decretis
1735 608 1977 653 nostrum
2029 598 2230 652 honora
2267 601 2557 666 judicium;
2615 609 2670 654 et
2715 600 2848 656 sicut
2898 615 3001 657 nos
3051 603 3212 671 capiti
3268 602 3322 661 in
3373 604 3530 662 bonis
3578 607 3794 681 ιιοο

503 706 530 736 ι
557 699 850 767 adjecimus
879 697 1311 762 consonantiam,
1358 696 1436 752 sic
1487 708 1536 750 et
1593 694 1876 748 summitas
1912 701 1997 745 trra
2039 692 2164 748 lilris
2211 692 2353 755 quod
2399 697 2556 747 decet
2605 693 2913 762 adimpleat.
2961 692 3052 750 Sic
3097 695 3242 750 enim
3287 706 3342 752 et
3397 698 3468 767 pii
3523 700 3793 765 principes

500 780 940 858 eutnplacebnnt,
991 791 1080 858 qui
1121 803 1390 861 tamquam
1448 791 1620 861 legem
1674 799 1778 843 tum
1816 789 2116 842 sanctitatis
2167 787 2428 858 judicium
2473 789 2855 854 ﬁrmaverunt,
2898 800 2953 844 et
3000 789 3596 862 Constantinopolitana
3636 795 3794 851 sedes

498 883 756 945 suscipiet
789 885 1086 949 pratrnium,
1111 896 1229 951 quae
1254 897 1416 936 omne
1456 895 1674 949 semper
1714 879 1948 932 studiu-n
1992 880 2145 934 vobis
2185 879 2249 933 ad
2279 895 2498 935 causam
2523 881 2736 949 pietatis
2769 882 3041 950 exp'evit,
3070 891 3126 937 et
3158 897 3502 954 semetipsum
3535 888 3688 942 vobis
3715 887 3782 943 ad

495 975 838 1028 concordiam
891 974 1081 1028 eodem
1117 974 1234 1027 zelo
1284 974 1591 1042 conjunxit.
1647 972 1714 1030 Ut
1749 983 1926 1026 autem
1980 975 2322 1040 cognoscatis
2352 974 2477 1040 quia
2511 975 2640 1027 nihil
2691 972 2719 1012 δ
2749 975 2968 1030 cuilibet
3019 977 3276 1034 donando
3305 995 3402 1049 per
3434 981 3662 1052 gratiam
3705 981 3818 1078 fe-t'

494 1067 689 1128 cimus,
738 1077 830 1121 aut
874 1082 970 1136 per
1000 1067 1304 1122 inimicitias
1329 1067 1698 1133 adversmdu,
1733 1077 1757 1105 ε
1786 1067 1879 1120 sed
1914 1074 1971 1119 ut
2001 1077 2132 1119 nuttt
2182 1065 2462 1135 gubernati
2504 1066 2721 1128 divino.
2765 1081 2984 1122 omnem
3019 1071 3174 1124 vobis
3205 1080 3478 1138 gesturum
3516 1076 3622 1127 vim
3657 1065 3824 1156 insi-’1

495 1162 811 1225 nztavinttts,
844 1164 910 1217 arl
950 1164 1446 1234 comprobationem
1492 1171 1693 1217 nostra:
1732 1159 2085 1226 sinceritatis,
2107 1167 2162 1215 et
2191 1157 2256 1212 ad
2284 1173 2470 1214 eorum
2522 1174 2642 1228 qua:
2691 1173 2720 1213 a
2770 1159 2925 1216 nobis
2961 1173 3112 1232 gesta
3141 1170 3269 1216 sunt
3310 1159 3338 1200 δ
3370 1162 3681 1221 ﬁrtttitatettt
3734 1172 3790 1220 et
3820 1184 3831 1226 :

492 1256 920 1312 consonantiam.

920 1350 1232 1408 EIUSDEM
1277 1349 1658 1407 EPISTOLIE.

983 1464 1097 1519 Alia
1121 1465 1395 1532 antiquior
1416 1464 1612 1519 versio.

490 1573 652 1650 Eum
660 1578 774 1644 plur
793 1578 1058 1632 relationis
1074 1578 1337 1650 archetypi
1349 1590 1538 1632 sancta?
1551 1592 1748 1648 magna
1759 1584 1805 1632 et
1830 1577 2088 1631 universa-

557 1649 623 1702 lt's
643 1652 848 1716 stptodt,
867 1665 982 1712 qua:
997 1653 1047 1702 in
1064 1649 1464 1703 Cltaladonensi
1488 1652 1750 1720 me'rupoli
1780 1660 2086 1720 congregata

561 1731 657 1785 est,
682 1722 751 1774 ml
777 1732 970 1776 sancta'
998 1723 1255 1777 memoria:
1274 1738 1460 1792 papam
1483 1719 1723 1774 Leonem.

487 1853 684 1911 Sancta
714 1867 769 1911 ct
809 1873 998 1928 magna
1023 1868 1075 1913 ct
1104 1856 1423 1911 universalis
1453 1855 1714 1928 synodus,
1738 1869 1856 1920 quae
1891 1869 2083 1908 secun-

565 1929 692 1981 tltttn
737 1930 828 1982 Ilei
871 1935 1122 1997 gratiam,
1155 1942 1203 1983 et
1239 1929 1572 1981 sanctionem
1619 1930 1979 1997 piissimnr-nrn
2025 1934 2077 1980 et

564 1998 657 2053 llci
697 1995 996 2054 amatorum
1042 1999 1340 2069 principnttt
1383 2001 1608 2052 collecta
1651 2008 1734 2050 cst
1777 1995 2078 2050 inChalce-

557 2070 699 2124 dune
722 2073 1004 2126 metr-muli
1033 2072 1296 2141 ltrttiynia:
1319 2073 1628 2140 provincrar,
1649 2070 1996 2125 sanctisuino
2018 2083 2082 2122 ac

555 2141 871 2197 beatissimo
893 2141 1079 2198 Lcoxt.

555 2277 684 2336 Car.
712 2279 752 2334 Ι.
775 2310 846 2321 -
872 2280 1142 2352 Repletum
1173 2290 1247 2334 est
1276 2278 1470 2351 gaudio
1493 2294 1548 2332 os
1580 2285 1811 2331 nostrum
1831 2286 1880 2330 et
1904 2276 2081 2346 lingua

483 2385 657 2428 nostra
695 2375 1034 2429 exsultatione
1073 2373 1192 2445 (Ps.
1236 2370 1498 2445 cuni),
1541 2373 1684 2442 quod
1717 2370 1854 2424 hanc
1878 2381 1935 2424 ut
1957 2385 2080 2438 pro-

481 2468 653 2537 priam
704 2469 860 2523 nobis
907 2469 1135 2538 gratiam
1185 2465 1520 2536 prophetiam
1584 2465 1833 2534 aptavit,
1885 2463 2080 2530 quibus

480 2560 701 2629 pietatis
739 2561 1119 2616 conﬁrmatum
1167 2571 1254 2616 εει
1285 2573 1487 2616 vntum.
1529 2561 1665 2628 Quid
1699 2561 1841 2614 enim
1875 2559 1980 2614 ﬁde
2011 2559 2077 2612 ad

480 2649 725 2706 laetitiam
755 2652 1040 2724 superius?
1077 2653 1214 2722 Quid
1245 2652 1518 2708 dorninrca
1564 2651 1837 2721 agnitione
1869 2650 1935 2704 ad
1981 2665 2079 2705 es-

479 2745 828 2800 sultationetn
861 2747 1082 2812 clarius,
1114 2761 1273 2816 quam
1306 2747 1422 2815 ipse
1449 2748 1683 2814 desuper
1709 2745 1866 2798 ttnbis
1887 2743 2069 2800 Salva~

481 2846 564 2892 tur
592 2841 658 2892 ad
705 2839 932 2894 salutem
979 2840 1197 2894 tradidit
1238 2840 1426 2894 dicens
1473 2858 1486 2892 :
1533 2838 1864 2892 Ambulantes
1903 2838 2077 2891 docete

477 2943 655 2985 omnes
676 2941 867 2999 gentes.
891 2931 1204 3002 bap'izautes
1226 2949 1311 2986 eos
1334 2933 1386 2984 in
1411 2931 1615 2985 nomine
1637 2929 1837 2994 Patris,
1859 2940 1904 2984 et
1924 2925 2072 2993 Filii,

475 3031 522 3076 et
546 3021 776 3092 Spiritus
815 3025 1003 3090 sancti,
1045 3025 1279 3078 docentes
1317 3041 1404 3078 eos
1442 3040 1644 3078 servare
1684 3025 1855 3077 omnia
1891 3032 2074 3091 οιμιιε-

3821 1239 3835 1268 t

2194 1347 2343 1419 cipes
2387 1359 2565 1404 autem
2613 1349 2798 1405 lideles
2837 1350 2904 1407 ad
2935 1361 3184 1406 ornatum
3216 1351 3598 1422 prmsidebant.
3647 1353 3790 1411 sicut

2193 1442 2515 1504 Zorohabel.
2556 1447 2765 1518 ιιοι
2789 1446 2819 1483 ιι
2846 1446 3099 1502 Ecclesiae
3125 1445 3306 1501 Jesum
3335 1448 3377 1520 (I
3404 1444 3556 1502 Esdr.
3587 1462 3668 1513 ιιι,
3702 1447 3784 1519 Ξ),

2193 1538 2644 1606 quemadmodum
2669 1540 3025 1607 Hierusalem,
3040 1539 3454 1597 aediﬁcationem
3471 1543 3786 1613 dogmatum

2190 1644 2454 1685 renovare
2494 1631 2831 1688 festinantes.

2263 1723 2392 1779 Car.
2434 1724 2683 1780 ll.-Et
2731 1737 2849 1781 erat
2897 1727 3240 1784 adversarius
3289 1736 3562 1800 tamquam
3613 1727 3786 1784 bestia

2190 1815 2320 1871 foris
2357 1832 2386 1870 a
2436 1818 2636 1885 septis,
2692 1834 2878 1874 secum
2927 1820 3194 1886 fremens,
3255 1823 3523 1876 neminem
3575 1819 3786 1876 habens

2185 1924 2344 1976 quem
2387 1914 2596 1976 capiat,
2643 1911 2746 1965 nisi
2783 1927 2844 1966 se
2873 1913 3045 1972 ipsum
3087 1915 3134 1968 ei
3163 1912 3231 1968 ad
3273 1915 3508 1984 prmlam
3539 1915 3784 1970 Alexan-

2183 1999 2354 2054 drrute
2385 2001 2534 2056 urbis
2562 2001 2734 2058 factus
2773 2004 2902 2058 olim
2945 2005 3140 2072 przrsnl
3184 2005 3475 2074 objiceret;
3517 2005 3608 2074 qui
3648 2006 3785 2060 dum

2185 2093 2351 2146 multa
2401 2098 2548 2159 prius
2577 2096 2719 2148 mala
2751 2096 3004 2158 fecisset.
3039 2096 3290 2151 secundis
3337 2097 3512 2160 priora
3557 2096 3783 2152 celavit.

2186 2187 2407 2241 Beatum
2450 2191 2594 2242 enim
2639 2188 2789 2243 illum
2829 2197 2886 2245 et
2931 2190 2984 2244 in
3026 2191 3233 2244 sanctis
3279 2191 3782 2245 common-randum

2185 2275 2801 2344 ϐε»ηειεηιὶηυιιυιιιοιιω
2830 2281 2978 2335 urbis
3011 2292 3280 2350 pastorem
3315 2279 3625 2334 Flavianum
3657 2293 3784 2347 apo-

2183 2371 2426 2426 stolicam
2461 2374 2836 2442 prwfr-mntem
2870 2373 3054 2439 ﬁdem,
3096 2383 3151 2428 et
3195 2373 3284 2428 Dei
3330 2381 3626 2427 amatorem
3659 2373 3784 2440 epi-

2182 2478 2402 2532 scotrunt
2436 2465 2724 2520 Eusebium
2769 2475 2960 2521 contra
2989 2481 3207 2520 omnem
3236 2480 3500 2520 canonum
3531 2463 3781 2534 discipli-

2183 2575 2306 2613 nam
2339 2559 2611 2628 deposuit,
2641 2569 2698 2613 et
2727 2559 3004 2629 impietate
3043 2558 3464 2614 condemnatum
3497 2557 3782 2630 Eutychen

2185 2651 2478 2716 lyrattnicis
2516 2650 2751 2706 decretis
2780 2652 2895 2706 suis
2939 2651 3196 2714 restituit,
3225 2661 3280 2705 et
3307 2665 3336 2702 a
3368 2661 3548 2704 vesrra
3576 2648 3784 2703 sanati-

2183 2750 2335 2809 tate,
2385 2754 2573 2812 utpote
2603 2743 2672 2798 ab
2715 2743 2989 2798 immerito
3019 2745 3215 2807 gratia,
3260 2741 3495 2796 ablatam
3539 2739 3784 2796 reddidit

2179 2834 2530 2904 dignitatern;
2569 2845 2622 2890 et
2664 2845 2719 2890 ut
2756 2835 2982 2890 omnino
3028 2833 3178 2890 ferox
3225 2833 3514 2898 singularis
3561 2835 3781 2887 incum-

2182 2927 2315 2983 bens
2341 2944 2536 2990 viuere,
2559 2944 2720 2999 quam
2745 2930 2940 2986 bonam
2972 2929 3179 2984 invenit
3205 2930 3591 2998 plantationem
3620 2942 3784 2982 ever-

2179 3023 2244 3076 tit
2284 3019 2402 3092 (Ps.
2429 3037 2614 3083 ustx.
2649 3021 2764 3092 ts),
2798 3022 3185 3077 infructuosam
3215 3032 3395 3076 autern
3426 3031 3483 3078 et
3518 3018 3536 3058 ί
3568 3012 3780 3076 dereli-

475 3128 692 3182 cumque
730 3115 970 3168 mandavi
1009 3116 1168 3169 vobis.
1195 3117 1364 3183 Quam
1409 3115 1523 3184 ipse
1551 3126 1818 3184 tamquam
1847 3127 2066 3166 aur-eam
2098 3155 2145 3218 Ο
2177 3125 2319 3169 ctam
2351 3114 2682 3178 introduxit,
2715 3124 2770 3168 et
2801 3116 3125 3185 pastoralem
3160 3115 3421 3171 habentes
3451 3115 3782 3186 sapientiam

475 3206 774 3260 catenulam
823 3216 1097 3277 praecepto
1155 3207 1481 3276 impurrcntis
1537 3207 1818 3260 deductam
1869 3206 1920 3258 in
1971 3219 2067 3258 nos

475 3299 853 3365 conservasti,
899 3305 1049 3354 VltClS
1093 3300 1235 3355 beati
1289 3301 1428 3355 Petri
1487 3303 1739 3356 omnibus
1797 3300 2066 3365 interpres

474 3389 736 3456 existens,
765 3403 818 3446 et
862 3392 1003 3446 illius
1035 3391 1158 3448 ﬁdei
1197 3392 1446 3447 orunibus
1475 3394 1862 3448 bertitudinom
1897 3402 2066 3446 attra-

475 3484 630 3540 bens.
667 3486 818 3540 Unde
845 3495 901 3541 et
931 3502 1030 3542 nos
1059 3497 1329 3555 tulitquam
1370 3489 1596 3556 principi
1625 3487 1718 3541 tibi
1750 3489 1908 3557 hujus
1939 3486 2066 3541 boni

476 3577 542 3632 ad
595 3578 880 3635 utilitatem
933 3580 1046 3643 usi,
1087 3582 1334 3636 veritatis
1393 3582 1517 3637 ﬁliis
1557 3583 1812 3637 Ecclesiae
1859 3591 2064 3636 sortem

474 3671 814 3726 ostendimus
839 3718 853 3739 ,
902 3687 1010 3728 non
1064 3688 1157 3742 per
1197 3674 1433 3744 singulos
1474 3674 1670 3744 singuli
1715 3686 1981 3743 tamquam
2013 3678 2064 3730 in

473 3775 686 3818 secreto
730 3763 1032 3819 doctrinam
1073 3765 1360 3830 facientes,
1409 3768 1502 3820 sed
1546 3768 1817 3820 communi
1847 3767 2064 3834 spiritu,

475 3871 581 3910 uno
621 3871 889 3912 consensu
929 3867 982 3911 et
1029 3857 1318 3911 cnncordra
1361 3857 1487 3911 ﬁdei
1532 3857 1927 3912 confessionem
1973 3872 2067 3912 co-

473 3961 814 4017 gnoscentes.
851 3949 912 4002 Et
944 3949 1141 4002 luimus
1175 3952 1225 4002 in
1255 3950 1525 4002 communi
1562 3948 1921 4003 exsultatione
1951 3951 2063 4017 spi-

473 4036 721 4092 ritalibus
753 4048 1023 4107 tamquam
1053 4040 1424 4110 imperialibus
1449 4055 1642 4103 cmnts,
1665 4041 2067 4108 eprrlatirmilrus

474 4131 526 4186 in
557 4132 692 4188 cibis
731 4148 866 4203 quas
907 4150 1003 4202 per
1044 4145 1162 4188 tuas
1209 4136 1419 4191 litteras
1445 4135 1695 4191 (Ἂν-ἰδίης
1722 4137 2066 4205 epulantibus

473 4227 768 4292 apparavit.
805 4227 868 4281 Et
913 4227 1189 4283 caelestem
1219 4229 1486 4296 Sponsum
1534 4230 1675 4284 inter
1717 4246 1816 4284 nos
1842 4245 2066 4284 cernere

477 4314 846 4373 lvidebamns
891 4321 1226 4389 epulantem.
1270 4321 1326 4376 Si
1371 4323 1513 4375 enim
1559 4321 1647 4375 ubi
1689 4330 1816 4376 sunt
1839 4322 1947 4376 duo
1975 4329 2069 4376 aut

471 4417 584 4464 tres
624 4413 931 4482 congregati
977 4415 1028 4468 in
1072 4413 1289 4468 nomine
1335 4416 1529 4483 ipsius,
1577 4416 1644 4470 ibi
1676 4417 1750 4469 ait
1777 4431 1836 4470 se
1859 4431 1979 4471 esse
2011 4415 2063 4469 in

471 4503 651 4557 medio
701 4518 890 4558 eorum
940 4505 1170 4577 (Matth.
1219 4521 1385 4571 XVIII,
1435 4506 1577 4578 20);
1620 4519 1872 4574 qttatttattt
1922 4509 2064 4562 circa

470 4593 791 4664 quingentos
819 4598 1003 4667 viginti
1058 4598 1366 4654 sacerdores
1397 4599 1815 4654 familiaritatem
1850 4610 1876 4648 ε
1909 4616 2066 4657 morr-

474 4687 667 4739 strabit
693 4728 707 4748 ,
750 4689 840 4756 qui
870 4698 923 4743 et
951 4689 1137 4758 patriai
1178 4699 1232 4745 et
1265 4690 1433 4745 labat-i
1467 4693 1608 4745 circa
1638 4708 1759 4746 eum
1788 4695 2066 4750 scientiam

470 4779 826 4836 confessionis
856 4793 1264 4853 praeposuerunt
1290 4825 1307 4851 ,
1337 4785 1531 4853 quibus
1577 4795 1633 4838 trt
1675 4796 1944 4855 tamquam
1973 4804 2067 4844 ca-

433 4934 440 4944 .
471 4881 567 4940 prrt
598 4876 854 4928 membris
885 4876 1205 4944 praepes-itus
1234 4891 1352 4930 eras
1381 4891 1474 4945 per
1501 4891 1597 4931 eos
1633 4881 1724 4948 qui
1754 4886 1899 4932 trram
1931 4895 2064 4935 con-

471 4967 642 5022 tiucnt
667 4967 860 5035 vicem,
889 4977 1095 5024 rectum
1136 4968 1422 5024 consilium
1453 4969 1870 5026 demonstrans?
1914 4971 2070 5028 Prin-

541 5203 566 5232 ⁸
608 5194 684 5249 Ex
707 5193 898 5272 Grteco
928 5195 1306 5268 impendimus;
1343 5204 1401 5252 et
1429 5212 1578 5264 mox,
1611 5199 1710 5269 piis
1741 5199 2058 5272 principibus

466 5277 668 5338 gratum
691 5268 808 5320 erit.
829 5284 938 5337 qut,
961 5278 1067 5322 etc.

538 5336 568 5378 ι)
607 5338 681 5393 Ita
709 5336 897 5393 unrnes
923 5341 1158 5394 codices.
1187 5339 1367 5405 ναις..
1391 5338 1551 5394 alicui
1572 5341 1841 5395 donando.

543 5419 566 5449 ο
609 5413 678 5464 ιι..
720 5425 842 5464 cum
885 5410 1042 5464 editis
1076 5413 1236 5466 c-drl.
1280 5411 1477 5469 Veron.
1517 5425 1568 5466 et
1605 5411 1721 5466 Val.
1771 5413 1886 5466 Duo
1921 5425 2056 5465 mss.

467 5479 670 5537 Balnzri
698 5499 818 5534 cum
851 5498 1035 5535 nostra
1057 5483 1318 5546 (thrgrarro
1356 5501 1366 5536 :
1410 5485 1514 5538 Sed
1535 5487 1724 5550 quippe
1756 5493 1808 5536 nt
1832 5486 1883 5535 in
1910 5496 2056 5538 nutu.

539 5550 566 5590 ἀ
611 5553 686 5605 Es
730 5553 948 5614 (lurco.
991 5557 1427 5619 rari/irritationem
1458 5570 1608 5624 atque
1649 5556 2055 5609 consensionem.

543 5633 568 5662 ο
611 5624 728 5677 Vat.
766 5624 922 5688 l3‘2‘3,
952 5641 1064 5689 qua:
1086 5626 1412 5678 derttutttlavi.

545 5693 567 5731 ί
613 5695 776 5754 Erliti,
804 5696 1113 5750 rirlebumur.
1138 5697 1490 5751 Cor'resttnus
1517 5711 1583 5752 ex
1609 5695 1824 5752 laudato
1852 5695 2055 5754 codice.

545 5773 572 5833 Ξ
609 5765 755 5820 Idem
781 5769 974 5833 cudes,
1007 5767 1341 5821 monstrabat.

541 5831 578 5874 λ
603 5835 686 5892 Ita
706 5850 831 5894 cum
858 5831 1014 5894 aditis
1043 5836 1208 5894 habet
1234 5840 1398 5895 etiam
1425 5838 1568 5897 idem
1596 5839 1741 5908 νει..
1770 5854 1879 5897 non
1901 5853 2053 5906 vero,

2172 3210 2488 3276 amputavit.
2533 3207 2689 3274 lupos
2728 3219 2907 3263 autem
2942 3209 2957 3260 i
2993 3208 3362 3264 manifestatos
3388 3208 3577 3264 ovibus
3604 3209 3783 3265 intro-

2171 3301 2340 3355 duxit.
2373 3301 2548 3370 Super
2587 3304 2703 3357 haec
2736 3299 2916 3356 ornr'ria
2962 3304 3126 3358 etiarn
3167 3315 3356 3358 contra
3394 3317 3517 3356 eum
3557 3303 3648 3372 qui
3678 3316 3785 3358 cu-

2171 3394 2399 3448 stodiam
2424 3394 2595 3448 vincte
2617 3409 2647 3448 a
2672 3393 2954 3450 Salvatore
2982 3405 3316 3462 susceperat,
3352 3397 3586 3449 furorem
3612 3408 3780 3449 suum

2171 3485 2414 3540 estendit
2462 3485 2731 3558 (dicimus
2781 3495 2962 3542 autem
3011 3487 3080 3542 de
3125 3489 3411 3542 sanctitate
3440 3495 3617 3542 vestra
3642 3485 3688 3554 ).
3716 3493 3779 3540 et

2172 3578 2788 3632 excomrnunicationem
2813 3585 3001 3632 contra
3027 3593 3150 3632 eum
3177 3579 3267 3648 qui
3296 3592 3492 3646 Corpus
3516 3575 3784 3632 Eccle~ias

2171 3670 2457 3725 ‘aduuare
2498 3670 2794 3738 festinavit,
2841 3671 3116 3741 cogitavit.
3163 3673 3227 3727 Et
3269 3686 3391 3726 cum
3437 3671 3788 3737 Oportuisset

2171 3779 2294 3819 eum
2339 3779 2436 3833 pro
2483 3763 2567 3818 his
2617 3764 2918 3832 pmnitere,
2964 3774 3020 3820 et
3061 3763 3340 3819 debuisset
3371 3763 3628 3833 lacrymis
3675 3777 3784 3834 po-

2173 3858 2374 3911 stulare
2416 3857 2842 3912 misericordiam
2868 3899 2884 3923 ,
2931 3869 3202 3927 tamquam
3243 3872 3344 3927 pro
3386 3857 3629 3911 bonesris
3679 3858 3784 3911 las-

2171 3949 2408 4015 tabatnr,
2436 3951 2720 4016 epistolam
2753 3949 2966 4019 quidem
3002 3959 3197 4005 vestra:
3236 3949 3539 4006 sanctitatis
3581 3963 3788 4019 asper-

2172 4055 2325 4104 nens,
2361 4042 2611 4095 omnibus
2634 4051 2814 4095 autem
2845 4041 3087 4098 veritatis
3111 4042 3453 4112 dttgtltzllilttls
3485 4041 3786 4096 resistens.

2241 4135 2372 4188 Car.
2408 4133 2474 4190 Ill
2501 4134 2642 4188 —Et
2683 4144 3004 4203 oportuerat
3032 4135 3248 4204 quidem
3279 4152 3402 4189 eum
3432 4151 3557 4190 mox
3587 4137 3642 4188 in
3677 4137 3791 4192 bac

2173 4226 2225 4280 in
2253 4243 2353 4295 qua
2381 4243 2441 4282 se
2465 4229 2639 4294 ipsum
2669 4228 2943 4282 ordinavit
2971 4236 3124 4295 parte
3150 4227 3474 4294 relinquere.
3501 4227 3789 4294 Quoniam

2170 4329 2349 4375 autem
2378 4321 2672 4374 Salvatoris
2701 4319 3042 4388 disciplinam
3074 4323 3418 4389 prolitemur,
3466 4322 3557 4386 qui
3600 4335 3795 4374 omnes

2172 4412 2400 4466 homines
2433 4411 2602 4467 salvos
2631 4427 2742 4466 esse
2773 4412 2881 4466 uult
2917 4423 2962 4466 et
2982 4413 3154 4466 uenire
3185 4413 3252 4465 ad
3274 4412 3620 4481 cognitionem
3643 4411 3798 4465 ueri-

2173 4507 2292 4560 tatis
2322 4505 2364 4576 (l
2385 4503 2522 4559 Tim.
2549 4521 2609 4569 tt,
2637 4506 2720 4576 4),
2749 4506 2887 4559 hanc
2915 4521 3082 4569 Opere
3109 4505 3162 4558 iu
3210 4520 3274 4558 eo
3306 4505 3523 4557 ﬁrmare
3556 4503 3797 4557 miseri-

2172 4596 2411 4652 ctrrdiant
2443 4597 2834 4662 festinavirnus,
2869 4611 2918 4650 et
2951 4597 3001 4650 in
3033 4596 3285 4658 iudicirrm
3321 4596 3561 4648 fraterne
3602 4590 3800 4648 lcori-

2172 4691 2516 4756 vocavirnns,
2560 4705 2666 4743 non
2711 4697 2985 4756 tamquam
3036 4701 3285 4741 resecare
3331 4693 3624 4749 lentant-8,
3679 4683 3802 4739 sed

2171 4780 2554 4837 satisfactionis
2607 4781 2656 4834 ei
2705 4779 2881 4834 locum
2929 4779 2996 4831 ad
3053 4777 3374 4831 med=ciaam
3435 4778 3802 4845 praebentes;

2171 4886 2228 4934 et
2254 4877 2540 4930 orabatnua
2572 4873 2908 4943 superiorem
2942 4888 3064 4928 eum
3095 4879 3135 4907 ιη
3161 4873 3394 4925 existere
3423 4870 3590 4923 variis
3624 4871 3808 4923 incu-

2173 4968 2469 5025 sationibus
2497 4981 2618 5036 quae
2657 4965 2916 5021 adversus
2945 4966 3119 5034 ipsum
3151 4964 3367 5032 scriptae
3405 4970 3556 5032 sunt,
3587 4972 3810 5032 quato-

2165 5206 2221 5252 ut
2251 5197 2300 5250 in
2333 5195 2574 5263 margine
2596 5193 2821 5260 Baluzii,
2859 5201 2906 5247 et
2933 5192 3094 5248 Deum
3113 5191 3290 5247 Iesum

2245 5267 2257 5304 ί
2311 5267 2448 5326 Vat.,
2475 5267 2746 5335 (tlijeclam.

2240 5338 2254 5388 t'
2305 5339 2434 5392 (Iud.
2471 5337 2712 5405 Reginae,
2737 5335 3058 5389 manifestos.

2235 5407 2260 5445 κ
2301 5411 2386 5462 Sir
2416 5424 2483 5462 ex
2525 5399 2643 5463 νῖιι.
2687 5399 2827 5462 Edit.
2873 5406 3109 5471 Concil.,
3140 5403 3378 5472 adunire,
3422 5399 3565 5457 forte
3606 5407 3813 5476 typo-

2160 5480 2346 5551 graphi
2378 5494 2581 5534 errore.

2240 5547 2272 5589 ιθ
2301 5552 2433 5604 Gud.
2465 5553 2704 5619 Reginae,
2737 5547 3161 5602 convocabanrus.

2235 5632 2275 5659 ω
2319 5621 2464 5676 Idem
2492 5625 2684 5686 codex,
2710 5623 2963 5676 insistere.

2237 5695 2252 5725 ¹
2298 5694 2387 5750 Sir:
2431 5697 2588 5747 ambo
2629 5685 2760 5747 mss.
2808 5693 2963 5759 Vere,
3007 5690 3329 5760 astipulante
3358 5687 3552 5742 Latino
3595 5685 3820 5748 inter-

2166 5777 2336 5838 prete,
2377 5770 2465 5834 qui
2509 5766 2688 5828 vertit,
2731 5781 2905 5818 eorum
2942 5779 3060 5834 qua?
3091 5780 3126 5816 a
3162 5765 3304 5816 nobts
3342 5771 3487 5832 gesta
3521 5771 3681 5818 sunt.
3735 5763 3819 5827 In

2163 5843 2332 5906 vulg.,
2358 5841 2443 5894 usti
2471 5845 2571 5894 τῶν
2594 5839 2968 5904 πεπραγμένων
2990 5842 3217 5890 tantum.
