4014 6358
221 359 319 421 969

1654 348 1985 410 EPISTULA
2019 349 2084 406 (ἶ.

3370 337 3489 414 910

282 468 628 528 “manus
668 468 960 542 episcopus
988 461 1379 524 beatitudinem
1420 474 1655 523 vestram
1702 480 1791 521 sa-
1819 468 1875 531 Α
1969 461 2082 532 Ego
2104 459 2429 514 FRATEINUS
2449 456 2738 528 episcopus
2758 446 3032 513 ’coronam
3063 462 3296 514 vestram
3321 473 3485 519 vene-

222 560 349 621 luto.

168 650 173 704 ὲ
280 653 593 712 Nscnnrus
623 651 909 739 episcopos
922 651 1311 710 beatitudinem
1340 660 1574 710 vestram
1601 650 1795 708 saluto.

279 747 650 806 CONSTANTIUS
688 761 973 819 episcopus
1013 745 1397 803 beatitudinem
1434 754 1665 803 vestram
1711 759 1799 799 sa-

222 844 352 904 luto.

282 935 535 991 Marinus
564 932 851 1005 episcopus
878 930 1235 1004 apostolatum
1262 938 1499 987 vestrum
1535 927 1730 985 saluto.

281 1028 400 1100 Ego
446 1029 746 1085 ASCLBPIUS
800 1028 1085 1099 episcopus
1157 1026 1515 1096 apostolatum
1570 1033 1806 1079 vestrum

222 1134 485 1182 tenerans
515 1124 568 1179 in
594 1124 825 1179 Domino
845 1123 1134 1194 plurimum
1162 1122 1357 1177 saluto.

286 1219 406 1292 Ego
441 1218 695 1275 MAXIIUS
731 1219 1016 1291 episcopus
1045 1217 1408 1273 apostolatum
1446 1225 1683 1273 vestrum
1720 1231 1808 1271 sa-

223 1312 354 1369 luto.

288 1409 407 1478 Ego
433 1407 611 1463 Unsus
633 1407 926 1479 episcopus
944 1404 1331 1460 beatitudinem
1355 1413 1589 1459 vestram
1617 1405 1813 1460 saluto.

1899 570 2029 612 rans
2060 553 2255 610 saluto.

1976 648 2090 719 Ego
2153 650 2409 703 Annuus
2472 648 2758 719 episcopus
2826 648 3192 719 apostolatum
3249 658 3489 708 vestrum

1904 755 2172 797 venerans
2198 741 2393 795 saluto.

1978 832 2094 904 Ego
2125 831 2431 889 Gcnonrtus
2459 833 2744 904 episcopus
2781 849 3039 891 coronam
3065 844 3302 893 vestram
3328 850 3495 894 vene-

1906 940 2034 983 rans
2062 926 2256 981 saluto.

1981 1021 2098 1092 Ego
2160 1020 2565 1076 PROCULEIANUS
2610 1019 2894 1093 episcopus
2944 1038 3206 1080 coronam
3262 1032 3497 1082 vestram

1911 1126 2176 1171 venerans
2206 1114 2401 1170 saluto.

1985 1209 2100 1279 Ego
2140 1210 2413 1265 DYNAIIUS
2456 1211 2740 1282 episcopus
2778 1226 3034 1268 coronam
3071 1220 3307 1269 vestram
3336 1227 3503 1269 vene-

1914 1318 2038 1359 rans
2077 1303 2269 1358 saluto.

1988 1397 2102 1468 Ego
2169 1396 2427 1454 JULIANUS
2481 1400 2765 1470 episcopus
2844 1402 3200 1472 apostolatum
3267 1411 3507 1459 vestrum

291 1501 565 1558 Incensus
581 1499 868 1572 episcopus
893 1498 1252 1570 apostolatum
1283 1507 1522 1553 vestrum
1552 1512 1818 1554 venerans
1917 1506 2183 1547 venerans
2205 1492 2399 1547 saluto.

228 1596 427 1653 saluto.

292 1690 500 1748 Jusrus
537 1691 825 1763 episcopus
855 1704 1113 1747 coronam
1151 1696 1387 1745 vestram
1425 1701 1691 1745 venerans
1728 1700 1817 1742 sa-

230 1782 361 1843 luto.

2003 1586 2118 1657 Ego
2148 1586 2537 1644 Anusnnnrus
2566 1587 2853 1661 episcopus
2880 1604 3136 1647 coronam
3160 1599 3395 1647 vestram
3421 1605 3509 1647 ves

1919 1695 2117 1737 nerans
2146 1681 2345 1735 saluto.

1996 1773 2109 1843 Ego
2178 1772 2501 1830 Hononuus
2580 1776 2863 1843 episcopus
2948 1792 3203 1835 coronam
3278 1789 3512 1837 vestram

300 1877 582 1936 Ῡλιειιιυε
609 1876 897 1949 episcopus
935 1876 1295 1948 apostolatum
1324 1885 1559 1931 vestrum
1590 1873 1783 1930 saluto.
1853 1859 1903 1921 Β
1929 1882 2198 1923 venerans
2223 1868 2420 1923 saluto.

300 1972 420 2045 Ego
448 1974 842 2029 Surenvsnron
874 1971 1163 2042 episcopus
1189 1985 1441 2027 coronam
1473 1976 1707 2024 vestram
1734 1982 1825 2024 ve-

237 2083 439 2124 nerans
466 2069 665 2122 saluto.

308 2167 524 2236 1111
558 2162 740 2218 Venus
771 2160 1060 2232 episcopus
1082 2159 1440 2231 apostolatum
1474 2167 1713 2215 vestrum
1742 2172 1829 2214 re-

236 2265 493 2311 verenter
519 2254 711 2308 saluto.

305 2346 628 2403 HBLLADIUS
658 2345 952 2418 episcopus
979 2346 1321 2403 sanctitatem
1351 2352 1495 2401 tuam
1520 2343 1577 2400 in
1603 2343 1830 2401 Domino

240 2442 440 2499 saluto.

309 2535 622 2592 Erasmus
650 2532 935 2605 episcOpus
970 2533 1311 2590 sanctitatem
1346 2540 1491 2588 tuam
1517 2531 1573 2588 in
1603 2530 1833 2588 Domino

239 2628 438 2683 saluto.

307 2721 587 2776 Euuuus
624 2717 912 2789 episcopus
954 2716 1298 2774 sanctitatem
1327 2725 1475 2773 tuam
1512 2716 1569 2772 in
1605 2716 1835 2773 Domino

240 2814 440 2871 saluto.

309 2910 564 2965 Annius
600 2888 889 2978 episcopus
924 2904 1268 2963 sanctitatem
1307 2911 1453 2959 tuam
1502 2903 1557 2960 in
1607 2899 1838 2959 Domino

243 3001 437 3058 saluto.

311 3092 695 3151 CHRYSAPIIUS
721 3093 1011 3165 episcopus
1034 3096 1379 3150 sanctitatem
1406 3101 1552 3149 tuam
1584 3093 1637 3148 in
1660 3087 1842 3148 Domi-

244 3202 315 3245 no
341 3190 546 3244 saluto.

315 3283 633 3339 Plz-ructuas
671 3281 963 3352 episcopus
1000 3280 1340 3337 sanctitatem
1372 3289 1609 3335 vestram
1640 3280 1692 3334 in
1730 3279 1838 3334 Do-
1868 3259 1916 3324 (ἶ

246 3376 397 3436 mino
428 3376 640 3443 saluto,
670 3384 726 3432 et
752 3385 809 3431 ut
837 3390 935 3447 pro
962 3391 1051 3431 me
1074 3390 1232 3430 orare
1254 3375 1567 3446 dignemini,
1598 3381 1797 3445 quzcso.

316 3470 436 3541 Ego
467 3469 740 3526 Fonrstus
766 3468 1051 3541 episcopus
1084 3467 1445 3538 apostolatum
1488 3476 1725 3523 vestrum
1756 3481 1842 3522 re-

250 3574 504 3623 verenter
533 3564 731 3630 saluto,
754 3573 810 3619 et
826 3577 960 3633 rogo
988 3563 1168 3618 utmei
1187 3563 1498 3617 meminisse
1525 3562 1840 3633 dignemini.

321 3657 560 3714 Υυιτιυε
585 3656 872 3728 episcopus
892 3655 1251 3727 apostolatum
1278 3665 1519 3712 vestrum
1537 3653 1593 3709 in
1616 3655 1844 3711 Domino

252 3749 449 3808 saluto.

327 3843 568 3898 munus
598 3843 885 3912 episcopus
923 3841 1288 3912 apostolatum
1334 3849 1574 3899 vestrum
1621 3842 1849 3914 plurima

252 3937 313 3995 In
341 3935 561 3992 Christo
588 3935 940 3991 veneratione
975 3935 1173 3991 saluto.

372 4044 603 4086 terunus
627 4028 915 4099 episcOpus
938 4026 1302 4098 apostolatum
1323 4033 1558 4083 vestrum
1584 4040 1852 4083 venerans

255 4124 456 4182 saluto.

328 4220 605 4278 Essemus
632 4219 920 4290 episcopus
948 4218 1336 4275 beatitudinem
1366 4226 1513 4274 tuam
1546 4218 1743 4275 saluto.

328 4313 637 4370 PALLLDIUS
653 4311 940 4384 episcows
954 4312 1315 4384 apostolatum
1332 4322 1571 4369 vestrum
1587 4327 1854 4371 venerans

254 4404 462 4462 saluto.

2002 1963 2309 2018 Eunomus
2358 1961 2643 2033 episcopus
2684 1964 3043 2034 apostolatum
3074 1975 3314 2023 vestrum
3358 1981 3517 2024 vene<

1929 2071 2057 2113 rans
2085 2056 2282 2111 saluto.

2001 2149 2117 2220 Ego
2158 2149 2497 2205 Eusnrmus
2545 2147 2832 2221 episcopus
2872 2152 3231 2223 apostolatum
3282 2161 3521 2210 vestrum

1932 2256 2202 2299 venerans
2224 2242 2424 2297 saluto.

2008 2336 2221 2407 1112
2296 2334 2408 2405 E80

2486 2335 2733 2391 Mutuus
2823 2337 3109 2409 episcOpus
3168 2341 3525 2410 apostolatum

1932 2437 2170 2486 vestrum
2201 2442 2465 2483 venerans
2491 2429 2685 2485 saluto.

2006 2524 2119 2595 Ego
2148 2521 2417 2579 tht'rtus
2454 2539 2711 2581 coronam
2748 2534 2985 2582 vestram
3026 2542 3292 2584 venerans
3328 2530 3525 2587 saluto.

2477 2639 2814 2697 EPISTOLA
2855 2651 2880 2679 ³
2932 2642 2994 2697 C.

2082 2730 2110 2770 δ
2140 2747 2395 2792 uncum
2434 2748 2789 2789 IIPERATORIS
2829 2751 2896 2788 an
2935 2750 3147 2789 LEONEII
3188 2751 3385 2795 PAPAI.

1940 2825 2209 2883 SYNOPSIS.
2238 2856 2309 2867 ——
2334 2826 2376 2881 Ι.
2414 2825 2493 2879 De
2515 2827 2617 2895 ﬁde
2646 2828 2787 2896 apud
2816 2827 3188 2884 Chnlcedonem
3213 2832 3455 2887 roborata
3483 2843 3533 2890 et

2012 2916 2136 2967 pace
2190 2898 2435 2970 Ecclesiw
2479 2900 2715 2970 restituta
2765 2902 3077 2970 gratulatur.
3120 2932 3190 2942 -—
3237 2903 3300 2957 Il.
3345 2902 3533 2962 Fidem

2002 2972 2178 3044 juth
2192 2969 2387 3044 litteras
2422 2968 2697 3044 δηιερῃὶε
2716 2989 2747 3024 a
2767 2968 2973 3041 synodo
2996 2989 3101 3027 esse
3137 2977 3440 3044 expositam.
3464 3006 3536 3023 -ιι

2014 3041 2103 3095 ΙΙΙ.
2140 3041 2275 3117 Petit
2314 3051 2368 3095 ut
2410 3042 2517 3095 sedi
2564 3040 2676 3095 ΕΡ.
2705 3040 2959 3117 secundus
2995 3044 3135 3098 locus
3160 3040 3319 3117 juxta
3344 3058 3535 3103 statuta

2014 3112 2251 3166 secunda:
2280 3126 2325 3167 et
2358 3123 2551 3178 quarta:
2572 3115 2754 3184 synodi
2789 3116 3065 3170 tribuatur.
3098 3112 3175 3157 -έ
3196 3117 3282 3172 IV.
3309 3118 3409 3172 Per
3433 3120 3537 3174 Lu-

2019 3185 2223 3259 cianurn
2260 3196 2306 3238 et
2354 3185 2607 3259 Basiliam
2655 3202 2958 3240 consensum
2997 3188 3109 3258 ejus
3157 3206 3309 3259 super
3355 3191 3538 3247 eodem

2019 3256 2218 3325 negatio
2254 3258 2503 3325 postulat.

1950 3324 2192 3404 Victures
2225 3324 2657 3404 VALEN'rttvtArtus
2686 3336 2740 3382 et
2772 3328 3107 3404 MARCIANUS,
3139 3332 3324 3404 inclyti
3358 3334 3540 3389 trium-

2021 3399 2298 3473 phatores,
2326 3415 2553 3473 semper
2573 3402 2819 3469 Augusti,
2845 3413 3032 3457 sancto
3057 3404 3195 3473 patri
3223 3399 3417 3462 merito
3447 3424 3541 3464 ve-

2022 3470 2244 3525 nerabili
2276 3469 2443 3525 Lsom
2473 3471 2725 3541 episcopo
2751 3484 2794 3525 ε’.

2019 3558 2152 3615 Cu.
2190 3559 2231 3615 l.
2258 3590 2329 3602 —-
2356 3560 2543 3616 Divina
2573 3563 2911 3632 humanaque
2954 3564 3153 3635 scripta
3194 3570 3542 3628 consentiunt

1955 3652 2305 3711 Divinitatem
2336 3657 2387 3711 in
2419 3656 2606 3727 primis
2628 3672 2748 3712 esse
2776 3658 3163 3724 venerandam,
3193 3670 3247 3715 et
3275 3661 3350 3717 ibi
3365 3666 3543 3719 omni—

1952 3757 2230 3821 potentem
2260 3751 2425 3805 Deum
2450 3765 2571 3805 esse
2604 3750 2916 3820 propitium,
2946 3751 3035 3806 ubi
3067 3752 3264 3809 colitur
3288 3755 3392 3811 rite
3420 3758 3545 3813 reIi~

1954 3846 2065 3916 gio.
2103 3844 2161 3899 Id
2202 3858 2331 3913 ergo
2375 3843 2517 3914 quod
2549 3843 2922 3912 quaerebamus
2952 3843 3287 3913 invenimus,
3320 3857 3377 3903 et
3413 3849 3545 3905 elle-

1956 3949 2101 3995 ctum
2126 3948 2247 3994 vota
2272 3947 2454 3992 nostra
2482 3946 2817 3994 meruerunt.
2848 3936 3059 3994 Invenit
3084 3939 3356 4010 religionis
3388 3942 3546 3998 ﬁdem

1955 4034 2241 4105 religiosus
2270 4032 2522 4099 an'ectus;
2563 4046 2663 4088 nec
2689 4031 2910 4087 dubium
2951 4042 3031 4087 est
3070 4033 3181 4089 Deo
3209 4046 3428 4090 auctore
3457 4037 3545 4091 dc-

1959 4128 2167 4184 Ilnitum
2209 4126 2355 4198 quod
2386 4127 2453 4182 de
2484 4125 2767 4195 majestate
2794 4126 3156 4197 quaerebatur.
3191 4128 3423 4202 Explosa
3453 4132 3546 4201 igi-

1963 4236 2051 4283 tur
2073 4222 2422 4280 contentione
2449 4229 2611 4292 atque
2641 4220 2909 4276 discordia
2939 4236 3097 4290 quam
3134 4221 3270 4275 livor
3304 4221 3430 4278 ﬁdei
3460 4224 3549 4281 inid

1965 4317 2138 4375 micus
2155 4315 2450 4389 obiecerat,
2470 4316 2634 4370 Deum
2659 4328 2849 4370 omnes
2872 4328 2979 4368 una
3002 4323 3182 4370 mente
3197 4326 3550 4385 cognoscunt.

1967 4410 2085 4467 Jam
2113 4424 2223 4466 non
2272 4407 2585 4465 incusamus
2610 4404 2637 4445 ιι
2660 4406 2929 4478 perﬁdos,
2960 4421 3060 4464 nec
3106 4422 3294 4465 sumus
3338 4408 3551 4481 ingrati.

340 4623 383 4691 a_
403 4612 704 4691 Alia_s_p_ost
736 4612 827 4691 7'l_.
858 4613 991 4682 Quae
1019 4624 1201 4691 autem
1238 4620 1357 4672 erat
1384 4614 1521 4685 100,
1560 4631 1702 4672 nunc
1728 4617 1856 4676 127.
1882 4621 1937 4683 D
1962 4620 2106 4691 quod
2136 4618 2357 4676 Gmcus
2386 4626 2595 4683 textus,
2624 4628 2784 4691 quem
2814 4611 3191 4691 subjiciemus,
3217 4621 3300 4669 est
3327 4618 3557 4691 nonnul-

256 4686 479 4756 Scripta
508 4688 575 4741 18
606 4685 858 4740 Decemb.
887 4701 978 4739 an.
1017 4687 1144 4743 451.

341 4756 372 4795 b
412 4760 562 4812 lianc
595 4757 880 4827 epistolam
909 4757 1079 4813 edidit
1109 4759 1416 4816 Holstenius
1448 4760 1501 4815 in
1540 4760 1862 4816 collectione

260 4829 519 4885 Romana
553 4844 621 4883 ex
650 4843 751 4883 ms.
784 4828 1077 4883 Barberino
1109 4832 1253 4887 3386
1280 4832 1495 4887 collect.
1526 4832 1592 4887 16
1629 4832 1862 4888 Thessa-

261 4899 594 4963 lonicensis,
625 4914 747 4953 cum
778 4915 886 4970 quo
909 4902 1151 4955 eamdem
1178 4904 1489 4971 relegimus.
1513 4902 1737 4958 Latinus
1767 4906 1865 4957 ltu-

256 4970 633 5042 jusepistnlaa
657 4979 833 5042 texms
854 4972 1130 5040 originalis
1150 4970 1362 5028 videtur
1384 4974 1733 5029 Tillemontio
1754 4986 1860 5029 art.

260 5040 404 5105 ³155,
426 5040 491 5095 in
520 5041 719 5096 Leonis
742 5041 885 5114 Vita.
909 5042 1083 5097 Verba
1112 5045 1326 5114 quidem
1350 5058 1476 5100 ante
1502 5047 1665 5102 linem
1690 5056 1738 5101 et
1760 5048 1867 5100 alia

256 5130 438 5187 manu
466 5121 781 5187 sequentem
812 5112 1150 5187 saluuitimtis
1183 5117 1468 5171 formulam
1492 5118 1605 5187 ipsa
1637 5122 1867 5187 impera-

259 5183 415 5239 toris
452 5200 613 5239 manu
649 5185 883 5239 additam
925 5186 1174 5240 videntur
1218 5189 1463 5244 innuere.
1501 5183 1649 5243 lianc
1688 5183 1868 5244 autem

257 5254 575 5329 formulam
593 5256 781 5329 Latine
805 5270 1115 5329 expressam
1150 5258 1313 5313 fuisse
1349 5275 1415 5314 ex
1458 5276 1524 5314 eo
1551 5261 1727 5329 colligi
1772 5276 1870 5327 po‘

260 5336 411 5400 Last,
434 5326 711 5400 quodnon
742 5328 812 5381 ita
834 5328 1045 5382 dicatur
1063 5330 1263 5400 scripta
1286 5330 1499 5399 Graece,
1526 5342 1584 5384 ut
1606 5331 1661 5385 in
1683 5326 1870 5385 eadem

255 5396 754 5454 Thessaloiiicensi
800 5400 1120 5454 collectione
1173 5396 1493 5457 afﬁrmatur
1521 5402 1590 5457 de
1638 5402 1875 5457 subscri-

312 5472 471 5523 tione
513 5469 745 5523 Anatolii
781 5468 1017 5538 subjecta
1055 5472 1299 5538 epistola:
1332 5474 1463 5537 I52;
1509 5489 1631 5529 nam
1672 5473 1742 5528 de
1772 5472 1874 5529 hac

285 5541 514 5611 agitur:
541 5538 608 5593 Et
630 5542 940 5609 subscriptio
980 5544 1159 5596 litteris
1194 5542 1412 5601 ercis.
1447 5545 1506 5601 Si
1548 5558 1676 5600 vero
1708 5546 1881 5613 impe-

252 5614 489 5669 ratoris
510 5614 761 5667 salutatio
782 5615 834 5668 in
857 5613 1104 5681 originali
1132 5613 1322 5670 Latine
1343 5625 1562 5671 exarata
1588 5616 1706 5682 fuit,
1736 5618 1877 5671 idem

251 5682 352 5740 de
394 5683 507 5749 ipsa
550 5684 779 5757 epistola
830 5686 1157 5757 censendum
1196 5697 1299 5741 est.
1335 5686 1453 5757 Ipsa
1494 5689 1656 5743 etiam
1688 5688 1877 5743 Latina

248 5762 532 5826 syntaxis
555 5755 692 5829 satis
723 5766 956 5829 congrua
975 5797 990 5821 ,
1022 5756 1089 5829 ali
1116 5758 1307 5813 usitata
1338 5755 1459 5829 ejus
1502 5758 1760 5829 temporis
1789 5760 1874 5813 in-

252 5828 619 5907 terpretandi
659 5828 866 5907 ratione
886 5869 901 5896 ,
928 5843 1048 5907 qua:
1076 5828 1129 5884 in
1154 5830 1283 5907 aliis
1312 5828 1658 5907 documentis
1687 5830 1875 5907 Latine

256 5896 519 5961 redditis
550 5900 851 5972 detegitur,
896 5896 1187 5969 plurimum
1237 5903 1409 5961 abest.
1464 5902 1619 5960 Adde
1654 5903 1871 5961 tandem

576 5991 849 6057 ΡΑτιιοι..
895 5992 1053 6055 LIV.

1970 4687 2062 4748 Iibi
2085 4693 2405 4760 quibusdam
2430 4688 2793 4744 commatibus
2814 4687 3044 4760 auctior,
3068 4693 3408 4760 caretautem
3427 4688 3557 4756 illis,

1970 4773 2016 4819 et
2045 4757 2154 4817 alia
2183 4778 2375 4826 manu;
2404 4776 2466 4815 ac
2492 4767 2779 4830 propterea
2811 4764 2987 4830 textus
3032 4758 3260 4830 Latinus
3280 4774 3345 4812 ex
3369 4757 3563 4815 Graeco

1970 4836 2216 4891 redditus
2237 4834 2344 4888 dici
2377 4826 2745 4901 nequit.'Nutn
2773 4844 2904 4884 vero
2932 4826 3122 4882 Latine
3147 4838 3202 4901 et
3225 4829 3415 4886 Graece
3438 4834 3563 4886 scri-

1971 4916 2061 4976 pta
2111 4905 2269 4959 fuerit
2309 4898 2721 4976 hzecgepistola,
2748 4902 2825 4955 uti
2874 4916 2980 4953 non
3024 4912 3130 4953 tam
3184 4898 3562 4976 Latinequam

1975 4971 2162 5032 Graece
2192 4978 2391 5045 scripta
2428 4974 2594 5029 fuisse
2614 4971 2837 5045 videtur
2864 4981 3162 5045 memorata
3188 4974 3420 5045 Anatolii
3454 4976 3566 5043 epi.

1975 5050 2109 5103 stola
2144 5046 2281 5109 152,
2305 5041 2433 5101 aliis
2480 5043 2882 5113 dijudicandum
2917 5041 3288 5112 relinquimus.
3319 5041 3568 5098 Comitia-

1981 5130 2091 5175 tum
2124 5119 2338 5187 quidem
2370 5117 2659 5187 discrimen
2690 5113 2942 5187 Graecum
2970 5128 3183 5183 quoque
3219 5121 3423 5187 textum
3456 5116 3568 5169 ori-
3634 5152 3641 5165 κ

1981 5182 2215 5258 ginalem
2239 5187 2515 5243 insinuare
2534 5185 2766 5240 videtur.
2783 5182 3111 5258 Marcianum
3139 5198 3273 5258 s_a_ne_
3292 5182 3569 5258 utriusque

1982 5253 2177 5332 linguae
2202 5260 2458 5332 peritum,
2486 5266 2672 5332 notum
2700 5263 2785 5332 e.-_t
2804 5271 2867 5309 ex
2890 5254 3119 5332 concilio
3146 5253 3569 5332 Chalcedonensi
3608 5274 3615 5283 ’

1984 5325 2090 5387 ³6ῑῖ
2125 5336 2175 5395 6,
2205 5325 2265 5384 in
2294 5346 2397 5398 qua
2433 5330 2619 5383 Latine
2651 5336 2706 5382 et
2734 5325 2924 5381 Graece
2948 5326 3495 5398 fallocutusitraditur.

2061 5414 2083 5441 ε
2116 5403 2172 5457 In
2202 5396 2388 5457 codice
2417 5400 2575 5455 Barb.
2604 5408 2661 5454 et
2688 5397 2827 5467 apud
2864 5397 3197 5467 Holstenium
3225 5397 3341 5451 hare
3367 5396 3570 5453 addun-

1987 5484 2093 5540 tur,
2127 5489 2245 5541 quae
2273 5473 2525 5543 synopsis
2544 5465 2962 5543 vicem'gerunt:
2996 5465 3065 5521 Ut
3088 5469 3364 5543 spei-aperit
3390 5468 3573 5543 Eccle-

1989 5538 2670 5613 siaCbnstantinopolitana
2710 5538 2988 5595 secundam
3009 5538 3181 5594 sedem
3221 5540 3336 5608 ﬁeri
3363 5540 3571 5608 debere,

1986 5616 2260 5688 quodnon
2286 5624 2357 5670 est
2389 5630 2704 5669 concessum.

2058 5684 2086 5725 ά
2117 5686 2314 5754 Voces,
2342 5688 2588 5761 perﬁdos,
2617 5699 2706 5739 nec
2735 5700 2907 5761 sanius
2930 5724 2945 5748 ,
2968 5698 3087 5754 qua:
3117 5681 3397 5761 Holstenio
3428 5684 3577 5761 exci-

1984 5759 2201 5827 derunt,
2230 5767 2286 5812 et
2324 5754 2506 5818 sensui
2539 5756 2856 5814 necessariae
2886 5766 3041 5823 sunt,
3076 5772 3141 5813 ex
3172 5754 3363 5814 eodem
3392 5757 3580 5814 codice

1981 5831 2368 5902 supplevimus.
2922 5898 2994 5963 31
3364 5843 3385 5867 δ

1952 5998 2019 6009 ρος-ιη

1996 6048 2095 6074 "5-,,
