4014 6358
265 452 371 517 973

1703 458 2030 518 EPISTOLA
2069 460 2126 517 C.

3446 468 3547 527 οτι

267 576 435 648 igitur
475 576 735 631 sanctitas
764 585 851 631 tua
886 591 1049 647 super
1080 576 1304 631 victoria
1341 577 1555 651 1118
1584 575 1729 645 lidei,
1757 592 1839 632 cu-

1956 580 2127 655 ἁργία.
2153 579 2380 654 Χαιρέτω
2408 581 2573 634 τοίνυν
2602 581 2632 641 ἡ
2663 583 2729 639 σή
2758 578 3014 653 ἁγιωσύνη
3062 583 3148 636 ὲπί
3199 592 3259 653 τῇ
3308 586 3414 658 νίκῃ
3453 593 3548 649 τῆς

264 670 346 741 jus
373 684 576 723 corona
611 668 965 735 omnipotenti
994 667 1213 724 Christo
1240 670 1547 737 referenda;
1596 670 1681 724 hic
1708 671 1853 725 enim

263 765 412 819 dedit
470 771 655 818 contra
701 762 947 817 inlideles
988 765 1289 818 victoriam.
1336 762 1401 817 Et
1443 763 1564 817 ideo
1608 778 1707 819 nos
1752 764 1854 834 ipsi

261 858 459 912 adesse
491 864 695 910 sancta:
725 856 935 928 synodo
966 854 1369 921 festinavimtts,
1403 872 1725 928 quamquam
1758 872 1855 913 nos

259 951 313 1005 in
344 950 471 1005 aliis
508 949 643 1005 locis
679 960 733 1006 et
765 949 1135 1022 expeditiones
1164 958 1219 1007 et
1242 950 1475 1024 publica:
1506 954 1854 1013 necessitates

259 1042 593 1099 detinerent.

329 1134 459 1189 Car.
488 1134 550 1189 ll.
574 1134 809 1206 —-Ergo
842 1137 1025 1192 omnia
1064 1138 1367 1195 secundum
1397 1149 1520 1195 vota
1550 1140 1854 1196 sanctitatis

260 1237 387 1297 tum,
415 1244 542 1300 qua:
574 1230 697 1285 ﬁdei
720 1241 1043 1299 consonant,
1073 1232 1291 1289 definita
1319 1246 1465 1303 sunt,
1493 1237 1656 1289 totius
1682 1236 1851 1305 orbis,

255 1323 345 1391 qui
374 1322 478 1377 sub
506 1331 695 1379 nostro
724 1324 952 1394 imperio
979 1334 1082 1390 est.
1117 1328 1371 1396 piissimis
1401 1328 1668 1399 episcopis
1693 1329 1855 1385 Chal-

259 1418 466 1472 cedone
487 1421 819 1489 convocatis,
848 1430 902 1474 et
928 1421 1323 1479 deliberatione
1347 1424 1546 1487 habita,
1574 1434 1693 1493 post
1720 1425 1854 1478 mnl-

257 1518 340 1563 tas
369 1511 748 1565 contentiones
779 1527 903 1566 vera
932 1512 1066 1567 ﬂdes
1095 1516 1347 1583 obtinuit,
1388 1524 1441 1570 et
1467 1516 1617 1586 juxta
1647 1516 1855 1572 litteras

258 1604 564 1658 sanctitatis
594 1615 697 1658 tua:
728 1621 915 1661 omnes
945 1619 1296 1663 assenserunt
1323 1610 1671 1679 expositioni,
1714 1608 1855 1665 sicut

262 1695 471 1749 veritas
495 1698 823 1764 postulavit;
848 1696 1089 1767 nihilque
1111 1700 1433 1769 ambigimus
1454 1700 1612 1771 hujus
1636 1701 1713 1755 rei
1733 1716 1855 1771 gra-

255 1789 382 1842 liant
414 1791 571 1845 nohis
598 1801 652 1845 et
689 1794 959 1849 sanctitati
991 1804 1095 1850 tuae
1137 1811 1478 1851 communem
1525 1812 1670 1866 esse,
1697 1809 1751 1851 et
1784 1813 1852 1854 ex

256 1897 414 1952 aquo
443 1884 614 1938 ltetari
639 1900 773 1954 quos
806 1886 981 1957 palam
1015 1898 1097 1941 est
1123 1889 1314 1957 arquali
1340 1889 1519 1944 studio
1551 1904 1731 1944 amare
1757 1905 1853 1945 vc-

252 1977 499 2031 ritatem.
548 1979 810 2047 Superest
853 1990 910 2035 ut
957 1983 1207 2037 omnibus
1233 1983 1381 2053 juxta
1425 1984 1747 2039 catholicam
1793 1983 1853 2037 li-

252 2068 374 2123 dem
407 2082 466 2124 et
492 2070 777 2126 veritatem
802 2074 1139 2143 compositis,
1164 2088 1215 2129 et
1244 2092 1372 2144 pace
1404 2076 1658 2131 Ecclesiis
1684 2077 1848 2131 resti-

250 2170 392 2229 tuta,
424 2166 565 2217 votis
606 2165 846 2218 omnium
884 2166 936 2220 in
970 2167 1259 2233 perniciem
1306 2168 1541 2223 hostium
1587 2169 1850 2225 sanctitas

251 2263 343 2310 tua
387 2255 629 2311 divinam
673 2270 929 2328 provocet
973 2260 1307 2329 potentiam:
1343 2263 1487 2333 quod
1536 2270 1592 2319 te
1637 2271 1693 2320 et
1723 2274 1851 2320 ante

250 2359 466 2403 nostras
500 2350 707 2407 litteras
744 2352 925 2409 facere
956 2353 1009 2407 in
1040 2356 1292 2409 confesso
1322 2365 1423 2410 est.

316 2443 452 2500 CAP.
484 2445 571 2504 lli.
603 2477 673 2488 —
698 2448 962 2515 Quoniam
986 2465 1116 2504 vero
1142 2459 1197 2504 ct
1235 2451 1337 2506 hoc
1360 2450 1709 2507 constitutum
1739 2461 1841 2519 est,

247 2545 389 2591 utea
418 2556 541 2609 quae
572 2556 599 2593 a
628 2551 839 2595 centum
870 2542 1255 2613 quinquaginta
1286 2544 1557 2613 episcopis
1588 2544 1687 2599 sub
1707 2543 1846 2600 divae

246 2633 532 2687 memoriae
561 2632 764 2703 Majure
790 2634 1100 2690 Theodosio
1134 2636 1359 2691 honoris
1399 2638 1573 2708 gratia
1604 2653 1728 2709 erga
1755 2654 1848 2693 ve-

244 2725 545 2780 nerabilem
596 2727 1245 2799 Constantinopolitanam
1297 2729 1598 2787 Ecclesiam
1641 2740 1844 2791 statuta

244 2828 390 2886 sunt,
426 2833 658 2889 qumque
702 2836 845 2877 nunc
886 2838 915 2876 a
966 2832 1150 2876 Sancta
1199 2820 1410 2894 synodo
1439 2821 1507 2877 de
1546 2822 1735 2879 eadem
1782 2840 1844 2881 re

243 2924 365 2966 sunt
394 2914 627 2975 sancita,
672 2914 825 2969 llrma
866 2927 1171 2982 serventur,
1202 2917 1455 2971 videlicet
1478 2927 1533 2971 ut
1564 2929 1685 2987 post
1711 2934 1843 2989 apo-

242 3004 494 3058 stolicam
525 3006 709 3060 sedem
739 3006 1374 3079 Constantinopolitanus
1410 3008 1589 3064 statim
1631 3012 1841 3081 episco-

241 3109 335 3165 pus
359 3097 667 3151 secundum
702 3100 895 3153 habeat
921 3100 1118 3159 locum.
1157 3100 1368 3173 1120
1387 3101 1635 3168 quoniam
1658 3103 1839 3169 Splen-

242 3188 527 3243 didissima
576 3191 704 3244 urbs
746 3190 927 3261 junior
970 3190 1137 3246 Roma
1188 3193 1532 3262 appellatur,
1583 3194 1841 3265 dignetur

239 3286 503 3338 sanctitas
528 3294 617 3339 tua
652 3285 811 3339 etiam
842 3286 963 3342 huic
1002 3288 1135 3356 parti
1167 3305 1443 3344 assensum
1472 3292 1742 3359 prahere;
1770 3293 1836 3347 li-

2212 672 2436 733 πίστεως
2466 672 2479 702 ¹
2512 668 2709 733 οὗτινος
2732 673 2756 727 ό
2780 674 3021 747 στέφανος
3051 683 3124 748 τῷ
3161 681 3547 755 παντοκράτορι

1960 770 2167 839 χριστῷ
2198 764 2483 825 ἀναθετέος·
2518 761 2685 825 Οὗτος
2718 766 2816 841 γὰρ
2860 763 3041 821 δέδωκε
3074 767 3094 796 ⁸
3123 770 3254 823 κατὰ
3288 776 3390 824 τῶν
3424 771 3547 825 duri.-

1956 878 2092 912 στων
2130 858 2283 916 νίκην⁶
2318 860 2400 913 καί
2432 855 2516 913 διὰ
2542 864 2694 914 τοῦτο
2718 860 2869 930 ἡμεῖς
2908 860 3055 917 αὐτοί
3083 864 3458 937 παραγενέσθαι
3485 872 3548 934 τῇ

1956 949 2080 1026 ἁγίᾳ
2106 948 2305 1023 συνόδῳ
2332 948 2352 983 ³
2376 952 2717 1025 ὐπείχθημεν.
2747 953 2789 1008 εἰ
2818 953 2898 1009 καί
2931 949 3011 1011 ὅτι
3040 954 3174 1023 ἡμᾶς
3201 955 3250 1011 ἕν
3275 952 3445 1017 ἄλλοις
3473 957 3549 1012 τό·

1956 1064 2074 1104 ποις
2095 1044 2419 1120 έκστρατεῖαι
2445 1064 2500 1100 τε
2530 1046 2609 1099 καί
2637 1042 2880 1117 δημοσίαι
2919 1052 3097 1119 χρεῖαι
3138 1053 3385 1117 κατεῖχον
3434 1059 3531 1103 Τοιι

1955 1143 2146 1215 γαροῦν
2173 1135 2379 1193 ἅπαντα
2416 1134 2525 1191 κατ’
2563 1138 2730 1209 εὐχὰς
2771 1143 2861 1196 τῆς
2896 1144 2991 1197 σῆς
3027 1136 3331 1211 ἁγιωσύνης,
3366 1140 3534 1195 αἵτινει

1956 1238 2020 1305 τῇ
2050 1232 2222 1287 πίστει
2249 1237 2597 1303 συμφωνοῦσι,
2628 1229 2650 1261 ⁸
2677 1227 2991 1287 τετῦπωται.
3016 1234 3206 1294 Παντὸς
3231 1239 3323 1287 τοῦ
3345 1234 3545 1307 κόσμου

1956 1328 2047 1378 τοῦ
2072 1319 2213 1385 ὄντος
2234 1323 2336 1378 ὑπὸ
2366 1328 2456 1383 τήν
2475 1324 2721 1401 ἡμετέραν
2745 1322 3007 1399 βασιλείαν
3028 1331 3129 1380 τῶν
3159 1324 3546 1381 εὐλαϐεστοίτων

1958 1415 2249 1471 ἐπισκόπων
2274 1418 2324 1470 ἐν
2370 1424 2433 1493 τῇ
2472 1414 2815 1489 χαλκηδονίων
2851 1415 3250 1489 συγκληθέντων,
3280 1420 3363 1474 καί
3393 1420 3547 1490 σκίμ-

1958 1528 2113 1578 ματος
2141 1508 2425 1581 γενομένου,
2456 1509 2589 1582 μετά
2626 1508 2815 1569 πολλὰς
2859 1509 3151 1581 φιλονεικίας
3180 1512 3211 1569 ἡ
3249 1510 3429 1575 ἀληθής
3463 1514 3547 1567 πί·

1958 1622 2072 1664 στις
2102 1604 2352 1673 κατέσχε,
2381 1604 2465 1655 καί
2492 1602 2625 1657 κατᾶ
2648 1602 2713 1655 τὰ
2731 1604 3011 1676 γράμματα
3030 1610 3121 1661 τῆς
3143 1610 3238 1666 σῆς
3259 1602 3547 1677 ἁγιωσύνης

1958 1695 2141 1755 πάντες
2172 1698 2453 1771 συνῄνεσαν
2473 1702 2536 1770 τῇ
2563 1694 2777 1759 ἐκθέσει,
2810 1697 2973 1755 καθὼς
3004 1696 3035 1755 ἦ
3064 1695 3269 1755 ἀλήθεια
3290 1697 3547 1769 ἀπῄτησν

1959 1789 2042 1840 καί
2088 1783 2231 1841 οὐδέν
2278 1786 2652 1860 ἀμφιϐάλλομεν
2699 1791 2887 1843 τούτου
2931 1793 3024 1843 τοῦ
3068 1787 3088 1818 ⁵
3122 1790 3424 1865 πράγματος
3462 1796 3549 1849 τήν

1960 1880 2115 1954 χάριν
2157 1880 2274 1951 ἡμῖν
2314 1882 2401 1934 καί
2436 1888 2498 1956 τῇ
2537 1886 2605 1959 σῇ
2657 1877 2915 1954 ἁγιωσύνῃ
2958 1884 3120 1939 κοινὴν
3160 1875 3308 1944 εἶναι,
3348 1884 3433 1937 καί
3471 1880 3549 1936 ἐπ’

1884 1985 1931 2045 Β
1955 1967 2073 2031 ἴσης
2104 1972 2325 2047 χαίρειν,
2366 1969 2605 2032 οὕστινας
2641 1971 2849 2051 φανερόν
2883 1974 3019 2027 ἐστιν
3063 1971 3249 2043 ὁμοίως
3278 1972 3298 2003 ⁶
3320 1975 3550 2049 εἰρῆσθαι

2968 2062 2989 2094 ⁷
3013 2066 3147 2119 κατά
3174 2069 3263 2123 τήν
3294 2065 3549 2125 καθολικὴν

1954 2068 2045 2123 τήν
2075 2064 2322 2122 ἀλήθειαν.
2363 2065 2538 2120 Λείπει
2566 2060 2706 2125 ὅπως
2745 2066 2943 2119 πάντων

1954 2161 2130 2213 πίστιν
2156 2161 2239 2213 καί
2266 2163 2355 2217 τήν
2402 2159 2625 2219 ἀλήθειαν
2672 2159 3028 2222 συντεθέντων,
3075 2160 3163 2214 καί
3197 2162 3395 2235 εἰρήνης
3435 2168 3549 2221 ταῖς

1956 2250 2241 2311 ἐκκλησίαις
2269 2249 2622 2321 ἀποδοθείσης,
2658 2253 2963 2325 συμπάσαις
2986 2253 3171 2323 εὐχαῖς
3199 2254 3270 2314 εἰς
3298 2253 3550 2309 ἀπώλειαν

1953 2352 2053 2400 τῶν
2079 2346 2331 2416 πολεμίων
2364 2348 2395 2406 ἦ
2434 2352 2499 2407 σὴ
2542 2346 2801 2422 ἁγιωσύνη
2840 2352 2930 2407 τὴν
2972 2348 3107 2402 θείαν
3136 2348 3551 2422 προσκαλέσηται

1953 2437 2184 2513 δύναμιν·
2228 2437 2354 2518 ὅπερ
2385 2443 2443 2497 σέ
2473 2445 2559 2497 καί
2587 2441 2687 2517 πρό
2723 2448 2823 2499 τῶν
2852 2442 3106 2521 ἡμετέρων
3128 2443 3149 2473 ⁸
3180 2451 3340 2499 ποιεῖν
3366 2443 3552 2516 ὡμολό·

1951 2553 2125 2605 γηται.
2157 2529 2354 2591 Ἔπειδὴ
2398 2530 2451 2587 δὲ
2492 2536 2572 2588 καί
2611 2540 2765 2590 τοῦτο
2804 2530 3117 2591 τετῦπωται.
3153 2535 3284 2589 ὥστε
3312 2537 3378 2590 τὰ
3406 2536 3551 2609 παρὰ

1950 2637 2050 2685 τῶν
2076 2633 2149 2707 ρν’
2183 2629 2475 2686 ἓπισκόπων
2503 2630 2587 2683 ἐπί
2611 2633 2704 2683 τοῦ
2742 2635 2833 2687 τῆς
2871 2627 3007 2689 θείας
3034 2627 3216 2694 λέξεως
3250 2628 3271 2660 ⁹
3298 2634 3389 2682 τοῦ
3420 2630 3549 2681 ἀνωο

1950 2728 2098 2805 τέρου
2128 2726 2388 2783 θεοδοσίου
2418 2733 2509 2786 τῆς
2546 2729 2697 2798 τιμῆς
2736 2724 2881 2780 ἕνεκα
2918 2729 3010 2784 τῆς
3056 2726 3261 2784 σεπτῆς
3283 2723 3550 2785 ἐκκλησίας

1949 2827 2051 2878 τῶν
2104 2817 2699 2877 κωνσταντινουπολιτῶν
2753 2815 3065 2886 τυπωθέντα,
3122 2819 3205 2871 καί
3257 2814 3406 2872 ἅτινα
3462 2824 3549 2871 νῦν

1952 2912 2059 2970 ὑπὸ
2086 2921 2177 2976 τῆς
2199 2913 2349 2985 ἁγίας
2377 2909 2590 2967 συνόδου
2614 2911 2734 2991 περί
2760 2915 2851 2966 τοῦ
2883 2910 3039 2964 αὐτοῦ
3070 2910 3372 2990 πράγματος
3400 2913 3549 2966 τετύ-

1949 3032 2139 3072 πωται,
2157 3007 2341 3082 βέϐαια
2366 3006 2703 3083 φυλαχθῆναι,
2728 3000 3034 3067 δηλαδή.ἷνα
3053 3005 3184 3078 μετὰ
3212 3004 3294 3059 τόν
3321 3005 3549 3060 inoo-10¢

1948 3101 2085 3157 λικόν
2118 3102 2289 3177 θρόνον
2326 3098 2351 3153 ό
2379 3106 2470 3159 τῆς
2500 3096 3095 3155 Κωνσταντινουπολιτῶν
3134 3096 3311 3156 εὐθέως
3343 3097 3549 3152 ἐπίσκο-

1949 3214 2047 3254 πος
2077 3192 2309 3269 δεύτερον
2332 3189 2373 3222 ¹⁹
2403 3188 2529 3265 ἴχοι
2838 3188 3008 3251 τόπον.
3041 3186 3213 3249 ἐπειδὴ
3242 3210 3545 3264 περιφανεσα

1946 3288 2080 3346 τάτη
2110 3286 2253 3346 πόλις
2299 3286 2517 3360 νεωτέρα
2543 3280 2707 3354 Ῥώμη
2736 3283 3146 3360 προαγορεύεται
3177 3282 3215 3314 ¹¹
3250 3285 3548 3348 καταξιὼσει

238 3386 319 3428 eet
344 3377 792 3431 reverendissitni
825 3380 1088 3448 episcotti,
1114 3385 1202 3449 qui
1232 3381 1350 3435 loco
1374 3391 1477 3435 tua:
1502 3383 1552 3435 in
1578 3384 1689 3437 Deo
1713 3384 1839 3438 cha-

1954 3381 1985 3437 ἡ
2014 3384 2078 3438 σὴ
2111 3377 2367 3449 ἁγιωσύνῃ
2400 3380 2480 3431 καί
2508 3378 2672 3447 τούτῳ
2702 3382 2775 3439 τῶ
2808 3377 2950 3452 μέρει
2979 3375 3289 3430 συναινέσαι·
3324 3378 3368 3429 εί
3397 3379 3483 3429 καὶ
3503 3374 3548 3431 οί

238 3468 416 3522 ritatis
434 3468 502 3521 ad
527 3479 767 3524 sanctam
795 3474 1059 3542 synodum
1086 3484 1479 3539 convenerunt,
1500 3478 1837 3532 contradixe-

239 3560 388 3615 rint:
432 3560 913 3618 vehementissime
952 3565 1094 3618 enim
1140 3566 1497 3634 prohibebant
1537 3569 1603 3622 de
1641 3569 1834 3623 eadem

238 3655 537 3710 venerabili
592 3656 831 3712 Ecclesia
875 3658 1164 3729 quidquam
1226 3660 1279 3715 in
1337 3662 1543 3730 synodo
1590 3663 1828 3719 decerni.

237 3746 537 3814 Speramus
586 3758 760 3802 autem
806 3752 949 3819 quod
992 3752 1452 3808 consentientibus
1493 3756 1655 3809 tetius
1685 3756 1833 3811 orbis

237 3840 635 3907 sacerdotibus,
670 3858 789 3912 quae
819 3842 1077 3897 Romanis
1106 3846 1266 3900 rebus
1288 3846 1440 3900 utilia
1469 3858 1611 3913 sunt,
1646 3847 1832 3905 divina

237 3931 581 3998 providentia
639 3946 895 4002 praestare
951 3936 1285 4006 dignabitur.
1340 3939 1681 4009 Quapropter
1735 3956 1835 4010 per

232 4021 533 4080 Lucianum
569 4026 658 4082 Dei
687 4029 1116 4085 amantissimum
1144 4034 1455 4101 episcopum
1487 4041 1543 4087 et
1574 4032 1829 4088 Basiliam

230 4115 522 4171 diaconum
550 4126 608 4171 ut
633 4121 810 4174 omnia
841 4122 991 4175 vobis
1012 4122 1446 4192 signiﬁcarentur
1466 4125 1827 4191 decrevimus,

226 4227 600 4284 rogamustue
622 4225 679 4268 ut
702 4231 822 4285 quae
844 4232 876 4271 a
904 4227 1088 4272 sancta
1118 4217 1326 4289 synodo
1359 4219 1650 4273 constituta
1676 4228 1823 4287 sunt,

225 4306 400 4361 etiam
444 4314 537 4361 tua
584 4307 634 4361 in
669 4308 835 4363 Deum
886 4310 1056 4379 pietas
1086 4312 1136 4366 in
1181 4321 1497 4380 perpetuum
1547 4312 1829 4369 observari

221 4397 540 4468 praecipiat.
576 4400 758 4455 Divina
793 4412 846 4456 te
874 4404 1210 4473 providentia
1255 4415 1436 4460 servet
1466 4406 1649 4460 multis
1688 4415 1835 4462 tem-

218 4494 478 4563 poribus,
510 4498 853 4551 sanctissime
880 4507 934 4553 et
959 4498 1051 4555 Dei
1082 4502 1455 4555 amantissime
1488 4509 1658 4569 pater.
1687 4500 1829 4557 Data

216 4596 351 4644 ante
397 4587 545 4643 diem
587 4588 857 4646 decimum
886 4596 1129 4662 quintum
1170 4592 1387 4650 kalend.
1422 4594 1644 4651 Januar.
1682 4592 1833 4652 Cen-

214 4682 603 4750 stantinOpoli,
637 4686 921 4738 consulatu
952 4685 1158 4741 domini
1186 4689 1353 4742 nostri
1385 4688 1645 4744 Marciani
1668 4702 1828 4746 sem-

212 4786 315 4841 per
343 4772 603 4845 Augusti,
636 4783 690 4832 et
718 4776 835 4849 ejus
863 4778 954 4850 qui
984 4778 1147 4838 luerit
1176 4780 1470 4838 nuntiatus.

274 5268 288 5298 ί
328 5265 416 5319 Ita
444 5267 605 5320 etiam
640 5282 740 5320 ms.
776 5264 922 5331 Vat.,
953 5266 1045 5320 sed
1080 5266 1365 5335 legendum
1388 5263 1449 5327 ἧς
1475 5286 1635 5327 τινος.

273 5341 295 5371 ⁸
335 5337 680 5418 l_ta_legimus
709 5353 829 5393 cum
861 5354 960 5391 ms.
991 5337 1109 5392 Vat.
1145 5340 1278 5393 Male
1313 5338 1367 5390 in
1396 5339 1652 5405 vulgatis,
1677 5337 1823 5418 ποιρά

198 5431 301 5464 τω
336 5429 607 5463 απιστων.

272 5480 295 5513 ³
332 5482 419 5555 lla
447 5490 506 5533 et
539 5494 638 5555 ms.
673 5480 817 5541 Vat..
851 5481 952 5555 sed,
974 5479 1254 5549 legendum
1286 5482 1610 5555 ἠπείχθημεν
1632 5480 1823 5555 :quod

194 5567 308 5607 non
346 5552 706 5605 admonuisse
754 5553 1073 5618 Arnoldum,
1120 5568 1294 5624 neque
1326 5552 1449 5623 post
1495 5552 1621 5610 eum
1648 5554 1823 5620 Ques—

194 5625 445 5684 nellum.
484 5626 760 5678 miramur.

266 5694 291 5726 δ
322 5697 407 5749 Ita
430 5694 713 5748 manifeste
732 5710 829 5747 ms.
855 5694 976 5749 Vat.
1006 5696 1143 5751 Male
1166 5697 1217 5751 in
1242 5698 1817 5764 vulgatis,nrdrr¢9«t;

191 5781 548 5857 qpamquam
590 5766 643 5820 in
686 5768 929 5837 margine
965 5779 1283 5825 annotatum
1316 5770 1519 5825 fuerit:
1548 5770 1704 5841 Leg.,
1736 5792 1823 5826 τε·

189 5860 477 5897 τυπωται.

264 5912 290 5942 ⁸
320 5909 409 5991 Ita
449 5909 733 5991 perspicue
772 5910 905 5991 cod._
933 5910 1050 5991 \‘a_t_.
1086 5913 1142 5967 In
1176 5914 1345 5991 vuig”
1378 5916 1717 5991 γράμματοςς
1759 5914 1811 5971 in

186 5980 465 6043 margine
494 5990 804 6036 annotatum
837 5982 932 6037 fuit
961 6001 970 6035 :
1000 5983 1179 6051 Forte,
1215 5980 1533 6056 πράγματος-ξ

1945 3471 2317 3525 εὐλαϐέστατοι
2347 3471 2617 3524 ἐπίσκοποι
2654 3468 2725 3527 εἰς
2751 3466 2903 3521 τόπον
2936 3483 3028 3528 τῆς
3058 3475 3153 3527 σῆς
3193 3467 3466 3539 θεοφιλείας
3496 3470 3547 3522 έν

1945 3572 2013 3642 τῇ
2042 3562 2163 3640 ἁγίᾳ
2199 3559 2393 3632 συνόδῳ
2425 3558 2744 3619 συνελθόντες
2782 3560 3039 3614 ἀντεῖπον·
3084 3556 3408 3633 σφοδρότατα
3448 3562 3547 3638 γὰρ

1944 3657 2162 3712 ἐκώλυον
2200 3658 2319 3730 περὶ
2357 3664 2447 3714 τῆς
2472 3655 2627 3714 αὐτῆς
2657 3658 2849 3712 σεπτῆς
2885 3651 3151 3711 ἐκκλησίας
3177 3652 3469 3712 τυπωθῆναί
3495 3673 3546 3707 τι

1948 3752 1997 3805 ἐν
2116 3749 2331 3820 συνόδῳ.
2364 3748 2655 3819 Ἐλπίζομεν
2702 3743 2754 3800 δέ
2786 3746 2853 3804 ὡς
2890 3746 3291 3819 συμφωνούντων
3318 3752 3418 3800 τῶν
3454 3750 3545 3801 τοῦ

1947 3847 2141 3904 παντὸς
2171 3843 2365 3914 κόσμου
2400 3840 2567 3918 ίερὲων
2603 3840 2669 3893 τὰ
2710 3847 2815 3899 τοῖς
2855 3838 3132 3915 ρωμαῖκοῖς
3161 3840 3432 3915 πράγμασι
3459 3840 3547 3896 λυο

1947 3937 2248 3992 σιτελοῦντα
2279 3937 2308 3993 ἡ
2347 3936 2454 3988 θεία
2493 3928 2707 4009 πρόνοια
2750 3941 3056 4008 παρασχεῖν
3094 3936 3413 3999 καταξιώσει.
3462 3935 3544 3991 Διό

1946 4032 2010 4092 δὴ
2030 4031 2114 4088 διὰ
2130 4033 2393 4089 λουκιανοῦ
2416 4037 2508 4086 τοῦ
2532 4030 2914 4103 θεοφιλεστάτου
2936 4030 3243 4096 ἐπισκόπου,
3275 4034 3362 4086 καί
3386 4032 3542 4107 βασι*

1944 4126 2079 4180 λείου
2104 4131 2194 4180 τοῦ
2227 4122 2458 4178 διακόνου
2481 4124 2653 4179 πάντα
2678 4123 2797 4196 ὑμῖν
2815 4124 3156 4198 γνωρισθῆναι
3181 4124 3543 4194 έθεσπίσαμιν,

1947 4222 2035 4275 καί
2063 4220 2302 4289 αἰτοῦμεν
2348 4217 2413 4273 τὰ
2460 4217 2605 4292 παρὰ
2674 4223 2765 4279 τῆς
2808 4213 2959 4287 ἁγίας
3008 4214 3225 4273 συνόδου
3256 4218 3543 4277 autem.

1944 4312 2027 4368 ἵνα
2055 4314 2138 4367 καὶ
2173 4312 2204 4370 ἡ
2230 4315 2298 4369 σὴ
2338 4308 2571 4365 εὐσέϐεια
2598 4310 2671 4369 είς
2718 4308 2776 4364 τὸ
2822 4305 3040 4369 διηνεκές
3074 4309 3545 4383 παραφυλαχθῆναέ

1944 4407 2232 4485 προστάξῃ.
2263 4415 2314 4460 Ἦ
2349 4406 2460 4460 θεία
2490 4425 2549 4460 σε
2575 4404 2791 4482 πρόνοια
2829 4404 3066 4477 φυλάττοι
3091 4405 3295 4467 πολλοῖς
3334 4404 3548 4482 χρόνοις

1944 4500 2200 4575 ἁγιώτατε
2230 4502 2315 4556 καί
2344 4499 2684 4573 θεοφιλέστατε
2720 4500 2899 4580 πάτερ·
2932 4497 3103 4561 Ἐδόθη
3141 4501 3243 4580 πρό
3273 4498 3545 4560 δεκαπέντιν

1944 4592 2204 4651 καλανδῶν
2233 4592 2549 4671 Ἰανουαρίων
2566 4599 2614 4649 δν
2639 4592 3163 4651 κωνσταντινουπολει
3181 4594 3434 4655 ὑπατείας
3453 4601 3545 4651 τοῦ

1939 4686 2203 4743 δεσπότου
2226 4688 2365 4759 ἡμῶν
2398 4692 2695 4763 Μαρκιανώ
2734 4692 2825 4743 τοῦ
2867 4689 3071 4743 αἰωνίου
3107 4688 3426 4762 αότούστου,
3456 4690 3546 4746 κατ

1856 4762 1917 4827 Ῑ)
1942 4788 2031 4838 τοῦ
2062 4762 2501 4853 δηλωθησομένουι

2013 5265 2034 5346 ς
2057 5262 2137 5346 lia
2168 5273 2222 5346 et
2246 5278 2348 5319 ms.
2388 5263 2538 5346 Van,
2562 5263 2657 5319 sed
2682 5264 2968 5346 legendum
2998 5264 3158 5330 forte,
3192 5265 3494 5346 apicem.”

2009 5336 2033 5409 ’Υ
2056 5336 2379 5404 Sttpplemtls
2412 5338 2547 5393 κατὰ
2591 5350 2659 5390 ex
2709 5350 2816 5392 ms.
2863 5335 3010 5403 Vat.,
3057 5351 3176 5409 quae
3214 5335 3531 5408 'przepositio

1936 5408 2081 5464 mute
2110 5409 2265 5462 abest
2285 5426 2313 5461 a
2343 5410 2591 5477 vulgatis.

2008 5476 2449 5547 ‘Supplemlum'
2479 5480 2564 5532 hie
2600 5494 2665 5535 ex
2704 5480 2874 5537 veteri
2915 5485 3063 5535 textu
3100 5476 3313 5544 Latino,
3368 5486 3422 5534 et
3451 5477 3530 5534 le-

1936 5554 2195 5629 εθῑιεειιηο
2224 5552 2486 5629 ἡμετέρῳ
2508 5554 2846 5629 γραμμάτων·

2008 5626 2032 5658 ⁸
2055 5620 2490 5677 νοισεηηίιιοῖώί
2516 5620 2801 5677 lectiunem
2830 5622 3051 5678 exhibet
3076 5636 3182 5676 ms.
3210 5620 3527 5677 Vaticanus.

1938 5694 2209 5763 Corrupte
2231 5696 2284 5747 in
2315 5693 2568 5763 vulgatis,
2591 5701 2682 5752 τοῦ
2725 5696 2952 5765 ἀωτέρου
2974 5694 3178 5765 {cujus
3200 5694 3351 5747 vocis
3381 5708 3413 5749 ο
3440 5707 3527 5749 rea

1939 5768 2107 5891 gitana.
2121 5751 2188 5818 'iu
2213 5751 2455 5893 m'argipue
2476 5751 2785 5823 annotatunt
2818 5751 2915 5822 ltiit
2941 5783 2953 5822 τ
2978 5751 3161 5834 Forte,
3184 5765 3460 5849 προτέρου.

2114 5853 2146 5889 n
2176 5852 2243 5891 vu
2269 5853 2344 5893 ε..
2416 5860 2512 5893 γη.

2012 5841 2060 5870 ί·
2090 5841 2146 5891 In
2176 5841 2344 5908 vulg.,
2380 5841 2512 5908 ἔχῃ.

1916 5972 1923 5981 ¹
2009 5912 2052 5943 ³¹
2078 5899 2592 5985 Forte,':ma'£1&q.

1782 6124 1851 6139 ..._‘
