4014 6358
442 388 554 453 975

1571 386 1627 446 S.
1668 386 1916 445 LBONIS
1956 383 2173 444 MAGN!
2210 384 2591 444 EPISTOLE.
3388 407 3453 421 ,μ-

3610 389 3721 448 976

1839 499 2175 556 EPISTULA
2208 509 2235 538 ι
2268 500 2356 555 Cl.

950 588 978 629 δ
1016 601 1269 646 ΑΝΑτοιιι
1311 602 1548 647 εριεοοιδι
1584 605 2057 648 cousnnrtsorom

2166 610 2207 649 .D
2250 607 2297 647 S.
2339 606 2551 647 LBONEII
2582 602 3039 646 ARCIIEPISCOPUI
3064 601 3242 645 nou.

3340 551 3492 590 {.2’uw‘

1564 682 1721 738 Nunc
1748 686 1969 755 primum
1995 702 2058 740 ea:
2081 703 2180 743 ms.
2210 685 2458 740 Vaticano
2479 686 2635 740 edita.

448 802 800 875 Smorsrs.—
822 797 865 853 Ι.
892 797 1073 875 Leonis
1102 799 1243 875 zelus
1265 805 1446 852 contra
1470 799 1737 875 luereticos
1763 816 1892 869 quos
1913 801 2217 875 prostravit.
2262 797 2337 875 De
2366 799 3099 875 actis_Ch_ttlcedone_Romam
3134 800 3331 855 allatis.
3360 831 3432 875 -τ
3468 800 3536 859 ιι.
3566 801 3749 875 Legati

518 872 745 928 Anatolii
768 887 884 925 cum
904 870 1022 925 aliis
1041 873 1165 923 actis
1188 869 1401 923 Ilomnm
1417 872 1577 924 missi.
1597 871 1681 943 De_
1694 872 2022 943 damnatione
2050 871 2423 943 Dioscoriq—
2452 872 2537 926 Ill.
2580 872 2654 925 De
2682 871 2897 943 epistola
2928 870 3112 926 Leom's
3141 881 3346 943 recepta
3372 873 3437 927 ab
3476 869 3745 941 omnibus,

521 954 566 1000 et
604 944 667 997 de
695 944 991 1011 deﬁnitione
1017 943 1139 1012 ﬁdei
1176 944 1314 996 edita
1343 944 1396 996 in
1425 944 1623 1015 synodo
1644 941 2069 1015 Chalcedonensi.
2091 943 2277 999 ειν.
2304 941 2383 997 De
2407 944 2526 1015 aliis
2551 941 3227 1015 gestis'Chalcedonensibus
3253 941 3365 1015 post
3397 944 3752 1015 deﬁ‘titionem

520 1016 641 1085 ﬁdei
664 1060 678 1083 ,
716 1032 934 1084 primum
988 1015 1159 1084 quoad
1200 1013 1590 1076 canoneﬂdein
1635 1013 1803 1080 quoad
1842 1015 2176 1081 particulares
2199 1031 2383 1069 causas
2419 1014 2804 1085 ecclesiasticas.
2852 1013 3079 1067 Tandem
3108 1017 3170 1069 de
3210 1013 3471 1085 privilegio
3509 1014 3758 1075 Ecclesia

518 1084 1115 1157 Constantinopolitante.
1158 1115 1232 1125 —
1278 1086 1339 1141 V.
1371 1085 1720 1140 Contradictio
1757 1086 2044 1156 legatorum
2083 1085 2269 1141 Leonis
2298 1088 2415 1140 huic
2445 1086 2727 1156 privilegio.
2759 1084 3091 1154 Conﬁrmatio
3118 1089 3234 1157 ejus
3257 1084 3462 1155 petitur.

454 1211 665 1284 1122
701 1207 1055 1291 Sanctissimo
1098 1216 1153 1262 et
1190 1207 1505 1291 beatissimo
1543 1206 1681 1291 patri
1722 1216 1776 1261 et
1813 1207 2039 1291 commi-

2166 1211 2359 1291 1121
2408 1217 2489 1280 Τῷ
2541 1208 2846 1291 ἅγιε-πάτῳ,
2894 1214 2978 1291 καὶ
3024 1214 3395 1291 μαναριωτάῖῳ
3430 1215 3640 1291 πατρὶ.-
3677 1214 3759 1274 και

519 1278 692 1336 ὗΕιῙυ
721 1281 1126 1349 archiepiscopo
1164 1280 1397 1349 antiqua:
1431 1281 1614 1334 Romae
1646 1279 1811 1334 Leom
1832 1320 1845 1343 ,
1894 1278 2040 1333 ANA-

520 1366 707 1408 TOLIUS
726 1352 778 1405 in
811 1350 1037 1405 Domino
1067 1350 1317 1404 Salutem.

522 1442 653 1499 CAP.
686 1443 725 1496 Ι.
754 1471 824 1483 —
853 1440 1061 1497 Vestra:
1086 1442 1387 1496 sanctitatis
1418 1443 1567 1498 zelus
1600 1458 1725 1513 erga
1765 1443 2044 1513 pietatem,

451 1546 505 1596 et
528 1536 836 1594 sollicitudo
867 1544 1029 1591 recta:
1054 1535 1177 1590 ﬁdei
1203 1537 1443 1590 omnium
1475 1537 1729 1592 salvatori
1749 1538 1857 1591 Deo
1885 1539 2048 1593 chara

452 1639 509 1687 et
547 1639 730 1701 grata,
765 1629 922 1699 digna
951 1628 1087 1683 facta
1122 1639 1203 1683 est
1234 1630 1475 1683 omnium
1512 1629 1893 1685 admiratione.
1936 1630 2049 1685 Mos

455 1722 598 1778 enim
630 1719 785 1775 vobis
812 1731 926 1789 est,
972 1721 1061 1790 qui
1091 1720 1158 1775 ita
1190 1722 1369 1791 magni
1400 1722 1563 1788 estis,
1611 1721 1664 1776 in
1710 1734 1860 1777 recte
1894 1722 2049 1777 factis

451 1832 779 1887 assurgere,
826 1823 882 1870 et
932 1815 1306 1885 probationem
1342 1816 1543 1871 Christi
1588 1816 1951 1872 Ecclesiarum
1996 1817 2049 1871 in

450 1908 646 1964 vestris
678 1906 927 1963 laudibus
952 1922 1173 1977 ponere.
1224 1907 1381 1963 Unde
1419 1924 1524 1963 non
1579 1909 1825 1978 deSpexit
1872 1918 2049 1965 vestra

452 2003 711 2059 sanctitas
736 2018 915 2058 veram
947 2001 1105 2057 fidem
1137 2002 1377 2072 profanis
1401 2003 1684 2058 sufl'ossam
1717 2003 2004 2058 insuitibus
2031 2019 2048 2069 ;

456 2098 552 2154 sed
580 2112 870 2153 exsecraris
899 2095 1072 2151 malos
1100 2097 1399 2166 Operarios,
1426 2097 1590 2152 armis
1621 2097 2052 2167 implacabilibus

457 2202 645 2249 contra
676 2192 995 2263 pravitatem
1018 2190 1370 2247 vehementer
1393 2191 1517 2246 illos
1545 2192 1854 2261 prostravit.
1902 2191 2051 2258 Quo-

455 2286 597 2341 niam
621 2286 781 2357 igitur
806 2285 1033 2356 piissimi
1056 2284 1339 2339 etChristo
1356 2284 1660 2340 cbarissimi
1684 2286 1851 2339 nostri
1878 2283 2051 2353 impe-

457 2392 691 2447 ratores,
723 2382 984 2449 Optimum
1010 2380 1226 2449 pietatis
1248 2379 1421 2434 zelum
1452 2380 1901 2450 praeseferentes,
1936 2394 2053 2433 om-

452 2490 575 2530 nem
596 2474 832 2529 radicem
851 2488 1086 2527 amaram
1103 2471 1458 2542 pullulantem
1479 2471 1793 2527 rescindere
1810 2471 2051 2538 solliciti,

454 2583 522 2623 ne
546 2567 614 2621 ab
639 2566 753 2637 ipsa
774 2565 1081 2636 polluantur
1113 2564 1258 2637 (cum
1282 2566 1347 2619 ad
1369 2563 1470 2621 hoc
1484 2566 1716 2619 maxime
1730 2564 1795 2618 ad
1825 2579 2051 2633 regnum

453 2661 627 2717 evecti
654 2661 781 2723 sint,
806 2669 864 2713 ut
887 2658 1268 2723 fideiPatrum,
1300 2674 1421 2713 cum
1452 2657 1666 2730 1124
1687 2658 1787 2713 sub
1820 2669 1840 2695 σ
1868 2666 2054 2728 tyran-

2224 1302 2289 1361 συ
2296 1282 2489 1361 λλειτου
2496 1284 2658 1361 ργιξλὰ
2662 1302 2691 1355 ρ
2698 1282 3025 1361 χιεπισκόπῳ
3058 1292 3149 1361 τῆς
3161 1282 3552 1361 πρεσϐυτέρας
3563 1284 3760 1356 Ῥώμης

2224 1353 2402 1406 Λέοντι
2425 1352 2710 1412 ’Λνατόλιος
2741 1356 2790 1406 ἐν
2822 1352 3240 1431 Κυρίῳνχαίρεινξ

2225 1454 2324 1505 Τῆς
2368 1446 2457 1516 μὲν
2504 1445 2754 1521 ὐμετέρας
2808 1445 3094 1520 ἁγιωσύνης
3139 1447 3165 1504 ὁ
3205 1452 3327 1527 περὶ
3366 1453 3456 1510 τὴν
3498 1451 3760 1508 εὐσέϐειαν

2153 1538 2437 1603 ζῆλος,καί
2464 1540 2495 1597 ἡ
2523 1542 2643 1615 περὶ
2681 1548 2773 1600 τῆς
2817 1540 2966 1613 ὀρθῆς
3008 1543 3237 1603 πίστεως
3275 1550 3376 1598 τῶν
3410 1544 3614 1598 πάντων
3653 1567 3763 1601 σω·

2153 1641 2273 1710 τῆρι
2310 1640 2420 1707 Θεῷ
2462 1633 2574 1705 φίλη
2612 1654 2669 1688 τε
2703 1637 2789 1688 καί
2826 1636 3125 1710 ἀρέσκουσα
3166 1639 3368 1712 φροντίς
3407 1637 3524 1702 ἀξία
3566 1638 3766 1700 παντὸς

2151 1727 2318 1802 γέγονε
2348 1725 2629 1800 ϐαύματος.
2664 1724 2809 1791 "EGO;
2836 1732 2938 1805 γὰρ
2972 1732 2988 1761 ¹
3021 1731 3139 1802 ὐμῑν
3167 1732 3291 1791 τούς
3324 1730 3461 1787 οὕτω
3507 1729 3770 1803 μεγάλους

2154 1820 2452 1894 εὐδοκιμεῖν,
2477 1826 2563 1877 καί
2590 1820 2811 1894 δοκίμιον
2831 1831 2931 1879 τῶν
2963 1831 3054 1879 τοῦ
3076 1830 3301 1904 Χριστοῦ
3322 1823 3636 1883 Ἐκχλησιῶν
3669 1826 3769 1886 τὰς

2153 1918 2320 1972 αὐτῶν
2367 1918 2625 1971 ποιεῖσθαι
2673 1915 2924 1977 σπουδάς.
2974 1914 3121 1971 Ὀθεν
3162 1918 3221 1971 οὐ
3264 1916 3525 1991 παριεῑδεν
3554 1920 3586 1977 ἡ
3613 1918 3765 1991 ὐμῶν

2154 2009 2361 2071 ὁσιότης
2382 2015 2472 2069 τὴν
2494 2010 2651 2069 ἀληθῆ
2672 2013 2846 2066 πίστιν
2859 2011 3098 2082 βεϐήλαις
3120 2011 3536 2087 ὐπορυττομένην
3557 2010 3766 2086 ὁρμαῖς,

2154 2103 2280 2158 ἀλλά
2324 2102 2697 2175 βδελλυξαμένη
2736 2105 2859 2163 τούς
2897 2106 3085 2164 κακούς
3126 2104 3363 2179 ἐργάτας,
3389 2111 3463 2176 τῷ
3492 2101 3631 2174 ὅπλῳ
3672 2110 3768 2167 τῆς

2154 2202 2527 2278 μισοπονηρίας
2567 2200 2785 2261 εὐτόνως
2824 2200 3039 2259 τούτους
3061 2199 3081 2229 ²
3112 2199 3450 2275 κατέτρωσεν.
3482 2202 3623 2252 Ἐπεί
3662 2198 3769 2253 τοί-

2154 2316 2244 2349 νυν
2273 2296 2359 2347 καί
2388 2294 2434 2347 oi
2462 2294 2827 2349 εὐσεϐέστατοι
2846 2334 2860 2355 .
2891 2295 2975 2348 καὶ
3004 2292 3337 2367 φιλόχριστοι
3360 2294 3501 2364 ἡμῶν
3528 2290 3770 2363 βασιλεῖς

2155 2380 2362 2460 ἄριστοι
2388 2392 2482 2445 τῆς
2510 2385 2781 2446 εὐσεϐείας
2804 2384 3130 2461 ὑπάρχοντες
3154 2384 3392 2449 ζηλωταὶ,
3414 2389 3591 2439 πᾶσαν
3616 2382 3771 2457 ῥίζαν

2159 2481 2370 2554 πικρίας
2413 2478 2739 2551 ἀναφύουσαν
2775 2480 3135 2555 φροντίσαντες
3177 2476 3420 2547 ἐκτεμεῖν.
3444 2474 3530 2530 ἶνα
3569 2479 3640 2545 μή
3681 2471 3771 2531 διὰ

2153 2569 2308 2630 αὐτῆς
2335 2570 2586 2640 μιανθῶσι
2606 2566 2713 2637 (διὰ
2730 2575 2882 2624 τοῦτο
2912 2570 3062 2623 πλέον
3083 2570 3155 2627 είς
3178 2567 3447 2639 βασιλείαν
3467 2566 3771 2637 προαχθέν-

2154 2678 2259 2722 τες’
2534 2659 2673 2722 ὅπως
2700 2662 3076 2736 τυραννουμένῃ
3103 2668 3165 2735 τῇ
3192 2662 3366 2715 πίστει
3398 2666 3499 2715 τῶν
3524 2658 3773 2733 πατέρων

452 2754 580 2810 nide
610 2762 715 2820 est,
747 2753 1007 2809 auxilium
1036 2749 1233 2822 ferant)
1263 2766 1334 2807 ex
1361 2753 1507 2806 omni
1550 2751 1661 2805 fere
1693 2751 1810 2806 loco
1832 2749 1923 2820 qui
1949 2750 2051 2805 sub

2166 2753 2439 2827 ὶμύνωσιν)
2469 2756 2521 2807 ἐκ
2546 2754 2724 2815 πάσης
2752 2753 2946 2826 σχεδὸν
2966 2763 3057 2814 τῆς
3077 2750 3295 2827 ὐφ’ήλίῳ
3321 2754 3442 2813 τούς
3471 2760 3581 2825 Θεῷ
3604 2752 3773 2826 ἱερου-

452 2850 569 2905 sole
599 2857 684 2905 est
723 2847 1035 2904 sacerdotes
1063 2846 1243 2915 colligi
1265 2846 1578 2915 jusserunt,
1610 2853 1668 2898 ut
1700 2844 1754 2898 bi
1778 2843 2052 2899 communi

452 2942 720 2998 sententia
777 2942 1163 2996 confirmantes
1217 2939 1499 2995 beatorum
1551 2948 1606 2993 et
1662 2937 2052 2993 venerabilium

452 3034 671 3091 Patrum
704 3032 898 3101 ﬁdem,
940 3041 989 3088 et
1014 3046 1308 3087 consonam
1340 3030 1445 3085 illis
1470 3040 1575 3085 tuas
1605 3029 1908 3085 sanctitatis
1937 3030 2057 3099 epi-

457 3130 675 3195 stolam,
694 3144 909 3183 omuem
933 3126 1336 3182 innovationem
1368 3123 1633 3194 dissipent
1649 3124 2056 3195 peregrinorum

453 3222 870 3292 sopbismatum,
895 3236 1012 3288 quae
1037 3219 1251 3288 pietatis
1283 3232 1498 3273 sensum
1520 3217 1686 3271 ltedit.
1720 3219 1783 3270 Et
1802 3217 2055 3287 quoniam

452 3313 741 3384 oportebat
762 3315 951 3367 omnia
976 3308 1316 3365 dnccessario
1332 3310 1398 3363 ad
1418 3308 1662 3362 notitiam
1680 3317 1785 3363 tua:
1804 3308 2061 3362 sanctita-

457 3408 524 3462 tis
540 3406 891 3474 referri,qua:
916 3417 1202 3461 consecuta
1229 3412 1384 3472 sunt,
1409 3403 1688 3458 mittentes
1716 3402 1840 3457 hinc
1856 3403 2059 3457 electos

455 3500 549 3557 Dei
579 3498 1006 3554 amantissimum
1039 3497 1259 3552 fratrem
1301 3506 1355 3551 et
1394 3498 1780 3566 coepiscopum
1818 3508 2057 3551 nostrum

455 3593 788 3657 Lucianum,
841 3599 896 3647 et
940 3590 1405 3661 religiosissimum
1454 3589 1740 3643 diaconum
1780 3588 2059 3653 Basilium,

457 3687 744 3742 scribimus
772 3684 934 3740 etiam
970 3694 996 3722 ο
1026 3698 1213 3739 rursus
1243 3685 1342 3737 ista
1365 3683 1749 3752 significantes,
1774 3682 1913 3754 quod
1938 3683 2053 3753 jam

458 3778 673 3850 quidem
691 3777 783 3832 Dei
806 3775 1206 3831 amantissimus
1229 3776 1391 3831 frater
1415 3787 1466 3831 et
1490 3778 1841 3846 coepisc0pus
1870 3787 2053 3832 noster

466 3870 485 3912 ¹
512 3870 804 3928 Lucentius
818 3868 976 3925 simul
1000 3885 1120 3925 cum
1139 3871 1379 3941 piissimo
1402 3871 1721 3943 presbytero
1748 3881 1926 3928 vestro
1948 3872 2052 3927 Bo-

539 4019 565 4047 ι
595 4009 726 4079 Qua:
753 4015 932 4062 autem
962 4013 1078 4061 erat
1106 4004 1244 4065 101,
1287 4018 1431 4060 nunc
1458 4002 1583 4061 ηε
1624 4004 1835 4075 Scripta
1862 4004 2057 4061 eodem

539 4096 713 4130 rmore
742 4095 851 4130 auo
879 4076 1211 4130 praecedens.

468 4092 713 4150 tempore
742 4095 851 4151 quo
879 4090 1211 4149 praecedens.

533 4151 560 4191 δ
602 4152 751 4207 Hanc
780 4150 1061 4220 epistolam
1092 4162 1236 4202 nunc
1266 4148 1493 4214 primum
1518 4147 1842 4217 proferimus
1868 4163 1932 4203 ex
1957 4148 2061 4201 Va-

2157 2851 2311 2922 ργούς
2342 2848 2616 2903 ἒθέσπισαν
2644 2848 2996 2917 συναχθῆναι,
3023 2846 3107 2900 ἵνα
3136 2842 3277 2901 οὗτοι
3304 2853 3442 2921 κοινῇ
3471 2847 3638 2923 κρίσει
3676 2844 3774 2914 βε-

2161 2941 2472 3001 ϐαιώσαντες
2503 2947 2593 3001 τὴν
2614 2944 2874 3017 μακαρίων
2901 2943 2984 2995 καί
3014 2937 3267 3011 ἀοιδήμων
3297 2938 3532 3014 πατέρων
3561 2940 3772 3007 πίστιν,

2162 3039 2249 3091 καί
2274 3042 2362 3095 τὴν
2380 3037 2633 3108 σύιιφονον
2658 3037 2823 3107 ταύτῃ
2838 3041 2930 3096 τῆς
2960 3040 3055 3093 σῆς
3080 3032 3349 3106 ἁγιότητος
3364 3030 3657 3090 ἐπιστολήν.
3673 3035 3776 3086 πᾶ-

2162 3151 2258 3184 σαν
2272 3129 2588 3199 καινοτομίαν
2600 3134 2699 3182 τῶν
2720 3127 3037 3181 ἐπεισάκτων
3047 3126 3379 3198 σοφισμάτων
3394 3132 3487 3185 τῆς
3500 3124 3614 3178 εὐσε
3622 3122 3658 3177 ϐ
3663 3124 3775 3185 είας

2160 3223 2219 3278 τὸ
2266 3222 2493 3296 φρόνημα
2540 3221 3005 3277 καταϐλάπτουσαν
3059 3216 3484 3282 ἀποσκεδὸαωσι,
3522 3220 3608 3273 καί
3666 3215 3779 3273 ἔδει

2162 3306 2366 3373 ἅπαντα
2408 3318 2480 3377 εἰς
2516 3322 2705 3388 γνῶσιν
2738 3322 2832 3377 τῆς
2869 3322 2967 3375 σῆς
3007 3311 3278 3389 ἁγιότητος
3323 3314 3664 3383 ἀνενεχθῆναι
3705 3313 3778 3369 τὰ

2161 3411 2691 3485 παρακολουθήσαντα
2739 3411 3060 3483 ἀναγκαίως·
3107 3407 3507 3467 ἀποστέλλοντες
3546 3406 3777 3471 αὐτόθι,

2164 3505 2276 3559 κατ’
2289 3505 2517 3577 ἐπιλογὴν
2536 3505 2619 3559 τόν
2637 3504 3013 3577 θεοφιλέστατον
3032 3500 3259 3575 ἀδελφόν,
3284 3502 3374 3556 καί
3394 3500 3778 3555 συνεπίσκοπον

2164 3598 2304 3667 ἡμῶν
2332 3595 2353 3625 ⁸
2384 3597 2673 3654 Λουκιανόν.
2704 3595 2787 3650 τόν
2831 3616 2885 3650 τε
2933 3594 3303 3649 εὐλαϐέστατον
3340 3590 3565 3648 διάκονον
3608 3592 3779 3662 βασί-

2160 3690 2293 3744 λειον
2315 3692 2571 3767 γράφομεν
2600 3692 2687 3743 καί
2716 3682 2881 3753 αὖθις,
2897 3694 3067 3744 ταῦτα
3089 3686 3377 3749 δηλοῦντες,
3403 3688 3472 3747 ὡς
3497 3684 3592 3745 ἤδη
3620 3687 3722 3757 μέν
3749 3680 3779 3739 ὅ

2162 3782 2541 3856 θεοφιλέστατος
2561 3779 2771 3853 ἀδελφὸς
2798 3784 2884 3835 καί
2904 3782 3278 3838 συνεπίσκοπος
3298 3779 3439 3849 ἡμῶν
3464 3775 3778 3836 Λουκιανός·

2164 3870 2273 3945 ἅμα
2315 3879 2389 3946 τῷ
2435 3871 2820 3943 θεοσεϐεστάτῳ
2860 3869 3200 3950 πρεσϐυτέρῳ
3240 3866 3263 3898 ⁸
3306 3869 3447 3941 ἡμῶν
3491 3868 3785 3940 Βονιφατίῳ

2238 4002 2258 4041 τ
2302 4003 2357 4059 1η
2386 4003 2579 4060 Grtcco
2603 4004 2817 4073 quidem
2850 4003 3127 4065 Λουκιανός
3154 4001 3416 4073 Lucianus
3451 4000 3677 4071 legitur.
3708 3999 3785 4055 At

2164 4090 2286 4132 cum
2312 4076 2412 4143 ipsi
2430 4072 2687 4145 jungatur
2708 4075 2985 4146 presbyter
3002 4072 3335 4146 Bonifacius,
3352 4074 3441 4138 qui
3466 4073 3632 4146 simul
3649 4088 3782 4128 cum

2166 4148 2380 4201 concilii
2422 4150 2587 4218 gestis
2616 4145 2969 4207 discesserat.
3008 4146 3183 4218 palam
3215 4154 3298 4199 est
3327 4145 3618 4218 legendum
3648 4160 3784 4218 esse

465 4214 1395 4286 ticanoGrmcoMSS,inquoetiam
1424 4214 1789 4288 praecedentes
1804 4220 2058 4275 Marciani
2089 4214 2135 4275 C
2168 4214 2475 4281 Lucentius,
2520 4220 2607 4289 qui
2653 4234 2755 4272 una
2787 4234 2906 4272 cum
2942 4214 3221 4271 Bonifacio
3257 4214 3577 4289 apostolicag
3623 4216 3784 4271 sedis

464 4297 674 4353 litteras
711 4293 926 4349 Graecas
950 4291 1271 4346 invenimus.
1312 4290 1444 4344 Cum
1488 4303 1731 4359 utraeque
1766 4291 1836 4346 de
1866 4292 2057 4346 eadem

468 4384 531 4424 re
551 4374 733 4433 agant,
761 4373 818 4421 et
843 4380 936 4432 per
959 4365 1177 4418 eosdem
1208 4362 1410 4433 legatos
1428 4362 1720 4417 Lucianum
1745 4365 2060 4433 episcopum

468 4455 532 4493 ac
572 4437 833 4491 Basilium
872 4436 1155 4489 diaconum
1199 4434 1397 4488 fuerint
1447 4436 1814 4499 transmissaz,
1869 4435 2062 4489 eodem

470 4520 717 4579 tempore
747 4522 853 4577 quo
883 4508 1133 4579 superior
1161 4505 1295 4579 haec,
1315 4520 1529 4573 quoque
1567 4506 1793 4572 epistola
1821 4504 1887 4559 ab
1921 4511 2063 4579 Ana-3

470 4576 603 4636 tolio
624 4576 824 4648 scripta
847 4577 1212 4648 cognoscitur.
1238 4577 1372 4630 Hinc
1384 4580 1547 4630 etiam
1563 4579 1698 4631 sicut
1718 4576 2062 4631 antecedenti

469 4652 714 4722 epistola:
740 4647 997 4722 Marciani
1027 4648 1137 4722 Leo
1164 4647 1440 4722 respondit
1469 4648 1628 4722 epist.
1662 4648 1792 4714 l0t,
1821 4648 1943 4702 data
1972 4648 2064 4722 die

468 4719 542 4778 εἰ
567 4722 719 4786 Maii.
752 4721 823 4777 ita
857 4720 983 4777 huic
1008 4721 1245 4777 Anatolii
1276 4721 1471 4775 eodem
1502 4719 1590 4774 die
1619 4733 1938 4790 rc5p0nsum
1970 4719 2064 4773 de-

471 4794 551 4852 dit
576 4797 738 4862 epist.
766 4793 889 4849 106.

548 4879 571 4907 ⁸
602 4867 861 4923 Nimirum
892 4866 966 4919 uti
998 4872 1113 4919 erat
1138 4862 1401 4917 Dioscoro
1430 4861 1892 4931 pra'dominante,
1939 4875 2063 4916 cum

474 4941 777 4997 Marcianus
806 4937 873 4991 ad
902 4936 1187 5005 imperium
1218 4944 1439 4989 evectus
1472 4934 1592 4987 fuit.

547 5009 575 5050 ει
605 5013 845 5065 Ubserva
875 5002 1254 5062 necessitatem
1289 5005 1559 5060 referendi
1600 5003 1664 5057 ad
1710 5002 2063 5074 apostolicam

474 5083 693 5144 sedem;
718 5078 1065 5134 undeiterum
1091 5079 1249 5146 paulo
1275 5088 1413 5145 post,
1441 5092 1554 5147 qua:
1573 5076 1756 5130 debent
1778 5076 2064 5130 necessario

477 5155 546 5209 ad
574 5164 792 5209 vestram
817 5150 1158 5222 cognitionem
1181 5151 1368 5202 venire.

551 5230 577 5259 ⁸
607 5226 776 5279 Aliam
800 5218 959 5292 igitur
981 5220 1263 5292 epistolam
1288 5221 1572 5276 Anatolius
1592 5219 1656 5274 ad
1681 5218 1922 5292 Leonem
1935 5218 2067 5273 scri-

478 5307 693 5368 pserat,
727 5290 846 5348 cum
880 5290 1171 5346 Lucentins
1197 5301 1252 5346 et
1284 5292 1589 5347 Booifacius
1629 5301 1748 5368 post
1777 5291 2064 5368 concilium

480 5362 906 5437 remigraverant
932 5380 946 5416 :
978 5379 1099 5437 quae
1125 5376 1301 5437 tamen
1330 5380 1449 5417 esse
1474 5373 1649 5432 potest
1674 5366 1783 5429 ipsa
1814 5363 1975 5437 epist.
1998 5362 2069 5417 98

482 5433 645 5493 totius
675 5433 890 5492 concilii
918 5436 1136 5489 nomine
1163 5435 1227 5487 ad
1252 5433 1486 5488 Leonem
1518 5437 1677 5489 missa
1696 5473 1710 5497 ,
1740 5436 1824 5488 cui
1852 5434 2067 5503 quidem

434 5532 461 5575 ’λ
483 5508 765 5564 Anatolius
789 5522 963 5575 primo
996 5506 1113 5560 loco
1136 5504 1488 5575 subscripsit,
1522 5517 1578 5558 ut
1605 5521 1669 5560 ex
1702 5508 1917 5572 antiqua
1948 5520 2068 5558 ver-

2168 4292 2436 4357 legationc
2465 4286 2678 4345 functus
2713 4290 2939 4344 Romam
2972 4289 3210 4358 repetiit.
3257 4286 3402 4342 Idem
3441 4287 3786 4343 conﬁrmant

2166 4363 2474 4442 evidentius
2511 4363 2789 4442 sequentia
2814 4401 2833 4424 ,
2875 4362 2964 4442 ubi
2996 4370 3112 4442 post
3144 4358 3403 4442 ἐρισι-ἡξει
3432 4360 3783 4440 nominatos,

2166 4433 2256 4504 qni
2280 4435 2493 4487 chartas
2517 4429 2728 4487 concilii
2755 4432 3085 4504 detulerant,
3111 4429 3457 4504 aliaecltartas
3484 4432 3654 4504 etiam
3686 4445 3786 4496 per

2166 4501 2371 4558 nostros
2397 4504 2675 4557 mittenda:
2689 4504 2962 4558 dicuntur.
2997 4503 3136 4557 Hinc
3156 4503 3298 4555 enim
3330 4501 3607 4567 colligitur
3633 4503 3786 4572 ipso:

2168 4574 2335 4630 fuisse
2363 4575 2739 4630 Occidentales
2766 4575 3054 4629 diStinctos
3080 4590 3109 4626 τι
3141 4574 3365 4637 nostris;
3392 4572 3555 4625 nostri
3586 4587 3789 4627 autem

2170 4647 2825 4716 intclligunturLucianus
2854 4656 3014 4714 atque
3038 4646 3263 4699 Basilius
3291 4642 3789 4716 Constantinopoli

2169 4714 2397 4771 Romam
2425 4718 2645 4784 directi,
2671 4719 2759 4785 qui
2788 4718 2992 4787 pariter
3023 4717 3074 4769 in
3103 4715 3444 4771 antecedenti
3474 4714 3727 4787 epistola
3758 4730 3795 4771 a

2165 4788 2441 4844 Marciano
2473 4784 2859 4843 memorantur.
2901 4789 2956 4842 ln
2997 4788 3124 4858 ipsis
3160 4803 3289 4857 ergo
3324 4784 3796 4858 Occidentalibus

2168 4876 2279 4915 non
2310 4862 2457 4913 solus
2483 4861 2786 4915 Bonifacius
2818 4860 3194 4928 intelligendus
3222 4869 3328 4924 est,
3352 4857 3447 4911 sed
3473 4863 3647 4911 etiam
3677 4858 3797 4913 Lu-

2169 4935 2401 4987 centius.
2442 4931 2629 5000 Neque
2661 4942 2871 4986 moveat
2899 4931 3041 5002 quod
3077 4930 3433 5002 Pascliasinus
3463 4932 3797 4997 omittatur,

2170 5005 2263 5071 qui
2294 5013 2471 5057 tamen
2502 5005 2703 5070 primus
2737 5005 2874 5057 inter
2905 5001 3107 5073 legatos
3135 5001 3395 5055 Romanae
3421 5001 3569 5055 sedis
3604 5003 3799 5057 ειειὶ-

2171 5076 2255 5128 tit.
2288 5074 2418 5129 Nam
2438 5076 2575 5127 sicut
2602 5077 2659 5129 S.
2680 5077 2787 5130 Leo
2812 5074 3194 5129 Paschasinum
3218 5073 3283 5126 ad
3309 5072 3605 5127 concilium
3638 5074 3802 5129 misit

2169 5160 2280 5200 non
2304 5163 2368 5200 ex
2399 5145 2565 5212 Urbe,
2591 5157 2648 5200 ut
2678 5148 3045 5211 Bonifacium,
3075 5146 3168 5200 sed
3196 5160 3259 5200 ex
3285 5143 3503 5209 Sicilia,
3545 5152 3613 5197 ut
3646 5147 3804 5200 indi-

2170 5230 2324 5271 catur
2354 5221 2515 5285 cpist.
2554 5218 2656 5282 89,
2698 5218 2801 5283 91,
2840 5227 2895 5273 et
2933 5218 3203 5287 pracipue
3245 5214 3460 5287 94,_ita
3489 5218 3805 5287 Anatolius

2170 5287 2373 5344 idcirco
2408 5288 2650 5344 fortassis
2688 5285 2951 5343 memorat
2988 5285 3327 5342 solummodo
3350 5285 3697 5343 Lucentium
3734 5297 3797 5345 et

2170 5359 2529 5426 Bonifacium,
2547 5362 2688 5431 quod
2709 5361 2763 5415 bi
2786 5368 2992 5414 tantum
3011 5361 3233 5413 Romam
3253 5357 3541 5431 profecturi
3565 5372 3807 5429 essent,

2172 5431 2532 5486 Paschasinus
2561 5427 2741 5487 autem
2772 5434 2823 5486 in
2855 5432 3095 5485 Siciliam
3136 5445 3457 5487 reversurus
3496 5427 3810 5501 demigraé

2171 5506 2329 5557 Verit.
2360 5505 2491 5569 Quis
2520 5518 2684 5572 porro
2716 5502 2872 5556 fuerit
2898 5502 3203 5558 Marcianus
3226 5502 3507 5564 diaconus,
3529 5508 3640 5569 qui
3668 5519 3808 5561 cum

441 5568 461 5643 ξ
483 5584 637 5668 sione
666 5568 851 5668 liquet.
889 5579 1141 5668 At‘paulo
1164 5584 1285 5668 post
1310 5568 1447 5633 hanc
1474 5576 1743 5668 epist:'.9_8‘
1768 5568 1845 5629 uti
1877 5591 1907 5629 a
1942 5590 2071 5668 oon-
2097 5607 2152 5668 Β
2177 5572 2261 5668 bis
2289 5568 2475 5659 legatis
2491 5568 2928 5630 Occidentalibus
2950 5574 3222 5647 discessit,
3252 5574 3432 5645 inopia
3452 5568 3814 5633 monumen-

444 5682 452 5699 ι
483 5651 608 5706 cilio
639 5654 893 5720 scriptam
932 5650 1146 5720 allegat.
1188 5647 1325 5703 Hinc
1351 5663 1513 5719 porro
1544 5647 1816 5720 colligitur
1848 5647 2067 5720 eosdem

486 5718 801 5775 Lucentiuin
826 5732 880 5777 et
898 5718 1227 5776 Bonifacium
1247 5718 1371 5775 ante
1399 5720 1500 5774 hoc
1524 5728 1733 5786 tempus
1758 5718 2073 5777 discessisse

486 5806 610 5847 cum
640 5792 773 5847 actis
802 5802 859 5864 et
892 5792 1160 5864 relatione
1190 5792 1432 5864 ejusdem
1469 5792 1659 5864 synodi
1688 5832 1703 5855 ,
1743 5805 1807 5846 ac
1846 5791 2073 5859 proinde

489 5866 649 5943 paulo
689 5873 809 5943 post
835 5862 1090 5943 kalendas
1115 5860 1464 5932 Novembris,
1495 5860 1615 5920 cum
1646 5874 1913 5935 postrema
1942 5878 2074 5921 con-

487 5931 599 5991 cilii
626 5933 767 5989 actio
796 5933 977 5992 habita
1008 5938 1123 5997 fuit.

2179 5655 2353 5703 torum
2388 5649 2719 5717 ignoramus.

2251 5719 2269 5795 ξ
2310 5718 2493 5795 ξοηθ,
2522 5728 2630 5782 τοῖς
2651 5719 2784 5778 οὕτω
2812 5720 3073 5795 μεγάλοις.

2251 5792 2272 5871 ξ
2312 5791 2353 5871 ξ
2359 5804 2496 5856 orte,
2526 5791 2910 5871 κατέστρωσενζ

2252 5861 2273 5932 ἓ
2312 5862 2441 5932 Leg.
2454 5905 2469 5922 .
2498 5861 2812 5923 Λουκίντὶον.

2253 5931 2275 5963 ⁸
2313 5931 2441 6002 ιϐἐ.
2455 5976 2468 6003 ,
2494 5938 2653 6004 ὑμῶν.
