4014 6358
288 375 398 439 977

1721 372 2050 431 EPISTULA
2088 376 2174 431 Cl.

3462 371 3567 435 973

290 488 489 550 nifacio
514 494 572 543 et
597 485 873 543 Marciano
900 481 1305 554 rettgiosissimo
1333 481 1591 554 diacono,
1636 484 1870 556 patenti-

1978 488 2072 544 σὺν
2108 495 2386 566 Μαρκιανῷ
2419 496 2492 563 τῷ
2522 490 2880 561 εὑλαϐεοτᾶτῳ
2910 486 3121 559 διακόνῳ
3149 489 3391 568 φανερούς
3418 488 3567 568 χάρη-

289 586 390 647 bus
418 584 620 642 chartis
646 597 769 655 qua
791 581 1071 639 continent
1096 595 1163 636 ea
1189 596 1310 651 quae
1338 581 1393 636 in
1429 582 1759 637 meumeniea
1787 596 1875 653 sy-

289 679 434 737 nodo
460 687 612 751 gesta
633 686 794 745 sunt,
822 674 1057 745 acceptis
1081 688 1149 729 ex
1172 674 1269 729 hac
1296 673 1432 729 urbe
1460 673 1732 729 discessit.

353 866 489 921 Cn.
547 864 613 920 li.
664 893 737 907 --
770 862 1034 933 Quoniam
1067 875 1199 917 vero
1226 870 1348 931 post
1378 862 1525 931 ipsos
1549 876 1643 930 par
1671 868 1787 916 erat
1815 868 1874 915 ut

284 971 311 1001 ι
330 961 556 1030 reliqua:
587 960 949 1027 chartae,qu:e
978 957 1179 1012 dehent
1217 956 1522 1011 necessario
1548 954 1613 1009 ad
1642 964 1875 1009 vestram

286 1052 649 1121 cognitionem
682 1050 889 1114 venire,
918 1048 1077 1104 etiam
1110 1064 1205 1116 per
1229 1056 1447 1103 nostros
1479 1046 1727 1101 homines
1757 1045 1876 1101 init-

287 1155 564 1212 terentur,
603 1159 669 1197 eo
707 1142 849 1209 quod
878 1141 1188 1209 specialiter
1217 1142 1460 1209 quaedam
1502 1155 1533 1193 a
1579 1140 1732 1193 nobis
1759 1148 1875 1193 acta

283 1247 444 1301 sunt,
478 1250 539 1291 ea
570 1234 638 1289 de
662 1249 823 1288 causa
857 1232 1068 1304 1126
1096 1231 1355 1301 eligentes
1391 1232 1558 1284 virum
1600 1233 1796 1301 pietate
1823 1238 1877 1285 et

282 1325 635 1397 intelligentia
678 1332 733 1379 et
778 1323 1125 1392 simplicitate
1176 1322 1229 1377 in
1272 1322 1377 1376 ﬁde
1417 1322 1877 1376 abundantissime

281 1419 569 1491 praeditum
584 1423 933 1470 memoratum
950 1413 1413 1483 religiosissimum
1429 1416 1734 1485 episcopum
1753 1430 1875 1469 cum

282 1510 593 1581 Supradicto
630 1510 857 1563 diacono
892 1508 959 1562 ad
1001 1519 1234 1563 vestram
1266 1524 1512 1578 magnam
1545 1509 1768 1564 Romam
1803 1509 1879 1563 le-

281 1604 551 1675 gavimus,
582 1608 639 1653 ut
663 1614 782 1654 CUI"
817 1600 920 1651 alia
952 1598 1170 1666 quidem
1204 1615 1297 1668 per
1320 1600 1524 1653 litteras
1549 1641 1562 1664 ,
1606 1600 1710 1653 alia
1748 1615 1875 1654 vero

287 1710 383 1767 per
404 1710 467 1749 se
489 1694 632 1761 ipsos
657 1688 939 1745 manifesta
972 1690 1217 1757 fecerint,
1248 1692 1588 1745 convenienti
1614 1692 1876 1762 vobisque

285 1788 446 1855 digno
480 1798 773 1853 responso,
801 1782 866 1835 ad
900 1797 996 1836 nos
1026 1798 1149 1836 cum
1180 1781 1374 1851 gaudio
1398 1792 1759 1846 revertantur.
1785 1799 1872 1839 ce-

283 1880 557 1938 lebrantes
585 1896 706 1934 cum
732 1878 979 1933 omnibus
1010 1878 1357 1933 dilectionem
1388 1890 1440 1934 et
1466 1880 1874 1949 benignitatem,

283 1989 386 2045 qua
412 1975 487 2027 uti
515 1972 797 2027 consuevit
829 1982 1068 2038 paterna.-
1098 1981 1293 2028 vestra:
1320 1972 1624 2029 sollicitudo
1649 1974 1879 2029 beatitu-

284 2066 428 2122 dinis
452 2082 576 2136 erga
605 2065 789 2120 sedem
817 2063 977 2133 hujus
1015 2063 1166 2118 urbis
1202 2067 1384 2132 regim.
1425 2063 1541 2131 Quo
1570 2073 1723 2134 pacto
1745 2079 1878 2120 vero

1980 603 2072 642 τας
2102 583 2441 656 περιέχοντας
2464 582 2529 637 τά
2556 583 2605 636 ἐν
2630 589 2692 657 τῇ
2728 581 2871 657 ἁγίᾳ,
2898 585 2981 636 καί
3018 583 3323 657 οίκουμενικῇ
3368 580 3567 656 συνόδῳ

1977 676 2314 749 πεπραγμένα
2339 674 2505 731 λαϐὼν
2529 678 2723 736 ταύτης
2746 682 2838 735 τῆς
2867 674 3243 747 βασιλευούσης
3286 673 3564 749 ἰξεδήμησε

1978 768 2193 827 πόλεως.

2046 860 2243 921 Ἐπειδὴ
2273 861 2327 917 δὲ
2354 861 2691 935 μετ’ἑκείνους
2719 863 2913 937 πρέπον
2948 858 3008 921 ἧν
3050 864 3169 923 τοὺς
3205 862 3570 934 ὑπολελειμμέ-

1977 976 2094 1015 νους
2122 958 2204 1008 καί
2233 956 2304 1015 είς
2339 963 2525 1027 γνῶσιν
2562 957 2700 1025 ήμῶν
2748 955 3035 1027 ἀναγκαίως
3081 953 3233 1009 ίλθεῒν
3282 954 3566 1026 ὀφείλοντας

1978 1048 2207 1122 χάρτας,
2238 1051 2322 1101 καὶ
2358 1045 2424 1102 δι’
2446 1048 2703 1121 ἡμετέρων
2740 1044 2936 1121 ἀνδρῶν
2973 1046 3355 1106 ἀποσταλῆναι’
3388 1045 3472 1102 διὰ
3503 1048 3565 1102 τό

1977 1139 2147 1201 ίδικῶς
2168 1141 2281 1210 ἡμῖν
2310 1141 2617 1215 πεπρᾶχθαί
2656 1160 2786 1195 τινα.
2819 1139 3001 1193 τούτου
3034 1139 3193 1214 χάριν
3221 1140 3567 1210 ἐπιλεξάμενοι

1978 1229 2139 1308 ἄνδρα
2167 1233 2398 1305 εὐσεϐείᾳ
2426 1252 2498 1294 τε,
2778 1232 2862 1285 καί
2889 1232 3109 1295 συνέσει,
3134 1234 3215 1286 καί
3241 1239 3304 1308 τῇ
3331 1235 3447 1311 περί
3471 1238 3564 1292 τήν

1977 1328 2151 1381 πίστιν
2173 1323 2498 1400 ἀκεραιότητι
2518 1325 2838 1381 πλουτοῦντα
2857 1325 2943 1378 τόν
2963 1325 3358 1395 μνημονευθέντα
3384 1326 3563 1379 θεοσε-

1980 1420 2223 1474 ϐἐστατον
2273 1420 2560 1480 ἐπίσκοπον,
2605 1416 2713 1489 ἅμα
2752 1425 2827 1491 τῷ
2870 1417 3216 1493 προειρημένῳ
3251 1414 3462 1488 διακόνῳ
3492 1419 3565 1477 εἰς

1978 1518 2067 1571 τήν
2106 1514 2356 1587 ὑμετέραν
2403 1515 2650 1584 μεγίστην
2688 1514 2873 1583 Ῥώμην
2921 1511 3361 1583 ἓξαπεστείλαμεν·
3393 1511 3473 1565 ἵνα
3499 1512 3568 1566 τά

1977 1608 2067 1676 μέν
2094 1604 2175 1660 διά
2202 1612 2299 1660 τῶν
2329 1612 2559 1680 χαρτῶν,
2591 1607 2657 1659 τὰ
2686 1603 2739 1659 δὲ
2780 1603 3050 1659 δι’έαυτῶν
3084 1614 3217 1677 σαφῆ
3261 1609 3564 1665 ποιήσαντες

1979 1698 2296 1775 ἀποκρίσεως
2324 1697 2598 1771 προσφόρῳ
2617 1716 2693 1759 τε,
2718 1699 2803 1750 καί
2829 1697 2946 1767 ὑμῖν
2972 1698 3269 1773 πρεπούσης
3293 1700 3565 1773 χαίροντες

1978 1792 2105 1858 πρός
2142 1791 2276 1858 ἡμᾶς
2314 1790 2665 1848 ἐπανέλθωσιν.
2692 1790 3028 1859 ἀνυμνοῦντες
3066 1790 3196 1858 μετά
3233 1790 3433 1843 πάντων
3474 1793 3565 1848 τήν

1980 1884 2200 1953 ἀγάπην.
2228 1885 2308 1935 καί
2338 1887 2428 1940 τήν
2459 1882 2824 1955 φιλοφροσύνην
2854 1886 2944 1939 τήν
2973 1883 3162 1940 συνήθη
3199 1885 3317 1955 περὶ
3354 1883 3436 1937 τόν
3472 1890 3567 1941 τῆς

1981 1976 2357 2049 βασιλεύουσης
2385 1978 2576 2034 ταύτης
2604 1975 2794 2034 πόλεως
2831 1973 3027 2050 θρόνον,
3060 1983 3123 2049 τῇ
3161 1983 3377 2052 πατρικῇ
3416 1973 3567 2033 κηδε-

1980 2070 2127 2143 μονίᾳ
2154 2075 2244 2127 τῆς
2272 2067 2521 2139 ὑμετέρας
2548 2065 2936 2138 μακαριότητος⁶
2971 2063 3112 2126 ὅπως
3134 2068 3220 2137 μέν
3246 2068 3344 2139 γάρ
3367 2068 3397 2124 ἡ
3420 2066 3564 2137 ἁγία,

284 2171 471 2217 sancta
495 2171 548 2214 et
564 2157 883 2213 universalis
902 2158 1142 2229 synodus
1162 2166 1393 2212 scrutata
1409 2158 1690 2228 diligenter
1711 2175 1868 2213 exor-

1978 2164 2056 2215 καί
2100 2162 2407 2231 οἰκουμενική
2466 2158 2690 2219 σύνοδος
2748 2158 3065 2234 ἐρευνήσασα
3108 2164 3197 2217 τήν
3240 2161 3568 2231 γεγενημένην

287 2262 392 2308 tam
418 2261 795 2325 tempestatem
814 2264 1003 2308 contra
1025 2266 1366 2306 communem
1390 2265 1577 2321 pacem
1607 2251 1875 2306 invenerit

285 2356 598 2412 auctorem,
625 2344 945 2401 Dioscorum
974 2344 1126 2411 dico,
1150 2344 1240 2412 qui
1271 2343 1756 2399 Alexandrinorum
1781 2348 1877 2400 fuit

287 2438 412 2493 olim
436 2438 815 2507 episc0pu5,et
840 2436 1147 2491 sacerdotio
1169 2435 1387 2503 excidit,
1411 2449 1473 2489 ea
1502 2450 1619 2505 quae
1637 2450 1667 2489 a
1688 2445 1876 2491 sancto

283 2542 338 2589 et
380 2531 718 2589 mcuntenico
764 2529 994 2585 concilio
1022 2528 1278 2584 distincte
1317 2527 1344 2566 ιι
1385 2528 1585 2598 scripta
1634 2527 1873 2596 fuerunt,

286 2625 615 2697 signiﬁcant.
637 2622 934 2693 Oportebat
955 2623 1121 2689 enim,
1150 2622 1434 2692 oportebat
1461 2622 1575 2677 tolli
1606 2622 1674 2677 de
1698 2624 1877 2678 medio

286 2718 615 2787 improbum,
642 2715 734 2786 qui
752 2723 806 2769 et
831 2713 1062 2784 replevit
1085 2724 1252 2768 totum
1274 2713 1458 2768 orbem
1474 2715 1878 2784 tempestatibus

285 2820 341 2867 et
376 2810 651 2881 procellis.
699 2807 896 2863 Verum
945 2806 1029 2861 his
1070 2807 1285 2877 quidem
1328 2808 1529 2875 optime
1572 2808 1878 2864 constitutis

287 2903 450 2958 etiam
491 2911 725 2957 vestram
765 2900 1103 2953 sanctitatem
1131 2898 1453 2953 conﬁdimus
1479 2913 1603 2954 esse
1638 2909 1659 2937 ο
1692 2914 1878 2955 assen-

286 3011 467 3051 suram
495 3003 721 3067 propter
744 2993 986 3049 innatum
1013 3003 1252 3048 vestrum
1274 2992 1455 3048 odium
1489 3001 1676 3049 contra
1704 2992 1880 3064 pravi-

288 3096 475 3144 tatem.

356 3184 488 3238 Cu.
513 3183 606 3238 IlI.
641 3212 714 3224 —
747 3182 1011 3250 Quoniam
1058 3195 1189 3236 vero
1234 3188 1355 3247 post
1397 3179 1654 3249 judicium
1685 3179 1754 3234 de
1784 3180 1880 3235 illo

289 3278 317 3321 δ
344 3297 483 3349 opus
510 3288 629 3335 erat
669 3278 849 3351 (quem
893 3278 945 3333 in
980 3278 1137 3332 ﬁnem
1177 3276 1591 3345 diligentissime
1624 3276 1742 3345 pius
1775 3276 1876 3329 im-

292 3381 508 3443 perator
538 3382 779 3449 sanctam
813 3370 1077 3437 synodum
1110 3368 1476 3439 congregavit)
1526 3376 1584 3421 nt
1626 3369 1679 3422 in
1721 3375 1880 3423 recta:

289 3479 481 3523 vestra:
504 3466 629 3520 ﬁdei
658 3480 876 3520 sensum
894 3466 1133 3519 omnium
1162 3462 1476 3517 conveniret
1502 3462 1875 3531 intelligentia,

1978 2253 2126 2317 ζάλην
2154 2253 2284 2305 κατά
2312 2260 2404 2312 τῆς
2431 2260 2595 2312 κοινῆς
2617 2253 2812 2323 εἰρήνης
2842 2249 2957 2327 εὗρε
2987 2253 3070 2305 τὸν
3100 2249 3278 2315 αἴτιον,
3302 2251 3568 2327 Διόσκορόν

1978 2371 2124 2422 φημι,
2156 2349 2241 2404 τόν
2269 2357 2359 2409 τῆς
2387 2348 2739 2423 Ἀλεξανδρέων
2770 2344 3013 2421 γεγονότα
3050 2349 3223 2423 πρώην
3266 2349 3565 2408 ἐπίσκοπον,

1979 2447 2065 2500 καὶ
2110 2445 2327 2515 ἀπέτεμε
2374 2451 2466 2503 τῆς
2509 2443 2814 2520 ἱερωσύνης,
2863 2442 2928 2496 τά
2973 2442 3117 2515 παρά
3154 2448 3245 2501 τῆς
3293 2439 3442 2510 ἁγίας
3489 2443 3568 2494 καί

1980 2539 2321 2608 οἰκούμενικῆς
2352 2534 2565 2590 συνόδου
2613 2534 3071 2609 λεπτομερέστερον
3113 2532 3364 2607 γραφέντα
3407 2528 3564 2588 δηλοῖ.

1977 2626 2119 2683 ’Ἔδει
2147 2631 2265 2705 γὰρ,
2297 2627 2404 2683 ἔδει
2428 2629 2681 2706 ἐξαρθῆναι
2710 2627 2797 2680 τόν
2826 2626 3041 2699 πονηρόν
3072 2625 3124 2679 ἐκ
3155 2627 3337 2696 μέσου,
3365 2624 3453 2679 τόν
3483 2626 3567 2678 καὶ

1978 2729 2151 2780 πᾶσαν
2181 2727 2270 2781 τήν
2301 2723 2588 2793 οἰκουμένην
2627 2727 2880 2793 χειμῶνος
2926 2722 3010 2774 καί
3038 2719 3185 2783 ζάλης
3216 2718 3560 2788 ἐμπλήσαντα.

1979 2817 2194 2874 ’Δλλ’έπί
2234 2821 2322 2889 μὲν
2362 2818 2561 2877 τούτοις
2609 2817 2773 2876 καλῶς
2814 2814 3008 2879 δόξασι,
3044 2816 3129 2868 καί
3170 2817 3259 2872 τήν
3310 2811 3565 2885 ὑμετέραν

1981 2911 2227 2982 ἀγιότητα
2258 2911 2575 2979 πεπείσμεθα
2607 2909 2622 2938 ί
2658 2909 2885 2964 τίθεσθαι
2930 2905 3014 2961 δτά
3050 2910 3139 2964 τήν
3170 2902 3384 2976 ἔμφυτον
3412 2923 3566 2975 μισο-

1980 3006 2220 3079 πονηρίαν
2266 3003 2426 3073 ὑμῶν·
2475 2998 2647 3057 ἐπειδὴ
2694 2997 2746 3053 δέ
2794 3000 2924 3069 μετὰ
2969 2997 3052 3051 τόν
3100 2996 3175 3051 ἐπ’
3194 2997 3360 3063 ἐκείνῳ
3406 2994 3564 3047 τύπον

1981 3098 2144 3169 ίχρῆν
2172 3092 2269 3158 (διὸ
2313 3093 2534 3163 μάλιστα
2566 3088 2859 3149 σπουδαίως
2891 3088 2916 3142 ὁ
2947 3088 3160 3146 εὐσεϐής
3200 3085 3439 3157 βασιλεὺς
3476 3088 3564 3141 τήν

1983 3188 2131 3262 ἁγίαν
2152 3184 2365 3242 σύνοδον
2384 3182 2665 3261 ἤθροισεν),
2685 3185 2769 3236 ἐπὶ
2786 3184 2871 3236 τόν
2888 3189 2976 3240 τῆς
2994 3182 3139 3255 ὀρθῆς
3157 3180 3176 3209 ³
3193 3181 3329 3251 ήμῶν
3340 3179 3564 3237 πίστεως

1980 3281 2124 3353 λόγον
2154 3279 2173 3310 ⁸
2199 3281 2402 3338 πάντως
2432 3276 2686 3330 συνελθεῖν
2717 3279 2805 3333 τήν
2836 3272 3069 3327 διάνοιαν.
3088 3274 3217 3343 μετά
3240 3278 3566 3344 προσευχῆς,

1982 3376 2067 3427 καί
2096 3371 2325 3448 δακρύων
2367 3369 2747 3446 συμπαρούσης
2777 3368 2891 3436 ἡμῖν
2914 3372 2985 3437 τῷ
3014 3366 3294 3437 πνεύμμτι,
3322 3365 3406 3415 καί
3434 3382 3566 3431 συμ-

1982 3464 2312 3536 πραττούσης
2330 3459 2412 3517 διὰ
2431 3468 2529 3515 τῶν
2546 3456 2754 3514 αὐτόθεν
2775 3458 3164 3513 ἀποσταλέντων
3179 3454 3566 3528 θεοφιλεστάτων

287 3575 408 3616 eum
441 3557 687 3611 oratione
711 3566 765 3611 et
792 3555 1065 3625 laorymis,
1094 3564 1305 3609 astante
1339 3554 1493 3609 nobis
1525 3554 1578 3608 in
1609 3556 1797 3623 spiritu
1826 3562 1874 3609 et

1985 3557 2177 3632 ἀνδρῶν
2202 3566 2293 3617 τῆς
2314 3564 2408 3616 σῆς
2438 3554 2719 3614 ὁσιότητος·
2752 3553 2973 3625 ἔχοντες
2993 3554 3447 3627 ὑπερασπίζουσαν
3476 3554 3565 3608 τήν

287 3662 615 3722 c00perante
645 3666 740 3719 per
766 3648 961 3703 isthinc
985 3649 1175 3701 missos
1203 3647 1313 3700 Deo
1351 3647 1699 3701 chariSs‘imos
1732 3647 1875 3702 viros

288 3755 377 3801 tua
406 3745 728 3806 sanctitate,
767 3741 1029 3796 habentes
1070 3740 1444 3809 proteetricem
1477 3739 1872 3795 sanetissimam

289 3848 343 3894 et
381 3833 841 3904 speciosissimam
890 3834 1238 3902 Euphemiam
1290 3844 1618 3903 martyrem,
1651 3832 1873 3887 salutari

294 3938 319 3967 ο
340 3929 466 3983 huic
494 3930 646 3999 operi
678 3943 777 3982 nos
806 3928 950 3996 ipsos
977 3941 1167 3981 omnes
1197 3924 1416 3993 reliquis
1442 3924 1699 3992 depositis
1728 3925 1872 3980 curis

288 4024 626 4089 dedidimus;
654 4030 711 4077 et
734 4037 855 4076 cum
888 4031 1100 4091 tempus
1124 4020 1419 4089 postularet
1450 4026 1507 4071 ut
1525 4020 1737 4089 1128
1758 4034 1875 4071 om-

289 4132 386 4171 nes
410 4116 722 4184 congregati
756 4113 1080 4168 sanetissimi
1113 4111 1348 4180 episcopi
1376 4108 1395 4150 ί
1427 4113 1747 4167 concordem
1774 4110 1871 4164 de-

288 4208 586 4261 ﬁnitionem
609 4206 833 4260 ederent
854 4205 917 4258 ad
947 4205 1382 4272 explicationem,
1411 4212 1462 4256 et
1483 4202 1765 4256 clariorem
1793 4202 1875 4256 in-

289 4298 637 4367 telligentiam
663 4296 1019 4351 confessionis
1049 4298 1099 4351 in
1120 4294 1399 4349 Dominum
1427 4305 1665 4348 nostrum
1688 4294 1872 4349 Jesum

285 4391 563 4447 Christum
589 4406 605 4455 ;
639 4389 897 4443 Dominus
923 4388 1062 4442 Deus
1092 4375 1344 4442 inventus
1364 4433 1378 4453 ,
1409 4396 1463 4441 et
1489 4402 1596 4441 non
1627 4402 1873 4455 quaeren.

286 4484 430 4540 tibus
458 4498 758 4554 apparens,
801 4495 1067 4552 apparens
1106 4488 1286 4535 autem
1314 4478 1475 4534 etiam
1507 4493 1612 4532 non
1644 4478 1874 4533 interro-

357 4721 387 4750 ι
418 4710 514 4765 fite
541 4712 743 4765 chartae
778 4708 1014 4779 quaedam
1045 4721 1076 4757 a
1103 4705 1245 4758 nobis
1280 4702 1570 4779 specialiter
1600 4710 1715 4779 ecta
1743 4715 1872 4754 con-

285 4786 465 4839 tinere
490 4774 926 4836 tradunturfSub
954 4778 1113 4831 ﬁnem
1140 4790 1270 4829 vero
1293 4775 1531 4840 epistola:
1548 4774 1612 4827 ad
1640 4775 1871 4826 Leonem

286 4859 452 4910 missa
486 4855 681 4908 dicitur
705 4850 949 4905 defluitio
979 4865 1072 4917 pro
1103 4847 1230 4899 Sede
1258 4844 1869 4917 Constantinopolitana,

284 4942 405 4996 quae
433 4941 556 4978 cum
591 4932 710 4994 post
732 4914 1036 4996 absolutam
1073 4921 1339 4996 actionem
1374 4917 1474 4968 diei
1507 4916 1568 4996 5.1
1602 4914 1869 4996 Octobris,

283 4984 605 5051 absentibus
633 4993 840 5059 legatis,
872 4991 1151 5044 lucubrata
1181 4988 1343 5040 fuerit
1370 4996 1517 5054 gesta
1543 4987 1595 5040 in
1627 4984 1871 5059 eamdem

282 5082 402 5122 rem
452 5068 639 5120 iisdem
668 5057 984 5117 absentibus
1013 5060 1298 5132 specialiter
1324 5070 1439 5111 aeta
1464 5099 1478 5123 ,
1527 5071 1641 5112 sum
1669 5057 1875 5111 scilicet

282 5140 434 5193 sedis
464 5137 643 5190 favore
671 5135 893 5189 iudieari
918 5134 1193 5187 videntur.

360 5207 389 5246 δ
419 5207 740 5277 Intelligitur
768 5203 1169 5277 relatiosynodi
1199 5198 1265 5254 ad
1298 5197 1555 5266 Leonem,
1586 5211 1745 5267 quam
1776 5210 1869 5249 su-

283 5280 473 5351 perius
498 5276 744 5333 dedimus
774 5278 930 5351 epist.
957 5276 1047 5330 96.

363 5361 388 5389 ε
420 5350 556 5404 Nata
582 5340 861 5402 assensum
878 5347 1239 5399 Romanorum
1258 5340 1570 5410 pontiﬁcum
1596 5340 1728 5394 actis
1745 5352 1874 5392 con-

282 5422 395 5479 cilii
432 5422 768 5490 requisitum,
799 5426 851 5470 et
876 5417 1095 5490 omnino
1118 5415 1364 5490 liberum.

359 5493 391 5528 ά
420 5479 659 5546 Adverte
688 5479 1060 5543 necessitatem
1088 5483 1438 5540 conveniendi
1468 5497 1587 5536 eum
1630 5481 1734 5535 ﬁde
1765 5479 1875 5534 Ro-

283 5566 436 5622 mani
468 5560 846 5634 pontiﬁcisab
885 5558 1154 5634 Anatolio“
1170 5553 1659 5634 ⁸ειεεςεξειέξιη..Ιθὶιίιτί
1693 5565 1874 5634 autem

284 5623 511 5693 nomine
537 5631 788 5701 intelligit
816 5629 1093 5698 epistolam
1123 5624 1223 5691 28,
1257 5627 1321 5701 ad
1348 5623 1688 5701 Flavianum“,
1718 5626 1870 5701 cujus

331 5708 511 5762 uidem
557 5691 740 5759 lectio"
762 5701 816 5755 in
852 5691 1095 5755 'concilio
1139 5698 1411 5766 pra-missa
1443 5697 1538 5753 fuit
1573 5691 1869 5749 deﬁnitioni

331 5725 511 5762 "Idem
558 5725 717 5759 ICCIIO
764 5725 816 5755 Ill
867 5725 1095 5755 CUIICIIIU
1141 5725 1411 5766 pt'wlmaa'a
1443 5725 1538 5753 iuu
1573 5725 1869 5749 ucmuumu

285 5725 441 5835 ﬁdei.
490 5776 733 5845 Cumque
776 5771 1028 5845 nonnulli
1049 5769 1297 5845 episcopi
1320 5768 1495 5845 minus
1540 5776 1684 5845 recte
1722 5778 1871 5845 asse-

286 5833 405 5905 cuti
432 5848 629 5904 Leonis
648 5833 917 5908 'mentem,
965 5833 1167 5910 aliquot
1192 5833 1530 5910 di'lﬁcultates
1560 5836 1611 5889 in
1647 5849 1709 5910 ea
1737 5833 1875 5910 reci-

292 5904 489 5993 pienda
513 5904 957 5987 proposuissent.
987 5904 1113 5969 hinc
1141 5910 1195 5967 in
1223 5907 1452 5965 concilio
1483 5919 1658 5961 actum
1685 5904 1781 5959 fuit
1813 5912 1871 5958 ut

1983 3648 2267 3721 ἀγιωτάτην
2278 3688 2290 3707 ,
2305 3650 2389 3699 καί
2403 3647 2674 3702 καλλίστην
2687 3646 2941 3715 Εὑφημίαν
2954 3648 3044 3702 τήν
3062 3644 3303 3719 μάρτυρα
3320 3649 3394 3715 τῷ
3407 3663 3566 3699 σωτη‹

1981 3744 2074 3818 ρίῳ
2100 3743 2264 3812 τούτῳ
2294 3740 2508 3801 ἑαυτούς
2539 3738 2762 3797 ἅπαντες
2784 3739 2913 3808 μετὰ
2941 3738 3110 3796 πάσης
3131 3736 3327 3806 σχολῆς
3352 3732 3565 3789 δεδώκατε

1982 3854 2075 3903 μεν
2088 3833 2373 3906 πράγματι,
2390 3834 2472 3884 καί
2493 3833 2536 3900 ι
2715 3830 3052 3885 ἀπαιτοῦντος
3074 3831 3165 3880 τοῦ
3180 3831 3355 3900 καιροῦ
3368 3828 3564 3884 πάντας

1982 3928 2101 3985 τούς
2142 3925 2549 3996 συνειλεγμένους
2598 3923 2909 3995 ἁγιωτάτους
2953 3918 3258 3979 ἐπισκόπους
3297 3920 3562 3991 σύμφωνον

1981 4016 2093 4093 ὅρον
2115 4019 2393 4089 ἐξενεγκεῖν·
2408 4017 2535 4092 πρὸς
2556 4019 2846 4087 σαφήνειαν,
2864 4017 2942 4069 καὶ
2963 4013 3268 4088 τρανοτάτην
3286 4008 3563 4079 κατάληψιν

1977 4117 2069 4169 τῆς
2098 4111 2170 4168 εἰς
2207 4109 2291 4163 τόν
2331 4109 2504 4184 Κύριον
2550 4108 2690 4177 ήμῶν
2734 4105 2926 4164 Ἰησοῦν
2971 4106 3187 4178 Χριστόν
3234 4101 3501 4173 ὁμολογίας
3536 4099 3562 4155 ὅ

1980 4202 2240 4261 Δεσπότης
2280 4202 2401 4261 Θεὸς
2441 4200 2819 4275 εὑρισκόμενος,
2851 4202 2935 4253 καί
2969 4208 3072 4260 τοῖς
3109 4203 3180 4269 μή
3208 4201 3444 4261 ζητοῦσιν
3474 4196 3561 4266 ἐμ-

1976 4294 2327 4369 φανιζόμενος’
2356 4293 2738 4365 ίμφανιζόμενος
2778 4289 2830 4346 δέ
2864 4295 2949 4345 καί
2986 4298 3086 4352 τοῖς
3124 4294 3193 4361 μή
3241 4291 3560 4363 ἐπερωτῶσιν

1978 4388 2146 4441 αὐτόν.
2182 4390 2238 4439 Εἰ
2266 4387 2349 4439 καί
2375 4404 2508 4444 τινες
2544 4388 2633 4443 τήν
2662 4385 2839 4459 ἀρχήν
2879 4382 3249 4456 διαφιλονεικεῑν
3281 4382 3558 4455 ἐπεχείρη-

1981 4500 2100 4543 σαν,
2129 4476 2367 4542 ἀνέδειξεν
2395 4474 2533 4547 ὅμως
2558 4480 2648 4535 τὴν
2679 4476 2862 4532 ἑαυτοῦ
2892 4477 3137 4542 ἀλήθειαν,
3167 4478 3249 4531 καί
3274 4472 3557 4548 ᾤκονόμησε

1977 4696 2318 4752 difficultates
2338 4695 2599 4766 ejusmodi
2624 4694 3061 4754 dissolverentur.
3094 4693 3276 4766 sicque
3293 4694 3557 4766 invectum

1976 4780 2158 4823 vestra:
2202 4769 2323 4836 fidei
2365 4764 2569 4822 sensum
2614 4767 2841 4819 omnium
2869 4766 3164 4836 conveniret
3193 4764 3554 4836 intelligentia.

1978 4834 2212 4893 Advorte
2243 4850 2501 4907 praeterea
2544 4839 2656 4891 ltazc
2677 4846 2823 4907 gesta
2854 4835 3019 4890 fuisse
3060 4843 3173 4906 post
3206 4835 3465 4906 judicium
3496 4834 3558 4886 de

1978 4911 2090 4972 illo,
2126 4910 2175 4963 id
2203 4920 2285 4964 est
2304 4910 2371 4963 de
2401 4910 2675 4963 Dioscoro.

2057 4986 2079 5013 ⁸
2110 4981 2367 5035 Nimirum
2391 4980 2718 5048 disjicieudis
2733 4976 3140 5033 difficultatibus
3162 4984 3215 5029 et
3233 4974 3557 5048 persuaden-

1979 5052 2063 5107 dis
2084 5053 2367 5122 episcopis,
2400 5046 2489 5121 qui
2517 5051 2800 5122 epistolam
2823 5052 2888 5102 ad
2923 5049 3233 5122 Flavianum
3266 5046 3443 5122 minus
3474 5046 3557 5122 in:

1899 5108 1952 5169 D
1981 5108 2282 5193 tellig'entes'
2305 5163 2317 5181 .
2356 5108 2582 5175 ineunte
2610 5121 2837 5174 concilio
2878 5119 3091 5193 actione
3109 5116 3345 5193 secunda
3365 5156 3380 5179 ,
3413 5114 3556 5193 apud

1978 5185 2281 5250 Anatolium
2311 5207 2632 5258 convenere,
2661 5201 2721 5245 ut
2750 5198 2979 5244 tractatu
3003 5189 3181 5243 habito
3211 5201 3424 5239 omnem
3452 5185 3558 5258 du-

1976 5266 2290 5320 bitationem
2316 5272 2604 5328 exrierent,
2621 5255 2773 5329 quod
2803 5261 3027 5315 feliciter
3055 5260 3277 5329 evenit,
3297 5255 3558 5329 quemad-

1978 5336 2193 5391 modum
2228 5336 2451 5390 traditur
2478 5325 2689 5390 actione
2727 5346 2947 5404 quarta,
2994 5345 3116 5401 pag.
3152 5326 3289 5382 1582
3322 5336 3378 5381 et
3415 5325 3555 5382 1585

1978 5416 2086 5461 tom
2118 5407 2181 5461 IV
2237 5407 2444 5461 Concil.

2056 5477 2073 5516 ί
2113 5478 2240 5532 Post
2267 5476 2607 5531 concordiam
2643 5474 2882 5529 omnium
2915 5473 2966 5526 in
2997 5468 3303 5540 recipienda
3328 5466 3557 5540 epistola

1980 5552 2038 5604 S.
2062 5548 2258 5602 Leonis
2274 5590 2289 5612 ,
2322 5549 2388 5601 de
2410 5546 2665 5601 concordi
2692 5544 3003 5602 definitione
3021 5536 3228 5600 edenda
3253 5550 3434 5596 actum
3459 5536 3558 5593 fuit

1973 5622 2184 5675 actione
2215 5618 2419 5688 quinta.

2047 5691 2064 5721 ¹
2106 5690 2232 5758 Leg.
2248 5732 2261 5755 ,
2296 5690 2636 5745 συντίθεσθαι.

2045 5765 2065 5794 ³
2107 5763 2235 5831 Leg.
2248 5805 2261 5829 ,
2292 5767 2445 5831 ῦμῶν.

2044 5834 2066 5865 ⁸
2108 5832 2259 5901 Leg.,
2288 5833 2507 5888 πάντων.
