4042 6350
553 317 657 378 983

1681 316 1740 375 8.
1782 316 2028 374 LEONIS
2069 316 2281 373 MAGNI
2324 315 2699 376 EPISTOLE.

3727 327 3822 389 ’ω

552 433 695 491 hanc
747 433 933 490 sedem
990 432 1292 501 habentes,
1356 441 1409 489 et
1461 433 1729 489 facientes
1778 434 1958 489 omnia
2016 449 2119 504 qua

2244 434 2513 509 ἀρχόντων
2534 444 2610 511 τῷ
2637 435 2907 514 συνεδρίῳ,
2926 441 3012 494 καὶ
3038 439 3430 514 ἀποφηναμένων
3452 438 3544 498 τόν
3571 440 3716 517 παρὰ
3734 452 3821 505 sic

549 529 805 599 injuriam
844 527 1075 584 afferunt
1115 538 1227 584 tum
1267 527 1431 592 mihi,
1486 537 1598 583 tum
1641 527 2141 599 Constantinopolis

548 623 908 679 sanctissimae
954 622 1238 677 Ecclesiae.
1287 621 1591 678 Constituta
1641 633 1767 678 sunt
1813 626 1975 679 etiam
2022 624 2140 680 haec

550 726 683 771 nutu
730 716 1097 786 piissimorum
1148 724 1459 772 nostrorum
1501 718 1920 787 imperatorum,
1956 726 2139 774 astan-

528 808 692 864 tibus
755 815 811 863 et
876 809 1427 878 magnificentissimis
1482 810 1997 882 gloriosissimisque
2049 811 2138 881 ju-

545 900 760 956 dicibus
809 900 1077 970 concilio,
1135 913 1190 956 et
1243 904 1715 971 pronuntiantibus
1766 903 2136 960 deﬁnitionem

546 1002 754 1049 sanctae
805 995 1002 1068 synodi
1050 1008 1172 1051 esse
1223 995 1433 1051 firmam
1468 1037 1482 1061 ,
1538 996 1846 1068 obnixeque
1902 1007 1956 1053 et
2004 999 2135 1068 ipsis

544 1088 1003 1144 contendentibus
1055 1098 1110 1144 ct
1159 1090 1500 1160 cupientibus
1553 1105 1617 1147 ea
1668 1107 1789 1160 qua:
1841 1091 1909 1147 ad
1964 1091 2136 1147 hono-

542 1194 659 1236 rem
698 1182 844 1238 sedis
873 1192 1143 1253 spectant,
1185 1193 1243 1238 ut
1279 1183 1533 1251 diximus,
1576 1200 1802 1254 quorum
1843 1200 1907 1240 ex
1951 1185 2135 1240 multis

549 1289 719 1343 pauca
748 1276 903 1331 vobis
942 1286 1067 1332 nota
1107 1276 1357 1343 fecimus,
1389 1293 1458 1332 ne
1487 1276 1766 1333 videamur
1789 1287 1815 1315 ⁸
1837 1279 1985 1348 ipsos
2010 1279 2132 1350 qui—

546 1365 668 1421 dem
690 1383 936 1438 gravare,
953 1384 1114 1425 aures
1132 1384 1264 1425 vero
1285 1377 1493 1425 vestras
1515 1369 1836 1426 obtundere.
1859 1370 1969 1427 Nos
1989 1372 2131 1428 enim

541 1469 595 1513 et
622 1468 746 1515 ante
776 1470 829 1515 et
862 1470 982 1530 post
1012 1460 1250 1532 ipsorum
1275 1462 1598 1529 adventum,
1638 1479 1758 1532 qua:
1797 1465 1862 1517 ad
1894 1476 2131 1521 vestram

538 1551 770 1620 gloriam
800 1564 856 1608 et
887 1555 1147 1610 honorem
1179 1556 1417 1613 debitum
1452 1561 1746 1628 pertinent,
1776 1559 2050 1615 curavisse
2078 1562 2130 1616 in

538 1645 816 1716 omnibus,
842 1660 897 1702 et
916 1647 1059 1704 Deus
1085 1660 1167 1705 est
1195 1652 1370 1717 testis,
1391 1663 1444 1707 et
1468 1652 1580 1720 ipsa
1603 1651 1740 1706 facta
1765 1654 2127 1723 manifestam,

536 1743 810 1812 quomodo
841 1744 1046 1801 scificet
1071 1755 1127 1801 et
1155 1745 1302 1815 ipsos
1338 1746 1544 1803 honore
1571 1754 1627 1802 et
1656 1764 1941 1804 munerum
1973 1766 2129 1807 reve-

2245 527 2394 601 ἁγίας
2438 526 2655 584 συνόδου
2683 527 2800 603 ὅρον
2826 531 3033 603 βέϐαιον
3062 528 3209 600 εἶναι,
3244 535 3335 588 καὶ
3360 534 3820 610 προσφιλοτιμοσα-

2242 623 2404 693 μένων
2433 624 2512 676 καὶ
2541 624 2711 679 αὑτῶν
2748 625 2813 679 τά
2842 627 2913 686 εἰς
2943 632 3113 698 τιμὴν,
3144 628 3372 704 καθάπερ
3421 630 3703 706 εἰρήκαμεν.
3730 636 3819 686 τοῦ

2240 716 2412 794 θρόνου
2439 720 2791 783 συντείνοντα,
2828 720 2960 795 ἅπερ
2990 724 3045 775 ἐκ
3074 720 3264 777 πολλῶν
3294 723 3436 793 ὀλίγα
3463 723 3581 795 ὑμῖν
3629 722 3820 801 ἐγνωρίο

2243 831 2403 882 σαμεν
2432 852 2446 874 ,
2486 812 2567 866 ἶνα
2612 817 2684 886 μὴ
2732 811 2950 885 δόξωμεν
3000 816 3183 874 αὐτούς
3230 817 3320 887 μὲν
3368 816 3564 892 βαρεῖν,
3617 826 3727 879 ταῖς
3768 817 3819 875 δέ

2238 904 2419 966 άκοαῖς
2447 912 2564 963 ταῖς
2588 905 2863 981 ὑμετέραις
2890 906 3250 978 παρενοχλεῖν.
3301 905 3469 978 Ἥμεῖς
3495 908 3595 981 γάρ
3625 907 3701 963 ὅτι
3739 911 3821 967 καὶ

2238 997 2342 1071 πρὸ
2379 1005 2474 1059 τῆς
2507 1001 2672 1052 αὑτῶν
2710 1002 3023 1070 παρουσίας.
3054 1001 3121 1053 τά
3163 1001 3234 1058 εἰς
3275 994 3427 1063 δόξαν
3455 1000 3705 1075 ὑμετέραν
3745 1000 3820 1057 mi

2237 1094 2384 1160 τιμὴν
2423 1095 2513 1149 τὴν
2554 1091 2866 1165 ὀφειλομένην
2897 1093 2945 1144 ἐν
2973 1097 3111 1145 πᾶσι
3154 1089 3551 1166 διεπραξάμεθα,
3585 1095 3666 1146 καὶ
3698 1095 3816 1163 μετά

2236 1186 2327 1240 τὴν
2366 1182 2535 1238 αὑτῶν
2579 1185 2899 1259 παρουσίαν,
2930 1184 3048 1244 Θεὸς
3084 1204 3140 1239 τε
3180 1184 3402 1259 μάρτυς,
3435 1186 3524 1237 καὶ
3560 1185 3693 1240 αὑτά
3732 1206 3816 1240 πε·

2235 1279 2503 1352 πραγμένα
2548 1276 2705 1336 δηλοῖ.
2753 1274 2929 1338 Ὀπως
2971 1298 3027 1351 γε
3075 1280 3161 1331 καὶ
3204 1278 3392 1336 αὐτούς
3432 1284 3585 1346 τιμῆς
3624 1297 3709 1341 τε,
3738 1279 3817 1332 καὶ

2236 1369 2537 1445 δορυφορίας
2576 1372 2864 1440 ἠξιώσαμεν
2888 1368 3042 1434 αἰδοῖ,
3075 1371 3157 1424 καὶ
3184 1377 3305 1444 τιμῇ
3331 1376 3394 1442 τῇ
3418 1370 3540 1445 περί
3563 1369 3720 1440 ὑμᾶς,
3738 1371 3817 1424 καὶ

2234 1467 2322 1520 τὸν
2364 1472 2591 1521 τοιοῦτον
2627 1466 2789 1519 τύπον
2832 1466 2915 1520 ἐπὶ
2961 1469 3052 1523 τὴν
3080 1463 3330 1539 ὑμετέραν
3361 1460 3608 1520 ὁσιότητα
3645 1464 3676 1520 ἡ
3704 1462 3817 1534 alr/ia

2235 1556 2448 1618 σύνοδος
2472 1559 2703 1630 ἀνήνεγκε
2748 1560 2833 1612 καὶ
2873 1560 3044 1629 ἡμεῖς,
3078 1553 3198 1631 ἐφίζι
3226 1577 3279 1611 τε
3324 1555 3450 1633 παρ’
3466 1557 3609 1627 ὑμῶν
3633 1564 3815 1627 τυχεῖν

2236 1652 2601 1718 συναινέσεως,
2653 1655 2739 1705 καὶ
2781 1650 3139 1723 βεϐαιότητος,
3189 1650 3585 1725 παρακαλοῦμέν
3622 1670 3710 1708 τε.
3740 1652 3814 1706 καὶ

2232 1751 2385 1799 τοῦτο
2442 1742 2718 1820 παρ’ὑμῶν
2768 1745 3015 1817 γενέσθαι,
3048 1744 3343 1816 ἁγιώτατοι.
3403 1753 3460 1797 Ὁ
3506 1748 3609 1818 γάρ
3649 1743 3816 1819 θρόνος

536 1836 709 1891 rentia
737 1836 943 1908 dignati
975 1839 1176 1894 simus:
1208 1849 1263 1895 et
1291 1840 1513 1895 honoris
1538 1843 1730 1912 gratia,
1756 1859 1862 1913 quo
1884 1859 1980 1899 vos
2001 1860 2119 1913 pro-

2234 1838 2800 1897 Κωνσταντινουπόλεως
2840 1836 2871 1891 ἕ
2875 1858 2965 1909 χει
3005 1837 3205 1911 πατέρα
3232 1836 3316 1891 τόν
3347 1835 3679 1891 ἆποστολικόν
3705 1835 3814 1910 θρό-

534 1929 834 1999 sequimur,
889 1931 1153 2001 ejusmodi
1213 1931 1380 1987 etiam
1439 1932 1720 1988 decretum
1768 1935 1833 1988 ad
1884 1949 2122 1993 vestram

534 2024 880 2078 sanctitatem
903 2034 1089 2078 sancta
1114 2026 1352 2094 synodus
1372 2026 1581 2091 retulit,
1606 2035 1661 2081 et
1688 2042 1788 2081 nos
1808 2025 1836 2065 δ
1863 2035 1921 2082 ut
1940 2043 2129 2099 appro-

538 2112 809 2168 bationem
840 2130 869 2168 a
900 2115 1052 2170 vobis
1082 2116 1663 2188 contirmationemque
1693 2132 2124 2189 consequamur;

533 2204 996 2279 obsecramusque
1024 2218 1082 2263 ut
1113 2208 1216 2263 hoc
1245 2210 1407 2264 etiam
1438 2224 1536 2279 per
1556 2224 1673 2277 vos,
1707 2225 1741 2265 ο
1771 2212 2123 2280 sanctissimi,

533 2298 822 2355 efficiatur.
855 2302 988 2356 Nam
1017 2302 1175 2358 sedes
1199 2301 1698 2373 Constantinopolis
1728 2303 1890 2360 habet
1915 2317 2124 2377 patrem

536 2393 793 2449 thronum
834 2397 1189 2465 apostolicum
1220 2407 1490 2463 vestrum,
1525 2398 1799 2469 praacipuo
1836 2408 1997 2471 atque
2032 2416 2127 2457 ex-

532 2485 752 2540 cellenti
786 2488 946 2542 modo
971 2503 1032 2544 se
1061 2489 1230 2558 ipsam
1260 2489 1537 2544 vobiscum
1569 2490 1937 2561 conjungens,
1971 2501 2028 2547 ut
2057 2508 2123 2548 ex

531 2587 708 2632 vestra
753 2578 820 2633 de
861 2580 979 2650 ipsa
1020 2581 1405 2649 sollicitudine,
1452 2595 1645 2637 omnes
1673 2583 1890 2652 quidem
1922 2584 2123 2639 intelli-

529 2684 680 2744 gant,
707 2688 803 2730 vos
822 2674 1030 2743 jamdiu
1063 2675 1229 2745 ipsius
1258 2678 1561 2731 commodis
1587 2679 1800 2731 sincere
1825 2678 2117 2734 consulen-

530 2776 643 2832 tes,
688 2768 850 2823 etiam
887 2785 1029 2824 nunc
1059 2770 1309 2825 eamdem
1339 2785 1525 2825 curam
1561 2770 1761 2826 habere
1790 2771 1859 2825 de
1892 2771 2000 2825 illa.
2055 2773 2121 2827 Et

528 2861 669 2915 sicut
698 2860 851 2915 utilia
877 2861 1251 2918 ecclesiastico
1280 2863 1441 2916 statui
1476 2863 1658 2917 omnia
1679 2877 1798 2933 qua:
1826 2871 2117 2919 consecuta

526 2963 684 3019 sunt,
732 2962 789 3008 et
831 2954 937 3009 rite
976 2962 1124 3025 gesta
1159 2954 1210 3007 in
1244 2954 1584 3010 sanctissima
1616 2963 1673 3010 et
1700 2955 1993 3011 universali
2024 2973 2117 3026 sy-

526 3045 669 3100 nodo
696 3054 813 3101 rata
844 3046 1045 3101 habere
1073 3057 1095 3084 ο
1119 3045 1498 3117 dignabimini,
1539 3050 1707 3116 ipsam
1740 3064 1951 3117 quoque
1981 3048 2118 3104 defi-

526 3140 787 3195 nitionem
829 3140 1192 3211 supradictam
1234 3141 1301 3195 de
1340 3141 1470 3196 sede
1508 3142 2115 3212 Constantinopolitana

2228 1955 2311 1988 νον
2340 1934 2479 2005 ὑμῶν
2508 1934 2862 2007 κατεξαὶρετον
2901 1931 3080 1987 ἑαυτὸν
3127 1928 3367 2001 συνάψεις
3401 1929 3420 1960 ⁸
3449 1931 3597 2002 ἡμῖν,
3624 1929 3711 1984 ἶνα
3735 1931 3815 1986 καὶ

2231 2024 2316 2081 διά
2334 2034 2425 2085 τῆς
2446 2025 2586 2095 ὑμῶν
2609 2027 2727 2098 περὶ
2747 2024 2899 2078 αὑτὸν
2919 2022 3177 2099 φροντίδος
3195 2022 3419 2083 ἅπαντες
3437 2024 3527 2095 μέν
3547 2023 3812 2087 πεισθεῖεν,

2230 2118 2310 2174 ὅτι
2351 2120 2571 2190 γνησίως
2615 2113 2799 2172 ἄνωθεν
2842 2117 3271 2192 προνοησάμενοι,
3304 2118 3393 2169 καί
3431 2122 3518 2170 νῦν
3544 2120 3637 2175 τήν
3672 2117 3813 2174 αὐτόν

2229 2209 2450 2282 ἔχοντες
2484 2208 2743 2282 διαμένετε
2779 2212 2898 2288 περί
2926 2210 3077 2265 αὑτὸν
3106 2207 3364 2285 φροντίδα,
3397 2211 3481 2263 καὶ
3514 2211 3583 2270 ὥς
3621 2209 3813 2264 λυσιτε-

2226 2303 2411 2358 λοῦντα
2453 2300 2506 2357 δέ
2645 2302 3040 2379 ἐκκλησιαστικῇ
3080 2303 3396 2358 καταστάσει
3420 2303 3442 2332 ²
3469 2302 3810 2367 καταξιῶσατε

2231 2394 2435 2449 ἅπαντα
2461 2401 2697 2466 κυρῶσαι
2725 2395 2794 2449 τά
2824 2393 3351 2468 παρακολουθήσαντα
3390 2395 3652 2470 ἐγγράφως
3680 2396 3728 2449 έν
3753 2403 3810 2472 τῇ

2227 2487 2485 2561 ἁγιωτάτῃ
2509 2490 2594 2540 καὶ
2617 2487 2934 2559 οἱκουμενίκῃ
2963 2484 3182 2559 συνόδῳ,
3209 2488 3295 2540 καὶ
3317 2486 3471 2542 αὑτὸν
3501 2484 3556 2541 δέ
3581 2486 3668 2542 τόν
3691 2508 3809 2564 προσ

2227 2579 2497 2655 ειρημένων
2538 2582 2748 2653 περὶτοῦ
2787 2578 2957 2649 θρόνου
2998 2585 3091 2638 τῆς
3128 2578 3679 2640 ιωσταντινουπόλεως
3705 2577 3810 2655 ὅρον

2227 2671 2625 2744 ἐσπουδάσαμεν
2646 2673 2950 2728 ἀποστεῖλαι
2963 2674 3097 2748 πρός
3118 2677 3208 2732 τήν
3228 2672 3483 2748 ὑμετέραν
3504 2672 3804 2745 ἁγιωσύνην·

2222 2767 2305 2821 ἵνα
2331 2764 2440 2838 ἔχη
2455 2786 2509 2819 τε
2534 2763 2732 2823 εἰδέναι,
2752 2767 2818 2825 ὡς
2844 2766 3027 2835 εὐχαῖς
3047 2772 3160 2826 ταῖς
3177 2764 3452 2840 ὑμετέραις
3715 2764 3806 2817 θεο-

2226 2860 2393 2931 σόφως
2413 2857 2617 2915 ἅπαντα
2638 2859 2973 2932 ᾠκονόμηται,
3003 2860 3087 2912 καὶ
3114 2858 3500 2934 παρακαλοῦμεν
3520 2861 3804 2933 πρόσφορον

2222 2953 2493 3027 ἀπόκρισιν
2528 2951 2773 3016 δέξασθαι
2815 2951 3030 3010 ἑκάστην
3051 2950 3289 3004 ὑπόθεσιν
3320 2948 3649 3010 διδάσκοντος
3677 2951 3805 3021 ὑμᾶς

2222 3045 2430 3101 ἅπαντα
2457 3052 2549 3099 τοῦ
2595 3044 2976 3116 θεοφιλεστάτου
3008 3042 3291 3098 ἐπισκόπου
3322 3049 3623 3108 Λουκιανοῦ,
3656 3038 3710 3102 ὃς
3735 3043 3804 3096 παὶ

2222 3141 2373 3199 αὑτός
2410 3142 2587 3213 παρὼν
2704 3137 2825 3211 ἁγίᾳ
2863 3135 3083 3210 συνόδῳ,
3110 3140 3193 3191 καὶ
3231 3136 3485 3211 ἐμφρόνως
3527 3138 3594 3191 τά
3626 3134 3805 3191 δύνατά

526 3233 831 3288 curavimus
880 3233 1198 3289 mittendam
1246 3233 1315 3288 ad
1355 3244 1588 3289 vestram
1642 3237 2015 3299 sanctitatem,
2059 3247 2119 3291 ut

2227 3236 2514 3305 εἰσενεγκὼν
2562 3239 2634 3302 τῷ
2675 3234 2795 3305 περὶ
2834 3237 2927 3289 τῆς
2970 3231 3193 3288 πίστεως
3230 3230 3370 3300 ἡμῶν
3400 3230 3559 3301 ἀγῶνι
3607 3228 3801 3300 ιπελέγο

526 3341 858 3396 cognoscere
883 3329 1051 3396 possit
1074 3328 1528 3398 quemadmodum
1549 3328 1746 3383 vestris
1768 3327 1980 3399 1136
2001 3342 2120 3394 pre-

528 3418 683 3473 cibus
723 3435 788 3473 ex
833 3420 1014 3475 divina
1064 3420 1324 3490 sapientia
1373 3421 1557 3475 omnia
1603 3419 1818 3474 fuerunt
1863 3428 2111 3489 peracta;

526 3510 989 3581 vehementerque
1018 3513 1355 3568 obtestamur
1384 3520 1445 3567 ut
1476 3526 1768 3582 congruam
1801 3512 2115 3581 responsio-

525 3618 649 3657 nem
695 3603 919 3673 recipiat
966 3619 1300 3677 unaqumque
1351 3604 1685 3675 propositio,
1733 3603 1963 3659 docente
2011 3618 2112 3659 vos

525 3698 706 3750 omnia
734 3695 831 3752 Dei
855 3698 1226 3753 amantissimo
1250 3697 1505 3767 episcopo
1528 3697 1789 3761 Luciano,
1813 3697 1899 3767 qui
1922 3705 1978 3751 et
1998 3697 2112 3766 ipse

525 3803 767 3859 praesens
800 3804 987 3846 sancto
1017 3791 1280 3859 concilio,
1321 3801 1376 3847 et
1414 3807 1624 3847 summa
1660 3805 1781 3847 cum
1822 3790 2109 3860 prudentia

525 3896 623 3953 pro
651 3880 790 3938 vhili
825 3893 973 3953 parte
1000 3885 1307 3940 allaborans
1334 3895 1522 3941 nostro
1553 3885 1733 3940 studio
1765 3900 1893 3954 erga
1925 3885 2108 3950 ﬁdem,

524 3975 727 4031 electus
757 3986 839 4033 est
869 3995 896 4032 a
931 3978 1109 4045 nobis,
1141 3988 1200 4036 ut
1230 3980 1365 4036 bene
1395 3994 1459 4035 ac
1490 3980 1723 4036 feliciter
1750 3981 1917 4035 nostri
1950 3981 2113 4034 obse-

523 4069 631 4138 quii
662 4081 785 4138 erga
816 4084 913 4125 vos
942 4071 1087 4125 vices
1113 4072 1434 4141 susciperet,
1464 4086 1585 4127 cum
1613 4073 1685 4127 sit
1710 4073 1792 4126 vir
1820 4073 2108 4141 perfectus,

2220 3327 2342 3404 παρ’
2359 3328 2498 3397 ἡμῶν
2547 3324 2973 3399 ὑπηρετήσασθαι
3019 3331 3081 3399 τῇ
3134 3323 3263 3398 πρὸς
3318 3323 3453 3393 ὑμᾶς
3506 3322 3586 3375 ἐπ’
3606 3323 3803 3394 ἀγαθοῖς

2219 3418 2459 3494 διακονίᾳ·
2486 3420 2609 3495 ἀνὴρ
2642 3419 2827 3478 τέλειος
2855 3418 3139 3492 ὑπάρχων,
3161 3422 3273 3475 τοῖς
3304 3436 3357 3468 τε
3389 3414 3796 3480 εὑσεϐεστάτοις,

2217 3514 2298 3564 καὶ
2326 3511 2677 3583 φάοχρίστοις
2716 3511 2852 3580 ἡμῶν
2898 3508 3197 3579 βασιλεῦσιν
3245 3502 3428 3560 ἄνωθεν
3468 3506 3623 3577 φίλος
3656 3503 3801 3583 ὅνπερ

2215 3605 2580 3659 ἀπολαύσαντα
2622 3612 2712 3663 τῆς
2760 3603 3011 3675 ὑμετέρας
3060 3600 3372 3674 άγαθότητος
3402 3605 3652 3675 χαίροντα
3679 3600 3798 3677 πρὸς

2213 3702 2348 3771 ἡμᾶς
2376 3697 2632 3769 ἐκπέμψαι
2659 3697 3028 3760 καταξιώσατε.
3060 3698 3235 3749 Πᾶσαν
3262 3698 3351 3751 τήν
3381 3695 3476 3745 σύν
3589 3693 3799 3767 ὑμετέρᾳ

2214 3790 2549 3867 μακαριότητι
2596 3791 2646 3843 ἐν
2692 3794 2897 3864 Χριστῷ
2940 3784 3247 3858 ἀδελφότητα
3280 3784 3375 3860 ἐγώ
3405 3804 3483 3843 τε.
3531 3787 3612 3837 καὶ
3637 3784 3681 3837 οἱ
3708 3786 3798 3836 σύν

2217 3884 2327 3953 ἐμοὶ
2349 3882 2573 3937 πλεῖστα
2601 3881 3071 3956 προσαγορεύομεν.
3101 3875 3412 3951 Ἐῥρωμένος
3445 3877 3496 3929 ἐν
3524 3877 3701 3949 κυρίῳ,
3722 3874 3798 3926 καὶ

2215 3973 2629 4053 ὑπερευχόμενος
2658 3975 2816 4045 ἡμῶν,
2851 3972 3155 4045 χαρισθείης
3187 3971 3327 4040 ἡμῖν,
3354 3968 3691 4041 θεοφιλέστατε
3721 3965 3798 4019 καὶ

2215 4067 2572 4143 μακαριώτατε
2605 4062 2790 4138 Πάτερ.

522 4171 683 4232 atque
714 4164 970 4232 piissimis
994 4173 1046 4217 et
1066 4162 1267 4218 Christi
1300 4163 1684 4220 amantissimis
1718 4164 1917 4218 nostris
1950 4160 2362 4232 imperatoribus
2400 4156 2716 4227 jamdudum
2758 4152 2985 4219 amicus,
3022 4167 3180 4223 quem
3203 4160 3385 4206 vestra
3422 4149 3654 4205 bonitate
3673 4162 3797 4220 gau-

523 4256 765 4322 dentem,
795 4259 977 4314 lwtum
1009 4258 1073 4313 ad
1104 4275 1203 4313 nos
1233 4260 1447 4314 mittere
1468 4259 1787 4329 dignemini.
1818 4257 2007 4312 Totam
2038 4256 2426 4312 fraternitatem
2458 4266 2579 4307 cum
2608 4259 2788 4305 vestra
2818 4246 3156 4303 beatitudine
3186 4247 3238 4301 in
3268 4243 3485 4301 Christo
3512 4254 3567 4300 et
3597 4257 3716 4314 ego,
3746 4248 3800 4296 et

523 4345 613 4415 qui
648 4361 857 4402 mecum
885 4361 1007 4401 sunt
1041 4349 1328 4416 plurimum
1361 4348 1681 4404 salutamus.
1724 4347 2011 4403 Incolumis
2036 4344 2089 4402 in
2115 4345 2367 4411 Domino,
2401 4352 2456 4400 et
2486 4356 2585 4413 pro
2611 4340 2768 4397 nobis
2796 4353 2983 4409 orans,
3039 4337 3258 4395 doneris
3305 4335 3484 4396 nobis.
3521 4335 3631 4393 Deo
3671 4333 3795 4390 cha-

535 4441 752 4496 rissime
781 4449 835 4496 et
862 4440 1176 4497 beatissime
1201 4442 1379 4496 Pater.

1083 4533 1417 4589 EPISTULA
1445 4532 1471 4570 ἀ
1504 4532 1611 4589 CII.

956 4626 981 4653 '
1006 4641 1075 4679 an
1103 4640 1379 4681 EPISCOPOS
1411 4641 1734 4682 aucupum.

876 4714 956 4769 De
1019 4718 1346 4771 damnatione
1415 4718 1789 4773 haereticorum.

526 4805 945 4860 SYNOPSIS.—l.
1000 4806 1070 4859 Se
1117 4804 1389 4860 Gallorum
1437 4808 1791 4878 episcoporum
1837 4808 2110 4877 epistolam

595 4877 783 4930 calrsti
809 4878 1059 4949 doctrina,
1082 4879 1288 4949 plenum
1327 4881 1576 4949 accepisse
1602 4877 1819 4933 nuntiat.
1846 4907 1914 4917 —-
1940 4878 2002 4933 ll.
2032 4879 2111 4935 De

592 4950 787 5018 synodo
820 4948 1145 5002 oecuntenica.
1182 4948 1451 5003 Humanis
1473 4951 1534 5002 de
1572 4949 1675 5018 ﬁde
1714 4952 1997 5004 ratiociniis
2027 4950 2109 5004 lo-

594 5035 711 5073 cum
733 5034 841 5073 esse
868 5034 971 5071 non
1001 5018 1199 5073 debere.
1231 5050 1299 5059 —
1334 5020 1419 5074 ΙΙΙ.
1452 5018 1684 5075 Nestorii
1724 5030 1770 5075 et
1806 5021 2106 5092 Eutychetis

592 5189 619 5219 ἰ
646 5179 727 5235 Ad
777 5182 982 5250 legatos
1030 5179 1295 5248 pontificis
1339 5179 1453 5234 lucc
1501 5180 1828 5247 referuntur,
1874 5183 2012 5237 sicut
2049 5191 2106 5237 et

520 5255 820 5323 sequentia,
851 5254 989 5322 ipsos
1018 5251 1210 5305 honore
1232 5258 1277 5305 et
1307 5268 1573 5305 munerum
1601 5253 1877 5308 reverentia
1905 5254 2106 5326 dignati

515 5342 692 5379 simus.
1213 5361 1223 5372 .

589 5395 615 5432 δ
645 5395 948 5449 Concinunt
977 5410 1095 5464 qua:
1124 5393 1263 5447 idem
1297 5392 1574 5464 Anatolius
1595 5393 1658 5447 ad
1687 5393 1919 5449 Leonem
1952 5394 2106 5450 dein-

513 5482 642 5535 ceps
672 5468 887 5533 scripsit
915 5462 1069 5534 ein-t.
1110 5464 1232 5526 152,
1266 5478 1384 5529 cap.
1419 5464 1452 5516 4
1485 5481 1496 5515 :
1527 5462 1654 5517 Cum
1678 5475 1720 5517 el
1746 5466 1819 5518 sic
1844 5475 2099 5533 gestorum

512 5542 586 5593 Iis
617 5538 780 5591 omnis
820 5548 864 5590 et
898 5536 1217 5605 Conﬁrmatio
1247 5535 1539 5587 auctoritati
1569 5548 1744 5591 υεδιτω
1773 5536 2099 5591 beatitudinis

512 5612 665 5679 fuerit
694 5620 969 5663 reservata.

584 5688 606 5716 °
642 5679 699 5733 in
732 5680 917 5736 Graeco
938 5677 1151 5749 quidem
1183 5676 1376 5747 legitur
1396 5677 1766 5741 καταξιώσατε,
1796 5677 2095 5749 dignemini.

584 5696 606 5716 υ
642 5696 699 5733 tn
732 5696 917 5736 uracco
938 5696 1151 5749 quidem
1184 5696 1376 5747 leglllll'
1396 5696 1766 5741 κατιςιωσατε,
1796 5696 1845 5730 αι
1887 5696 2093 5733 ηεηιιηι.

513 5751 585 5806 At
603 5751 843 5819 syntaxis
869 5762 921 5805 et
944 5764 1134 5805 sensus
1160 5749 1445 5818 legendum
1476 5750 1709 5803 ostendit
1730 5696 2093 5816 καταξιῶσαι,

513 5820 880 5878 dianabimiui:
909 5820 976 5877 de
1004 5821 1388 5883 approbatione
1428 5821 1568 5876 enim
1598 5828 1653 5878 et
1680 5821 2096 5878 confirmatione

2139 4532 2195 4593 D

2294 4533 2538 4599 aogmata
2573 4525 2768 4599 pariter
2800 4538 2906 4577 esse
2942 4520 3211 4599 fugienda.
3234 4517 3415 4599 TiV.
3457 4516 3720 4590 Synodem
3748 4523 3799 4597 et

2289 4590 2520 4671 epistola:
2562 4590 2750 4671 Leonis
2796 4590 3136 4671 consensisse,
3172 4601 3218 4645 et
3249 4590 3548 4671 Qioscornm
3576 4590 3797 4661 proscri-

2289 4658 2472 4740 p'sisse.
2493 4696 2564 4709 -—
2582 4666 2650 4740 AV.
2681 4665 2759 4720 De
2785 4665 2863 4717 Itis
2891 4663 3126 4740 omnibus
3153 4663 3346 4740 gratias
3378 4658 3491 4740 D_eo
3512 4658 3618 4740 esse
3645 4674 3797 4740 agent

2289 4729 2417 4807 das;
2445 4755 2536 4807 pro
2572 4738 2851 4808 legatorum
2880 4736 3047 4788 reditu
3078 4729 3361 4808 orandam;
3385 4730 3641 4786 victoriam
3676 4729 3796 4800 ﬁdei

2292 4801 2538 4883 Hispanis
2565 4801 2654 4883 per~
2682 4805 2861 4863 Gallos
2890 4821 2996 4861 esse
3024 4801 3384 4859 nuntiandum.

2215 4948 2327 5004 Leo
2358 4946 2613 5000 Romana:
2648 4942 2798 4997 urbis
2838 4940 3155 5009 episcOpus.
3189 4937 3499 5003 Rtvszmo,
3532 4936 3797 4999 Rnsnco,

2290 5017 2550 5087 Vesano,
2587 5014 2608 5053 ί
2635 5014 3069 5080 Consrm'ruuvo,
3101 5009 3341 5075 Mutuo,
3370 5018 3396 5056 ε
3426 5010 3796 5071 Αιιιειίτιιιο,

2223 5188 2468 5234 actorum
2494 5193 2524 5231 a
2550 5177 2732 5233 Leone
2753 5176 3054 5245 praestanda
3083 5175 3275 5244 agitur.

2286 5247 2315 5287 ἀ
2346 5251 2491 5304 Alias
2515 5249 2604 5304 77.
2638 5241 2767 5316 Qua;
2805 5258 2982 5303 autem
3022 5241 3177 5302 antéa
3213 5244 3317 5302 10%
3341 5252 3483 5312 erat,
3507 5258 3641 5301 nunc
3668 5241 3795 5298 151.

2212 5321 2420 5391 Scripta
2443 5321 2512 5375 27
2535 5320 2770 5375 Januarii
2793 5336 2883 5374 an.
2912 5318 3039 5374 432.

2286 5403 2309 5431 ο
2337 5384 2535 5448 Exstat
2554 5394 2605 5447 in
2634 5407 2765 5446 mss.
2787 5392 3001 5447 collect.
3032 5388 3304 5458 12,18,19
3327 5400 3379 5444 et
3399 5388 3492 5451 τε,
3512 5403 3572 5443 ac
3592 5389 3640 5458 in
3662 5384 3795 5458 Vat.

2212 5466 2346 5529 5H,
2387 5464 2478 5520 cui
2516 5463 2818 5519 ailditiones
2858 5454 3217 5519 accesserunt
3238 5477 3303 5517 ex
3343 5461 3554 5516 collect.
3580 5457 3663 5514 24.
3694 5454 3797 5513 Est

2206 5534 2882 5675 ηῗρῖἒδὲὑύῗῃίῗξίξὲ
2912 5605 2964 5659 in
2994 5604 3152 5673 epist.
3182 5604 3272 5661 99.
3299 5602 3414 5672 Αι..
3444 5599 3796 5659 Constantino.

2282 5689 2307 5727 8
2339 5679 2480 5733 Idem
2511 5678 2703 5744 codex,
2728 5678 3052 5731 Armazorio.

2278 5751 2295 5783 ⁸
2324 5751 2481 5824 ,Leg't
2514 5751 2651 5824 ὑμῖνξ

2274 5825 2295 5855 '
2322 5823 2473 5886 ιρι..
2501 5821 2867 5887 καταειὼσετε,
2889 5822 2973 5878 vel
3003 5821 3371 5886 κατηξιῶσατε.
