  <div class='ocr_page' id='page_1' title='image "/cluster/home/n/w/nwhite01/storage/ocr_20150623/54/hvd.32044015471584/496.png"; bbox 0 0 4014 6358; ppageno 0'>
   <div class='ocr_carea' id='block_1_1' title="bbox 1790 276 1881 291">
    <p class='ocr_par' dir='ltr' id='par_1_1' title="bbox 1790 276 1881 291">
     <span class='ocr_line' id='line_1_1' title="bbox 1790 276 1881 291; baseline 0 -6"><span class='ocrx_word' id='word_1_1' title='bbox 1790 276 1819 291; x_wconf 56' lang='grc' dir='ltr'><strong>,ι</strong></span> <span class='ocrx_word' id='word_1_2' title='bbox 1874 278 1881 285; x_wconf 50' lang='grc' dir='ltr'>μ</span> 
     </span>
    </p>
   </div>
   <div class='ocr_carea' id='block_1_2' title="bbox 1646 366 2117 425">
    <p class='ocr_par' dir='ltr' id='par_1_2' title="bbox 1646 366 2117 425">
     <span class='ocr_line' id='line_1_2' title="bbox 1646 366 2117 425; baseline -0.004 -2"><span class='ocrx_word' id='word_1_3' title='bbox 1646 366 1975 424; x_wconf 77' lang='lat' dir='ltr'><strong>EPISTOLA</strong></span> <span class='ocrx_word' id='word_1_4' title='bbox 2013 370 2117 425; x_wconf 91' lang='lat' dir='ltr'><strong>Cll.</strong></span> 
     </span>
    </p>
   </div>
   <div class='ocr_carea' id='block_1_3' title="bbox 3523 436 3529 448">
    <p class='ocr_par' dir='ltr' id='par_1_3' title="bbox 3523 436 3529 448">
     <span class='ocr_line' id='line_1_3' title="bbox 3523 436 3529 448; baseline 0 0"><span class='ocrx_word' id='word_1_5' title='bbox 3523 436 3529 448; x_wconf 65' lang='grc' dir='ltr'><em>ὁ</em></span> 
     </span>
    </p>
   </div>
   <div class='ocr_carea' id='block_1_4' title="bbox 323 476 3532 559">
    <p class='ocr_par' dir='ltr' id='par_1_4' title="bbox 323 476 3532 559">
     <span class='ocr_line' id='line_1_4' title="bbox 323 476 3532 559; baseline 0.003 -24"><span class='ocrx_word' id='word_1_6' title='bbox 323 478 524 559; x_wconf 64' lang='grc' dir='ltr'><strong>Ιδιοιιρ,</strong></span> <span class='ocrx_word' id='word_1_7' title='bbox 551 487 577 515; x_wconf 74' lang='grc' dir='ltr'>α</span> <span class='ocrx_word' id='word_1_8' title='bbox 605 480 820 559; x_wconf 70' lang='lat' dir='ltr'><strong>Sumo,</strong></span> <span class='ocrx_word' id='word_1_9' title='bbox 854 476 881 515; x_wconf 63' lang='grc' dir='ltr'>δ</span> <span class='ocrx_word' id='word_1_10' title='bbox 912 478 1243 559; x_wconf 45' lang='lat' dir='ltr'><strong>Visurgim.</strong></span> <span class='ocrx_word' id='word_1_11' title='bbox 1273 477 1642 559; x_wconf 51' lang='lat' dir='ltr'><strong>Cous-nune,</strong></span> <span class='ocrx_word' id='word_1_12' title='bbox 1671 482 1838 536; x_wconf 72' lang='lat' dir='ltr'><strong>Mut-</strong></span> <span class='ocrx_word' id='word_1_13' title='bbox 1868 490 1915 547; x_wconf 81' lang='grc' dir='ltr'>Α</span> <span class='ocrx_word' id='word_1_14' title='bbox 1946 494 1999 539; x_wconf 88' lang='lat' dir='ltr'><strong>et</strong></span> <span class='ocrx_word' id='word_1_15' title='bbox 2038 502 2099 541; x_wconf 79' lang='lat' dir='ltr'><strong>ex</strong></span> <span class='ocrx_word' id='word_1_16' title='bbox 2141 486 2456 543; x_wconf 73' lang='lat' dir='ltr'><strong>auctoritate</strong></span> <span class='ocrx_word' id='word_1_17' title='bbox 2492 487 2945 545; x_wconf 74' lang='lat' dir='ltr'><strong>incommutabilis</strong></span> <span class='ocrx_word' id='word_1_18' title='bbox 2978 484 3221 559; x_wconf 84' lang='lat' dir='ltr'><strong>Symboli</strong></span> <span class='ocrx_word' id='word_1_19' title='bbox 3245 484 3532 544; x_wconf 76' lang='lat' dir='ltr'><strong>didicimus</strong></span> 
     </span>
    </p>
   </div>
   <div class='ocr_carea' id='block_1_5' title="bbox 320 551 1838 619">
    <p class='ocr_par' dir='ltr' id='par_1_5' title="bbox 320 551 1838 619">
     <span class='ocr_line' id='line_1_5' title="bbox 320 551 1838 619; baseline 0 -12"><span class='ocrx_word' id='word_1_20' title='bbox 320 566 414 617; x_wconf 83' lang='lat' dir='ltr'><strong>I0,</strong></span> <span class='ocrx_word' id='word_1_21' title='bbox 462 555 743 612; x_wconf 75' lang='lat' dir='ltr'><strong>Ascuzmo,</strong></span> <span class='ocrx_word' id='word_1_22' title='bbox 775 551 1064 617; x_wconf 74' lang='lat' dir='ltr'><strong>NECTARIO,</strong></span> <span class='ocrx_word' id='word_1_23' title='bbox 1099 553 1338 615; x_wconf 74' lang='lat' dir='ltr'><strong>Mutuo,</strong></span> <span class='ocrx_word' id='word_1_24' title='bbox 1372 551 1535 609; x_wconf 77' lang='lat' dir='ltr'><strong>Unso.</strong></span> <span class='ocrx_word' id='word_1_25' title='bbox 1581 552 1838 619; x_wconf 70' lang='lat' dir='ltr'><strong>lncssuo,</strong></span> 
     </span>
    </p>
   </div>
   <div class='ocr_carea' id='block_1_6' title="bbox 320 623 1843 687">
    <p class='ocr_par' dir='ltr' id='par_1_6' title="bbox 320 623 1843 687">
     <span class='ocr_line' id='line_1_6' title="bbox 320 623 1843 687; baseline -0.001 -8"><span class='ocrx_word' id='word_1_26' title='bbox 320 623 499 679; x_wconf 71' lang='lat' dir='ltr'><strong>Ju~ro.</strong></span> <span class='ocrx_word' id='word_1_27' title='bbox 542 623 801 685; x_wconf 68' lang='lat' dir='ltr'><strong>VALERIO,</strong></span> <span class='ocrx_word' id='word_1_28' title='bbox 838 625 1275 687; x_wconf 75' lang='lat' dir='ltr'><strong>SUPERVENTORI,</strong></span> <span class='ocrx_word' id='word_1_29' title='bbox 1308 624 1675 686; x_wconf 60' lang='lat' dir='ltr'><strong>Cnnrstrnto,</strong></span> <span class='ocrx_word' id='word_1_30' title='bbox 1704 624 1843 679; x_wconf 71' lang='lat' dir='ltr'><strong>Fou-</strong></span> 
     </span>
    </p>
   </div>
   <div class='ocr_carea' id='block_1_7' title="bbox 321 694 1843 758">
    <p class='ocr_par' dir='ltr' id='par_1_7' title="bbox 321 694 1843 758">
     <span class='ocr_line' id='line_1_7' title="bbox 321 694 1843 758; baseline 0.001 -9"><span class='ocrx_word' id='word_1_31' title='bbox 321 710 469 754; x_wconf 77' lang='lat' dir='ltr'><strong>&#39;I&#39;EIO.</strong></span> <span class='ocrx_word' id='word_1_32' title='bbox 500 694 791 753; x_wconf 74' lang='lat' dir='ltr'><strong>PETRONIO.</strong></span> <span class='ocrx_word' id='word_1_33' title='bbox 818 694 1046 755; x_wconf 75' lang='lat' dir='ltr'><strong>Ynnto.</strong></span> <span class='ocrx_word' id='word_1_34' title='bbox 1070 695 1361 753; x_wconf 71' lang='lat' dir='ltr'><strong>lETHl-ZRIO.</strong></span> <span class='ocrx_word' id='word_1_35' title='bbox 1391 696 1648 758; x_wconf 68' lang='lat' dir='ltr'><strong>Euuuo,</strong></span> <span class='ocrx_word' id='word_1_36' title='bbox 1685 709 1703 733; x_wconf 74' lang='grc' dir='ltr'>υ</span> <span class='ocrx_word' id='word_1_37' title='bbox 1741 700 1843 751; x_wconf 70' lang='lat' dir='ltr'><strong>hu-</strong></span> 
     </span>
    </p>
   </div>
   <div class='ocr_carea' id='block_1_8' title="bbox 319 765 1840 834">
    <p class='ocr_par' dir='ltr' id='par_1_8' title="bbox 319 765 1840 834">
     <span class='ocr_line' id='line_1_8' title="bbox 319 765 1840 834; baseline 0.001 -13"><span class='ocrx_word' id='word_1_38' title='bbox 319 781 546 829; x_wconf 79' lang='lat' dir='ltr'><strong>snrto,</strong></span> <span class='ocrx_word' id='word_1_39' title='bbox 578 765 894 828; x_wconf 73' lang='lat' dir='ltr'><strong>FBATERNO,</strong></span> <span class='ocrx_word' id='word_1_40' title='bbox 933 771 1170 821; x_wconf 73' lang='lat' dir='ltr'><strong>Vicruno</strong></span> <span class='ocrx_word' id='word_1_41' title='bbox 1192 808 1206 828; x_wconf 90' lang='lat'><strong>,</strong></span> <span class='ocrx_word' id='word_1_42' title='bbox 1243 771 1508 831; x_wconf 53' lang='lat' dir='ltr'><strong>lanosum,</strong></span> <span class='ocrx_word' id='word_1_43' title='bbox 1535 766 1562 803; x_wconf 75' lang='grc' dir='ltr'>ά</span> <span class='ocrx_word' id='word_1_44' title='bbox 1598 769 1801 822; x_wconf 68' lang='grc' dir='ltr'><strong>ΙξιιΑιιο</strong></span> <span class='ocrx_word' id='word_1_45' title='bbox 1825 808 1840 834; x_wconf 83' lang='grc'><strong>,</strong></span> 
     </span>
    </p>
   </div>
   <div class='ocr_carea' id='block_1_9' title="bbox 330 838 1842 906">
    <p class='ocr_par' dir='ltr' id='par_1_9' title="bbox 330 838 1842 906">
     <span class='ocr_line' id='line_1_9' title="bbox 330 838 1842 906; baseline 0.003 -16"><span class='ocrx_word' id='word_1_46' title='bbox 330 838 496 901; x_wconf 78' lang='lat' dir='ltr'><strong>Vsno,</strong></span> <span class='ocrx_word' id='word_1_47' title='bbox 536 840 775 894; x_wconf 70' lang='lat' dir='ltr'><strong>AMANDO.</strong></span> <span class='ocrx_word' id='word_1_48' title='bbox 821 838 1119 901; x_wconf 75' lang='lat' dir='ltr'><strong>GERONTIO,</strong></span> <span class='ocrx_word' id='word_1_49' title='bbox 1165 840 1559 899; x_wconf 70' lang='lat' dir='ltr'><strong>l’ROCULEIANO,</strong></span> <span class='ocrx_word' id='word_1_50' title='bbox 1595 849 1842 906; x_wconf 67' lang='lat' dir='ltr'><strong>Juumo,</strong></span> 
     </span>
    </p>
   </div>
   <div class='ocr_carea' id='block_1_10' title="bbox 324 908 1841 978">
    <p class='ocr_par' dir='ltr' id='par_1_10' title="bbox 324 908 1841 978">
     <span class='ocr_line' id='line_1_10' title="bbox 324 908 1841 978; baseline 0 -14"><span class='ocrx_word' id='word_1_51' title='bbox 324 908 622 971; x_wconf 66' lang='lat' dir='ltr'><strong>Humum,</strong></span> <span class='ocrx_word' id='word_1_52' title='bbox 672 914 1048 972; x_wconf 68' lang='lat' dir='ltr'><strong>Autumnum,</strong></span> <span class='ocrx_word' id='word_1_53' title='bbox 1102 910 1413 971; x_wconf 71' lang='lat' dir='ltr'><strong>llouumro,</strong></span> <span class='ocrx_word' id='word_1_54' title='bbox 1469 911 1492 939; x_wconf 78' lang='lat'><strong><em>°</em></strong></span> <span class='ocrx_word' id='word_1_55' title='bbox 1548 910 1841 978; x_wconf 69' lang='lat' dir='ltr'><strong>EPARCHIO,</strong></span> 
     </span>
    </p>
   </div>
   <div class='ocr_carea' id='block_1_11' title="bbox 324 980 1843 1050">
    <p class='ocr_par' dir='ltr' id='par_1_11' title="bbox 324 980 1843 1050">
     <span class='ocr_line' id='line_1_11' title="bbox 324 980 1843 1050; baseline 0.001 -15"><span class='ocrx_word' id='word_1_56' title='bbox 324 984 557 1043; x_wconf 68' lang='lat' dir='ltr'><strong>Assum,</strong></span> <span class='ocrx_word' id='word_1_57' title='bbox 589 984 849 1043; x_wconf 69' lang='lat' dir='ltr'><strong>Drama,</strong></span> <span class='ocrx_word' id='word_1_58' title='bbox 875 981 1165 1045; x_wconf 67' lang='lat' dir='ltr'><strong>Marinum,</strong></span> <span class='ocrx_word' id='word_1_59' title='bbox 1197 980 1441 1035; x_wconf 73' lang='lat' dir='ltr'><strong>YNANTIO</strong></span> <span class='ocrx_word' id='word_1_60' title='bbox 1468 992 1521 1035; x_wconf 89' lang='lat' dir='ltr'><strong>et</strong></span> <span class='ocrx_word' id='word_1_61' title='bbox 1550 980 1843 1050; x_wconf 77' lang='lat' dir='ltr'><strong>PALLADIO,</strong></span> 
     </span>
    </p>
   </div>
   <div class='ocr_carea' id='block_1_12' title="bbox 325 1052 1286 1121">
    <p class='ocr_par' dir='ltr' id='par_1_12' title="bbox 325 1052 1286 1121">
     <span class='ocr_line' id='line_1_12' title="bbox 325 1052 1286 1121; baseline -0.001 -15"><span class='ocrx_word' id='word_1_62' title='bbox 325 1054 596 1121; x_wconf 84' lang='lat' dir='ltr'><strong>episcopis</strong></span> <span class='ocrx_word' id='word_1_63' title='bbox 623 1068 715 1119; x_wconf 89' lang='lat' dir='ltr'><strong>per</strong></span> <span class='ocrx_word' id='word_1_64' title='bbox 740 1052 937 1107; x_wconf 76' lang='lat' dir='ltr'><strong>Gallias</strong></span> <span class='ocrx_word' id='word_1_65' title='bbox 960 1053 1286 1106; x_wconf 79' lang='lat' dir='ltr'><strong>consritutis.</strong></span> 
     </span>
    </p>
   </div>
   <div class='ocr_carea' id='block_1_13' title="bbox 323 1142 1846 1218">
    <p class='ocr_par' dir='ltr' id='par_1_13' title="bbox 323 1142 1846 1218">
     <span class='ocr_line' id='line_1_13' title="bbox 323 1142 1846 1218; baseline 0.002 -18"><span class='ocrx_word' id='word_1_66' title='bbox 323 1142 451 1200; x_wconf 69' lang='lat' dir='ltr'><strong>Cn.</strong></span> <span class='ocrx_word' id='word_1_67' title='bbox 488 1146 605 1201; x_wconf 92' lang='lat' dir='ltr'><strong>l.—</strong></span> <span class='ocrx_word' id='word_1_68' title='bbox 634 1146 979 1213; x_wconf 88' lang='lat' dir='ltr'><strong>Optassemus</strong></span> <span class='ocrx_word' id='word_1_69' title='bbox 1021 1148 1236 1218; x_wconf 81' lang='lat' dir='ltr'><strong>quidem</strong></span> <span class='ocrx_word' id='word_1_70' title='bbox 1278 1147 1628 1203; x_wconf 78' lang='lat' dir='ltr'><strong>fraternitatis</strong></span> <span class='ocrx_word' id='word_1_71' title='bbox 1656 1157 1846 1203; x_wconf 64' lang='lat' dir='ltr'><strong>vestrae</strong></span> 
     </span>
    </p>
   </div>
   <div class='ocr_carea' id='block_1_14' title="bbox 256 1237 1849 1312">
    <p class='ocr_par' dir='ltr' id='par_1_14' title="bbox 256 1237 1849 1312">
     <span class='ocr_line' id='line_1_14' title="bbox 256 1237 1849 1312; baseline 0.001 -17"><span class='ocrx_word' id='word_1_72' title='bbox 256 1237 467 1295; x_wconf 81' lang='lat' dir='ltr'><strong>litteras</strong></span> <span class='ocrx_word' id='word_1_73' title='bbox 512 1255 577 1295; x_wconf 93' lang='lat' dir='ltr'><strong>eo</strong></span> <span class='ocrx_word' id='word_1_74' title='bbox 617 1250 860 1311; x_wconf 87' lang='lat' dir='ltr'><strong>tempore</strong></span> <span class='ocrx_word' id='word_1_75' title='bbox 908 1258 1011 1311; x_wconf 88' lang='lat' dir='ltr'><strong>quo</strong></span> <span class='ocrx_word' id='word_1_76' title='bbox 1063 1242 1434 1312; x_wconf 86' lang='lat' dir='ltr'><strong>promiseratis</strong></span> <span class='ocrx_word' id='word_1_77' title='bbox 1481 1244 1744 1312; x_wconf 91' lang='lat' dir='ltr'><strong>accipere,</strong></span> <span class='ocrx_word' id='word_1_78' title='bbox 1790 1251 1849 1297; x_wconf 91' lang='lat' dir='ltr'><strong>ut</strong></span> 
     </span>
    </p>
   </div>
   <div class='ocr_carea' id='block_1_15' title="bbox 257 1333 1848 1405">
    <p class='ocr_par' dir='ltr' id='par_1_15' title="bbox 257 1333 1848 1405">
     <span class='ocr_line' id='line_1_15' title="bbox 257 1333 1848 1405; baseline 0.001 -17"><span class='ocrx_word' id='word_1_79' title='bbox 257 1333 583 1403; x_wconf 89' lang='lat' dir='ltr'><strong>profecturis</strong></span> <span class='ocrx_word' id='word_1_80' title='bbox 623 1334 688 1388; x_wconf 89' lang='lat' dir='ltr'><strong>ad</strong></span> <span class='ocrx_word' id='word_1_81' title='bbox 728 1333 1001 1389; x_wconf 87' lang='lat' dir='ltr'><strong>Orientem</strong></span> <span class='ocrx_word' id='word_1_82' title='bbox 1046 1334 1299 1390; x_wconf 84' lang='lat' dir='ltr'><strong>fratribus</strong></span> <span class='ocrx_word' id='word_1_83' title='bbox 1337 1337 1573 1402; x_wconf 83' lang='lat' dir='ltr'><strong>nostris,</strong></span> <span class='ocrx_word' id='word_1_84' title='bbox 1605 1351 1738 1405; x_wconf 90' lang='lat' dir='ltr'><strong>quos</strong></span> <span class='ocrx_word' id='word_1_85' title='bbox 1782 1334 1848 1389; x_wconf 93' lang='lat' dir='ltr'><strong>ad</strong></span> 
     </span>
    </p>
   </div>
   <div class='ocr_carea' id='block_1_16' title="bbox 257 1426 1849 1498">
    <p class='ocr_par' dir='ltr' id='par_1_16' title="bbox 257 1426 1849 1498">
     <span class='ocr_line' id='line_1_16' title="bbox 257 1426 1849 1498; baseline 0.001 -18"><span class='ocrx_word' id='word_1_86' title='bbox 257 1438 501 1481; x_wconf 86' lang='lat' dir='ltr'><strong>sanctam</strong></span> <span class='ocrx_word' id='word_1_87' title='bbox 534 1427 799 1498; x_wconf 85' lang='lat' dir='ltr'><strong>synodum</strong></span> <span class='ocrx_word' id='word_1_88' title='bbox 819 1428 937 1482; x_wconf 85' lang='lat' dir='ltr'><strong>vice</strong></span> <span class='ocrx_word' id='word_1_89' title='bbox 960 1437 1143 1481; x_wconf 90' lang='lat' dir='ltr'><strong>nostra</strong></span> <span class='ocrx_word' id='word_1_90' title='bbox 1171 1442 1270 1498; x_wconf 91' lang='lat' dir='ltr'><strong>pro</strong></span> <span class='ocrx_word' id='word_1_91' title='bbox 1291 1427 1569 1482; x_wconf 85' lang='lat' dir='ltr'><strong>catholicae</strong></span> <span class='ocrx_word' id='word_1_92' title='bbox 1601 1426 1721 1481; x_wconf 85' lang='lat' dir='ltr'><strong>fidei</strong></span> <span class='ocrx_word' id='word_1_93' title='bbox 1752 1427 1849 1481; x_wconf 89' lang='lat' dir='ltr'><strong>de-</strong></span> 
     </span>
    </p>
   </div>
   <div class='ocr_carea' id='block_1_17' title="bbox 256 1513 1851 1583">
    <p class='ocr_par' dir='ltr' id='par_1_17' title="bbox 256 1513 1851 1583">
     <span class='ocr_line' id='line_1_17' title="bbox 256 1513 1851 1583; baseline 0.001 -14"><span class='ocrx_word' id='word_1_94' title='bbox 256 1513 505 1571; x_wconf 89' lang='lat' dir='ltr'><strong>fensione</strong></span> <span class='ocrx_word' id='word_1_95' title='bbox 534 1516 854 1581; x_wconf 78' lang='lat' dir='ltr'><strong>direximus,</strong></span> <span class='ocrx_word' id='word_1_96' title='bbox 881 1517 1041 1570; x_wconf 89' lang='lat' dir='ltr'><strong>etiam</strong></span> <span class='ocrx_word' id='word_1_97' title='bbox 1065 1528 1258 1571; x_wconf 65' lang='lat' dir='ltr'><strong>vestra:</strong></span> <span class='ocrx_word' id='word_1_98' title='bbox 1286 1518 1568 1572; x_wconf 77' lang='lat' dir='ltr'><strong>sententiae</strong></span> <span class='ocrx_word' id='word_1_99' title='bbox 1592 1516 1851 1583; x_wconf 66' lang='lat' dir='ltr'><strong>professio</strong></span> 
     </span>
    </p>
   </div>
   <div class='ocr_carea' id='block_1_18' title="bbox 257 1606 1852 1677">
    <p class='ocr_par' dir='ltr' id='par_1_18' title="bbox 257 1606 1852 1677">
     <span class='ocr_line' id='line_1_18' title="bbox 257 1606 1852 1677; baseline 0.003 -17"><span class='ocrx_word' id='word_1_100' title='bbox 257 1606 600 1677; x_wconf 76' lang='lat' dir='ltr'><strong>iungeretur.</strong></span> <span class='ocrx_word' id='word_1_101' title='bbox 636 1609 741 1664; x_wconf 87' lang='lat' dir='ltr'><strong>Sed</strong></span> <span class='ocrx_word' id='word_1_102' title='bbox 774 1623 894 1663; x_wconf 92' lang='lat' dir='ltr'><strong>cum</strong></span> <span class='ocrx_word' id='word_1_103' title='bbox 918 1609 1083 1664; x_wconf 90' lang='lat' dir='ltr'><strong>multa</strong></span> <span class='ocrx_word' id='word_1_104' title='bbox 1105 1609 1375 1664; x_wconf 88' lang='lat' dir='ltr'><strong>obstacula</strong></span> <span class='ocrx_word' id='word_1_105' title='bbox 1408 1609 1735 1677; x_wconf 83' lang='lat' dir='ltr'><strong>inOpinatam</strong></span> <span class='ocrx_word' id='word_1_106' title='bbox 1759 1626 1852 1664; x_wconf 88' lang='lat' dir='ltr'><strong>vo-</strong></span> 
     </span>
    </p>
   </div>
   <div class='ocr_carea' id='block_1_19' title="bbox 258 1699 1853 1771">
    <p class='ocr_par' dir='ltr' id='par_1_19' title="bbox 258 1699 1853 1771">
     <span class='ocr_line' id='line_1_19' title="bbox 258 1699 1853 1771; baseline -0.001 -17"><span class='ocrx_word' id='word_1_107' title='bbox 258 1699 343 1754; x_wconf 90' lang='lat' dir='ltr'><strong>bis</strong></span> <span class='ocrx_word' id='word_1_108' title='bbox 375 1700 661 1754; x_wconf 84' lang='lat' dir='ltr'><strong>intulerint</strong></span> <span class='ocrx_word' id='word_1_109' title='bbox 688 1701 1012 1765; x_wconf 88' lang='lat' dir='ltr'><strong>tarditatem,</strong></span> <span class='ocrx_word' id='word_1_110' title='bbox 1048 1700 1340 1771; x_wconf 83' lang='lat' dir='ltr'><strong>quamlibet</strong></span> <span class='ocrx_word' id='word_1_111' title='bbox 1369 1715 1520 1754; x_wconf 86' lang='lat' dir='ltr'><strong>seras</strong></span> <span class='ocrx_word' id='word_1_112' title='bbox 1559 1707 1613 1754; x_wconf 92' lang='lat' dir='ltr'><strong>et</strong></span> <span class='ocrx_word' id='word_1_113' title='bbox 1639 1699 1729 1753; x_wconf 91' lang='lat' dir='ltr'><strong>diu</strong></span> <span class='ocrx_word' id='word_1_114' title='bbox 1759 1715 1853 1754; x_wconf 79' lang='lat' dir='ltr'><strong>ex-</strong></span> 
     </span>
    </p>
   </div>
   <div class='ocr_carea' id='block_1_20' title="bbox 259 1792 1855 1869">
    <p class='ocr_par' dir='ltr' id='par_1_20' title="bbox 259 1792 1855 1869">
     <span class='ocr_line' id='line_1_20' title="bbox 259 1792 1855 1869; baseline 0 -20"><span class='ocrx_word' id='word_1_115' title='bbox 259 1803 533 1863; x_wconf 84' lang='lat' dir='ltr'><strong>spectatas</strong></span> <span class='ocrx_word' id='word_1_116' title='bbox 564 1795 817 1865; x_wconf 83' lang='lat' dir='ltr'><strong>epistolas</strong></span> <span class='ocrx_word' id='word_1_117' title='bbox 862 1792 955 1867; x_wconf 76' lang='lat' dir='ltr'><strong>per</strong></span> <span class='ocrx_word' id='word_1_118' title='bbox 990 1796 1198 1869; x_wconf 81' lang='lat'><strong>1137</strong></span> <span class='ocrx_word' id='word_1_119' title='bbox 1230 1795 1447 1850; x_wconf 89' lang='lat' dir='ltr'><strong>fratrem</strong></span> <span class='ocrx_word' id='word_1_120' title='bbox 1486 1804 1540 1850; x_wconf 88' lang='lat' dir='ltr'><strong>et</strong></span> <span class='ocrx_word' id='word_1_121' title='bbox 1577 1795 1855 1865; x_wconf 89' lang='lat' dir='ltr'><strong>coepisco-</strong></span> 
     </span>
    </p>
   </div>
   <div class='ocr_carea' id='block_1_21' title="bbox 1944 578 3531 647">
    <p class='ocr_par' dir='ltr' id='par_1_21' title="bbox 1944 578 3531 647">
     <span class='ocr_line' id='line_1_21' title="bbox 1944 578 3531 647; baseline 0.001 -11"><span class='ocrx_word' id='word_1_122' title='bbox 1944 596 2007 636; x_wconf 90' lang='lat' dir='ltr'><strong>ac</strong></span> <span class='ocrx_word' id='word_1_123' title='bbox 2063 580 2352 647; x_wconf 79' lang='lat' dir='ltr'><strong>docemus,</strong></span> <span class='ocrx_word' id='word_1_124' title='bbox 2402 581 2665 636; x_wconf 88' lang='lat' dir='ltr'><strong>damnatis</strong></span> <span class='ocrx_word' id='word_1_125' title='bbox 2709 582 2776 637; x_wconf 87' lang='lat' dir='ltr'><strong>ab</strong></span> <span class='ocrx_word' id='word_1_126' title='bbox 2817 579 3104 637; x_wconf 87' lang='lat' dir='ltr'><strong>universali</strong></span> <span class='ocrx_word' id='word_1_127' title='bbox 3154 578 3430 647; x_wconf 87' lang='lat' dir='ltr'><strong>Ecclesia,</strong></span> <span class='ocrx_word' id='word_1_128' title='bbox 3475 587 3531 638; x_wconf 83' lang='lat' dir='ltr'><strong>et</strong></span> 
     </span>
    </p>
   </div>
   <div class='ocr_carea' id='block_1_22' title="bbox 1945 673 3530 746">
    <p class='ocr_par' dir='ltr' id='par_1_22' title="bbox 1945 673 3530 746">
     <span class='ocr_line' id='line_1_22' title="bbox 1945 673 3530 746; baseline 0 -15"><span class='ocrx_word' id='word_1_129' title='bbox 1945 691 2087 731; x_wconf 91' lang='lat' dir='ltr'><strong>nunc</strong></span> <span class='ocrx_word' id='word_1_130' title='bbox 2127 675 2398 746; x_wconf 87' lang='lat' dir='ltr'><strong>Eutyche,</strong></span> <span class='ocrx_word' id='word_1_131' title='bbox 2443 686 2499 731; x_wconf 89' lang='lat' dir='ltr'><strong>et</strong></span> <span class='ocrx_word' id='word_1_132' title='bbox 2542 686 2699 730; x_wconf 80' lang='lat' dir='ltr'><strong>antea</strong></span> <span class='ocrx_word' id='word_1_133' title='bbox 2735 675 3002 732; x_wconf 89' lang='lat' dir='ltr'><strong>Nestorio.</strong></span> <span class='ocrx_word' id='word_1_134' title='bbox 3042 674 3281 743; x_wconf 82' lang='lat' dir='ltr'><strong>Quorum</strong></span> <span class='ocrx_word' id='word_1_135' title='bbox 3329 673 3374 728; x_wconf 90' lang='lat' dir='ltr'><strong>si</strong></span> <span class='ocrx_word' id='word_1_136' title='bbox 3412 678 3530 744; x_wconf 79' lang='lat' dir='ltr'><strong>quis</strong></span> 
     </span>
    </p>
   </div>
   <div class='ocr_carea' id='block_1_23' title="bbox 1945 765 3530 836">
    <p class='ocr_par' dir='ltr' id='par_1_23' title="bbox 1945 765 3530 836">
     <span class='ocr_line' id='line_1_23' title="bbox 1945 765 3530 836; baseline -0.001 -13"><span class='ocrx_word' id='word_1_137' title='bbox 1945 784 2052 823; x_wconf 88' lang='lat' dir='ltr'><strong>non</strong></span> <span class='ocrx_word' id='word_1_138' title='bbox 2078 768 2311 823; x_wconf 88' lang='lat' dir='ltr'><strong>ferendis</strong></span> <span class='ocrx_word' id='word_1_139' title='bbox 2342 770 2703 835; x_wconf 88' lang='lat' dir='ltr'><strong>impietatihus</strong></span> <span class='ocrx_word' id='word_1_140' title='bbox 2732 769 2995 823; x_wconf 85' lang='lat' dir='ltr'><strong>inhaerere</strong></span> <span class='ocrx_word' id='word_1_141' title='bbox 3020 767 3305 836; x_wconf 84' lang='lat' dir='ltr'><strong>delegerit,</strong></span> <span class='ocrx_word' id='word_1_142' title='bbox 3334 765 3446 835; x_wconf 84' lang='lat' dir='ltr'><strong>ipse</strong></span> <span class='ocrx_word' id='word_1_143' title='bbox 3470 778 3530 822; x_wconf 81' lang='lat' dir='ltr'><strong>se</strong></span> 
     </span>
    </p>
   </div>
   <div class='ocr_carea' id='block_1_24' title="bbox 1946 855 3533 927">
    <p class='ocr_par' dir='ltr' id='par_1_24' title="bbox 1946 855 3533 927">
     <span class='ocr_line' id='line_1_24' title="bbox 1946 855 3533 927; baseline -0.003 -12"><span class='ocrx_word' id='word_1_144' title='bbox 1946 876 1973 915; x_wconf 88' lang='lat' dir='ltr'><strong>a</strong></span> <span class='ocrx_word' id='word_1_145' title='bbox 2009 876 2234 927; x_wconf 89' lang='lat' dir='ltr'><strong>corpore</strong></span> <span class='ocrx_word' id='word_1_146' title='bbox 2268 859 2584 915; x_wconf 66' lang='lat' dir='ltr'><strong>Christianae</strong></span> <span class='ocrx_word' id='word_1_147' title='bbox 2611 860 2827 913; x_wconf 85' lang='lat' dir='ltr'><strong>unitatis</strong></span> <span class='ocrx_word' id='word_1_148' title='bbox 2854 858 2882 896; x_wconf 73' lang='grc' dir='ltr'>ιι</span> <span class='ocrx_word' id='word_1_149' title='bbox 2908 858 3207 914; x_wconf 84' lang='lat' dir='ltr'><strong>abscindet.</strong></span> <span class='ocrx_word' id='word_1_150' title='bbox 3245 856 3359 911; x_wconf 83' lang='lat' dir='ltr'><strong>Non</strong></span> <span class='ocrx_word' id='word_1_151' title='bbox 3391 855 3533 911; x_wconf 85' lang='lat' dir='ltr'><strong>enim</strong></span> 
     </span>
    </p>
   </div>
   <div class='ocr_carea' id='block_1_25' title="bbox 1950 949 3536 1025">
    <p class='ocr_par' dir='ltr' id='par_1_25' title="bbox 1950 949 3536 1025">
     <span class='ocr_line' id='line_1_25' title="bbox 1950 949 3536 1025; baseline -0.003 -16"><span class='ocrx_word' id='word_1_152' title='bbox 1950 956 2086 1010; x_wconf 75' lang='lat' dir='ltr'><strong>ultra</strong></span> <span class='ocrx_word' id='word_1_153' title='bbox 2116 955 2223 1024; x_wconf 82' lang='lat' dir='ltr'><strong>jam</strong></span> <span class='ocrx_word' id='word_1_154' title='bbox 2256 955 2502 1025; x_wconf 89' lang='lat' dir='ltr'><strong>cuiquam</strong></span> <span class='ocrx_word' id='word_1_155' title='bbox 2532 953 2903 1009; x_wconf 82' lang='lat' dir='ltr'><strong>excusationis</strong></span> <span class='ocrx_word' id='word_1_156' title='bbox 2934 952 3197 1022; x_wconf 81' lang='lat' dir='ltr'><strong>refugium</strong></span> <span class='ocrx_word' id='word_1_157' title='bbox 3243 949 3255 988; x_wconf 73' lang='grc' dir='ltr'><strong>ί</strong></span> <span class='ocrx_word' id='word_1_158' title='bbox 3287 951 3353 1005; x_wconf 91' lang='lat' dir='ltr'><strong>de</strong></span> <span class='ocrx_word' id='word_1_159' title='bbox 3379 952 3536 1019; x_wconf 79' lang='lat' dir='ltr'><strong>igno-</strong></span> 
     </span>
    </p>
   </div>
   <div class='ocr_carea' id='block_1_26' title="bbox 1947 1033 3538 1115">
    <p class='ocr_par' dir='ltr' id='par_1_26' title="bbox 1947 1033 3538 1115">
     <span class='ocr_line' id='line_1_26' title="bbox 1947 1033 3538 1115; baseline -0.004 -12"><span class='ocrx_word' id='word_1_160' title='bbox 1947 1049 2136 1105; x_wconf 81' lang='lat' dir='ltr'><strong>rantia:</strong></span> <span class='ocrx_word' id='word_1_161' title='bbox 2166 1048 2371 1101; x_wconf 80' lang='lat' dir='ltr'><strong>inscitia</strong></span> <span class='ocrx_word' id='word_1_162' title='bbox 2399 1033 2485 1101; x_wconf 68' lang='lat' dir='ltr'><strong>vel</strong></span> <span class='ocrx_word' id='word_1_163' title='bbox 2514 1046 2580 1101; x_wconf 92' lang='lat' dir='ltr'><strong>de</strong></span> <span class='ocrx_word' id='word_1_164' title='bbox 2609 1046 2975 1115; x_wconf 64' lang='lat' dir='ltr'><strong>intelligentia:</strong></span> <span class='ocrx_word' id='word_1_165' title='bbox 3008 1044 3318 1099; x_wconf 85' lang='lat' dir='ltr'><strong>dilftcultate</strong></span> <span class='ocrx_word' id='word_1_166' title='bbox 3344 1056 3538 1097; x_wconf 84' lang='lat' dir='ltr'><strong>conce-</strong></span> 
     </span>
    </p>
   </div>
   <div class='ocr_carea' id='block_1_27' title="bbox 1949 1135 3538 1209">
    <p class='ocr_par' dir='ltr' id='par_1_27' title="bbox 1949 1135 3538 1209">
     <span class='ocr_line' id='line_1_27' title="bbox 1949 1135 3538 1209; baseline -0.003 -15"><span class='ocrx_word' id='word_1_167' title='bbox 1949 1140 2124 1207; x_wconf 84' lang='lat' dir='ltr'><strong>ditur;</strong></span> <span class='ocrx_word' id='word_1_168' title='bbox 2155 1157 2275 1195; x_wconf 88' lang='lat' dir='ltr'><strong>cutu</strong></span> <span class='ocrx_word' id='word_1_169' title='bbox 2305 1140 2318 1190; x_wconf 82' lang='lat' dir='ltr'><strong>i</strong></span> <span class='ocrx_word' id='word_1_170' title='bbox 2358 1140 2428 1195; x_wconf 90' lang='lat' dir='ltr'><strong>ob</strong></span> <span class='ocrx_word' id='word_1_171' title='bbox 2454 1138 2557 1194; x_wconf 89' lang='lat' dir='ltr'><strong>hoc</strong></span> <span class='ocrx_word' id='word_1_172' title='bbox 2584 1140 2756 1209; x_wconf 91' lang='lat' dir='ltr'><strong>ipsum</strong></span> <span class='ocrx_word' id='word_1_173' title='bbox 2780 1146 3149 1193; x_wconf 67' lang='lat' dir='ltr'><strong>sexcentarum</strong></span> <span class='ocrx_word' id='word_1_174' title='bbox 3182 1136 3290 1191; x_wconf 88' lang='lat' dir='ltr'><strong>fere</strong></span> <span class='ocrx_word' id='word_1_175' title='bbox 3316 1135 3538 1190; x_wconf 86' lang='lat' dir='ltr'><strong>fratrum</strong></span> 
     </span>
    </p>
   </div>
   <div class='ocr_carea' id='block_1_28' title="bbox 1952 1231 3537 1304">
    <p class='ocr_par' dir='ltr' id='par_1_28' title="bbox 1952 1231 3537 1304">
     <span class='ocr_line' id='line_1_28' title="bbox 1952 1231 3537 1304; baseline -0.005 -15"><span class='ocrx_word' id='word_1_176' title='bbox 1952 1236 2510 1304; x_wconf 72' lang='lat' dir='ltr'><strong>coepiscomirumque</strong></span> <span class='ocrx_word' id='word_1_177' title='bbox 2553 1243 2859 1287; x_wconf 86' lang='lat' dir='ltr'><strong>nostrorum</strong></span> <span class='ocrx_word' id='word_1_178' title='bbox 2900 1231 3136 1303; x_wconf 87' lang='lat' dir='ltr'><strong>synodus</strong></span> <span class='ocrx_word' id='word_1_179' title='bbox 3175 1238 3491 1300; x_wconf 86' lang='lat' dir='ltr'><strong>congregata</strong></span> <span class='ocrx_word' id='word_1_180' title='bbox 3519 1268 3537 1295; x_wconf 87' lang='lat'><strong>,</strong></span> 
     </span>
    </p>
   </div>
   <div class='ocr_carea' id='block_1_29' title="bbox 1952 1320 3541 1387">
    <p class='ocr_par' dir='ltr' id='par_1_29' title="bbox 1952 1320 3541 1387">
     <span class='ocr_line' id='line_1_29' title="bbox 1952 1320 3541 1387; baseline -0.004 -3"><span class='ocrx_word' id='word_1_181' title='bbox 1952 1329 2155 1383; x_wconf 87' lang='lat' dir='ltr'><strong>nullam</strong></span> <span class='ocrx_word' id='word_1_182' title='bbox 2196 1339 2364 1382; x_wconf 86' lang='lat' dir='ltr'><strong>artem</strong></span> <span class='ocrx_word' id='word_1_183' title='bbox 2406 1325 2788 1387; x_wconf 86' lang='lat' dir='ltr'><strong>ratiocinandi,</strong></span> <span class='ocrx_word' id='word_1_184' title='bbox 2833 1324 3038 1379; x_wconf 90' lang='lat' dir='ltr'><strong>nullum</strong></span> <span class='ocrx_word' id='word_1_185' title='bbox 3069 1321 3344 1387; x_wconf 87' lang='lat' dir='ltr'><strong>eloquium</strong></span> <span class='ocrx_word' id='word_1_186' title='bbox 3368 1320 3541 1378; x_wconf 82' lang='lat' dir='ltr'><strong>disse-</strong></span> 
     </span>
    </p>
   </div>
   <div class='ocr_carea' id='block_1_30' title="bbox 1953 1411 3541 1488">
    <p class='ocr_par' dir='ltr' id='par_1_30' title="bbox 1953 1411 3541 1488">
     <span class='ocr_line' id='line_1_30' title="bbox 1953 1411 3541 1488; baseline -0.007 -12"><span class='ocrx_word' id='word_1_187' title='bbox 1953 1420 2106 1476; x_wconf 89' lang='lat' dir='ltr'><strong>rendi</strong></span> <span class='ocrx_word' id='word_1_188' title='bbox 2132 1418 2159 1457; x_wconf 78' lang='grc' dir='ltr'><strong>¹ι</strong></span> <span class='ocrx_word' id='word_1_189' title='bbox 2186 1431 2371 1473; x_wconf 87' lang='lat' dir='ltr'><strong>contra</strong></span> <span class='ocrx_word' id='word_1_190' title='bbox 2412 1418 2684 1473; x_wconf 86' lang='lat' dir='ltr'><strong>fundatam</strong></span> <span class='ocrx_word' id='word_1_191' title='bbox 2711 1418 2964 1472; x_wconf 86' lang='lat' dir='ltr'><strong>divinitus</strong></span> <span class='ocrx_word' id='word_1_192' title='bbox 2999 1416 3211 1488; x_wconf 77' lang='lat'><strong>1138</strong></span> <span class='ocrx_word' id='word_1_193' title='bbox 3241 1414 3398 1467; x_wconf 86' lang='lat' dir='ltr'><strong>fidem</strong></span> <span class='ocrx_word' id='word_1_194' title='bbox 3431 1411 3541 1482; x_wconf 67' lang='lat' dir='ltr'><strong>spio</strong></span> 
     </span>
    </p>
   </div>
   <div class='ocr_carea' id='block_1_31' title="bbox 1953 1505 3540 1581">
    <p class='ocr_par' dir='ltr' id='par_1_31' title="bbox 1953 1505 3540 1581">
     <span class='ocr_line' id='line_1_31' title="bbox 1953 1505 3540 1581; baseline -0.004 -15"><span class='ocrx_word' id='word_1_195' title='bbox 1953 1527 2074 1566; x_wconf 89' lang='lat' dir='ltr'><strong>rare</strong></span> <span class='ocrx_word' id='word_1_196' title='bbox 2102 1511 2407 1581; x_wconf 86' lang='lat' dir='ltr'><strong>permiserit</strong></span> <span class='ocrx_word' id='word_1_197' title='bbox 2436 1529 2447 1563; x_wconf 93' lang='lat'>:</span> <span class='ocrx_word' id='word_1_198' title='bbox 2474 1511 2725 1581; x_wconf 90' lang='lat' dir='ltr'><strong>quoniam</strong></span> <span class='ocrx_word' id='word_1_199' title='bbox 2758 1508 3124 1563; x_wconf 82' lang='lat' dir='ltr'><strong>annitentibus</strong></span> <span class='ocrx_word' id='word_1_200' title='bbox 3157 1522 3251 1578; x_wconf 91' lang='lat' dir='ltr'><strong>per</strong></span> <span class='ocrx_word' id='word_1_201' title='bbox 3282 1505 3540 1559; x_wconf 80' lang='lat' dir='ltr'><strong>auxilium</strong></span> 
     </span>
    </p>
   </div>
   <div class='ocr_carea' id='block_1_32' title="bbox 1956 1599 3541 1674">
    <p class='ocr_par' dir='ltr' id='par_1_32' title="bbox 1956 1599 3541 1674">
     <span class='ocr_line' id='line_1_32' title="bbox 1956 1599 3541 1674; baseline -0.003 -15"><span class='ocrx_word' id='word_1_202' title='bbox 1956 1607 2135 1674; x_wconf 74' lang='lat' dir='ltr'><strong>gratiae</strong></span> <span class='ocrx_word' id='word_1_203' title='bbox 2170 1605 2260 1659; x_wconf 88' lang='lat' dir='ltr'><strong>Dei</strong></span> <span class='ocrx_word' id='word_1_204' title='bbox 2296 1604 2546 1658; x_wconf 85' lang='lat' dir='ltr'><strong>fratribus</strong></span> <span class='ocrx_word' id='word_1_205' title='bbox 2574 1602 2591 1641; x_wconf 75' lang='grc' dir='ltr'>ι</span> <span class='ocrx_word' id='word_1_206' title='bbox 2617 1613 2671 1659; x_wconf 90' lang='lat' dir='ltr'><strong>et</strong></span> <span class='ocrx_word' id='word_1_207' title='bbox 2690 1602 2904 1658; x_wconf 84' lang='lat' dir='ltr'><strong>vicariis</strong></span> <span class='ocrx_word' id='word_1_208' title='bbox 2935 1602 3152 1665; x_wconf 87' lang='lat' dir='ltr'><strong>nostris,</strong></span> <span class='ocrx_word' id='word_1_209' title='bbox 3184 1615 3412 1671; x_wconf 90' lang='lat' dir='ltr'><strong>quorum</strong></span> <span class='ocrx_word' id='word_1_210' title='bbox 3439 1599 3541 1668; x_wconf 81' lang='lat' dir='ltr'><strong>ple-</strong></span> 
     </span>
    </p>
   </div>
   <div class='ocr_carea' id='block_1_33' title="bbox 1957 1691 3543 1760">
    <p class='ocr_par' dir='ltr' id='par_1_33' title="bbox 1957 1691 3543 1760">
     <span class='ocr_line' id='line_1_33' title="bbox 1957 1691 3543 1760; baseline -0.003 -8"><span class='ocrx_word' id='word_1_211' title='bbox 1957 1699 2178 1752; x_wconf 87' lang='lat' dir='ltr'><strong>nissima</strong></span> <span class='ocrx_word' id='word_1_212' title='bbox 2220 1699 2423 1752; x_wconf 82' lang='lat' dir='ltr'><strong>exstitit</strong></span> <span class='ocrx_word' id='word_1_213' title='bbox 2449 1698 2501 1751; x_wconf 92' lang='lat' dir='ltr'><strong>in</strong></span> <span class='ocrx_word' id='word_1_214' title='bbox 2532 1697 2676 1751; x_wconf 88' lang='lat' dir='ltr'><strong>omni</strong></span> <span class='ocrx_word' id='word_1_215' title='bbox 2714 1697 2925 1751; x_wconf 87' lang='lat' dir='ltr'><strong>actione</strong></span> <span class='ocrx_word' id='word_1_216' title='bbox 2960 1695 3208 1760; x_wconf 85' lang='lat' dir='ltr'><strong>devotio,</strong></span> <span class='ocrx_word' id='word_1_217' title='bbox 3237 1710 3343 1749; x_wconf 90' lang='lat' dir='ltr'><strong>non</strong></span> <span class='ocrx_word' id='word_1_218' title='bbox 3368 1691 3543 1747; x_wconf 89' lang='lat' dir='ltr'><strong>solum</strong></span> 
     </span>
    </p>
   </div>
   <div class='ocr_carea' id='block_1_34' title="bbox 1957 1789 3544 1859">
    <p class='ocr_par' dir='ltr' id='par_1_34' title="bbox 1957 1789 3544 1859">
     <span class='ocr_line' id='line_1_34' title="bbox 1957 1789 3544 1859; baseline -0.003 -14"><span class='ocrx_word' id='word_1_219' title='bbox 1957 1792 2330 1846; x_wconf 86' lang='lat' dir='ltr'><strong>sacerdotibus</strong></span> <span class='ocrx_word' id='word_1_220' title='bbox 2356 1790 2592 1856; x_wconf 84' lang='lat' dir='ltr'><strong>Christi,</strong></span> <span class='ocrx_word' id='word_1_221' title='bbox 2629 1790 2721 1845; x_wconf 86' lang='lat' dir='ltr'><strong>sed</strong></span> <span class='ocrx_word' id='word_1_222' title='bbox 2752 1791 2913 1845; x_wconf 91' lang='lat' dir='ltr'><strong>etiam</strong></span> <span class='ocrx_word' id='word_1_223' title='bbox 2945 1789 3272 1859; x_wconf 89' lang='lat' dir='ltr'><strong>principibus</strong></span> <span class='ocrx_word' id='word_1_224' title='bbox 3307 1795 3363 1842; x_wconf 86' lang='lat' dir='ltr'><strong>et</strong></span> <span class='ocrx_word' id='word_1_225' title='bbox 3392 1794 3544 1857; x_wconf 87' lang='lat' dir='ltr'><strong>pote-</strong></span> 
     </span>
    </p>
   </div>
   <div class='ocr_carea' id='block_1_35' title="bbox 261 1879 3543 1963">
    <p class='ocr_par' dir='ltr' id='par_1_35' title="bbox 261 1879 3543 1963">
     <span class='ocr_line' id='line_1_35' title="bbox 261 1879 3543 1963; baseline -0.003 -20"><span class='ocrx_word' id='word_1_226' title='bbox 261 1902 387 1963; x_wconf 92' lang='lat' dir='ltr'><strong>pum</strong></span> <span class='ocrx_word' id='word_1_227' title='bbox 412 1898 652 1942; x_wconf 87' lang='lat' dir='ltr'><strong>nostrum</strong></span> <span class='ocrx_word' id='word_1_228' title='bbox 680 1888 971 1958; x_wconf 86' lang='lat' dir='ltr'><strong>Ingenuum</strong></span> <span class='ocrx_word' id='word_1_229' title='bbox 1002 1898 1273 1959; x_wconf 79' lang='lat' dir='ltr'><strong>gratanter</strong></span> <span class='ocrx_word' id='word_1_230' title='bbox 1295 1890 1624 1959; x_wconf 87' lang='lat' dir='ltr'><strong>accepimus,</strong></span> <span class='ocrx_word' id='word_1_231' title='bbox 1655 1905 1855 1957; x_wconf 88' lang='lat' dir='ltr'><strong>easque</strong></span> <span class='ocrx_word' id='word_1_232' title='bbox 1885 1879 1933 1941; x_wconf 91' lang='lat' dir='ltr'><strong>B</strong></span> <span class='ocrx_word' id='word_1_233' title='bbox 1961 1883 2187 1937; x_wconf 86' lang='lat' dir='ltr'><strong>statibus</strong></span> <span class='ocrx_word' id='word_1_234' title='bbox 2218 1882 2611 1949; x_wconf 70' lang='lat' dir='ltr'><strong>Christianis,nn</strong></span> <span class='ocrx_word' id='word_1_235' title='bbox 2639 1883 2953 1951; x_wconf 88' lang='lat' dir='ltr'><strong>cunctisque</strong></span> <span class='ocrx_word' id='word_1_236' title='bbox 2981 1881 3110 1937; x_wconf 84' lang='lat' dir='ltr'><strong>cieri</strong></span> <span class='ocrx_word' id='word_1_237' title='bbox 3156 1891 3209 1936; x_wconf 90' lang='lat' dir='ltr'><strong>et</strong></span> <span class='ocrx_word' id='word_1_238' title='bbox 3247 1880 3418 1950; x_wconf 87' lang='lat' dir='ltr'><strong>plebis</strong></span> <span class='ocrx_word' id='word_1_239' title='bbox 3457 1894 3543 1934; x_wconf 89' lang='lat' dir='ltr'><strong>or-</strong></span> 
     </span>
    </p>
   </div>
   <div class='ocr_carea' id='block_1_36' title="bbox 260 1980 1857 2051">
    <p class='ocr_par' dir='ltr' id='par_1_36' title="bbox 260 1980 1857 2051">
     <span class='ocr_line' id='line_1_36' title="bbox 260 1980 1857 2051; baseline 0.003 -18"><span class='ocrx_word' id='word_1_240' title='bbox 260 1995 384 2034; x_wconf 89' lang='lat' dir='ltr'><strong>cum</strong></span> <span class='ocrx_word' id='word_1_241' title='bbox 414 1980 615 2050; x_wconf 86' lang='lat' dir='ltr'><strong>gaudio</strong></span> <span class='ocrx_word' id='word_1_242' title='bbox 666 1990 1013 2036; x_wconf 84' lang='lat' dir='ltr'><strong>recensentes</strong></span> <span class='ocrx_word' id='word_1_243' title='bbox 1058 1982 1428 2051; x_wconf 88' lang='lat' dir='ltr'><strong>probavimus,</strong></span> <span class='ocrx_word' id='word_1_244' title='bbox 1454 1982 1595 2036; x_wconf 85' lang='lat' dir='ltr'><strong>sicut</strong></span> <span class='ocrx_word' id='word_1_245' title='bbox 1619 1982 1857 2037; x_wconf 83' lang='lat' dir='ltr'><strong>confide-</strong></span> 
     </span>
    </p>
   </div>
   <div class='ocr_carea' id='block_1_37' title="bbox 262 2069 1856 2142">
    <p class='ocr_par' dir='ltr' id='par_1_37' title="bbox 262 2069 1856 2142">
     <span class='ocr_line' id='line_1_37' title="bbox 262 2069 1856 2142; baseline 0.002 -17"><span class='ocrx_word' id='word_1_246' title='bbox 262 2069 479 2139; x_wconf 88' lang='lat' dir='ltr'><strong>bamus,</strong></span> <span class='ocrx_word' id='word_1_247' title='bbox 508 2071 811 2127; x_wconf 88' lang='lat' dir='ltr'><strong>eruditione</strong></span> <span class='ocrx_word' id='word_1_248' title='bbox 852 2071 1085 2142; x_wconf 78' lang='lat' dir='ltr'><strong>Spiritus</strong></span> <span class='ocrx_word' id='word_1_249' title='bbox 1117 2072 1291 2128; x_wconf 86' lang='lat' dir='ltr'><strong>sancti</strong></span> <span class='ocrx_word' id='word_1_250' title='bbox 1315 2073 1592 2128; x_wconf 71' lang='lat' dir='ltr'><strong>cmlestem</strong></span> <span class='ocrx_word' id='word_1_251' title='bbox 1620 2074 1672 2127; x_wconf 91' lang='lat' dir='ltr'><strong>in</strong></span> <span class='ocrx_word' id='word_1_252' title='bbox 1705 2074 1856 2128; x_wconf 89' lang='lat' dir='ltr'><strong>vobis</strong></span> 
     </span>
    </p>
   </div>
   <div class='ocr_carea' id='block_1_38' title="bbox 262 2165 1857 2238">
    <p class='ocr_par' dir='ltr' id='par_1_38' title="bbox 262 2165 1857 2238">
     <span class='ocr_line' id='line_1_38' title="bbox 262 2165 1857 2238; baseline 0.003 -19"><span class='ocrx_word' id='word_1_253' title='bbox 262 2165 447 2235; x_wconf 77' lang='lat' dir='ltr'><strong>vigere</strong></span> <span class='ocrx_word' id='word_1_254' title='bbox 494 2167 816 2232; x_wconf 90' lang='lat' dir='ltr'><strong>doctrinam,</strong></span> <span class='ocrx_word' id='word_1_255' title='bbox 872 2182 1033 2238; x_wconf 86' lang='lat' dir='ltr'><strong>quam</strong></span> <span class='ocrx_word' id='word_1_256' title='bbox 1085 2167 1138 2222; x_wconf 91' lang='lat' dir='ltr'><strong>in</strong></span> <span class='ocrx_word' id='word_1_257' title='bbox 1180 2167 1548 2224; x_wconf 86' lang='lat' dir='ltr'><strong>Orientalibus</strong></span> <span class='ocrx_word' id='word_1_258' title='bbox 1603 2167 1857 2223; x_wconf 86' lang='lat' dir='ltr'><strong>Ecclesiis</strong></span> 
     </span>
    </p>
   </div>
   <div class='ocr_carea' id='block_1_39' title="bbox 264 2258 1859 2331">
    <p class='ocr_par' dir='ltr' id='par_1_39' title="bbox 264 2258 1859 2331">
     <span class='ocr_line' id='line_1_39' title="bbox 264 2258 1859 2331; baseline 0.004 -20"><span class='ocrx_word' id='word_1_259' title='bbox 264 2258 502 2313; x_wconf 85' lang='lat' dir='ltr'><strong>versutia</strong></span> <span class='ocrx_word' id='word_1_260' title='bbox 534 2260 704 2314; x_wconf 88' lang='lat' dir='ltr'><strong>hostis</strong></span> <span class='ocrx_word' id='word_1_261' title='bbox 733 2260 958 2329; x_wconf 89' lang='lat' dir='ltr'><strong>antiqui,</strong></span> <span class='ocrx_word' id='word_1_262' title='bbox 992 2275 1087 2330; x_wconf 92' lang='lat' dir='ltr'><strong>per</strong></span> <span class='ocrx_word' id='word_1_263' title='bbox 1113 2275 1206 2316; x_wconf 92' lang='lat' dir='ltr'><strong>eos</strong></span> <span class='ocrx_word' id='word_1_264' title='bbox 1238 2258 1257 2298; x_wconf 67' lang='grc' dir='ltr'>ί</span> <span class='ocrx_word' id='word_1_265' title='bbox 1292 2276 1427 2331; x_wconf 91' lang='lat' dir='ltr'><strong>quos</strong></span> <span class='ocrx_word' id='word_1_266' title='bbox 1457 2277 1717 2329; x_wconf 85' lang='lat' dir='ltr'><strong>sequaces</strong></span> <span class='ocrx_word' id='word_1_267' title='bbox 1744 2276 1859 2319; x_wconf 68' lang='lat' dir='ltr'><strong>sua:</strong></span> 
     </span>
    </p>
   </div>
   <div class='ocr_carea' id='block_1_40' title="bbox 263 2350 1858 2423">
    <p class='ocr_par' dir='ltr' id='par_1_40' title="bbox 263 2350 1858 2423">
     <span class='ocr_line' id='line_1_40' title="bbox 263 2350 1858 2423; baseline 0.003 -17"><span class='ocrx_word' id='word_1_268' title='bbox 263 2352 470 2421; x_wconf 87' lang='lat' dir='ltr'><strong>reperit</strong></span> <span class='ocrx_word' id='word_1_269' title='bbox 508 2350 784 2417; x_wconf 89' lang='lat' dir='ltr'><strong>falsitatis,</strong></span> <span class='ocrx_word' id='word_1_270' title='bbox 818 2352 1040 2423; x_wconf 87' lang='lat' dir='ltr'><strong>fatigare</strong></span> <span class='ocrx_word' id='word_1_271' title='bbox 1069 2362 1260 2408; x_wconf 86' lang='lat' dir='ltr'><strong>conata</strong></span> <span class='ocrx_word' id='word_1_272' title='bbox 1290 2365 1406 2419; x_wconf 88' lang='lat' dir='ltr'><strong>est;</strong></span> <span class='ocrx_word' id='word_1_273' title='bbox 1449 2370 1568 2409; x_wconf 85' lang='lat' dir='ltr'><strong>cuin</strong></span> <span class='ocrx_word' id='word_1_274' title='bbox 1597 2355 1858 2411; x_wconf 88' lang='lat' dir='ltr'><strong>catholica</strong></span> 
     </span>
    </p>
   </div>
   <div class='ocr_carea' id='block_1_41' title="bbox 263 2445 1860 2520">
    <p class='ocr_par' dir='ltr' id='par_1_41' title="bbox 263 2445 1860 2520">
     <span class='ocr_line' id='line_1_41' title="bbox 263 2445 1860 2520; baseline 0.002 -20"><span class='ocrx_word' id='word_1_275' title='bbox 263 2445 433 2510; x_wconf 80' lang='lat' dir='ltr'><strong>ﬁdes,</strong></span> <span class='ocrx_word' id='word_1_276' title='bbox 478 2463 597 2516; x_wconf 65' lang='lat' dir='ltr'><strong>quae</strong></span> <span class='ocrx_word' id='word_1_277' title='bbox 637 2447 779 2502; x_wconf 82' lang='lat' dir='ltr'><strong>nulla</strong></span> <span class='ocrx_word' id='word_1_278' title='bbox 822 2448 904 2503; x_wconf 90' lang='lat' dir='ltr'><strong>sui</strong></span> <span class='ocrx_word' id='word_1_279' title='bbox 937 2456 1022 2503; x_wconf 90' lang='lat' dir='ltr'><strong>est</strong></span> <span class='ocrx_word' id='word_1_280' title='bbox 1062 2457 1214 2518; x_wconf 91' lang='lat' dir='ltr'><strong>parte</strong></span> <span class='ocrx_word' id='word_1_281' title='bbox 1250 2449 1551 2517; x_wconf 88' lang='lat' dir='ltr'><strong>mutabilis,</strong></span> <span class='ocrx_word' id='word_1_282' title='bbox 1587 2464 1683 2519; x_wconf 89' lang='lat' dir='ltr'><strong>per</strong></span> <span class='ocrx_word' id='word_1_283' title='bbox 1718 2451 1860 2520; x_wconf 89' lang='lat' dir='ltr'><strong>ipsas</strong></span> 
     </span>
    </p>
   </div>
   <div class='ocr_carea' id='block_1_42' title="bbox 262 2538 1863 2612">
    <p class='ocr_par' dir='ltr' id='par_1_42' title="bbox 262 2538 1863 2612">
     <span class='ocr_line' id='line_1_42' title="bbox 262 2538 1863 2612; baseline 0.002 -20"><span class='ocrx_word' id='word_1_284' title='bbox 262 2538 674 2594; x_wconf 80' lang='lat' dir='ltr'><strong>adversantium</strong></span> <span class='ocrx_word' id='word_1_285' title='bbox 699 2542 1113 2596; x_wconf 85' lang='lat' dir='ltr'><strong>exercitationes</strong></span> <span class='ocrx_word' id='word_1_286' title='bbox 1156 2550 1212 2596; x_wconf 90' lang='lat' dir='ltr'><strong>et</strong></span> <span class='ocrx_word' id='word_1_287' title='bbox 1244 2541 1471 2596; x_wconf 89' lang='lat' dir='ltr'><strong>validior</strong></span> <span class='ocrx_word' id='word_1_288' title='bbox 1498 2557 1713 2612; x_wconf 89' lang='lat' dir='ltr'><strong>semper</strong></span> <span class='ocrx_word' id='word_1_289' title='bbox 1745 2542 1863 2598; x_wconf 85' lang='lat' dir='ltr'><strong>effi-</strong></span> 
     </span>
    </p>
   </div>
   <div class='ocr_carea' id='block_1_43' title="bbox 261 2632 1860 2704">
    <p class='ocr_par' dir='ltr' id='par_1_43' title="bbox 261 2632 1860 2704">
     <span class='ocr_line' id='line_1_43' title="bbox 261 2632 1860 2704; baseline 0.001 -17"><span class='ocrx_word' id='word_1_290' title='bbox 261 2632 441 2687; x_wconf 88' lang='lat' dir='ltr'><strong>ciatur</strong></span> <span class='ocrx_word' id='word_1_291' title='bbox 482 2641 537 2687; x_wconf 89' lang='lat' dir='ltr'><strong>et</strong></span> <span class='ocrx_word' id='word_1_292' title='bbox 574 2633 793 2698; x_wconf 87' lang='lat' dir='ltr'><strong>clarior,</strong></span> <span class='ocrx_word' id='word_1_293' title='bbox 831 2642 1090 2704; x_wconf 88' lang='lat' dir='ltr'><strong>operante</strong></span> <span class='ocrx_word' id='word_1_294' title='bbox 1126 2635 1229 2689; x_wconf 92' lang='lat' dir='ltr'><strong>hoc</strong></span> <span class='ocrx_word' id='word_1_295' title='bbox 1264 2635 1433 2704; x_wconf 83' lang='lat' dir='ltr'><strong>gratia</strong></span> <span class='ocrx_word' id='word_1_296' title='bbox 1461 2635 1584 2699; x_wconf 87' lang='lat' dir='ltr'><strong>Dei,</strong></span> <span class='ocrx_word' id='word_1_297' title='bbox 1614 2642 1672 2689; x_wconf 89' lang='lat' dir='ltr'><strong>ut</strong></span> <span class='ocrx_word' id='word_1_298' title='bbox 1699 2636 1741 2689; x_wconf 91' lang='lat' dir='ltr'><strong>si</strong></span> <span class='ocrx_word' id='word_1_299' title='bbox 1771 2634 1860 2704; x_wconf 87' lang='lat' dir='ltr'><strong>qui</strong></span> 
     </span>
    </p>
   </div>
   <div class='ocr_carea' id='block_1_44' title="bbox 262 2724 1862 2799">
    <p class='ocr_par' dir='ltr' id='par_1_44' title="bbox 262 2724 1862 2799">
     <span class='ocr_line' id='line_1_44' title="bbox 262 2724 1862 2799; baseline 0.004 -18"><span class='ocrx_word' id='word_1_300' title='bbox 262 2724 406 2782; x_wconf 88' lang='lat' dir='ltr'><strong>forte</strong></span> <span class='ocrx_word' id='word_1_301' title='bbox 437 2726 506 2781; x_wconf 90' lang='lat' dir='ltr'><strong>ad</strong></span> <span class='ocrx_word' id='word_1_302' title='bbox 536 2726 652 2781; x_wconf 70' lang='lat' dir='ltr'><strong>haec</strong></span> <span class='ocrx_word' id='word_1_303' title='bbox 675 2727 889 2783; x_wconf 84' lang='lat' dir='ltr'><strong>subtilia</strong></span> <span class='ocrx_word' id='word_1_304' title='bbox 920 2728 1120 2784; x_wconf 91' lang='lat' dir='ltr'><strong>inimici</strong></span> <span class='ocrx_word' id='word_1_305' title='bbox 1140 2728 1316 2799; x_wconf 81' lang='lat' dir='ltr'><strong>jacula</strong></span> <span class='ocrx_word' id='word_1_306' title='bbox 1339 2730 1658 2785; x_wconf 87' lang='lat' dir='ltr'><strong>declinanda</strong></span> <span class='ocrx_word' id='word_1_307' title='bbox 1685 2732 1862 2787; x_wconf 85' lang='lat' dir='ltr'><strong>minus</strong></span> 
     </span>
    </p>
   </div>
   <div class='ocr_carea' id='block_1_45' title="bbox 261 2819 1862 2893">
    <p class='ocr_par' dir='ltr' id='par_1_45' title="bbox 261 2819 1862 2893">
     <span class='ocr_line' id='line_1_45' title="bbox 261 2819 1862 2893; baseline 0.002 -19"><span class='ocrx_word' id='word_1_308' title='bbox 261 2828 421 2874; x_wconf 85' lang='lat' dir='ltr'><strong>erant</strong></span> <span class='ocrx_word' id='word_1_309' title='bbox 450 2819 695 2874; x_wconf 79' lang='lat' dir='ltr'><strong>inStructi</strong></span> <span class='ocrx_word' id='word_1_310' title='bbox 732 2821 1016 2891; x_wconf 88' lang='lat' dir='ltr'><strong>minusque</strong></span> <span class='ocrx_word' id='word_1_311' title='bbox 1040 2822 1293 2891; x_wconf 90' lang='lat' dir='ltr'><strong>solliciti,</strong></span> <span class='ocrx_word' id='word_1_312' title='bbox 1332 2824 1598 2893; x_wconf 87' lang='lat' dir='ltr'><strong>perceptis</strong></span> <span class='ocrx_word' id='word_1_313' title='bbox 1622 2824 1862 2879; x_wconf 90' lang='lat' dir='ltr'><strong>veritatis</strong></span> 
     </span>
    </p>
   </div>
   <div class='ocr_carea' id='block_1_46' title="bbox 265 2911 1859 2985">
    <p class='ocr_par' dir='ltr' id='par_1_46' title="bbox 265 2911 1859 2985">
     <span class='ocr_line' id='line_1_46' title="bbox 265 2911 1859 2985; baseline 0.005 -20"><span class='ocrx_word' id='word_1_314' title='bbox 265 2911 454 2977; x_wconf 83' lang='lat' dir='ltr'><strong>armis,</strong></span> <span class='ocrx_word' id='word_1_315' title='bbox 500 2914 693 2968; x_wconf 81' lang='lat' dir='ltr'><strong>flerent</strong></span> <span class='ocrx_word' id='word_1_316' title='bbox 726 2922 915 2968; x_wconf 89' lang='lat' dir='ltr'><strong>contra</strong></span> <span class='ocrx_word' id='word_1_317' title='bbox 945 2916 1230 2985; x_wconf 88' lang='lat' dir='ltr'><strong>impiorum</strong></span> <span class='ocrx_word' id='word_1_318' title='bbox 1273 2917 1553 2972; x_wconf 86' lang='lat' dir='ltr'><strong>mendacia</strong></span> <span class='ocrx_word' id='word_1_319' title='bbox 1591 2918 1859 2973; x_wconf 85' lang='lat' dir='ltr'><strong>fortiores.</strong></span> 
     </span>
    </p>
   </div>
   <div class='ocr_carea' id='block_1_47' title="bbox 268 3003 1860 3078">
    <p class='ocr_par' dir='ltr' id='par_1_47' title="bbox 268 3003 1860 3078">
     <span class='ocr_line' id='line_1_47' title="bbox 268 3003 1860 3078; baseline 0.004 -20"><span class='ocrx_word' id='word_1_320' title='bbox 268 3003 422 3070; x_wconf 87' lang='lat' dir='ltr'><strong>Quod</strong></span> <span class='ocrx_word' id='word_1_321' title='bbox 451 3020 600 3075; x_wconf 89' lang='lat' dir='ltr'><strong>ergo,</strong></span> <span class='ocrx_word' id='word_1_322' title='bbox 631 3007 769 3061; x_wconf 89' lang='lat' dir='ltr'><strong>sicut</strong></span> <span class='ocrx_word' id='word_1_323' title='bbox 796 3022 956 3062; x_wconf 90' lang='lat' dir='ltr'><strong>causa</strong></span> <span class='ocrx_word' id='word_1_324' title='bbox 998 3009 1281 3078; x_wconf 87' lang='lat' dir='ltr'><strong>poscebat,</strong></span> <span class='ocrx_word' id='word_1_325' title='bbox 1314 3010 1560 3065; x_wconf 85' lang='lat' dir='ltr'><strong>fiduciam</strong></span> <span class='ocrx_word' id='word_1_326' title='bbox 1601 3021 1860 3077; x_wconf 90' lang='lat' dir='ltr'><strong>nostram,</strong></span> 
     </span>
    </p>
   </div>
   <div class='ocr_carea' id='block_1_48' title="bbox 267 3099 1863 3173">
    <p class='ocr_par' dir='ltr' id='par_1_48' title="bbox 267 3099 1863 3173">
     <span class='ocr_line' id='line_1_48' title="bbox 267 3099 1863 3173; baseline 0.003 -18"><span class='ocrx_word' id='word_1_327' title='bbox 267 3113 427 3168; x_wconf 87' lang='lat' dir='ltr'><strong>quam</strong></span> <span class='ocrx_word' id='word_1_328' title='bbox 462 3099 531 3154; x_wconf 90' lang='lat' dir='ltr'><strong>de</strong></span> <span class='ocrx_word' id='word_1_329' title='bbox 575 3100 725 3155; x_wconf 88' lang='lat' dir='ltr'><strong>vobis</strong></span> <span class='ocrx_word' id='word_1_330' title='bbox 765 3100 1023 3156; x_wconf 87' lang='lat' dir='ltr'><strong>habemus</strong></span> <span class='ocrx_word' id='word_1_331' title='bbox 1057 3102 1110 3156; x_wconf 91' lang='lat' dir='ltr'><strong>in</strong></span> <span class='ocrx_word' id='word_1_332' title='bbox 1144 3101 1401 3168; x_wconf 87' lang='lat' dir='ltr'><strong>Domino,</strong></span> <span class='ocrx_word' id='word_1_333' title='bbox 1442 3103 1673 3157; x_wconf 82' lang='lat' dir='ltr'><strong>fideliter</strong></span> <span class='ocrx_word' id='word_1_334' title='bbox 1699 3112 1863 3173; x_wconf 80' lang='lat' dir='ltr'><strong>atque</strong></span> 
     </span>
    </p>
   </div>
   <div class='ocr_carea' id='block_1_49' title="bbox 269 3191 1787 3264">
    <p class='ocr_par' dir='ltr' id='par_1_49' title="bbox 269 3191 1787 3264">
     <span class='ocr_line' id='line_1_49' title="bbox 269 3191 1787 3264; baseline 0.003 -19"><span class='ocrx_word' id='word_1_335' title='bbox 269 3191 591 3249; x_wconf 87' lang='lat' dir='ltr'><strong>obedienter</strong></span> <span class='ocrx_word' id='word_1_336' title='bbox 619 3194 869 3259; x_wconf 84' lang='lat' dir='ltr'><strong>auxistis,</strong></span> <span class='ocrx_word' id='word_1_337' title='bbox 894 3195 1059 3249; x_wconf 86' lang='lat' dir='ltr'><strong>multa</strong></span> <span class='ocrx_word' id='word_1_338' title='bbox 1086 3194 1444 3250; x_wconf 78' lang='lat' dir='ltr'><strong>exsultatione</strong></span> <span class='ocrx_word' id='word_1_339' title='bbox 1475 3197 1787 3264; x_wconf 80' lang='lat' dir='ltr'><strong>gaudemus.</strong></span> 
     </span>
    </p>
   </div>
   <div class='ocr_carea' id='block_1_50' title="bbox 1959 1977 3545 2048">
    <p class='ocr_par' dir='ltr' id='par_1_50' title="bbox 1959 1977 3545 2048">
     <span class='ocr_line' id='line_1_50' title="bbox 1959 1977 3545 2048; baseline -0.001 -15"><span class='ocrx_word' id='word_1_340' title='bbox 1959 1978 2173 2033; x_wconf 90' lang='lat' dir='ltr'><strong>dinihus</strong></span> <span class='ocrx_word' id='word_1_341' title='bbox 2198 2019 2213 2045; x_wconf 92' lang='lat'><strong>,</strong></span> <span class='ocrx_word' id='word_1_342' title='bbox 2257 1979 2417 2048; x_wconf 88' lang='lat' dir='ltr'><strong>plene</strong></span> <span class='ocrx_word' id='word_1_343' title='bbox 2456 1988 2615 2048; x_wconf 91' lang='lat' dir='ltr'><strong>atque</strong></span> <span class='ocrx_word' id='word_1_344' title='bbox 2655 1978 2935 2033; x_wconf 79' lang='lat' dir='ltr'><strong>evidenter</strong></span> <span class='ocrx_word' id='word_1_345' title='bbox 2967 1978 3214 2048; x_wconf 88' lang='lat' dir='ltr'><strong>apparuit</strong></span> <span class='ocrx_word' id='word_1_346' title='bbox 3248 1977 3385 2031; x_wconf 87' lang='lat' dir='ltr'><strong>hanc</strong></span> <span class='ocrx_word' id='word_1_347' title='bbox 3424 1989 3545 2032; x_wconf 85' lang='lat' dir='ltr'><strong>esse</strong></span> 
     </span>
    </p>
   </div>
   <div class='ocr_carea' id='block_1_51' title="bbox 1960 2067 3546 2140">
    <p class='ocr_par' dir='ltr' id='par_1_51' title="bbox 1960 2067 3546 2140">
     <span class='ocr_line' id='line_1_51' title="bbox 1960 2067 3546 2140; baseline -0.003 -13"><span class='ocrx_word' id='word_1_348' title='bbox 1960 2086 2089 2127; x_wconf 85' lang='lat' dir='ltr'><strong>vere</strong></span> <span class='ocrx_word' id='word_1_349' title='bbox 2117 2070 2465 2140; x_wconf 87' lang='lat' dir='ltr'><strong>apostolicam</strong></span> <span class='ocrx_word' id='word_1_350' title='bbox 2507 2078 2535 2105; x_wconf 76' lang='grc' dir='ltr'><strong>τι</strong></span> <span class='ocrx_word' id='word_1_351' title='bbox 2577 2078 2631 2125; x_wconf 89' lang='lat' dir='ltr'><strong>et</strong></span> <span class='ocrx_word' id='word_1_352' title='bbox 2670 2070 2986 2124; x_wconf 89' lang='lat' dir='ltr'><strong>catholicam</strong></span> <span class='ocrx_word' id='word_1_353' title='bbox 3031 2068 3224 2138; x_wconf 83' lang='lat' dir='ltr'><strong>fidem,</strong></span> <span class='ocrx_word' id='word_1_354' title='bbox 3257 2082 3321 2124; x_wconf 84' lang='lat' dir='ltr'><strong>ex</strong></span> <span class='ocrx_word' id='word_1_355' title='bbox 3352 2067 3546 2122; x_wconf 67' lang='lat' dir='ltr'><strong>divina:</strong></span> 
     </span>
    </p>
   </div>
   <div class='ocr_carea' id='block_1_52' title="bbox 1962 2157 3546 2233">
    <p class='ocr_par' dir='ltr' id='par_1_52' title="bbox 1962 2157 3546 2233">
     <span class='ocr_line' id='line_1_52' title="bbox 1962 2157 3546 2233; baseline -0.001 -17"><span class='ocrx_word' id='word_1_356' title='bbox 1962 2161 2177 2233; x_wconf 84' lang='lat' dir='ltr'><strong>pietatis</strong></span> <span class='ocrx_word' id='word_1_357' title='bbox 2203 2161 2351 2217; x_wconf 89' lang='lat' dir='ltr'><strong>fonte</strong></span> <span class='ocrx_word' id='word_1_358' title='bbox 2381 2172 2706 2227; x_wconf 89' lang='lat' dir='ltr'><strong>manantem,</strong></span> <span class='ocrx_word' id='word_1_359' title='bbox 2735 2176 2891 2231; x_wconf 92' lang='lat' dir='ltr'><strong>quam</strong></span> <span class='ocrx_word' id='word_1_360' title='bbox 2925 2160 3189 2215; x_wconf 88' lang='lat' dir='ltr'><strong>sinceram</strong></span> <span class='ocrx_word' id='word_1_361' title='bbox 3220 2168 3275 2215; x_wconf 92' lang='lat' dir='ltr'><strong>et</strong></span> <span class='ocrx_word' id='word_1_362' title='bbox 3303 2159 3369 2213; x_wconf 89' lang='lat' dir='ltr'><strong>ah</strong></span> <span class='ocrx_word' id='word_1_363' title='bbox 3397 2157 3546 2214; x_wconf 90' lang='lat' dir='ltr'><strong>omni</strong></span> 
     </span>
    </p>
   </div>
   <div class='ocr_carea' id='block_1_53' title="bbox 1960 2248 3547 2320">
    <p class='ocr_par' dir='ltr' id='par_1_53' title="bbox 1960 2248 3547 2320">
     <span class='ocr_line' id='line_1_53' title="bbox 1960 2248 3547 2320; baseline -0.002 -15"><span class='ocrx_word' id='word_1_364' title='bbox 1960 2251 2091 2307; x_wconf 67' lang='lat' dir='ltr'><strong>faece</strong></span> <span class='ocrx_word' id='word_1_365' title='bbox 2118 2252 2282 2307; x_wconf 90' lang='lat' dir='ltr'><strong>totius</strong></span> <span class='ocrx_word' id='word_1_366' title='bbox 2308 2252 2511 2307; x_wconf 84' lang='lat' dir='ltr'><strong>erroris</strong></span> <span class='ocrx_word' id='word_1_367' title='bbox 2539 2252 2791 2316; x_wconf 89' lang='lat' dir='ltr'><strong>alienam,</strong></span> <span class='ocrx_word' id='word_1_368' title='bbox 2820 2251 2959 2305; x_wconf 90' lang='lat' dir='ltr'><strong>sicut</strong></span> <span class='ocrx_word' id='word_1_369' title='bbox 2983 2249 3314 2320; x_wconf 86' lang='lat' dir='ltr'><strong>accepimus,</strong></span> <span class='ocrx_word' id='word_1_370' title='bbox 3350 2248 3547 2319; x_wconf 66' lang='lat' dir='ltr'><strong>praedi-</strong></span> 
     </span>
    </p>
   </div>
   <div class='ocr_carea' id='block_1_54' title="bbox 1960 2341 3547 2415">
    <p class='ocr_par' dir='ltr' id='par_1_54' title="bbox 1960 2341 3547 2415">
     <span class='ocr_line' id='line_1_54' title="bbox 1960 2341 3547 2415; baseline -0.003 -15"><span class='ocrx_word' id='word_1_371' title='bbox 1960 2360 2168 2410; x_wconf 76' lang='lat' dir='ltr'><strong>camus,</strong></span> <span class='ocrx_word' id='word_1_372' title='bbox 2195 2356 2249 2400; x_wconf 88' lang='lat' dir='ltr'><strong>et</strong></span> <span class='ocrx_word' id='word_1_373' title='bbox 2277 2346 2528 2400; x_wconf 89' lang='lat' dir='ltr'><strong>universo</strong></span> <span class='ocrx_word' id='word_1_374' title='bbox 2545 2345 2654 2415; x_wconf 90' lang='lat' dir='ltr'><strong>jam</strong></span> <span class='ocrx_word' id='word_1_375' title='bbox 2684 2344 2884 2399; x_wconf 91' lang='lat' dir='ltr'><strong>mundo</strong></span> <span class='ocrx_word' id='word_1_376' title='bbox 2911 2343 3282 2400; x_wconf 86' lang='lat' dir='ltr'><strong>consentiente</strong></span> <span class='ocrx_word' id='word_1_377' title='bbox 3303 2341 3547 2399; x_wconf 89' lang='lat' dir='ltr'><strong>defendi-</strong></span> 
     </span>
    </p>
   </div>
   <div class='ocr_carea' id='block_1_55' title="bbox 1965 2435 3548 2508">
    <p class='ocr_par' dir='ltr' id='par_1_55' title="bbox 1965 2435 3548 2508">
     <span class='ocr_line' id='line_1_55' title="bbox 1965 2435 3548 2508; baseline -0.004 -12"><span class='ocrx_word' id='word_1_378' title='bbox 1965 2456 2118 2503; x_wconf 83' lang='lat' dir='ltr'><strong>mus;</strong></span> <span class='ocrx_word' id='word_1_379' title='bbox 2166 2440 2447 2496; x_wconf 80' lang='lat' dir='ltr'><strong>exstinctis</strong></span> <span class='ocrx_word' id='word_1_380' title='bbox 2482 2448 2595 2494; x_wconf 89' lang='lat' dir='ltr'><strong>toto</strong></span> <span class='ocrx_word' id='word_1_381' title='bbox 2635 2439 2764 2493; x_wconf 89' lang='lat' dir='ltr'><strong>orbe</strong></span> <span class='ocrx_word' id='word_1_382' title='bbox 2792 2437 3130 2508; x_wconf 78' lang='lat' dir='ltr'><strong>dogmatibus</strong></span> <span class='ocrx_word' id='word_1_383' title='bbox 3156 2451 3277 2507; x_wconf 86' lang='lat' dir='ltr'><strong>quae</strong></span> <span class='ocrx_word' id='word_1_384' title='bbox 3304 2435 3386 2491; x_wconf 91' lang='lat' dir='ltr'><strong>vel</strong></span> <span class='ocrx_word' id='word_1_385' title='bbox 3414 2450 3548 2504; x_wconf 74' lang='lat' dir='ltr'><strong>prte-</strong></span> 
     </span>
    </p>
   </div>
   <div class='ocr_carea' id='block_1_56' title="bbox 1962 2529 3548 2599">
    <p class='ocr_par' dir='ltr' id='par_1_56' title="bbox 1962 2529 3548 2599">
     <span class='ocr_line' id='line_1_56' title="bbox 1962 2529 3548 2599; baseline -0.005 -10"><span class='ocrx_word' id='word_1_386' title='bbox 1962 2532 2165 2589; x_wconf 90' lang='lat' dir='ltr'><strong>cedens</strong></span> <span class='ocrx_word' id='word_1_387' title='bbox 2197 2532 2481 2588; x_wconf 83' lang='lat' dir='ltr'><strong>haereticus</strong></span> <span class='ocrx_word' id='word_1_388' title='bbox 2519 2546 2679 2586; x_wconf 87' lang='lat' dir='ltr'><strong>ausus</strong></span> <span class='ocrx_word' id='word_1_389' title='bbox 2711 2540 2794 2586; x_wconf 91' lang='lat' dir='ltr'><strong>est</strong></span> <span class='ocrx_word' id='word_1_390' title='bbox 2827 2530 3051 2593; x_wconf 89' lang='lat' dir='ltr'><strong>inferre,</strong></span> <span class='ocrx_word' id='word_1_391' title='bbox 3080 2529 3167 2585; x_wconf 89' lang='lat' dir='ltr'><strong>vel</strong></span> <span class='ocrx_word' id='word_1_392' title='bbox 3192 2529 3548 2599; x_wconf 87' lang='lat' dir='ltr'><strong>subsequens,</strong></span> 
     </span>
    </p>
   </div>
   <div class='ocr_carea' id='block_1_57' title="bbox 1965 2619 3550 2696">
    <p class='ocr_par' dir='ltr' id='par_1_57' title="bbox 1965 2619 3550 2696">
     <span class='ocr_line' id='line_1_57' title="bbox 1965 2619 3550 2696; baseline -0.006 -14"><span class='ocrx_word' id='word_1_393' title='bbox 1965 2626 2212 2682; x_wconf 88' lang='lat' dir='ltr'><strong>dissimili</strong></span> <span class='ocrx_word' id='word_1_394' title='bbox 2241 2625 2459 2696; x_wconf 92' lang='lat' dir='ltr'><strong>quidem</strong></span> <span class='ocrx_word' id='word_1_395' title='bbox 2491 2633 2515 2660; x_wconf 86' lang='grc' dir='ltr'><strong><em>ο</em></strong></span> <span class='ocrx_word' id='word_1_396' title='bbox 2546 2623 2848 2691; x_wconf 89' lang='lat' dir='ltr'><strong>mendacio,</strong></span> <span class='ocrx_word' id='word_1_397' title='bbox 2879 2623 2973 2679; x_wconf 91' lang='lat' dir='ltr'><strong>sed</strong></span> <span class='ocrx_word' id='word_1_398' title='bbox 3004 2622 3278 2694; x_wconf 90' lang='lat' dir='ltr'><strong>impietate</strong></span> <span class='ocrx_word' id='word_1_399' title='bbox 3305 2634 3413 2676; x_wconf 91' lang='lat' dir='ltr'><strong>nou</strong></span> <span class='ocrx_word' id='word_1_400' title='bbox 3452 2619 3550 2675; x_wconf 89' lang='lat' dir='ltr'><strong>im-</strong></span> 
     </span>
    </p>
   </div>
   <div class='ocr_carea' id='block_1_58' title="bbox 1969 2720 3277 2790">
    <p class='ocr_par' dir='ltr' id='par_1_58' title="bbox 1969 2720 3277 2790">
     <span class='ocr_line' id='line_1_58' title="bbox 1969 2720 3277 2790; baseline -0.002 -16"><span class='ocrx_word' id='word_1_401' title='bbox 1969 2721 2102 2790; x_wconf 91' lang='lat' dir='ltr'><strong>pari.</strong></span> <span class='ocrx_word' id='word_1_402' title='bbox 3276 2720 3277 2723; x_wconf 66' lang='grc'><em>“</em></span> 
     </span>
    </p>
   </div>
   <div class='ocr_carea' id='block_1_59' title="bbox 2036 2824 3551 2890">
    <p class='ocr_par' dir='ltr' id='par_1_59' title="bbox 2036 2824 3551 2890">
     <span class='ocr_line' id='line_1_59' title="bbox 2036 2824 3551 2890; baseline -0.003 -8"><span class='ocrx_word' id='word_1_403' title='bbox 2036 2826 2165 2882; x_wconf 77' lang='lat' dir='ltr'><strong>CAP.</strong></span> <span class='ocrx_word' id='word_1_404' title='bbox 2201 2825 2289 2881; x_wconf 89' lang='lat' dir='ltr'><strong>lli.</strong></span> <span class='ocrx_word' id='word_1_405' title='bbox 2314 2855 2384 2865; x_wconf 90' lang='lat'>—</span> <span class='ocrx_word' id='word_1_406' title='bbox 2407 2825 2539 2881; x_wconf 81' lang='lat' dir='ltr'><strong>Nam</strong></span> <span class='ocrx_word' id='word_1_407' title='bbox 2566 2826 2702 2881; x_wconf 89' lang='lat' dir='ltr'><strong>sicut</strong></span> <span class='ocrx_word' id='word_1_408' title='bbox 2722 2824 3000 2881; x_wconf 87' lang='lat' dir='ltr'><strong>Nestorius</strong></span> <span class='ocrx_word' id='word_1_409' title='bbox 3026 2839 3130 2880; x_wconf 92' lang='lat' dir='ltr'><strong>non</strong></span> <span class='ocrx_word' id='word_1_410' title='bbox 3154 2834 3236 2879; x_wconf 90' lang='lat' dir='ltr'><strong>est</strong></span> <span class='ocrx_word' id='word_1_411' title='bbox 3256 2824 3517 2879; x_wconf 87' lang='lat' dir='ltr'><strong>toleratus</strong></span> <span class='ocrx_word' id='word_1_412' title='bbox 3534 2862 3551 2890; x_wconf 93' lang='lat'><strong>,</strong></span> 
     </span>
    </p>
   </div>
   <div class='ocr_carea' id='block_1_60' title="bbox 1966 2917 3553 2977">
    <p class='ocr_par' dir='ltr' id='par_1_60' title="bbox 1966 2917 3553 2977">
     <span class='ocr_line' id='line_1_60' title="bbox 1966 2917 3553 2977; baseline -0.002 -1"><span class='ocrx_word' id='word_1_413' title='bbox 1966 2922 2244 2977; x_wconf 64' lang='lat' dir='ltr'><strong>affirmans</strong></span> <span class='ocrx_word' id='word_1_414' title='bbox 2267 2923 2476 2977; x_wconf 89' lang='lat' dir='ltr'><strong>beatam</strong></span> <span class='ocrx_word' id='word_1_415' title='bbox 2502 2922 2720 2976; x_wconf 88' lang='lat' dir='ltr'><strong>Mariam</strong></span> <span class='ocrx_word' id='word_1_416' title='bbox 2744 2920 2979 2975; x_wconf 83' lang='lat' dir='ltr'><strong>hominis</strong></span> <span class='ocrx_word' id='word_1_417' title='bbox 3005 2918 3373 2974; x_wconf 85' lang='lat' dir='ltr'><strong>tantummodo</strong></span> <span class='ocrx_word' id='word_1_418' title='bbox 3389 2917 3553 2973; x_wconf 84' lang='lat' dir='ltr'><strong>fuisse</strong></span> 
     </span>
    </p>
   </div>
   <div class='ocr_carea' id='block_1_61' title="bbox 1966 3011 3553 3085">
    <p class='ocr_par' dir='ltr' id='par_1_61' title="bbox 1966 3011 3553 3085">
     <span class='ocr_line' id='line_1_61' title="bbox 1966 3011 3553 3085; baseline -0.003 -16"><span class='ocrx_word' id='word_1_419' title='bbox 1966 3015 2301 3085; x_wconf 81' lang='lat' dir='ltr'><strong>genitricem,</strong></span> <span class='ocrx_word' id='word_1_420' title='bbox 2320 3015 2409 3085; x_wconf 89' lang='lat' dir='ltr'><strong>qui</strong></span> <span class='ocrx_word' id='word_1_421' title='bbox 2438 3013 2776 3085; x_wconf 88' lang='lat' dir='ltr'><strong>postmodum</strong></span> <span class='ocrx_word' id='word_1_422' title='bbox 2806 3014 2875 3067; x_wconf 91' lang='lat' dir='ltr'><strong>sit</strong></span> <span class='ocrx_word' id='word_1_423' title='bbox 2906 3022 2933 3061; x_wconf 77' lang='grc' dir='ltr'><strong>ι)</strong></span> <span class='ocrx_word' id='word_1_424' title='bbox 2964 3026 2990 3064; x_wconf 90' lang='lat' dir='ltr'><strong>a</strong></span> <span class='ocrx_word' id='word_1_425' title='bbox 3018 3011 3174 3066; x_wconf 83' lang='lat' dir='ltr'><strong>Verbi</strong></span> <span class='ocrx_word' id='word_1_426' title='bbox 3202 3011 3409 3065; x_wconf 87' lang='lat' dir='ltr'><strong>Deitate</strong></span> <span class='ocrx_word' id='word_1_427' title='bbox 3428 3024 3553 3065; x_wconf 82' lang='lat' dir='ltr'><strong>sus-</strong></span> 
     </span>
    </p>
   </div>
   <div class='ocr_carea' id='block_1_62' title="bbox 1968 3106 3551 3179">
    <p class='ocr_par' dir='ltr' id='par_1_62' title="bbox 1968 3106 3551 3179">
     <span class='ocr_line' id='line_1_62' title="bbox 1968 3106 3551 3179; baseline -0.004 -13"><span class='ocrx_word' id='word_1_428' title='bbox 1968 3121 2177 3179; x_wconf 83' lang='lat' dir='ltr'><strong>ceptus,</strong></span> <span class='ocrx_word' id='word_1_429' title='bbox 2214 3110 2421 3165; x_wconf 84' lang='lat' dir='ltr'><strong>duabus</strong></span> <span class='ocrx_word' id='word_1_430' title='bbox 2471 3109 2677 3164; x_wconf 88' lang='lat' dir='ltr'><strong>scilicet</strong></span> <span class='ocrx_word' id='word_1_431' title='bbox 2721 3118 2748 3157; x_wconf 76' lang='grc' dir='ltr'><strong>ει</strong></span> <span class='ocrx_word' id='word_1_432' title='bbox 2790 3108 3035 3177; x_wconf 87' lang='lat' dir='ltr'><strong>personis</strong></span> <span class='ocrx_word' id='word_1_433' title='bbox 3084 3106 3347 3159; x_wconf 88' lang='lat' dir='ltr'><strong>distinctis</strong></span> <span class='ocrx_word' id='word_1_434' title='bbox 3393 3116 3551 3175; x_wconf 87' lang='lat' dir='ltr'><strong>atque</strong></span> 
     </span>
    </p>
   </div>
   <div class='ocr_carea' id='block_1_63' title="bbox 1970 3195 3553 3268">
    <p class='ocr_par' dir='ltr' id='par_1_63' title="bbox 1970 3195 3553 3268">
     <span class='ocr_line' id='line_1_63' title="bbox 1970 3195 3553 3268; baseline -0.004 -11"><span class='ocrx_word' id='word_1_435' title='bbox 1970 3203 2254 3268; x_wconf 79' lang='lat' dir='ltr'><strong>dirisis,ut</strong></span> <span class='ocrx_word' id='word_1_436' title='bbox 2277 3217 2383 3256; x_wconf 93' lang='lat' dir='ltr'><strong>non</strong></span> <span class='ocrx_word' id='word_1_437' title='bbox 2416 3210 2556 3255; x_wconf 87' lang='lat' dir='ltr'><strong>esset</strong></span> <span class='ocrx_word' id='word_1_438' title='bbox 2577 3200 2720 3254; x_wconf 85' lang='lat' dir='ltr'><strong>ﬁlius</strong></span> <span class='ocrx_word' id='word_1_439' title='bbox 2748 3198 2981 3254; x_wconf 89' lang='lat' dir='ltr'><strong>hominis</strong></span> <span class='ocrx_word' id='word_1_440' title='bbox 3008 3197 3093 3266; x_wconf 90' lang='lat' dir='ltr'><strong>qui</strong></span> <span class='ocrx_word' id='word_1_441' title='bbox 3125 3196 3292 3251; x_wconf 87' lang='lat' dir='ltr'><strong>Filius</strong></span> <span class='ocrx_word' id='word_1_442' title='bbox 3315 3195 3440 3261; x_wconf 88' lang='lat' dir='ltr'><strong>Dei;</strong></span> <span class='ocrx_word' id='word_1_443' title='bbox 3470 3204 3553 3251; x_wconf 74' lang='lat' dir='ltr'><strong>tle-</strong></span> 
     </span>
    </p>
   </div>
   <div class='ocr_carea' id='block_1_64' title="bbox 339 3270 3556 3367">
    <p class='ocr_par' dir='ltr' id='par_1_64' title="bbox 339 3270 3556 3367">
     <span class='ocr_line' id='line_1_64' title="bbox 339 3270 3556 3367; baseline -0 -26"><span class='ocrx_word' id='word_1_444' title='bbox 339 3284 471 3341; x_wconf 71' lang='lat' dir='ltr'><strong>Car.</strong></span> <span class='ocrx_word' id='word_1_445' title='bbox 504 3286 739 3343; x_wconf 88' lang='lat' dir='ltr'><strong>ll.——Et</strong></span> <span class='ocrx_word' id='word_1_446' title='bbox 764 3290 959 3345; x_wconf 88' lang='lat' dir='ltr'><strong>merito</strong></span> <span class='ocrx_word' id='word_1_447' title='bbox 991 3304 1088 3344; x_wconf 93' lang='lat' dir='ltr'><strong>nos</strong></span> <span class='ocrx_word' id='word_1_448' title='bbox 1115 3270 1782 3359; x_wconf 43' lang='lat' dir='ltr'><strong>cognoscimusdratribus</strong></span> <span class='ocrx_word' id='word_1_449' title='bbox 1812 3299 1868 3346; x_wconf 87' lang='lat' dir='ltr'><strong>et</strong></span> <span class='ocrx_word' id='word_1_450' title='bbox 1893 3281 1939 3345; x_wconf 86' lang='lat' dir='ltr'><strong>C</strong></span> <span class='ocrx_word' id='word_1_451' title='bbox 1973 3312 2075 3367; x_wconf 89' lang='lat' dir='ltr'><strong>que</strong></span> <span class='ocrx_word' id='word_1_452' title='bbox 2100 3310 2235 3350; x_wconf 88' lang='lat' dir='ltr'><strong>unus</strong></span> <span class='ocrx_word' id='word_1_453' title='bbox 2263 3294 2509 3349; x_wconf 90' lang='lat' dir='ltr'><strong>Christus</strong></span> <span class='ocrx_word' id='word_1_454' title='bbox 2544 3294 2595 3347; x_wconf 92' lang='lat' dir='ltr'><strong>in</strong></span> <span class='ocrx_word' id='word_1_455' title='bbox 2628 3303 2853 3362; x_wconf 87' lang='lat' dir='ltr'><strong>utraque</strong></span> <span class='ocrx_word' id='word_1_456' title='bbox 2880 3300 3098 3355; x_wconf 90' lang='lat' dir='ltr'><strong>natura,</strong></span> <span class='ocrx_word' id='word_1_457' title='bbox 3128 3288 3220 3344; x_wconf 89' lang='lat' dir='ltr'><strong>sed</strong></span> <span class='ocrx_word' id='word_1_458' title='bbox 3251 3290 3388 3342; x_wconf 86' lang='lat' dir='ltr'><strong>alter</strong></span> <span class='ocrx_word' id='word_1_459' title='bbox 3413 3302 3556 3341; x_wconf 81' lang='lat' dir='ltr'><strong>sem-</strong></span> 
     </span>
    </p>
   </div>
   <div class='ocr_carea' id='block_1_65' title="bbox 270 3382 1871 3457">
    <p class='ocr_par' dir='ltr' id='par_1_65' title="bbox 270 3382 1871 3457">
     <span class='ocr_line' id='line_1_65' title="bbox 270 3382 1871 3457; baseline 0.006 -23"><span class='ocrx_word' id='word_1_460' title='bbox 270 3382 607 3452; x_wconf 82' lang='lat' dir='ltr'><strong>coepiscopis</strong></span> <span class='ocrx_word' id='word_1_461' title='bbox 624 3384 822 3437; x_wconf 80' lang='lat' dir='ltr'><strong>nostris</strong></span> <span class='ocrx_word' id='word_1_462' title='bbox 841 3383 1206 3440; x_wconf 90' lang='lat' dir='ltr'><strong>Orientalibus</strong></span> <span class='ocrx_word' id='word_1_463' title='bbox 1234 3385 1509 3440; x_wconf 86' lang='lat' dir='ltr'><strong>intimasse</strong></span> <span class='ocrx_word' id='word_1_464' title='bbox 1526 3388 1665 3457; x_wconf 92' lang='lat' dir='ltr'><strong>quod</strong></span> <span class='ocrx_word' id='word_1_465' title='bbox 1684 3404 1871 3442; x_wconf 86' lang='lat' dir='ltr'><strong>secun-</strong></span> 
     </span>
    </p>
   </div>
   <div class='ocr_carea' id='block_1_66' title="bbox 272 3473 1869 3549">
    <p class='ocr_par' dir='ltr' id='par_1_66' title="bbox 272 3473 1869 3549">
     <span class='ocr_line' id='line_1_66' title="bbox 272 3473 1869 3549; baseline 0.006 -21"><span class='ocrx_word' id='word_1_466' title='bbox 272 3473 396 3528; x_wconf 88' lang='lat' dir='ltr'><strong>dum</strong></span> <span class='ocrx_word' id='word_1_467' title='bbox 425 3478 800 3545; x_wconf 77' lang='lat' dir='ltr'><strong>evangelicum</strong></span> <span class='ocrx_word' id='word_1_468' title='bbox 828 3479 1285 3549; x_wconf 88' lang='lat' dir='ltr'><strong>apostolicamque</strong></span> <span class='ocrx_word' id='word_1_469' title='bbox 1322 3480 1663 3535; x_wconf 85' lang='lat' dir='ltr'><strong>traditionem</strong></span> <span class='ocrx_word' id='word_1_470' title='bbox 1693 3482 1760 3537; x_wconf 93' lang='lat' dir='ltr'><strong>de</strong></span> <span class='ocrx_word' id='word_1_471' title='bbox 1782 3484 1869 3537; x_wconf 86' lang='lat' dir='ltr'><strong>ln-</strong></span> 
     </span>
    </p>
   </div>
   <div class='ocr_carea' id='block_1_67' title="bbox 270 3565 1871 3638">
    <p class='ocr_par' dir='ltr' id='par_1_67' title="bbox 270 3565 1871 3638">
     <span class='ocr_line' id='line_1_67' title="bbox 270 3565 1871 3638; baseline 0.006 -19"><span class='ocrx_word' id='word_1_472' title='bbox 270 3565 584 3621; x_wconf 84' lang='lat' dir='ltr'><strong>carnatione</strong></span> <span class='ocrx_word' id='word_1_473' title='bbox 615 3568 823 3623; x_wconf 88' lang='lat' dir='ltr'><strong>Domini</strong></span> <span class='ocrx_word' id='word_1_474' title='bbox 855 3572 1022 3624; x_wconf 83' lang='lat' dir='ltr'><strong>nostri</strong></span> <span class='ocrx_word' id='word_1_475' title='bbox 1052 3571 1177 3626; x_wconf 81' lang='lat' dir='ltr'><strong>Jesu</strong></span> <span class='ocrx_word' id='word_1_476' title='bbox 1206 3571 1427 3638; x_wconf 90' lang='lat' dir='ltr'><strong>Christi,</strong></span> <span class='ocrx_word' id='word_1_477' title='bbox 1460 3587 1561 3626; x_wconf 85' lang='lat' dir='ltr'><strong>una</strong></span> <span class='ocrx_word' id='word_1_478' title='bbox 1589 3583 1734 3627; x_wconf 88' lang='lat' dir='ltr'><strong>esset</strong></span> <span class='ocrx_word' id='word_1_479' title='bbox 1758 3589 1871 3627; x_wconf 89' lang='lat' dir='ltr'><strong>om-</strong></span> 
     </span>
    </p>
   </div>
   <div class='ocr_carea' id='block_1_68' title="bbox 272 3656 1869 3735">
    <p class='ocr_par' dir='ltr' id='par_1_68' title="bbox 272 3656 1869 3735">
     <span class='ocr_line' id='line_1_68' title="bbox 272 3656 1869 3735; baseline 0.006 -25"><span class='ocrx_word' id='word_1_480' title='bbox 272 3656 417 3711; x_wconf 87' lang='lat' dir='ltr'><strong>nium</strong></span> <span class='ocrx_word' id='word_1_481' title='bbox 460 3669 702 3713; x_wconf 91' lang='lat' dir='ltr'><strong>nostrum</strong></span> <span class='ocrx_word' id='word_1_482' title='bbox 745 3671 798 3715; x_wconf 90' lang='lat' dir='ltr'><strong>et</strong></span> <span class='ocrx_word' id='word_1_483' title='bbox 843 3660 1135 3716; x_wconf 86' lang='lat' dir='ltr'><strong>indiscreta</strong></span> <span class='ocrx_word' id='word_1_484' title='bbox 1184 3662 1487 3729; x_wconf 89' lang='lat' dir='ltr'><strong>confessio;</strong></span> <span class='ocrx_word' id='word_1_485' title='bbox 1534 3679 1707 3735; x_wconf 89' lang='lat' dir='ltr'><strong>neque</strong></span> <span class='ocrx_word' id='word_1_486' title='bbox 1746 3665 1869 3721; x_wconf 89' lang='lat' dir='ltr'><strong>ullis</strong></span> 
     </span>
    </p>
   </div>
   <div class='ocr_carea' id='block_1_69' title="bbox 275 3751 1867 3825">
    <p class='ocr_par' dir='ltr' id='par_1_69' title="bbox 275 3751 1867 3825">
     <span class='ocr_line' id='line_1_69' title="bbox 275 3751 1867 3825; baseline 0.006 -19"><span class='ocrx_word' id='word_1_487' title='bbox 275 3759 300 3799; x_wconf 75' lang='lat'><strong>8</strong></span> <span class='ocrx_word' id='word_1_488' title='bbox 328 3751 709 3808; x_wconf 67' lang='lat' dir='ltr'><strong>hmreticorum</strong></span> <span class='ocrx_word' id='word_1_489' title='bbox 740 3754 1195 3825; x_wconf 83' lang='lat' dir='ltr'><strong>diSputationibus</strong></span> <span class='ocrx_word' id='word_1_490' title='bbox 1223 3758 1455 3813; x_wconf 86' lang='lat' dir='ltr'><strong>obtineri</strong></span> <span class='ocrx_word' id='word_1_491' title='bbox 1497 3768 1552 3812; x_wconf 91' lang='lat' dir='ltr'><strong>ut</strong></span> <span class='ocrx_word' id='word_1_492' title='bbox 1590 3762 1743 3815; x_wconf 90' lang='lat' dir='ltr'><strong>aliter</strong></span> <span class='ocrx_word' id='word_1_493' title='bbox 1767 3761 1867 3815; x_wconf 87' lang='lat' dir='ltr'><strong>ali-</strong></span> 
     </span>
    </p>
   </div>
   <div class='ocr_carea' id='block_1_70' title="bbox 274 3848 1862 3917">
    <p class='ocr_par' dir='ltr' id='par_1_70' title="bbox 274 3848 1862 3917">
     <span class='ocr_line' id='line_1_70' title="bbox 274 3848 1862 3917; baseline 0.006 -17"><span class='ocrx_word' id='word_1_494' title='bbox 274 3848 403 3917; x_wconf 92' lang='lat' dir='ltr'><strong>quid</strong></span> <span class='ocrx_word' id='word_1_495' title='bbox 440 3848 510 3903; x_wconf 88' lang='lat' dir='ltr'><strong>de</strong></span> <span class='ocrx_word' id='word_1_496' title='bbox 550 3850 747 3904; x_wconf 87' lang='lat' dir='ltr'><strong>sunuui</strong></span> <span class='ocrx_word' id='word_1_497' title='bbox 779 3860 833 3905; x_wconf 87' lang='lat' dir='ltr'><strong>et</strong></span> <span class='ocrx_word' id='word_1_498' title='bbox 873 3852 1136 3907; x_wconf 83' lang='lat' dir='ltr'><strong>salutiferi</strong></span> <span class='ocrx_word' id='word_1_499' title='bbox 1167 3853 1489 3908; x_wconf 89' lang='lat' dir='ltr'><strong>sacramenti</strong></span> <span class='ocrx_word' id='word_1_500' title='bbox 1518 3854 1743 3909; x_wconf 84' lang='lat' dir='ltr'><strong>veritate</strong></span> <span class='ocrx_word' id='word_1_501' title='bbox 1773 3870 1862 3910; x_wconf 85' lang='lat' dir='ltr'><strong>sa-</strong></span> 
     </span>
    </p>
   </div>
   <div class='ocr_carea' id='block_1_71' title="bbox 275 3938 1859 4017">
    <p class='ocr_par' dir='ltr' id='par_1_71' title="bbox 275 3938 1859 4017">
     <span class='ocr_line' id='line_1_71' title="bbox 275 3938 1859 4017; baseline 0.007 -23"><span class='ocrx_word' id='word_1_502' title='bbox 275 3938 505 4009; x_wconf 88' lang='lat' dir='ltr'><strong>piamus,</strong></span> <span class='ocrx_word' id='word_1_503' title='bbox 542 3958 702 4013; x_wconf 89' lang='lat' dir='ltr'><strong>quam</strong></span> <span class='ocrx_word' id='word_1_504' title='bbox 742 3958 808 4000; x_wconf 84' lang='lat' dir='ltr'><strong>ex</strong></span> <span class='ocrx_word' id='word_1_505' title='bbox 846 3945 1227 4014; x_wconf 83' lang='lat' dir='ltr'><strong>praedicatione</strong></span> <span class='ocrx_word' id='word_1_506' title='bbox 1270 3958 1578 4001; x_wconf 90' lang='lat' dir='ltr'><strong>sanctorum</strong></span> <span class='ocrx_word' id='word_1_507' title='bbox 1619 3947 1859 4017; x_wconf 88' lang='lat' dir='ltr'><strong>Patrum,</strong></span> 
     </span>
    </p>
   </div>
   <div class='ocr_carea' id='block_1_72' title="bbox 346 4110 1043 4175">
    <p class='ocr_par' dir='ltr' id='par_1_72' title="bbox 346 4110 1043 4175">
     <span class='ocr_line' id='line_1_72' title="bbox 346 4110 1043 4175; baseline 0 -11"><span class='ocrx_word' id='word_1_508' title='bbox 346 4119 375 4148; x_wconf 74' lang='grc' dir='ltr'>ι</span> <span class='ocrx_word' id='word_1_509' title='bbox 398 4110 577 4165; x_wconf 82' lang='lat' dir='ltr'><strong>Nostri</strong></span> <span class='ocrx_word' id='word_1_510' title='bbox 608 4111 792 4175; x_wconf 92' lang='lat' dir='ltr'><strong>codd.,</strong></span> <span class='ocrx_word' id='word_1_511' title='bbox 827 4111 1043 4166; x_wconf 88' lang='lat' dir='ltr'><strong>Savino.</strong></span> 
     </span>
    </p>
   </div>
   <div class='ocr_carea' id='block_1_73' title="bbox 345 4178 1868 4247">
    <p class='ocr_par' dir='ltr' id='par_1_73' title="bbox 345 4178 1868 4247">
     <span class='ocr_line' id='line_1_73' title="bbox 345 4178 1868 4247; baseline -0.001 -10"><span class='ocrx_word' id='word_1_512' title='bbox 345 4180 374 4219; x_wconf 76' lang='grc' dir='ltr'>δ</span> <span class='ocrx_word' id='word_1_513' title='bbox 405 4182 496 4238; x_wconf 87' lang='lat' dir='ltr'><strong>Sic</strong></span> <span class='ocrx_word' id='word_1_514' title='bbox 532 4198 721 4237; x_wconf 87' lang='lat' dir='ltr'><strong>omnes</strong></span> <span class='ocrx_word' id='word_1_515' title='bbox 767 4183 933 4235; x_wconf 87' lang='lat' dir='ltr'><strong>nostri</strong></span> <span class='ocrx_word' id='word_1_516' title='bbox 972 4180 1129 4236; x_wconf 90' lang='lat' dir='ltr'><strong>codd.</strong></span> <span class='ocrx_word' id='word_1_517' title='bbox 1172 4188 1225 4235; x_wconf 84' lang='lat' dir='ltr'><strong>et</strong></span> <span class='ocrx_word' id='word_1_518' title='bbox 1274 4180 1397 4235; x_wconf 86' lang='lat' dir='ltr'><strong>dein</strong></span> <span class='ocrx_word' id='word_1_519' title='bbox 1422 4225 1435 4247; x_wconf 86' lang='lat'><strong>,</strong></span> <span class='ocrx_word' id='word_1_520' title='bbox 1474 4178 1700 4234; x_wconf 86' lang='lat' dir='ltr'><strong>Valerio.</strong></span> <span class='ocrx_word' id='word_1_521' title='bbox 1735 4180 1868 4236; x_wconf 88' lang='lat' dir='ltr'><strong>Vide</strong></span> 
     </span>
    </p>
   </div>
   <div class='ocr_carea' id='block_1_74' title="bbox 276 4251 1870 4339">
    <p class='ocr_par' dir='ltr' id='par_1_74' title="bbox 276 4251 1870 4339">
     <span class='ocr_line' id='line_1_74' title="bbox 276 4251 1870 4339; baseline 0 -33"><span class='ocrx_word' id='word_1_522' title='bbox 276 4252 670 4339; x_wconf 62' lang='lat' dir='ltr'><strong>annot.6(got.</strong></span> <span class='ocrx_word' id='word_1_523' title='bbox 694 4252 822 4337; x_wconf 60' lang='lat'><strong>965,</strong></span> <span class='ocrx_word' id='word_1_524' title='bbox 852 4252 977 4324; x_wconf 80' lang='lat' dir='ltr'><strong>i)in</strong></span> <span class='ocrx_word' id='word_1_525' title='bbox 1000 4252 1435 4323; x_wconf 84' lang='lat' dir='ltr'><strong>epist.99.Alias</strong></span> <span class='ocrx_word' id='word_1_526' title='bbox 1462 4254 1611 4321; x_wconf 92' lang='lat' dir='ltr'><strong>prius</strong></span> <span class='ocrx_word' id='word_1_527' title='bbox 1641 4251 1870 4319; x_wconf 85' lang='lat' dir='ltr'><strong>Valerio,</strong></span> 
     </span>
    </p>
   </div>
   <div class='ocr_carea' id='block_1_75' title="bbox 274 4325 1866 4466">
    <p class='ocr_par' dir='ltr' id='par_1_75' title="bbox 274 4325 1866 4466">
     <span class='ocr_line' id='line_1_75' title="bbox 274 4325 848 4380; baseline 0.002 -2"><span class='ocrx_word' id='word_1_528' title='bbox 274 4338 339 4378; x_wconf 87' lang='lat' dir='ltr'><strong>ac</strong></span> <span class='ocrx_word' id='word_1_529' title='bbox 384 4325 509 4380; x_wconf 90' lang='lat' dir='ltr'><strong>dein</strong></span> <span class='ocrx_word' id='word_1_530' title='bbox 549 4325 848 4379; x_wconf 79' lang='lat' dir='ltr'><strong>Valeriano.</strong></span> 
     </span>
     <span class='ocr_line' id='line_1_76' title="bbox 352 4394 1866 4466; baseline -0.001 -16"><span class='ocrx_word' id='word_1_531' title='bbox 352 4407 374 4434; x_wconf 75' lang='grc' dir='ltr'><strong>ε</strong></span> <span class='ocrx_word' id='word_1_532' title='bbox 408 4396 541 4450; x_wconf 87' lang='lat' dir='ltr'><strong>Cod.</strong></span> <span class='ocrx_word' id='word_1_533' title='bbox 586 4397 821 4466; x_wconf 82' lang='lat' dir='ltr'><strong>Ratisp.,</strong></span> <span class='ocrx_word' id='word_1_534' title='bbox 858 4394 1131 4466; x_wconf 85' lang='lat' dir='ltr'><strong>Eutychio.</strong></span> <span class='ocrx_word' id='word_1_535' title='bbox 1171 4395 1293 4449; x_wconf 92' lang='lat' dir='ltr'><strong>Vat.</strong></span> <span class='ocrx_word' id='word_1_536' title='bbox 1334 4394 1547 4450; x_wconf 89' lang='lat' dir='ltr'><strong>collect.</strong></span> <span class='ocrx_word' id='word_1_537' title='bbox 1583 4395 1655 4466; x_wconf 10' lang='lat'><strong>712</strong></span> <span class='ocrx_word' id='word_1_538' title='bbox 1696 4404 1748 4448; x_wconf 89' lang='lat' dir='ltr'><strong>et</strong></span> <span class='ocrx_word' id='word_1_539' title='bbox 1774 4395 1866 4464; x_wconf 71' lang='grc'><strong>24,</strong></span> 
     </span>
    </p>
   </div>
   <div class='ocr_carea' id='block_1_76' title="bbox 274 4465 1866 4551">
    <p class='ocr_par' dir='ltr' id='par_1_76' title="bbox 274 4465 1866 4551">
     <span class='ocr_line' id='line_1_77' title="bbox 274 4465 1866 4551; baseline -0.001 -29"><span class='ocrx_word' id='word_1_540' title='bbox 274 4482 399 4523; x_wconf 88' lang='lat' dir='ltr'><strong>cum</strong></span> <span class='ocrx_word' id='word_1_541' title='bbox 446 4468 555 4551; x_wconf 72' lang='lat' dir='ltr'><strong>alio</strong></span> <span class='ocrx_word' id='word_1_542' title='bbox 598 4465 860 4551; x_wconf 37' lang='lat' dir='ltr'><strong>Vat._&#39;§4l</strong></span> <span class='ocrx_word' id='word_1_543' title='bbox 896 4510 910 4533; x_wconf 92' lang='lat'><strong>,</strong></span> <span class='ocrx_word' id='word_1_544' title='bbox 953 4465 1176 4551; x_wconf 75' lang='lat' dir='ltr'><strong>Euticio.</strong></span> <span class='ocrx_word' id='word_1_545' title='bbox 1226 4468 1348 4549; x_wconf 67' lang='lat' dir='ltr'><strong>Mox</strong></span> <span class='ocrx_word' id='word_1_546' title='bbox 1385 4482 1452 4551; x_wconf 75' lang='lat' dir='ltr'><strong>ex</strong></span> <span class='ocrx_word' id='word_1_547' title='bbox 1495 4465 1866 4551; x_wconf 48' lang='lat' dir='ltr'><strong>cod.‘Ra_tisp.</strong></span> 
     </span>
    </p>
   </div>
   <div class='ocr_carea' id='block_1_77' title="bbox 274 4537 1869 4717">
    <p class='ocr_par' dir='ltr' id='par_1_77' title="bbox 274 4537 1869 4717">
     <span class='ocr_line' id='line_1_78' title="bbox 274 4537 1869 4609; baseline -0.001 -15"><span class='ocrx_word' id='word_1_548' title='bbox 274 4540 681 4594; x_wconf 85' lang='lat' dir='ltr'><strong>emendavimus</strong></span> <span class='ocrx_word' id='word_1_549' title='bbox 732 4539 967 4603; x_wconf 85' lang='lat' dir='ltr'><strong>Victuro,</strong></span> <span class='ocrx_word' id='word_1_550' title='bbox 1013 4538 1157 4609; x_wconf 91' lang='lat' dir='ltr'><strong>quod</strong></span> <span class='ocrx_word' id='word_1_551' title='bbox 1196 4537 1433 4594; x_wconf 89' lang='lat' dir='ltr'><strong>concinit</strong></span> <span class='ocrx_word' id='word_1_552' title='bbox 1475 4552 1594 4591; x_wconf 94' lang='lat' dir='ltr'><strong>cum</strong></span> <span class='ocrx_word' id='word_1_553' title='bbox 1639 4537 1869 4593; x_wconf 90' lang='lat' dir='ltr'><strong>lectione</strong></span> 
     </span>
     <span class='ocr_line' id='line_1_79' title="bbox 274 4610 1599 4717; baseline 0 0"><span class='ocrx_word' id='word_1_554' title='bbox 274 4610 1101 4717; x_wconf 53' lang='grc' dir='ltr'><strong>⁸ΡΞι⁵¹ι’.,ἷ⁹ἓ;ἵὲἶιεῗίίήῗῗῗέἅ¹τ⁰⁶</strong></span> <span class='ocrx_word' id='word_1_555' title='bbox 1596 4616 1599 4619; x_wconf 44' lang='grc'><strong><em>⁷</em></strong></span> 
     </span>
    </p>
   </div>
   <div class='ocr_carea' id='block_1_78' title="bbox 281 4681 1868 4878">
    <p class='ocr_par' dir='ltr' id='par_1_78' title="bbox 281 4681 1868 4878">
     <span class='ocr_line' id='line_1_80' title="bbox 349 4681 1052 4748; baseline 0.001 -13"><span class='ocrx_word' id='word_1_556' title='bbox 349 4681 377 4717; x_wconf 66' lang='grc' dir='ltr'>ά</span> <span class='ocrx_word' id='word_1_557' title='bbox 413 4682 573 4737; x_wconf 81' lang='lat' dir='ltr'><strong>Iidem</strong></span> <span class='ocrx_word' id='word_1_558' title='bbox 601 4685 787 4748; x_wconf 85' lang='lat' dir='ltr'><strong>codd.,</strong></span> <span class='ocrx_word' id='word_1_559' title='bbox 826 4681 1052 4736; x_wconf 77' lang='lat' dir='ltr'><strong>Hilario.</strong></span> 
     </span>
     <span class='ocr_line' id='line_1_81' title="bbox 353 4750 1868 4823; baseline 0.001 -17"><span class='ocrx_word' id='word_1_560' title='bbox 353 4761 379 4789; x_wconf 80' lang='lat'><strong><em>°</em></strong></span> <span class='ocrx_word' id='word_1_561' title='bbox 409 4754 505 4806; x_wconf 70' lang='lat' dir='ltr'><strong>Ms.</strong></span> <span class='ocrx_word' id='word_1_562' title='bbox 536 4753 771 4823; x_wconf 71' lang='lat' dir='ltr'><strong>thtisp.,</strong></span> <span class='ocrx_word' id='word_1_563' title='bbox 814 4755 1054 4822; x_wconf 86' lang='lat' dir='ltr'><strong>Aparcio.</strong></span> <span class='ocrx_word' id='word_1_564' title='bbox 1095 4752 1214 4808; x_wconf 86' lang='lat' dir='ltr'><strong>Vat.</strong></span> <span class='ocrx_word' id='word_1_565' title='bbox 1252 4750 1462 4807; x_wconf 88' lang='lat' dir='ltr'><strong>collect.</strong></span> <span class='ocrx_word' id='word_1_566' title='bbox 1508 4751 1597 4817; x_wconf 70' lang='lat'><strong>1‘2,</strong></span> <span class='ocrx_word' id='word_1_567' title='bbox 1633 4751 1868 4822; x_wconf 82' lang='lat' dir='ltr'><strong>Epartio.</strong></span> 
     </span>
     <span class='ocr_line' id='line_1_82' title="bbox 281 4820 834 4878; baseline 0 0"><span class='ocrx_word' id='word_1_568' title='bbox 281 4820 403 4878; x_wconf 82' lang='lat' dir='ltr'><strong>Vat.</strong></span> <span class='ocrx_word' id='word_1_569' title='bbox 437 4824 561 4878; x_wconf 62' lang='lat' dir='ltr'><strong>3H.</strong></span> <span class='ocrx_word' id='word_1_570' title='bbox 600 4825 834 4878; x_wconf 78' lang='lat' dir='ltr'><strong>Evatrio.</strong></span> 
     </span>
    </p>
   </div>
   <div class='ocr_carea' id='block_1_79' title="bbox 357 4838 1871 4963">
    <p class='ocr_par' dir='ltr' id='par_1_79' title="bbox 357 4838 1871 4963">
     <span class='ocr_line' id='line_1_83' title="bbox 365 4838 834 4894; baseline 0.004 -18"><span class='ocrx_word' id='word_1_571' title='bbox 365 4838 403 4876; x_wconf 83' lang='grc' dir='ltr'><strong>ι.</strong></span> <span class='ocrx_word' id='word_1_572' title='bbox 437 4838 561 4886; x_wconf 67' lang='lat' dir='ltr'><strong>Ml,</strong></span> <span class='ocrx_word' id='word_1_573' title='bbox 600 4838 834 4894; x_wconf 71' lang='lat' dir='ltr'><strong>bpall’to.</strong></span> 
     </span>
     <span class='ocr_line' id='line_1_84' title="bbox 357 4893 1871 4963; baseline -0.001 -15"><span class='ocrx_word' id='word_1_574' title='bbox 357 4893 378 4932; x_wconf 67' lang='grc' dir='ltr'><strong><em>ί</em></strong></span> <span class='ocrx_word' id='word_1_575' title='bbox 416 4896 553 4948; x_wconf 84' lang='lat' dir='ltr'><strong>Editi</strong></span> <span class='ocrx_word' id='word_1_576' title='bbox 595 4911 713 4950; x_wconf 90' lang='lat' dir='ltr'><strong>cum</strong></span> <span class='ocrx_word' id='word_1_577' title='bbox 756 4910 884 4950; x_wconf 89' lang='lat' dir='ltr'><strong>mss.</strong></span> <span class='ocrx_word' id='word_1_578' title='bbox 917 4896 1126 4950; x_wconf 85' lang='lat' dir='ltr'><strong>collect.</strong></span> <span class='ocrx_word' id='word_1_579' title='bbox 1159 4895 1263 4961; x_wconf 68' lang='grc'><strong>24,</strong></span> <span class='ocrx_word' id='word_1_580' title='bbox 1298 4910 1426 4963; x_wconf 87' lang='lat' dir='ltr'><strong>quos</strong></span> <span class='ocrx_word' id='word_1_581' title='bbox 1455 4909 1725 4963; x_wconf 84' lang='lat' dir='ltr'><strong>sequaces,</strong></span> <span class='ocrx_word' id='word_1_582' title='bbox 1750 4911 1871 4948; x_wconf 83' lang='lat' dir='ltr'><strong>suos</strong></span> 
     </span>
    </p>
   </div>
   <div class='ocr_carea' id='block_1_80' title="bbox 1972 3382 3556 3458">
    <p class='ocr_par' dir='ltr' id='par_1_80' title="bbox 1972 3382 3556 3458">
     <span class='ocr_line' id='line_1_85' title="bbox 1972 3382 3556 3458; baseline -0.005 -17"><span class='ocrx_word' id='word_1_583' title='bbox 1972 3389 2212 3458; x_wconf 87' lang='lat' dir='ltr'><strong>piternus</strong></span> <span class='ocrx_word' id='word_1_584' title='bbox 2254 3402 2318 3441; x_wconf 86' lang='lat' dir='ltr'><strong>ex</strong></span> <span class='ocrx_word' id='word_1_585' title='bbox 2359 3383 2550 3449; x_wconf 87' lang='lat' dir='ltr'><strong>Patre,</strong></span> <span class='ocrx_word' id='word_1_586' title='bbox 2580 3385 2717 3438; x_wconf 78' lang='lat' dir='ltr'><strong>alter</strong></span> <span class='ocrx_word' id='word_1_587' title='bbox 2757 3382 3069 3451; x_wconf 89' lang='lat' dir='ltr'><strong>temporalis</strong></span> <span class='ocrx_word' id='word_1_588' title='bbox 3096 3397 3158 3434; x_wconf 76' lang='lat' dir='ltr'><strong>ex</strong></span> <span class='ocrx_word' id='word_1_589' title='bbox 3190 3389 3359 3434; x_wconf 90' lang='lat' dir='ltr'><strong>matre</strong></span> <span class='ocrx_word' id='word_1_590' title='bbox 3391 3397 3404 3432; x_wconf 90' lang='lat'><strong>:</strong></span> <span class='ocrx_word' id='word_1_591' title='bbox 3435 3393 3556 3433; x_wconf 86' lang='lat' dir='ltr'><strong>cum</strong></span> 
     </span>
    </p>
   </div>
   <div class='ocr_carea' id='block_1_81' title="bbox 1972 3472 3558 3551">
    <p class='ocr_par' dir='ltr' id='par_1_81' title="bbox 1972 3472 3558 3551">
     <span class='ocr_line' id='line_1_86' title="bbox 1972 3472 3558 3551; baseline -0.006 -14"><span class='ocrx_word' id='word_1_592' title='bbox 1972 3482 2275 3551; x_wconf 82' lang='lat' dir='ltr'><strong>evangelica</strong></span> <span class='ocrx_word' id='word_1_593' title='bbox 2318 3479 2608 3533; x_wconf 87' lang='lat' dir='ltr'><strong>auctoritas</strong></span> <span class='ocrx_word' id='word_1_594' title='bbox 2653 3478 2723 3531; x_wconf 87' lang='lat' dir='ltr'><strong>ita</strong></span> <span class='ocrx_word' id='word_1_595' title='bbox 2767 3477 3001 3531; x_wconf 88' lang='lat' dir='ltr'><strong>Verhum</strong></span> <span class='ocrx_word' id='word_1_596' title='bbox 3044 3490 3258 3529; x_wconf 89' lang='lat' dir='ltr'><strong>carnem</strong></span> <span class='ocrx_word' id='word_1_597' title='bbox 3302 3472 3558 3544; x_wconf 81' lang='lat' dir='ltr'><strong>praedicet</strong></span> 
     </span>
    </p>
   </div>
   <div class='ocr_carea' id='block_1_82' title="bbox 1972 3564 3558 3644">
    <p class='ocr_par' dir='ltr' id='par_1_82' title="bbox 1972 3564 3558 3644">
     <span class='ocr_line' id='line_1_87' title="bbox 1972 3564 3558 3644; baseline -0.007 -14"><span class='ocrx_word' id='word_1_598' title='bbox 1972 3576 2169 3630; x_wconf 87' lang='lat' dir='ltr'><strong>factum</strong></span> <span class='ocrx_word' id='word_1_599' title='bbox 2205 3574 2388 3644; x_wconf 86' lang='lat' dir='ltr'><strong>(Joan.</strong></span> <span class='ocrx_word' id='word_1_600' title='bbox 2420 3589 2460 3641; x_wconf 86' lang='grc' dir='ltr'><strong>ι,</strong></span> <span class='ocrx_word' id='word_1_601' title='bbox 2492 3571 2607 3643; x_wconf 69' lang='grc' dir='ltr'><strong>ιι),</strong></span> <span class='ocrx_word' id='word_1_602' title='bbox 2635 3578 2691 3624; x_wconf 89' lang='lat' dir='ltr'><strong>ut</strong></span> <span class='ocrx_word' id='word_1_603' title='bbox 2713 3587 2819 3625; x_wconf 90' lang='lat' dir='ltr'><strong>non</strong></span> <span class='ocrx_word' id='word_1_604' title='bbox 2851 3570 2985 3624; x_wconf 87' lang='lat' dir='ltr'><strong>duos</strong></span> <span class='ocrx_word' id='word_1_605' title='bbox 3006 3567 3269 3633; x_wconf 89' lang='lat' dir='ltr'><strong>Christos,</strong></span> <span class='ocrx_word' id='word_1_606' title='bbox 3304 3581 3403 3621; x_wconf 89' lang='lat' dir='ltr'><strong>nec</strong></span> <span class='ocrx_word' id='word_1_607' title='bbox 3424 3564 3558 3620; x_wconf 84' lang='lat' dir='ltr'><strong>duos</strong></span> 
     </span>
    </p>
   </div>
   <div class='ocr_carea' id='block_1_83' title="bbox 1973 3659 3561 3737">
    <p class='ocr_par' dir='ltr' id='par_1_83' title="bbox 1973 3659 3561 3737">
     <span class='ocr_line' id='line_1_88' title="bbox 1973 3659 3561 3737; baseline -0.007 -14"><span class='ocrx_word' id='word_1_608' title='bbox 1973 3670 2131 3737; x_wconf 85' lang='lat' dir='ltr'><strong>ﬁlios,</strong></span> <span class='ocrx_word' id='word_1_609' title='bbox 2167 3668 2260 3722; x_wconf 92' lang='lat' dir='ltr'><strong>sed</strong></span> <span class='ocrx_word' id='word_1_610' title='bbox 2300 3668 2352 3721; x_wconf 93' lang='lat' dir='ltr'><strong>in</strong></span> <span class='ocrx_word' id='word_1_611' title='bbox 2386 3682 2492 3721; x_wconf 92' lang='lat' dir='ltr'><strong>uno</strong></span> <span class='ocrx_word' id='word_1_612' title='bbox 2518 3666 2744 3719; x_wconf 90' lang='lat' dir='ltr'><strong>Domino</strong></span> <span class='ocrx_word' id='word_1_613' title='bbox 2771 3662 2895 3719; x_wconf 83' lang='lat' dir='ltr'><strong>.lcsu</strong></span> <span class='ocrx_word' id='word_1_614' title='bbox 2926 3661 3147 3718; x_wconf 90' lang='lat' dir='ltr'><strong>Christo</strong></span> <span class='ocrx_word' id='word_1_615' title='bbox 3175 3670 3226 3715; x_wconf 92' lang='lat' dir='ltr'><strong>ct</strong></span> <span class='ocrx_word' id='word_1_616' title='bbox 3255 3660 3349 3714; x_wconf 91' lang='lat' dir='ltr'><strong>Dei</strong></span> <span class='ocrx_word' id='word_1_617' title='bbox 3380 3668 3436 3713; x_wconf 91' lang='lat' dir='ltr'><strong>et</strong></span> <span class='ocrx_word' id='word_1_618' title='bbox 3466 3659 3561 3713; x_wconf 84' lang='lat' dir='ltr'><strong>ho-</strong></span> 
     </span>
    </p>
   </div>
   <div class='ocr_carea' id='block_1_84' title="bbox 1974 3752 3559 3823">
    <p class='ocr_par' dir='ltr' id='par_1_84' title="bbox 1974 3752 3559 3823">
     <span class='ocr_line' id='line_1_89' title="bbox 1974 3752 3559 3823; baseline -0.006 -7"><span class='ocrx_word' id='word_1_619' title='bbox 1974 3763 2133 3817; x_wconf 88' lang='lat' dir='ltr'><strong>minis</strong></span> <span class='ocrx_word' id='word_1_620' title='bbox 2155 3762 2309 3815; x_wconf 86' lang='lat' dir='ltr'><strong>nobis</strong></span> <span class='ocrx_word' id='word_1_621' title='bbox 2333 3760 2566 3814; x_wconf 90' lang='lat' dir='ltr'><strong>insinuet</strong></span> <span class='ocrx_word' id='word_1_622' title='bbox 2585 3758 2864 3813; x_wconf 83' lang='lat' dir='ltr'><strong>veritatem</strong></span> <span class='ocrx_word' id='word_1_623' title='bbox 2894 3775 2904 3808; x_wconf 92' lang='lat'><strong>:</strong></span> <span class='ocrx_word' id='word_1_624' title='bbox 2932 3766 2987 3809; x_wconf 92' lang='lat' dir='ltr'><strong>ut</strong></span> <span class='ocrx_word' id='word_1_625' title='bbox 3011 3756 3289 3823; x_wconf 90' lang='lat' dir='ltr'><strong>utriusque</strong></span> <span class='ocrx_word' id='word_1_626' title='bbox 3310 3752 3559 3806; x_wconf 84' lang='lat' dir='ltr'><strong>substan-</strong></span> 
     </span>
    </p>
   </div>
   <div class='ocr_carea' id='block_1_85' title="bbox 1971 3847 3561 3920">
    <p class='ocr_par' dir='ltr' id='par_1_85' title="bbox 1971 3847 3561 3920">
     <span class='ocr_line' id='line_1_90' title="bbox 1971 3847 3561 3920; baseline -0.006 -11"><span class='ocrx_word' id='word_1_627' title='bbox 1971 3855 2091 3918; x_wconf 71' lang='lat' dir='ltr'><strong>tim,</strong></span> <span class='ocrx_word' id='word_1_628' title='bbox 2128 3853 2178 3907; x_wconf 91' lang='lat' dir='ltr'><strong>id</strong></span> <span class='ocrx_word' id='word_1_629' title='bbox 2219 3860 2299 3906; x_wconf 91' lang='lat' dir='ltr'><strong>est</strong></span> <span class='ocrx_word' id='word_1_630' title='bbox 2340 3852 2594 3906; x_wconf 90' lang='lat' dir='ltr'><strong>salvantis</strong></span> <span class='ocrx_word' id='word_1_631' title='bbox 2634 3859 2791 3920; x_wconf 89' lang='lat' dir='ltr'><strong>atque</strong></span> <span class='ocrx_word' id='word_1_632' title='bbox 2841 3848 3089 3910; x_wconf 69' lang='lat' dir='ltr'><strong>salvatie,</strong></span> <span class='ocrx_word' id='word_1_633' title='bbox 3124 3860 3219 3899; x_wconf 91' lang='lat' dir='ltr'><strong>nec</strong></span> <span class='ocrx_word' id='word_1_634' title='bbox 3261 3847 3561 3913; x_wconf 87' lang='lat' dir='ltr'><strong>pr0prietas</strong></span> 
     </span>
    </p>
   </div>
   <div class='ocr_carea' id='block_1_86' title="bbox 1973 3938 3561 4021">
    <p class='ocr_par' dir='ltr' id='par_1_86' title="bbox 1973 3938 3561 4021">
     <span class='ocr_line' id='line_1_91' title="bbox 1973 3938 3561 4021; baseline -0.008 -18"><span class='ocrx_word' id='word_1_635' title='bbox 1973 3948 2141 4021; x_wconf 89' lang='lat' dir='ltr'><strong>possit</strong></span> <span class='ocrx_word' id='word_1_636' title='bbox 2178 3945 2467 4014; x_wconf 88' lang='lat' dir='ltr'><strong>confundi,</strong></span> <span class='ocrx_word' id='word_1_637' title='bbox 2501 3959 2601 4000; x_wconf 91' lang='lat' dir='ltr'><strong>nec</strong></span> <span class='ocrx_word' id='word_1_638' title='bbox 2645 3956 2877 4013; x_wconf 87' lang='lat' dir='ltr'><strong>persona</strong></span> <span class='ocrx_word' id='word_1_639' title='bbox 2918 3939 3201 4011; x_wconf 85' lang='lat' dir='ltr'><strong>geminari.</strong></span> <span class='ocrx_word' id='word_1_640' title='bbox 3244 3938 3393 3993; x_wconf 88' lang='lat' dir='ltr'><strong>Sicut</strong></span> <span class='ocrx_word' id='word_1_641' title='bbox 3433 3951 3561 4006; x_wconf 82' lang='lat' dir='ltr'><strong>ergo</strong></span> 
     </span>
    </p>
   </div>
   <div class='ocr_carea' id='block_1_87' title="bbox 1976 4102 3564 4179">
    <p class='ocr_par' dir='ltr' id='par_1_87' title="bbox 1976 4102 3564 4179">
     <span class='ocr_line' id='line_1_92' title="bbox 1976 4102 3564 4179; baseline -0.006 -14"><span class='ocrx_word' id='word_1_642' title='bbox 1976 4114 2109 4179; x_wconf 82' lang='lat' dir='ltr'><strong>ipsa.</strong></span> <span class='ocrx_word' id='word_1_643' title='bbox 2142 4110 2283 4163; x_wconf 88' lang='lat' dir='ltr'><strong>Editi</strong></span> <span class='ocrx_word' id='word_1_644' title='bbox 2328 4109 2525 4163; x_wconf 91' lang='lat' dir='ltr'><strong>Leonis</strong></span> <span class='ocrx_word' id='word_1_645' title='bbox 2548 4150 2561 4176; x_wconf 93' lang='lat'><strong>,</strong></span> <span class='ocrx_word' id='word_1_646' title='bbox 2597 4108 2691 4161; x_wconf 86' lang='lat' dir='ltr'><strong>hoc</strong></span> <span class='ocrx_word' id='word_1_647' title='bbox 2716 4106 2903 4175; x_wconf 77' lang='lat' dir='ltr'><strong>ipsum.</strong></span> <span class='ocrx_word' id='word_1_648' title='bbox 2948 4102 3083 4159; x_wconf 90' lang='lat' dir='ltr'><strong>Cod.</strong></span> <span class='ocrx_word' id='word_1_649' title='bbox 3125 4103 3327 4158; x_wconf 83' lang='lat' dir='ltr'><strong>Victor.</strong></span> <span class='ocrx_word' id='word_1_650' title='bbox 3364 4110 3418 4155; x_wconf 88' lang='lat' dir='ltr'><strong>et</strong></span> <span class='ocrx_word' id='word_1_651' title='bbox 3455 4109 3564 4156; x_wconf 80' lang='lat' dir='ltr'><strong>tres</strong></span> 
     </span>
    </p>
   </div>
   <div class='ocr_carea' id='block_1_88' title="bbox 1978 4182 2457 4243">
    <p class='ocr_par' dir='ltr' id='par_1_88' title="bbox 1978 4182 2457 4243">
     <span class='ocr_line' id='line_1_93' title="bbox 1978 4182 2457 4243; baseline -0.01 -6"><span class='ocrx_word' id='word_1_652' title='bbox 1978 4183 2170 4243; x_wconf 84' lang='lat' dir='ltr'><strong>nostri,</strong></span> <span class='ocrx_word' id='word_1_653' title='bbox 2201 4182 2296 4233; x_wconf 84' lang='lat' dir='ltr'><strong>hoc</strong></span> <span class='ocrx_word' id='word_1_654' title='bbox 2327 4182 2457 4243; x_wconf 78' lang='lat' dir='ltr'><strong>ipso.</strong></span> 
     </span>
    </p>
   </div>
   <div class='ocr_carea' id='block_1_89' title="bbox 2050 4242 3563 4320">
    <p class='ocr_par' dir='ltr' id='par_1_89' title="bbox 2050 4242 3563 4320">
     <span class='ocr_line' id='line_1_94' title="bbox 2050 4242 3563 4320; baseline -0.006 -13"><span class='ocrx_word' id='word_1_655' title='bbox 2050 4253 2076 4290; x_wconf 72' lang='grc' dir='ltr'><strong>ιι</strong></span> <span class='ocrx_word' id='word_1_656' title='bbox 2107 4242 2178 4307; x_wconf 84' lang='lat' dir='ltr'><strong>lta</strong></span> <span class='ocrx_word' id='word_1_657' title='bbox 2206 4268 2274 4307; x_wconf 81' lang='lat' dir='ltr'><strong>ex</strong></span> <span class='ocrx_word' id='word_1_658' title='bbox 2308 4242 2536 4316; x_wconf 82' lang='lat' dir='ltr'><strong>Ralisp.,</strong></span> <span class='ocrx_word' id='word_1_659' title='bbox 2562 4252 2613 4303; x_wconf 93' lang='lat' dir='ltr'><strong>in</strong></span> <span class='ocrx_word' id='word_1_660' title='bbox 2641 4265 2744 4320; x_wconf 91' lang='lat' dir='ltr'><strong>quo</strong></span> <span class='ocrx_word' id='word_1_661' title='bbox 2774 4248 2932 4319; x_wconf 83' lang='lat' dir='ltr'><strong>paulo</strong></span> <span class='ocrx_word' id='word_1_662' title='bbox 2968 4256 3092 4320; x_wconf 78' lang='lat' dir='ltr'><strong>post</strong></span> <span class='ocrx_word' id='word_1_663' title='bbox 3122 4246 3320 4320; x_wconf 76' lang='lat' dir='ltr'><strong>legitur</strong></span> <span class='ocrx_word' id='word_1_664' title='bbox 3348 4242 3563 4320; x_wconf 82' lang='lat' dir='ltr'><strong>quidem</strong></span> 
     </span>
    </p>
   </div>
   <div class='ocr_carea' id='block_1_90' title="bbox 1976 4316 3563 4393">
    <p class='ocr_par' dir='ltr' id='par_1_90' title="bbox 1976 4316 3563 4393">
     <span class='ocr_line' id='line_1_95' title="bbox 1976 4316 3563 4393; baseline -0.006 -15"><span class='ocrx_word' id='word_1_665' title='bbox 1976 4326 2226 4393; x_wconf 82' lang='lat' dir='ltr'><strong>inspirare</strong></span> <span class='ocrx_word' id='word_1_666' title='bbox 2256 4339 2351 4391; x_wconf 89' lang='lat' dir='ltr'><strong>pro</strong></span> <span class='ocrx_word' id='word_1_667' title='bbox 2387 4324 2616 4389; x_wconf 83' lang='lat' dir='ltr'><strong>spirare;</strong></span> <span class='ocrx_word' id='word_1_668' title='bbox 2659 4316 2753 4375; x_wconf 79' lang='lat' dir='ltr'><strong>sed</strong></span> <span class='ocrx_word' id='word_1_669' title='bbox 2778 4316 2988 4387; x_wconf 70' lang='lat' dir='ltr'><strong>puncta</strong></span> <span class='ocrx_word' id='word_1_670' title='bbox 3011 4317 3252 4393; x_wconf 80' lang='lat' dir='ltr'><strong>subjecta</strong></span> <span class='ocrx_word' id='word_1_671' title='bbox 3287 4316 3480 4393; x_wconf 74' lang='lat' dir='ltr'><strong>litteris</strong></span> <span class='ocrx_word' id='word_1_672' title='bbox 3508 4316 3563 4368; x_wconf 88' lang='lat' dir='ltr'><strong>in</strong></span> 
     </span>
    </p>
   </div>
   <div class='ocr_carea' id='block_1_91' title="bbox 1977 4386 3558 4458">
    <p class='ocr_par' dir='ltr' id='par_1_91' title="bbox 1977 4386 3558 4458">
     <span class='ocr_line' id='line_1_96' title="bbox 1977 4386 3558 4458; baseline -0.008 -8"><span class='ocrx_word' id='word_1_673' title='bbox 1977 4386 2076 4450; x_wconf 83' lang='lat' dir='ltr'><strong>has</strong></span> <span class='ocrx_word' id='word_1_674' title='bbox 2103 4386 2359 4449; x_wconf 83' lang='lat' dir='ltr'><strong>delendas</strong></span> <span class='ocrx_word' id='word_1_675' title='bbox 2390 4386 2712 4448; x_wconf 87' lang='lat' dir='ltr'><strong>indicarunt.</strong></span> <span class='ocrx_word' id='word_1_676' title='bbox 2747 4386 2883 4445; x_wconf 83' lang='lat' dir='ltr'><strong>Editi</strong></span> <span class='ocrx_word' id='word_1_677' title='bbox 2916 4390 3242 4458; x_wconf 88' lang='lat' dir='ltr'><strong>antiquiores</strong></span> <span class='ocrx_word' id='word_1_678' title='bbox 3273 4402 3393 4441; x_wconf 91' lang='lat' dir='ltr'><strong>cum</strong></span> <span class='ocrx_word' id='word_1_679' title='bbox 3438 4386 3558 4439; x_wconf 88' lang='lat' dir='ltr'><strong>Vat.</strong></span> 
     </span>
    </p>
   </div>
   <div class='ocr_carea' id='block_1_92' title="bbox 1978 4459 3563 4535">
    <p class='ocr_par' dir='ltr' id='par_1_92' title="bbox 1978 4459 3563 4535">
     <span class='ocr_line' id='line_1_97' title="bbox 1978 4459 3563 4535; baseline -0.007 -13"><span class='ocrx_word' id='word_1_680' title='bbox 1978 4469 2104 4532; x_wconf 70' lang='grc'><strong>541,</strong></span> <span class='ocrx_word' id='word_1_681' title='bbox 2134 4480 2308 4520; x_wconf 79' lang='lat' dir='ltr'><strong>contra</strong></span> <span class='ocrx_word' id='word_1_682' title='bbox 2340 4466 2725 4535; x_wconf 76' lang='lat' dir='ltr'><strong>fundamentum</strong></span> <span class='ocrx_word' id='word_1_683' title='bbox 2754 4463 2876 4531; x_wconf 83' lang='lat' dir='ltr'><strong>ﬁdei</strong></span> <span class='ocrx_word' id='word_1_684' title='bbox 2904 4462 3178 4535; x_wconf 73' lang='lat' dir='ltr'><strong>inspirare.</strong></span> <span class='ocrx_word' id='word_1_685' title='bbox 3210 4459 3563 4535; x_wconf 65' lang='lat' dir='ltr'><strong>Vat._eollect.</strong></span> 
     </span>
    </p>
   </div>
   <div class='ocr_carea' id='block_1_93' title="bbox 1980 4529 3559 4608">
    <p class='ocr_par' dir='ltr' id='par_1_93' title="bbox 1980 4529 3559 4608">
     <span class='ocr_line' id='line_1_98' title="bbox 1980 4529 3559 4608; baseline -0.006 -17"><span class='ocrx_word' id='word_1_686' title='bbox 1980 4540 2068 4599; x_wconf 67' lang='lat'><strong>1&#39;2,</strong></span> <span class='ocrx_word' id='word_1_687' title='bbox 2092 4529 2363 4608; x_wconf 71' lang='lat' dir='ltr'><strong>respirare.</strong></span> <span class='ocrx_word' id='word_1_688' title='bbox 2398 4536 2714 4608; x_wconf 84' lang='lat' dir='ltr'><strong>Quesuellus</strong></span> <span class='ocrx_word' id='word_1_689' title='bbox 2742 4529 2861 4608; x_wconf 79' lang='lat' dir='ltr'><strong>cum</strong></span> <span class='ocrx_word' id='word_1_690' title='bbox 2894 4534 3051 4608; x_wconf 81' lang='lat' dir='ltr'><strong>codd.</strong></span> <span class='ocrx_word' id='word_1_691' title='bbox 3071 4531 3284 4608; x_wconf 82' lang='lat' dir='ltr'><strong>collect.</strong></span> <span class='ocrx_word' id='word_1_692' title='bbox 3317 4529 3407 4608; x_wconf 58' lang='grc' dir='ltr'><strong>Ἠ,</strong></span> <span class='ocrx_word' id='word_1_693' title='bbox 3434 4545 3559 4608; x_wconf 76' lang='lat' dir='ltr'><strong>con-</strong></span> 
     </span>
    </p>
   </div>
   <div class='ocr_carea' id='block_1_94' title="bbox 1980 4601 3567 4677">
    <p class='ocr_par' dir='ltr' id='par_1_94' title="bbox 1980 4601 3567 4677">
     <span class='ocr_line' id='line_1_99' title="bbox 1980 4601 3567 4677; baseline -0.007 -14"><span class='ocrx_word' id='word_1_694' title='bbox 1980 4620 2057 4663; x_wconf 87' lang='lat' dir='ltr'><strong>tra</strong></span> <span class='ocrx_word' id='word_1_695' title='bbox 2093 4601 2480 4677; x_wconf 77' lang='lat' dir='ltr'><strong>fundamentum</strong></span> <span class='ocrx_word' id='word_1_696' title='bbox 2522 4608 2639 4674; x_wconf 83' lang='lat' dir='ltr'><strong>ﬁdei</strong></span> <span class='ocrx_word' id='word_1_697' title='bbox 2677 4605 2915 4658; x_wconf 83' lang='lat' dir='ltr'><strong>divinitus</strong></span> <span class='ocrx_word' id='word_1_698' title='bbox 2948 4601 3567 4677; x_wconf 55' lang='lat' dir='ltr'><strong>inspiratmpermiserit;</strong></span> 
     </span>
    </p>
   </div>
   <div class='ocr_carea' id='block_1_95' title="bbox 1978 4671 3666 4744">
    <p class='ocr_par' dir='ltr' id='par_1_95' title="bbox 1978 4671 3666 4744">
     <span class='ocr_line' id='line_1_100' title="bbox 1978 4671 3666 4744; baseline -0.008 -11"><span class='ocrx_word' id='word_1_699' title='bbox 1978 4681 2071 4744; x_wconf 83' lang='lat' dir='ltr'><strong>qui</strong></span> <span class='ocrx_word' id='word_1_700' title='bbox 2093 4671 2277 4734; x_wconf 65' lang='lat' dir='ltr'><strong>tamen</strong></span> <span class='ocrx_word' id='word_1_701' title='bbox 2322 4689 2433 4735; x_wconf 88' lang='lat' dir='ltr'><strong>not.</strong></span> <span class='ocrx_word' id='word_1_702' title='bbox 2476 4671 2732 4732; x_wconf 47' lang='lat' dir='ltr'><strong>l&#39;fatetur</strong></span> <span class='ocrx_word' id='word_1_703' title='bbox 2758 4692 2946 4730; x_wconf 84' lang='lat' dir='ltr'><strong>omnes</strong></span> <span class='ocrx_word' id='word_1_704' title='bbox 2978 4671 3104 4729; x_wconf 86' lang='lat' dir='ltr'><strong>suos</strong></span> <span class='ocrx_word' id='word_1_705' title='bbox 3130 4673 3363 4736; x_wconf 82' lang='lat' dir='ltr'><strong>codices,</strong></span> <span class='ocrx_word' id='word_1_706' title='bbox 3407 4671 3568 4727; x_wconf 88' lang='lat' dir='ltr'><strong>etiam</strong></span> <span class='ocrx_word' id='word_1_707' title='bbox 3661 4714 3666 4719; x_wconf 89' lang='lat'><strong>.</strong></span> 
     </span>
    </p>
   </div>
   <div class='ocr_carea' id='block_1_96' title="bbox 1979 4750 2684 4820">
    <p class='ocr_par' dir='ltr' id='par_1_96' title="bbox 1979 4750 2684 4820">
     <span class='ocr_line' id='line_1_101' title="bbox 1979 4750 2684 4820; baseline -0.003 -15"><span class='ocrx_word' id='word_1_708' title='bbox 1979 4752 2149 4807; x_wconf 85' lang='lat' dir='ltr'><strong>Grim.</strong></span> <span class='ocrx_word' id='word_1_709' title='bbox 2185 4752 2382 4805; x_wconf 86' lang='lat' dir='ltr'><strong>habere</strong></span> <span class='ocrx_word' id='word_1_710' title='bbox 2412 4750 2684 4820; x_wconf 76' lang='lat' dir='ltr'><strong>inspirare.</strong></span> 
     </span>
    </p>
   </div>
   <div class='ocr_carea' id='block_1_97' title="bbox 2056 4818 3569 4890">
    <p class='ocr_par' dir='ltr' id='par_1_97' title="bbox 2056 4818 3569 4890">
     <span class='ocr_line' id='line_1_102' title="bbox 2056 4818 3569 4890; baseline -0.006 -14"><span class='ocrx_word' id='word_1_711' title='bbox 2056 4818 2549 4890; x_wconf 26' lang='lat' dir='ltr'><strong>1Conjunctione‘m</strong></span> <span class='ocrx_word' id='word_1_712' title='bbox 2596 4830 2641 4873; x_wconf 87' lang='lat' dir='ltr'><strong>et</strong></span> <span class='ocrx_word' id='word_1_713' title='bbox 2686 4836 2715 4873; x_wconf 94' lang='lat' dir='ltr'><strong>a</strong></span> <span class='ocrx_word' id='word_1_714' title='bbox 2763 4818 3047 4886; x_wconf 85' lang='lat' dir='ltr'><strong>Quesuello</strong></span> <span class='ocrx_word' id='word_1_715' title='bbox 3088 4820 3340 4872; x_wconf 83' lang='lat' dir='ltr'><strong>insertam</strong></span> <span class='ocrx_word' id='word_1_716' title='bbox 3383 4823 3569 4868; x_wconf 85' lang='lat' dir='ltr'><strong>noster</strong></span> 
     </span>
    </p>
   </div>
   <div class='ocr_carea' id='block_1_98' title="bbox 1983 4891 2696 4961">
    <p class='ocr_par' dir='ltr' id='par_1_98' title="bbox 1983 4891 2696 4961">
     <span class='ocr_line' id='line_1_103' title="bbox 1983 4891 2696 4961; baseline -0.007 -13"><span class='ocrx_word' id='word_1_717' title='bbox 1983 4894 2142 4949; x_wconf 83' lang='lat' dir='ltr'><strong>etiam</strong></span> <span class='ocrx_word' id='word_1_718' title='bbox 2180 4895 2383 4961; x_wconf 82' lang='lat' dir='ltr'><strong>Ralisp.</strong></span> <span class='ocrx_word' id='word_1_719' title='bbox 2417 4891 2696 4960; x_wconf 84' lang='lat' dir='ltr'><strong>approbat.</strong></span> 
     </span>
    </p>
   </div>
   <div class='ocr_carea' id='block_1_99' title="bbox 277 4945 3566 5038">
    <p class='ocr_par' dir='ltr' id='par_1_99' title="bbox 277 4945 3566 5038">
     <span class='ocr_line' id='line_1_104' title="bbox 277 4945 3566 5038; baseline -0.003 -19"><span class='ocrx_word' id='word_1_720' title='bbox 277 4945 1271 5038; x_wconf 34' lang='lat' dir='ltr'><strong>repetit:falsitasquevfatigare—coria—ta</strong></span> <span class='ocrx_word' id='word_1_721' title='bbox 1292 4945 1386 5018; x_wconf 66' lang='lat' dir='ltr'><strong>Esi;</strong></span> <span class='ocrx_word' id='word_1_722' title='bbox 1409 4945 1872 5038; x_wconf 29' lang='lat' dir='ltr'><strong>varicoiiéétfié</strong></span> <span class='ocrx_word' id='word_1_723' title='bbox 1900 4945 1951 5004; x_wconf 83' lang='lat' dir='ltr'><strong>D</strong></span> <span class='ocrx_word' id='word_1_724' title='bbox 1990 4945 2264 5038; x_wconf 19' lang='lat' dir='ltr'><strong>T&#39;VmVulg.</strong></span> <span class='ocrx_word' id='word_1_725' title='bbox 2374 4945 2611 5038; x_wconf 35' lang='lat' dir='ltr'><strong>plcjriquie</strong></span> <span class='ocrx_word' id='word_1_726' title='bbox 2640 4962 2823 5038; x_wconf 86' lang='lat' dir='ltr'><strong>codd._,</strong></span> <span class='ocrx_word' id='word_1_727' title='bbox 2844 4962 3136 5038; x_wconf 76' lang='lat' dir='ltr'><strong>cunctisque</strong></span> <span class='ocrx_word' id='word_1_728' title='bbox 3152 4958 3371 5038; x_wconf 70' lang='lat' dir='ltr'><strong>clericis,</strong></span> <span class='ocrx_word' id='word_1_729' title='bbox 3404 4956 3566 5027; x_wconf 79' lang='lat' dir='ltr'><strong>plebi-</strong></span> 
     </span>
    </p>
   </div>
   <div class='ocr_carea' id='block_1_100' title="bbox 277 5034 1872 5163">
    <p class='ocr_par' dir='ltr' id='par_1_100' title="bbox 277 5034 1872 5163">
     <span class='ocr_line' id='line_1_105' title="bbox 277 5034 1872 5163; baseline 0 -71"><span class='ocrx_word' id='word_1_730' title='bbox 277 5034 499 5163; x_wconf 45' lang='lat' dir='ltr'><strong>et&#39;thlius</strong></span> <span class='ocrx_word' id='word_1_731' title='bbox 522 5034 625 5093; x_wconf 72' lang='lat' dir='ltr'><strong>54f</strong></span> <span class='ocrx_word' id='word_1_732' title='bbox 659 5034 912 5093; x_wconf 85' lang='lat' dir='ltr'><strong>omittunt</strong></span> <span class='ocrx_word' id='word_1_733' title='bbox 933 5034 1362 5107; x_wconf 72' lang='lat' dir='ltr'><strong>coniunctionem</strong></span> <span class='ocrx_word' id='word_1_734' title='bbox 1387 5053 1502 5107; x_wconf 87' lang='lat' dir='ltr'><strong>que.</strong></span> <span class='ocrx_word' id='word_1_735' title='bbox 1526 5034 1872 5092; x_wconf 83' lang='lat' dir='ltr'><strong>Correximus</strong></span> 
     </span>
     <span class='ocr_line' id='line_1_106' title="bbox 277 5121 577 5163; baseline 0 0"><span class='ocrx_word' id='word_1_736' title='bbox 277 5123 348 5163; x_wconf 85' lang='lat' dir='ltr'><strong>ex</strong></span> <span class='ocrx_word' id='word_1_737' title='bbox 421 5121 577 5163; x_wconf 74' lang='lat' dir='ltr'><strong>ausu.</strong></span> 
     </span>
    </p>
   </div>
   <div class='ocr_carea' id='block_1_101' title="bbox 275 5121 577 5165">
    <p class='ocr_par' dir='ltr' id='par_1_101' title="bbox 275 5121 577 5165">
     <span class='ocr_line' id='line_1_107' title="bbox 275 5121 577 5165; baseline 0.007 -2"><span class='ocrx_word' id='word_1_738' title='bbox 275 5123 348 5163; x_wconf 87' lang='lat' dir='ltr'><strong>ex</strong></span> <span class='ocrx_word' id='word_1_739' title='bbox 373 5121 577 5165; x_wconf 71' lang='lat' dir='ltr'><strong>ﬂattsn.</strong></span> 
     </span>
    </p>
   </div>
   <div class='ocr_carea' id='block_1_102' title="bbox 355 5126 1873 5248">
    <p class='ocr_par' dir='ltr' id='par_1_102' title="bbox 355 5126 1873 5248">
     <span class='ocr_line' id='line_1_108' title="bbox 373 5126 577 5165; baseline 0.01 -2"><span class='ocrx_word' id='word_1_740' title='bbox 373 5126 446 5163; x_wconf 74' lang='lat' dir='ltr'><strong>na</strong></span> <span class='ocrx_word' id='word_1_741' title='bbox 496 5126 520 5162; x_wconf 92' lang='lat' dir='ltr'><strong>s</strong></span> <span class='ocrx_word' id='word_1_742' title='bbox 563 5151 577 5165; x_wconf 92' lang='lat'><strong>.</strong></span> 
     </span>
     <span class='ocr_line' id='line_1_109' title="bbox 355 5126 1873 5248; baseline -0.003 -10"><span class='ocrx_word' id='word_1_743' title='bbox 355 5190 381 5227; x_wconf 75' lang='grc' dir='ltr'><em>ε</em></span> <span class='ocrx_word' id='word_1_744' title='bbox 527 5126 731 5235; x_wconf 66' lang='lat' dir='ltr'><strong>linelius</strong></span> <span class='ocrx_word' id='word_1_745' title='bbox 758 5198 823 5236; x_wconf 89' lang='lat' dir='ltr'><strong>ex</strong></span> <span class='ocrx_word' id='word_1_746' title='bbox 850 5182 1036 5235; x_wconf 88' lang='lat' dir='ltr'><strong>eodem</strong></span> <span class='ocrx_word' id='word_1_747' title='bbox 1081 5178 1285 5246; x_wconf 77' lang='lat' dir='ltr'><strong>Ratisp.</strong></span> <span class='ocrx_word' id='word_1_748' title='bbox 1331 5192 1490 5244; x_wconf 83' lang='lat' dir='ltr'><strong>quam</strong></span> <span class='ocrx_word' id='word_1_749' title='bbox 1537 5178 1591 5230; x_wconf 91' lang='lat' dir='ltr'><strong>in</strong></span> <span class='ocrx_word' id='word_1_750' title='bbox 1631 5176 1873 5248; x_wconf 81' lang='lat' dir='ltr'><strong>Vulgatis</strong></span> 
     </span>
    </p>
   </div>
   <div class='ocr_carea' id='block_1_103' title="bbox 278 5249 1760 5319">
    <p class='ocr_par' dir='ltr' id='par_1_103' title="bbox 278 5249 1760 5319">
     <span class='ocr_line' id='line_1_110' title="bbox 278 5249 1760 5319; baseline -0.003 -14"><span class='ocrx_word' id='word_1_751' title='bbox 278 5251 510 5317; x_wconf 79' lang='lat' dir='ltr'><strong>aliisque</strong></span> <span class='ocrx_word' id='word_1_752' title='bbox 540 5252 833 5315; x_wconf 83' lang='lat' dir='ltr'><strong>codicibus,</strong></span> <span class='ocrx_word' id='word_1_753' title='bbox 861 5269 1033 5306; x_wconf 85' lang='lat' dir='ltr'><strong>eorum</strong></span> <span class='ocrx_word' id='word_1_754' title='bbox 1061 5249 1495 5319; x_wconf 76' lang='lat' dir='ltr'><strong>disputationibus</strong></span> <span class='ocrx_word' id='word_1_755' title='bbox 1526 5249 1760 5301; x_wconf 85' lang='lat' dir='ltr'><strong>detineri.</strong></span> 
     </span>
    </p>
   </div>
   <div class='ocr_carea' id='block_1_104' title="bbox 355 5320 1873 5386">
    <p class='ocr_par' dir='ltr' id='par_1_104' title="bbox 355 5320 1873 5386">
     <span class='ocr_line' id='line_1_111' title="bbox 355 5320 1873 5386; baseline -0.003 -9"><span class='ocrx_word' id='word_1_756' title='bbox 355 5320 382 5360; x_wconf 75' lang='grc' dir='ltr'><strong>ιι</strong></span> <span class='ocrx_word' id='word_1_757' title='bbox 412 5323 485 5377; x_wconf 82' lang='lat' dir='ltr'><strong>lia</strong></span> <span class='ocrx_word' id='word_1_758' title='bbox 514 5326 649 5378; x_wconf 90' lang='lat' dir='ltr'><strong>idem</strong></span> <span class='ocrx_word' id='word_1_759' title='bbox 683 5327 874 5378; x_wconf 83' lang='lat' dir='ltr'><strong>codex.</strong></span> <span class='ocrx_word' id='word_1_760' title='bbox 905 5324 1039 5377; x_wconf 72' lang='lat' dir='ltr'><strong>Editi</strong></span> <span class='ocrx_word' id='word_1_761' title='bbox 1064 5336 1187 5375; x_wconf 89' lang='lat' dir='ltr'><strong>ante</strong></span> <span class='ocrx_word' id='word_1_762' title='bbox 1215 5323 1415 5386; x_wconf 81' lang='lat' dir='ltr'><strong>Qucsn.</strong></span> <span class='ocrx_word' id='word_1_763' title='bbox 1448 5334 1568 5372; x_wconf 92' lang='lat' dir='ltr'><strong>cum</strong></span> <span class='ocrx_word' id='word_1_764' title='bbox 1603 5335 1729 5372; x_wconf 83' lang='lat' dir='ltr'><strong>mss.</strong></span> <span class='ocrx_word' id='word_1_765' title='bbox 1762 5320 1873 5373; x_wconf 91' lang='lat' dir='ltr'><strong>col-</strong></span> 
     </span>
    </p>
   </div>
   <div class='ocr_carea' id='block_1_105' title="bbox 246 5389 1860 5473">
    <p class='ocr_par' dir='ltr' id='par_1_105' title="bbox 246 5389 1860 5473">
     <span class='ocr_line' id='line_1_112' title="bbox 246 5389 1860 5473; baseline -0.004 -24"><span class='ocrx_word' id='word_1_766' title='bbox 246 5394 412 5473; x_wconf 42' lang='lat' dir='ltr'><strong>lect.</strong></span> <span class='ocrx_word' id='word_1_767' title='bbox 446 5394 513 5449; x_wconf 70' lang='lat'><strong>12</strong></span> <span class='ocrx_word' id='word_1_768' title='bbox 551 5407 604 5473; x_wconf 76' lang='lat' dir='ltr'><strong>et</strong></span> <span class='ocrx_word' id='word_1_769' title='bbox 632 5394 999 5473; x_wconf 66' lang='lat' dir='ltr'><strong>24,_absc_idit.</strong></span> <span class='ocrx_word' id='word_1_770' title='bbox 1042 5393 1378 5473; x_wconf 43' lang='lat' dir='ltr'><strong>Quesuellu&#39;s‘2</strong></span> <span class='ocrx_word' id='word_1_771' title='bbox 1422 5389 1696 5473; x_wconf 66' lang='lat' dir='ltr'><strong>abscindit.</strong></span> 
     </span>
    </p>
   </div>
   <div class='ocr_carea' id='block_1_106' title="bbox 242 5461 1874 5538">
    <p class='ocr_par' dir='ltr' id='par_1_106' title="bbox 242 5461 1874 5538">
     <span class='ocr_line' id='line_1_113' title="bbox 242 5461 1874 5538; baseline -0.003 -17"><span class='ocrx_word' id='word_1_772' title='bbox 242 5461 256 5500; x_wconf 47' lang='grc' dir='ltr'><strong>θ’</strong></span> <span class='ocrx_word' id='word_1_773' title='bbox 277 5466 455 5521; x_wconf 86' lang='lat' dir='ltr'><strong>Grim.</strong></span> <span class='ocrx_word' id='word_1_774' title='bbox 489 5467 701 5521; x_wconf 86' lang='lat' dir='ltr'><strong>collect.</strong></span> <span class='ocrx_word' id='word_1_775' title='bbox 735 5465 834 5533; x_wconf 82' lang='lat' dir='ltr'><strong>l8,</strong></span> <span class='ocrx_word' id='word_1_776' title='bbox 871 5469 979 5538; x_wconf 79' lang='lat' dir='ltr'><strong>ipse</strong></span> <span class='ocrx_word' id='word_1_777' title='bbox 1006 5482 1039 5517; x_wconf 89' lang='lat' dir='ltr'><strong>a</strong></span> <span class='ocrx_word' id='word_1_778' title='bbox 1064 5478 1277 5535; x_wconf 85' lang='lat' dir='ltr'><strong>corpore</strong></span> <span class='ocrx_word' id='word_1_779' title='bbox 1319 5461 1623 5515; x_wconf 77' lang='lat' dir='ltr'><strong>Christiana:</strong></span> <span class='ocrx_word' id='word_1_780' title='bbox 1665 5462 1874 5516; x_wconf 82' lang='lat' dir='ltr'><strong>unitatis</strong></span> 
     </span>
    </p>
   </div>
   <div class='ocr_carea' id='block_1_107' title="bbox 274 5540 539 5593">
    <p class='ocr_par' dir='ltr' id='par_1_107' title="bbox 274 5540 539 5593">
     <span class='ocr_line' id='line_1_114' title="bbox 274 5540 539 5593; baseline 0.004 -2"><span class='ocrx_word' id='word_1_781' title='bbox 274 5540 539 5593; x_wconf 79' lang='lat' dir='ltr'><strong>abscedet.</strong></span> 
     </span>
    </p>
   </div>
   <div class='ocr_carea' id='block_1_108' title="bbox 357 5602 1883 5677">
    <p class='ocr_par' dir='ltr' id='par_1_108' title="bbox 357 5602 1883 5677">
     <span class='ocr_line' id='line_1_115' title="bbox 357 5602 1883 5677; baseline -0.005 -14"><span class='ocrx_word' id='word_1_782' title='bbox 357 5608 377 5647; x_wconf 72' lang='grc' dir='ltr'><strong>ί</strong></span> <span class='ocrx_word' id='word_1_783' title='bbox 420 5610 489 5663; x_wconf 86' lang='lat' dir='ltr'><strong>ita</strong></span> <span class='ocrx_word' id='word_1_784' title='bbox 521 5609 861 5677; x_wconf 82' lang='lat' dir='ltr'><strong>Quesnellus.</strong></span> <span class='ocrx_word' id='word_1_785' title='bbox 886 5607 1026 5661; x_wconf 89' lang='lat' dir='ltr'><strong>Editi</strong></span> <span class='ocrx_word' id='word_1_786' title='bbox 1056 5606 1252 5662; x_wconf 83' lang='lat' dir='ltr'><strong>Leonis</strong></span> <span class='ocrx_word' id='word_1_787' title='bbox 1276 5619 1396 5677; x_wconf 83' lang='lat' dir='ltr'><strong>cum</strong></span> <span class='ocrx_word' id='word_1_788' title='bbox 1422 5604 1549 5677; x_wconf 64' lang='lat' dir='ltr'><strong>Vat.</strong></span> <span class='ocrx_word' id='word_1_789' title='bbox 1571 5603 1783 5677; x_wconf 86' lang='lat' dir='ltr'><strong>collect.</strong></span> <span class='ocrx_word' id='word_1_790' title='bbox 1813 5602 1883 5658; x_wconf 73' lang='lat'><strong>12</strong></span> 
     </span>
    </p>
   </div>
   <div class='ocr_carea' id='block_1_109' title="bbox 276 5675 1880 5751">
    <p class='ocr_par' dir='ltr' id='par_1_109' title="bbox 276 5675 1880 5751">
     <span class='ocr_line' id='line_1_116' title="bbox 276 5675 1880 5751; baseline -0.006 -13"><span class='ocrx_word' id='word_1_791' title='bbox 276 5692 335 5739; x_wconf 88' lang='lat' dir='ltr'><strong>et</strong></span> <span class='ocrx_word' id='word_1_792' title='bbox 359 5679 495 5745; x_wconf 71' lang='grc'><strong>541,</strong></span> <span class='ocrx_word' id='word_1_793' title='bbox 524 5675 588 5735; x_wconf 80' lang='lat' dir='ltr'><strong>de</strong></span> <span class='ocrx_word' id='word_1_794' title='bbox 621 5680 911 5751; x_wconf 88' lang='lat' dir='ltr'><strong>ignorantia</strong></span> <span class='ocrx_word' id='word_1_795' title='bbox 942 5687 987 5731; x_wconf 82' lang='lat' dir='ltr'><strong>et</strong></span> <span class='ocrx_word' id='word_1_796' title='bbox 1018 5678 1242 5751; x_wconf 73' lang='lat' dir='ltr'><strong>inscitia.</strong></span> <span class='ocrx_word' id='word_1_797' title='bbox 1281 5676 1489 5751; x_wconf 82' lang='lat' dir='ltr'><strong>Vulgati</strong></span> <span class='ocrx_word' id='word_1_798' title='bbox 1516 5675 1723 5751; x_wconf 86' lang='lat' dir='ltr'><strong>Conc_il.</strong></span> <span class='ocrx_word' id='word_1_799' title='bbox 1753 5689 1880 5751; x_wconf 78' lang='lat' dir='ltr'><strong>cum</strong></span> 
     </span>
    </p>
   </div>
   <div class='ocr_carea' id='block_1_110' title="bbox 280 5747 1880 5820">
    <p class='ocr_par' dir='ltr' id='par_1_110' title="bbox 280 5747 1880 5820">
     <span class='ocr_line' id='line_1_117' title="bbox 280 5747 1880 5820; baseline -0.006 -11"><span class='ocrx_word' id='word_1_800' title='bbox 280 5770 420 5809; x_wconf 84' lang='lat' dir='ltr'><strong>mss.</strong></span> <span class='ocrx_word' id='word_1_801' title='bbox 454 5747 671 5809; x_wconf 75' lang='lat' dir='ltr'><strong>collect.</strong></span> <span class='ocrx_word' id='word_1_802' title='bbox 696 5750 789 5819; x_wconf 68' lang='grc'><strong>24,</strong></span> <span class='ocrx_word' id='word_1_803' title='bbox 821 5752 883 5806; x_wconf 89' lang='lat' dir='ltr'><strong>de</strong></span> <span class='ocrx_word' id='word_1_804' title='bbox 910 5750 1205 5820; x_wconf 88' lang='lat' dir='ltr'><strong>ignorantia</strong></span> <span class='ocrx_word' id='word_1_805' title='bbox 1243 5757 1288 5803; x_wconf 86' lang='lat' dir='ltr'><strong>et</strong></span> <span class='ocrx_word' id='word_1_806' title='bbox 1326 5748 1611 5803; x_wconf 84' lang='lat' dir='ltr'><strong>inscientia.</strong></span> <span class='ocrx_word' id='word_1_807' title='bbox 1646 5747 1880 5817; x_wconf 77' lang='lat' dir='ltr'><strong>Ratisp.,</strong></span> 
     </span>
    </p>
   </div>
   <div class='ocr_carea' id='block_1_111' title="bbox 279 5823 996 5896">
    <p class='ocr_par' dir='ltr' id='par_1_111' title="bbox 279 5823 996 5896">
     <span class='ocr_line' id='line_1_118' title="bbox 279 5823 996 5896; baseline -0.004 -16"><span class='ocrx_word' id='word_1_808' title='bbox 279 5827 347 5880; x_wconf 79' lang='lat' dir='ltr'><strong>de</strong></span> <span class='ocrx_word' id='word_1_809' title='bbox 374 5827 678 5896; x_wconf 76' lang='lat' dir='ltr'><strong>ignorantia:</strong></span> <span class='ocrx_word' id='word_1_810' title='bbox 706 5823 996 5896; x_wconf 80' lang='lat' dir='ltr'><strong>inscientia.</strong></span> 
     </span>
    </p>
   </div>
   <div class='ocr_carea' id='block_1_112' title="bbox 365 5890 1884 5961">
    <p class='ocr_par' dir='ltr' id='par_1_112' title="bbox 365 5890 1884 5961">
     <span class='ocr_line' id='line_1_119' title="bbox 365 5890 1884 5961; baseline -0.001 -14"><span class='ocrx_word' id='word_1_811' title='bbox 365 5890 510 5953; x_wconf 70' lang='lat' dir='ltr'><strong>t&#39;Sic</strong></span> <span class='ocrx_word' id='word_1_812' title='bbox 537 5912 659 5955; x_wconf 87' lang='lat' dir='ltr'><strong>cum</strong></span> <span class='ocrx_word' id='word_1_813' title='bbox 691 5895 934 5952; x_wconf 90' lang='lat' dir='ltr'><strong>Griman.</strong></span> <span class='ocrx_word' id='word_1_814' title='bbox 959 5903 1143 5954; x_wconf 85' lang='lat' dir='ltr'><strong>noster</strong></span> <span class='ocrx_word' id='word_1_815' title='bbox 1168 5894 1376 5961; x_wconf 82' lang='lat' dir='ltr'><strong>Ratisp.</strong></span> <span class='ocrx_word' id='word_1_816' title='bbox 1411 5890 1753 5957; x_wconf 88' lang='lat' dir='ltr'><strong>Sirmondus,</strong></span> <span class='ocrx_word' id='word_1_817' title='bbox 1778 5890 1884 5946; x_wconf 68' lang='lat' dir='ltr'><strong>hac</strong></span> 
     </span>
    </p>
   </div>
   <div class='ocr_carea' id='block_1_113' title="bbox 1982 5030 3382 5103">
    <p class='ocr_par' dir='ltr' id='par_1_113' title="bbox 1982 5030 3382 5103">
     <span class='ocr_line' id='line_1_120' title="bbox 1982 5030 3382 5103; baseline -0.005 -14"><span class='ocrx_word' id='word_1_818' title='bbox 1982 5036 2097 5095; x_wconf 80' lang='lat' dir='ltr'><strong>bus.</strong></span> <span class='ocrx_word' id='word_1_819' title='bbox 2132 5030 2413 5090; x_wconf 78' lang='lat' dir='ltr'><strong>ordinibus.</strong></span> <span class='ocrx_word' id='word_1_820' title='bbox 2444 5035 2750 5089; x_wconf 82' lang='lat' dir='ltr'><strong>Lectionetu</strong></span> <span class='ocrx_word' id='word_1_821' title='bbox 2783 5033 2991 5103; x_wconf 82' lang='lat' dir='ltr'><strong>Ratisp.</strong></span> <span class='ocrx_word' id='word_1_822' title='bbox 3029 5030 3382 5103; x_wconf 65' lang='lat' dir='ltr'><strong>prtelulimus.</strong></span> 
     </span>
    </p>
   </div>
   <div class='ocr_carea' id='block_1_114' title="bbox 2049 5096 3572 5172">
    <p class='ocr_par' dir='ltr' id='par_1_114' title="bbox 2049 5096 3572 5172">
     <span class='ocr_line' id='line_1_121' title="bbox 2049 5096 3572 5172; baseline -0.009 -10"><span class='ocrx_word' id='word_1_823' title='bbox 2049 5116 2076 5141; x_wconf 72' lang='grc' dir='ltr'><strong>υ</strong></span> <span class='ocrx_word' id='word_1_824' title='bbox 2128 5107 2296 5161; x_wconf 86' lang='lat' dir='ltr'><strong>Voces</strong></span> <span class='ocrx_word' id='word_1_825' title='bbox 2323 5118 2368 5160; x_wconf 91' lang='lat' dir='ltr'><strong>et</strong></span> <span class='ocrx_word' id='word_1_826' title='bbox 2404 5106 2707 5159; x_wconf 69' lang='lat' dir='ltr'><strong>catholicam</strong></span> <span class='ocrx_word' id='word_1_827' title='bbox 2732 5121 2761 5159; x_wconf 92' lang='lat' dir='ltr'><strong>a</strong></span> <span class='ocrx_word' id='word_1_828' title='bbox 2791 5096 3079 5171; x_wconf 77' lang='lat' dir='ltr'><strong>Quesuello</strong></span> <span class='ocrx_word' id='word_1_829' title='bbox 3107 5104 3339 5172; x_wconf 87' lang='lat' dir='ltr'><strong>adjectas</strong></span> <span class='ocrx_word' id='word_1_830' title='bbox 3371 5100 3421 5153; x_wconf 90' lang='lat' dir='ltr'><strong>in</strong></span> <span class='ocrx_word' id='word_1_831' title='bbox 3463 5096 3572 5150; x_wconf 82' lang='lat' dir='ltr'><strong>Ra-</strong></span> 
     </span>
    </p>
   </div>
   <div class='ocr_carea' id='block_1_115' title="bbox 1978 5177 3037 5244">
    <p class='ocr_par' dir='ltr' id='par_1_115' title="bbox 1978 5177 3037 5244">
     <span class='ocr_line' id='line_1_122' title="bbox 1978 5177 3037 5244; baseline -0.004 -12"><span class='ocrx_word' id='word_1_832' title='bbox 1978 5179 2106 5244; x_wconf 87' lang='lat' dir='ltr'><strong>tisp.</strong></span> <span class='ocrx_word' id='word_1_833' title='bbox 2135 5189 2189 5233; x_wconf 91' lang='lat' dir='ltr'><strong>et</strong></span> <span class='ocrx_word' id='word_1_834' title='bbox 2218 5194 2346 5232; x_wconf 87' lang='lat' dir='ltr'><strong>mss.</strong></span> <span class='ocrx_word' id='word_1_835' title='bbox 2373 5178 2587 5231; x_wconf 83' lang='lat' dir='ltr'><strong>collect.</strong></span> <span class='ocrx_word' id='word_1_836' title='bbox 2612 5178 2684 5231; x_wconf 67' lang='lat'><strong>24</strong></span> <span class='ocrx_word' id='word_1_837' title='bbox 2719 5177 3037 5231; x_wconf 88' lang='lat' dir='ltr'><strong>invenimus.</strong></span> 
     </span>
    </p>
   </div>
   <div class='ocr_carea' id='block_1_116' title="bbox 2055 5239 3570 5315">
    <p class='ocr_par' dir='ltr' id='par_1_116' title="bbox 2055 5239 3570 5315">
     <span class='ocr_line' id='line_1_123' title="bbox 2055 5239 3570 5315; baseline -0.007 -11"><span class='ocrx_word' id='word_1_838' title='bbox 2055 5239 2078 5283; x_wconf 67' lang='grc' dir='ltr'>δ</span> <span class='ocrx_word' id='word_1_839' title='bbox 2113 5250 2273 5313; x_wconf 81' lang='lat' dir='ltr'><strong>Editi,</strong></span> <span class='ocrx_word' id='word_1_840' title='bbox 2308 5260 2613 5302; x_wconf 84' lang='lat' dir='ltr'><strong>commento.</strong></span> <span class='ocrx_word' id='word_1_841' title='bbox 2644 5249 2842 5315; x_wconf 86' lang='lat' dir='ltr'><strong>Quesn.</strong></span> <span class='ocrx_word' id='word_1_842' title='bbox 2882 5249 2932 5300; x_wconf 86' lang='lat' dir='ltr'><strong>in</strong></span> <span class='ocrx_word' id='word_1_843' title='bbox 2966 5261 3131 5313; x_wconf 83' lang='lat' dir='ltr'><strong>marg.</strong></span> <span class='ocrx_word' id='word_1_844' title='bbox 3163 5260 3178 5295; x_wconf 87' lang='lat'><strong>:</strong></span> <span class='ocrx_word' id='word_1_845' title='bbox 3216 5242 3328 5307; x_wconf 86' lang='lat' dir='ltr'><strong>Al.,</strong></span> <span class='ocrx_word' id='word_1_846' title='bbox 3355 5239 3570 5293; x_wconf 81' lang='lat' dir='ltr'><strong>menda-</strong></span> 
     </span>
    </p>
   </div>
   <div class='ocr_carea' id='block_1_117' title="bbox 1981 5315 3574 5390">
    <p class='ocr_par' dir='ltr' id='par_1_117' title="bbox 1981 5315 3574 5390">
     <span class='ocr_line' id='line_1_124' title="bbox 1981 5315 3574 5390; baseline -0.005 -18"><span class='ocrx_word' id='word_1_847' title='bbox 1981 5322 2081 5383; x_wconf 88' lang='lat' dir='ltr'><strong>cio,</strong></span> <span class='ocrx_word' id='word_1_848' title='bbox 2117 5337 2275 5390; x_wconf 90' lang='lat' dir='ltr'><strong>quam</strong></span> <span class='ocrx_word' id='word_1_849' title='bbox 2300 5336 2486 5375; x_wconf 90' lang='lat' dir='ltr'><strong>vocem</strong></span> <span class='ocrx_word' id='word_1_850' title='bbox 2516 5321 2819 5385; x_wconf 77' lang='lat' dir='ltr'><strong>recepimus</strong></span> <span class='ocrx_word' id='word_1_851' title='bbox 2851 5319 3167 5373; x_wconf 84' lang='lat' dir='ltr'><strong>auctoritate</strong></span> <span class='ocrx_word' id='word_1_852' title='bbox 3197 5315 3433 5367; x_wconf 90' lang='lat' dir='ltr'><strong>omnium</strong></span> <span class='ocrx_word' id='word_1_853' title='bbox 3476 5325 3574 5364; x_wconf 89' lang='lat' dir='ltr'><strong>no-</strong></span> 
     </span>
    </p>
   </div>
   <div class='ocr_carea' id='block_1_118' title="bbox 1987 5390 3574 5462">
    <p class='ocr_par' dir='ltr' id='par_1_118' title="bbox 1987 5390 3574 5462">
     <span class='ocr_line' id='line_1_125' title="bbox 1987 5390 3574 5462; baseline -0.004 -19"><span class='ocrx_word' id='word_1_854' title='bbox 1987 5403 2218 5445; x_wconf 84' lang='lat' dir='ltr'><strong>strorum</strong></span> <span class='ocrx_word' id='word_1_855' title='bbox 2243 5393 2399 5445; x_wconf 88' lang='lat' dir='ltr'><strong>codd.</strong></span> <span class='ocrx_word' id='word_1_856' title='bbox 2427 5406 2488 5445; x_wconf 84' lang='lat' dir='ltr'><strong>ac</strong></span> <span class='ocrx_word' id='word_1_857' title='bbox 2518 5393 2813 5462; x_wconf 68' lang='lat' dir='ltr'><strong>przrsertitn</strong></span> <span class='ocrx_word' id='word_1_858' title='bbox 2842 5390 3067 5453; x_wconf 39' lang='lat' dir='ltr'><strong>Ratiqu</strong></span> <span class='ocrx_word' id='word_1_859' title='bbox 3092 5402 3154 5441; x_wconf 83' lang='lat' dir='ltr'><strong>ex</strong></span> <span class='ocrx_word' id='word_1_860' title='bbox 3186 5400 3291 5462; x_wconf 85' lang='lat' dir='ltr'><strong>quo</strong></span> <span class='ocrx_word' id='word_1_861' title='bbox 3314 5393 3574 5453; x_wconf 67' lang='lat' dir='ltr'><strong>praeterea</strong></span> 
     </span>
    </p>
   </div>
   <div class='ocr_carea' id='block_1_119' title="bbox 1989 5460 3229 5531">
    <p class='ocr_par' dir='ltr' id='par_1_119' title="bbox 1989 5460 3229 5531">
     <span class='ocr_line' id='line_1_126' title="bbox 1989 5460 3229 5531; baseline -0.004 -17"><span class='ocrx_word' id='word_1_862' title='bbox 1989 5479 2092 5514; x_wconf 87' lang='lat' dir='ltr'><strong>non</strong></span> <span class='ocrx_word' id='word_1_863' title='bbox 2124 5464 2309 5530; x_wconf 88' lang='lat' dir='ltr'><strong>impari</strong></span> <span class='ocrx_word' id='word_1_864' title='bbox 2339 5460 2713 5517; x_wconf 76' lang='lat' dir='ltr'><strong>substituimus</strong></span> <span class='ocrx_word' id='word_1_865' title='bbox 2745 5463 2956 5531; x_wconf 74' lang='lat' dir='ltr'><strong>vulgato</strong></span> <span class='ocrx_word' id='word_1_866' title='bbox 2987 5460 3229 5528; x_wconf 75' lang='lat' dir='ltr'><strong>compari.</strong></span> 
     </span>
    </p>
   </div>
   <div class='ocr_carea' id='block_1_120' title="bbox 2063 5522 3573 5603">
    <p class='ocr_par' dir='ltr' id='par_1_120' title="bbox 2063 5522 3573 5603">
     <span class='ocr_line' id='line_1_127' title="bbox 2063 5522 3573 5603; baseline -0.005 -16"><span class='ocrx_word' id='word_1_867' title='bbox 2063 5544 2087 5581; x_wconf 85' lang='lat' dir='ltr'><strong>P</strong></span> <span class='ocrx_word' id='word_1_868' title='bbox 2121 5522 2299 5588; x_wconf 80' lang='lat' dir='ltr'><strong>Melior</strong></span> <span class='ocrx_word' id='word_1_869' title='bbox 2327 5533 2439 5587; x_wconf 76' lang='lat' dir='ltr'><strong>haec</strong></span> <span class='ocrx_word' id='word_1_870' title='bbox 2469 5533 2672 5603; x_wconf 83' lang='lat' dir='ltr'><strong>Ratisp.</strong></span> <span class='ocrx_word' id='word_1_871' title='bbox 2707 5522 2864 5586; x_wconf 66' lang='lat' dir='ltr'><strong>lectio</strong></span> <span class='ocrx_word' id='word_1_872' title='bbox 2887 5546 3043 5602; x_wconf 85' lang='lat' dir='ltr'><strong>quam</strong></span> <span class='ocrx_word' id='word_1_873' title='bbox 3072 5522 3387 5583; x_wconf 58' lang='lat' dir='ltr'><strong>cinterorum</strong></span> <span class='ocrx_word' id='word_1_874' title='bbox 3413 5522 3573 5582; x_wconf 88' lang='lat' dir='ltr'><strong>codd.</strong></span> 
     </span>
    </p>
   </div>
   <div class='ocr_carea' id='block_1_121' title="bbox 1989 5603 2918 5669">
    <p class='ocr_par' dir='ltr' id='par_1_121' title="bbox 1989 5603 2918 5669">
     <span class='ocr_line' id='line_1_128' title="bbox 1989 5603 2918 5669; baseline -0.005 -10"><span class='ocrx_word' id='word_1_875' title='bbox 1989 5615 2041 5659; x_wconf 84' lang='lat' dir='ltr'><strong>et</strong></span> <span class='ocrx_word' id='word_1_876' title='bbox 2069 5606 2384 5669; x_wconf 84' lang='lat' dir='ltr'><strong>editionum,</strong></span> <span class='ocrx_word' id='word_1_877' title='bbox 2417 5622 2445 5657; x_wconf 85' lang='grc' dir='ltr'><em>α</em></span> <span class='ocrx_word' id='word_1_878' title='bbox 2485 5605 2648 5659; x_wconf 69' lang='lat' dir='ltr'><strong>Verbo</strong></span> <span class='ocrx_word' id='word_1_879' title='bbox 2681 5603 2918 5657; x_wconf 82' lang='lat' dir='ltr'><strong>Deitatis.</strong></span> 
     </span>
    </p>
   </div>
   <div class='ocr_carea' id='block_1_122' title="bbox 2060 5668 3576 5747">
    <p class='ocr_par' dir='ltr' id='par_1_122' title="bbox 2060 5668 3576 5747">
     <span class='ocr_line' id='line_1_129' title="bbox 2060 5668 3576 5747; baseline -0.003 -22"><span class='ocrx_word' id='word_1_880' title='bbox 2060 5687 2087 5725; x_wconf 74' lang='grc' dir='ltr'><strong>(ι</strong></span> <span class='ocrx_word' id='word_1_881' title='bbox 2120 5676 2247 5730; x_wconf 83' lang='lat' dir='ltr'><strong>Erat</strong></span> <span class='ocrx_word' id='word_1_882' title='bbox 2277 5677 2327 5729; x_wconf 90' lang='lat' dir='ltr'><strong>in</strong></span> <span class='ocrx_word' id='word_1_883' title='bbox 2363 5668 2593 5747; x_wconf 82' lang='lat' dir='ltr'><strong>antiquis</strong></span> <span class='ocrx_word' id='word_1_884' title='bbox 2621 5677 2747 5729; x_wconf 90' lang='lat' dir='ltr'><strong>edit.</strong></span> <span class='ocrx_word' id='word_1_885' title='bbox 2780 5690 2897 5727; x_wconf 89' lang='lat' dir='ltr'><strong>cum</strong></span> <span class='ocrx_word' id='word_1_886' title='bbox 2930 5674 3131 5742; x_wconf 88' lang='lat' dir='ltr'><strong>aliquot</strong></span> <span class='ocrx_word' id='word_1_887' title='bbox 3171 5685 3337 5747; x_wconf 36' lang='lat' dir='ltr'><strong>mss”</strong></span> <span class='ocrx_word' id='word_1_888' title='bbox 3378 5668 3576 5722; x_wconf 79' lang='lat' dir='ltr'><strong>naturis</strong></span> 
     </span>
    </p>
   </div>
   <div class='ocr_carea' id='block_1_123' title="bbox 1989 5742 3574 5819">
    <p class='ocr_par' dir='ltr' id='par_1_123' title="bbox 1989 5742 3574 5819">
     <span class='ocr_line' id='line_1_130' title="bbox 1989 5742 3574 5819; baseline -0.006 -17"><span class='ocrx_word' id='word_1_889' title='bbox 1989 5758 2035 5802; x_wconf 81' lang='lat' dir='ltr'><strong>et</strong></span> <span class='ocrx_word' id='word_1_890' title='bbox 2075 5749 2302 5819; x_wconf 83' lang='lat' dir='ltr'><strong>personis</strong></span> <span class='ocrx_word' id='word_1_891' title='bbox 2334 5742 2585 5801; x_wconf 73' lang='lat' dir='ltr'><strong>distinctis</strong></span> <span class='ocrx_word' id='word_1_892' title='bbox 2612 5791 2624 5811; x_wconf 85' lang='lat'><strong>,</strong></span> <span class='ocrx_word' id='word_1_893' title='bbox 2646 5756 2713 5819; x_wconf 83' lang='lat' dir='ltr'><strong>ut</strong></span> <span class='ocrx_word' id='word_1_894' title='bbox 2744 5762 2901 5819; x_wconf 70' lang='lat' dir='ltr'><strong>neque</strong></span> <span class='ocrx_word' id='word_1_895' title='bbox 2941 5746 3047 5813; x_wconf 80' lang='lat' dir='ltr'><strong>ipse</strong></span> <span class='ocrx_word' id='word_1_896' title='bbox 3085 5742 3393 5819; x_wconf 76' lang='lat' dir='ltr'><strong>esset_ﬁiius</strong></span> <span class='ocrx_word' id='word_1_897' title='bbox 3420 5782 3433 5805; x_wconf 87' lang='lat'><strong>,</strong></span> <span class='ocrx_word' id='word_1_898' title='bbox 3467 5748 3574 5794; x_wconf 77' lang='lat' dir='ltr'><strong>etc.</strong></span> 
     </span>
    </p>
   </div>
   <div class='ocr_carea' id='block_1_124' title="bbox 1988 5813 3575 5886">
    <p class='ocr_par' dir='ltr' id='par_1_124' title="bbox 1988 5813 3575 5886">
     <span class='ocr_line' id='line_1_131' title="bbox 1988 5813 3575 5886; baseline -0.004 -13"><span class='ocrx_word' id='word_1_899' title='bbox 1988 5813 2387 5875; x_wconf 80' lang='lat' dir='ltr'><strong>Correctionem</strong></span> <span class='ocrx_word' id='word_1_900' title='bbox 2408 5818 2677 5886; x_wconf 88' lang='lat' dir='ltr'><strong>Quesuelli</strong></span> <span class='ocrx_word' id='word_1_901' title='bbox 2710 5832 2774 5871; x_wconf 84' lang='lat' dir='ltr'><strong>ex</strong></span> <span class='ocrx_word' id='word_1_902' title='bbox 2802 5817 2970 5872; x_wconf 85' lang='lat' dir='ltr'><strong>Grim.</strong></span> <span class='ocrx_word' id='word_1_903' title='bbox 3007 5827 3190 5871; x_wconf 78' lang='lat' dir='ltr'><strong>noster</strong></span> <span class='ocrx_word' id='word_1_904' title='bbox 3212 5813 3416 5885; x_wconf 79' lang='lat' dir='ltr'><strong>Ratisp.</strong></span> <span class='ocrx_word' id='word_1_905' title='bbox 3447 5828 3575 5869; x_wconf 81' lang='lat' dir='ltr'><strong>cuu-</strong></span> 
     </span>
    </p>
   </div>
   <div class='ocr_carea' id='block_1_125' title="bbox 1991 5888 2707 5957">
    <p class='ocr_par' dir='ltr' id='par_1_125' title="bbox 1991 5888 2707 5957">
     <span class='ocr_line' id='line_1_132' title="bbox 1991 5888 2707 5957; baseline -0.001 -13"><span class='ocrx_word' id='word_1_906' title='bbox 1991 5889 2184 5946; x_wconf 81' lang='lat' dir='ltr'><strong>tirmat.</strong></span> <span class='ocrx_word' id='word_1_907' title='bbox 2218 5891 2350 5946; x_wconf 88' lang='lat' dir='ltr'><strong>Vide</strong></span> <span class='ocrx_word' id='word_1_908' title='bbox 2378 5893 2493 5957; x_wconf 72' lang='lat' dir='ltr'><strong>eius</strong></span> <span class='ocrx_word' id='word_1_909' title='bbox 2515 5897 2626 5946; x_wconf 89' lang='lat' dir='ltr'><strong>not.</strong></span> <span class='ocrx_word' id='word_1_910' title='bbox 2654 5888 2707 5944; x_wconf 73' lang='grc'><strong>2.</strong></span> 
     </span>
    </p>
   </div>
  </div>
