  <div class='ocr_page' id='page_1' title='image "/cluster/home/n/w/nwhite01/storage/ocr_20150623/54/hvd.32044015471584/499.png"; bbox 0 0 4014 6358; ppageno 0'>
   <div class='ocr_carea' id='block_1_1' title="bbox 559 383 661 444">
    <p class='ocr_par' dir='ltr' id='par_1_1' title="bbox 559 383 661 444">
     <span class='ocr_line' id='line_1_1' title="bbox 559 383 661 444; baseline -0.029 -1"><span class='ocrx_word' id='word_1_1' title='bbox 559 383 661 444; x_wconf 68' lang='grc'><strong>991</strong></span> 
     </span>
    </p>
   </div>
   <div class='ocr_carea' id='block_1_2' title="bbox 1682 386 2694 449">
    <p class='ocr_par' dir='ltr' id='par_1_2' title="bbox 1682 386 2694 449">
     <span class='ocr_line' id='line_1_2' title="bbox 1682 386 2694 449; baseline 0.004 -6"><span class='ocrx_word' id='word_1_2' title='bbox 1682 386 1739 443; x_wconf 91' lang='lat' dir='ltr'><strong>S.</strong></span> <span class='ocrx_word' id='word_1_3' title='bbox 1782 387 2024 445; x_wconf 73' lang='lat' dir='ltr'><strong>LEONIS</strong></span> <span class='ocrx_word' id='word_1_4' title='bbox 2063 388 2281 447; x_wconf 79' lang='lat' dir='ltr'><strong>MAGNI</strong></span> <span class='ocrx_word' id='word_1_5' title='bbox 2322 390 2694 449; x_wconf 63' lang='lat' dir='ltr'><strong>EPISTOLE.</strong></span> 
     </span>
    </p>
   </div>
   <div class='ocr_carea' id='block_1_3' title="bbox 3707 391 3816 455">
    <p class='ocr_par' dir='ltr' id='par_1_3' title="bbox 3707 391 3816 455">
     <span class='ocr_line' id='line_1_3' title="bbox 3707 391 3816 455; baseline 0.018 -2"><span class='ocrx_word' id='word_1_6' title='bbox 3707 391 3816 455; x_wconf 68' lang='lat'><strong>999</strong></span> 
     </span>
    </p>
   </div>
   <div class='ocr_carea' id='block_1_4' title="bbox 554 494 3815 578">
    <p class='ocr_par' dir='ltr' id='par_1_4' title="bbox 554 494 3815 578">
     <span class='ocr_line' id='line_1_4' title="bbox 554 494 3815 578; baseline 0.004 -27"><span class='ocrx_word' id='word_1_7' title='bbox 554 495 714 552; x_wconf 90' lang='lat' dir='ltr'><strong>candi</strong></span> <span class='ocrx_word' id='word_1_8' title='bbox 736 503 762 533; x_wconf 77' lang='grc'><strong>⁸</strong></span> <span class='ocrx_word' id='word_1_9' title='bbox 781 495 1113 565; x_wconf 76' lang='lat' dir='ltr'><strong>reperiantur</strong></span> <span class='ocrx_word' id='word_1_10' title='bbox 1128 495 1377 552; x_wconf 83' lang='lat' dir='ltr'><strong>habuisse</strong></span> <span class='ocrx_word' id='word_1_11' title='bbox 1394 494 1659 551; x_wconf 82' lang='lat' dir='ltr'><strong>ﬁduciam.</strong></span> <span class='ocrx_word' id='word_1_12' title='bbox 1686 496 1713 535; x_wconf 71' lang='grc' dir='ltr'><strong>ι)</strong></span> <span class='ocrx_word' id='word_1_13' title='bbox 1736 498 1944 569; x_wconf 82' lang='lat' dir='ltr'><strong>Adjecit</strong></span> <span class='ocrx_word' id='word_1_14' title='bbox 1971 502 2131 556; x_wconf 87' lang='lat' dir='ltr'><strong>etiam</strong></span> <span class='ocrx_word' id='word_1_15' title='bbox 2159 510 2213 570; x_wconf 71' lang='grc' dir='ltr'>Α</span> <span class='ocrx_word' id='word_1_16' title='bbox 2236 516 2450 562; x_wconf 89' lang='lat' dir='ltr'><strong>sanctus</strong></span> <span class='ocrx_word' id='word_1_17' title='bbox 2473 521 2536 561; x_wconf 86' lang='lat' dir='ltr'><strong>ac</strong></span> <span class='ocrx_word' id='word_1_18' title='bbox 2569 507 2907 561; x_wconf 76' lang='lat' dir='ltr'><strong>beatissimus</strong></span> <span class='ocrx_word' id='word_1_19' title='bbox 2948 520 3084 577; x_wconf 90' lang='lat' dir='ltr'><strong>papa</strong></span> <span class='ocrx_word' id='word_1_20' title='bbox 3106 516 3267 578; x_wconf 86' lang='lat' dir='ltr'><strong>caput</strong></span> <span class='ocrx_word' id='word_1_21' title='bbox 3286 507 3608 565; x_wconf 80' lang='lat' dir='ltr'><strong>universalis</strong></span> <span class='ocrx_word' id='word_1_22' title='bbox 3628 509 3815 566; x_wconf 83' lang='lat' dir='ltr'><strong>Eccle-</strong></span> 
     </span>
    </p>
   </div>
   <div class='ocr_carea' id='block_1_5' title="bbox 553 589 2126 666">
    <p class='ocr_par' dir='ltr' id='par_1_5' title="bbox 553 589 2126 666">
     <span class='ocr_line' id='line_1_5' title="bbox 553 589 2126 666; baseline 0.004 -22"><span class='ocrx_word' id='word_1_23' title='bbox 553 597 922 644; x_wconf 74' lang='lat' dir='ltr'><strong>accusatorum</strong></span> <span class='ocrx_word' id='word_1_24' title='bbox 945 589 1263 658; x_wconf 73' lang='lat' dir='ltr'><strong>supplicatio</strong></span> <span class='ocrx_word' id='word_1_25' title='bbox 1287 589 1450 644; x_wconf 84' lang='lat' dir='ltr'><strong>variis</strong></span> <span class='ocrx_word' id='word_1_26' title='bbox 1480 589 1673 646; x_wconf 82' lang='lat' dir='ltr'><strong>referta</strong></span> <span class='ocrx_word' id='word_1_27' title='bbox 1709 592 1922 666; x_wconf 62' lang='lat' dir='ltr'><strong>11M</strong></span> <span class='ocrx_word' id='word_1_28' title='bbox 1940 594 2126 650; x_wconf 90' lang='lat' dir='ltr'><strong>crimi-</strong></span> 
     </span>
    </p>
   </div>
   <div class='ocr_carea' id='block_1_6' title="bbox 553 682 2128 754">
    <p class='ocr_par' dir='ltr' id='par_1_6' title="bbox 553 682 2128 754">
     <span class='ocr_line' id='line_1_6' title="bbox 553 682 2128 754; baseline 0.006 -16"><span class='ocrx_word' id='word_1_29' title='bbox 553 682 807 750; x_wconf 89' lang='lat' dir='ltr'><strong>nibus,et</strong></span> <span class='ocrx_word' id='word_1_30' title='bbox 833 682 988 737; x_wconf 88' lang='lat' dir='ltr'><strong>tertio</strong></span> <span class='ocrx_word' id='word_1_31' title='bbox 1012 692 1268 738; x_wconf 90' lang='lat' dir='ltr'><strong>evocatus</strong></span> <span class='ocrx_word' id='word_1_32' title='bbox 1302 698 1396 754; x_wconf 89' lang='lat' dir='ltr'><strong>per</strong></span> <span class='ocrx_word' id='word_1_33' title='bbox 1429 688 1893 745; x_wconf 80' lang='lat' dir='ltr'><strong>reverentissintos</strong></span> <span class='ocrx_word' id='word_1_34' title='bbox 1932 689 2128 748; x_wconf 80' lang='lat' dir='ltr'><strong>fratres</strong></span> 
     </span>
    </p>
   </div>
   <div class='ocr_carea' id='block_1_7' title="bbox 550 777 2129 851">
    <p class='ocr_par' dir='ltr' id='par_1_7' title="bbox 550 777 2129 851">
     <span class='ocr_line' id='line_1_7' title="bbox 550 777 2129 851; baseline 0.005 -18"><span class='ocrx_word' id='word_1_35' title='bbox 550 784 608 833; x_wconf 87' lang='lat' dir='ltr'><strong>et</strong></span> <span class='ocrx_word' id='word_1_36' title='bbox 644 777 991 847; x_wconf 88' lang='lat' dir='ltr'><strong>coepiscopos</strong></span> <span class='ocrx_word' id='word_1_37' title='bbox 1032 786 1247 833; x_wconf 87' lang='lat' dir='ltr'><strong>nostros</strong></span> <span class='ocrx_word' id='word_1_38' title='bbox 1287 778 1651 837; x_wconf 81' lang='lat' dir='ltr'><strong>admonitione</strong></span> <span class='ocrx_word' id='word_1_39' title='bbox 1698 784 1993 851; x_wconf 88' lang='lat' dir='ltr'><strong>canonica,</strong></span> <span class='ocrx_word' id='word_1_40' title='bbox 2037 801 2129 841; x_wconf 90' lang='lat' dir='ltr'><strong>ve-</strong></span> 
     </span>
    </p>
   </div>
   <div class='ocr_carea' id='block_1_8' title="bbox 548 871 2129 948">
    <p class='ocr_par' dir='ltr' id='par_1_8' title="bbox 548 871 2129 948">
     <span class='ocr_line' id='line_1_8' title="bbox 548 871 2129 948; baseline 0.004 -20"><span class='ocrx_word' id='word_1_41' title='bbox 548 871 668 928; x_wconf 88' lang='lat' dir='ltr'><strong>nire</strong></span> <span class='ocrx_word' id='word_1_42' title='bbox 724 873 1401 942; x_wconf 65' lang='lat' dir='ltr'><strong>contempsitconscientite</strong></span> <span class='ocrx_word' id='word_1_43' title='bbox 1458 874 1708 931; x_wconf 84' lang='lat' dir='ltr'><strong>detentus</strong></span> <span class='ocrx_word' id='word_1_44' title='bbox 1736 892 1957 933; x_wconf 90' lang='lat' dir='ltr'><strong>arcano.</strong></span> <span class='ocrx_word' id='word_1_45' title='bbox 2000 879 2129 948; x_wconf 85' lang='lat' dir='ltr'><strong>Epi-</strong></span> 
     </span>
    </p>
   </div>
   <div class='ocr_carea' id='block_1_9' title="bbox 546 966 2155 1036">
    <p class='ocr_par' dir='ltr' id='par_1_9' title="bbox 546 966 2155 1036">
     <span class='ocr_line' id='line_1_9' title="bbox 546 966 2155 1036; baseline 0.004 -15"><span class='ocrx_word' id='word_1_46' title='bbox 546 978 740 1035; x_wconf 85' lang='lat' dir='ltr'><strong>scopos</strong></span> <span class='ocrx_word' id='word_1_47' title='bbox 776 968 934 1021; x_wconf 87' lang='lat' dir='ltr'><strong>etiam</strong></span> <span class='ocrx_word' id='word_1_48' title='bbox 979 980 1011 1021; x_wconf 90' lang='lat' dir='ltr'><strong>a</strong></span> <span class='ocrx_word' id='word_1_49' title='bbox 1051 966 1365 1036; x_wconf 84' lang='lat' dir='ltr'><strong>provinciali</strong></span> <span class='ocrx_word' id='word_1_50' title='bbox 1405 968 1632 1036; x_wconf 86' lang='lat' dir='ltr'><strong>synodo,</strong></span> <span class='ocrx_word' id='word_1_51' title='bbox 1681 970 1769 1024; x_wconf 91' lang='lat' dir='ltr'><strong>cui</strong></span> <span class='ocrx_word' id='word_1_52' title='bbox 1822 970 2155 1027; x_wconf 18' lang='lat' dir='ltr'><strong>subdebau-r</strong></span> 
     </span>
    </p>
   </div>
   <div class='ocr_carea' id='block_1_10' title="bbox 549 1056 2123 1133">
    <p class='ocr_par' dir='ltr' id='par_1_10' title="bbox 549 1056 2123 1133">
     <span class='ocr_line' id='line_1_10' title="bbox 549 1056 2123 1133; baseline 0.005 -23"><span class='ocrx_word' id='word_1_53' title='bbox 549 1065 654 1121; x_wconf 89' lang='lat' dir='ltr'><strong>tur,</strong></span> <span class='ocrx_word' id='word_1_54' title='bbox 696 1056 819 1125; x_wconf 84' lang='lat' dir='ltr'><strong>jure</strong></span> <span class='ocrx_word' id='word_1_55' title='bbox 858 1058 1137 1113; x_wconf 83' lang='lat' dir='ltr'><strong>dam-natos</strong></span> <span class='ocrx_word' id='word_1_56' title='bbox 1196 1058 1373 1128; x_wconf 88' lang='lat' dir='ltr'><strong>iniqua</strong></span> <span class='ocrx_word' id='word_1_57' title='bbox 1415 1060 1760 1127; x_wconf 86' lang='lat' dir='ltr'><strong>usurpatione</strong></span> <span class='ocrx_word' id='word_1_58' title='bbox 1801 1062 2123 1133; x_wconf 85' lang='lat' dir='ltr'><strong>suscipiens,</strong></span> 
     </span>
    </p>
   </div>
   <div class='ocr_carea' id='block_1_11' title="bbox 548 1148 2120 1224">
    <p class='ocr_par' dir='ltr' id='par_1_11' title="bbox 548 1148 2120 1224">
     <span class='ocr_line' id='line_1_11' title="bbox 548 1148 2120 1224; baseline 0.003 -20"><span class='ocrx_word' id='word_1_59' title='bbox 548 1148 665 1217; x_wconf 89' lang='lat' dir='ltr'><strong>ipse</strong></span> <span class='ocrx_word' id='word_1_60' title='bbox 683 1160 867 1205; x_wconf 89' lang='lat' dir='ltr'><strong>contra</strong></span> <span class='ocrx_word' id='word_1_61' title='bbox 912 1166 972 1205; x_wconf 87' lang='lat' dir='ltr'><strong>se</strong></span> <span class='ocrx_word' id='word_1_62' title='bbox 1013 1151 1373 1208; x_wconf 74' lang='lat' dir='ltr'><strong>damnationis</strong></span> <span class='ocrx_word' id='word_1_63' title='bbox 1426 1153 1744 1207; x_wconf 87' lang='lat' dir='ltr'><strong>sententiam</strong></span> <span class='ocrx_word' id='word_1_64' title='bbox 1791 1158 2120 1224; x_wconf 80' lang='lat' dir='ltr'><strong>provocavit,</strong></span> 
     </span>
    </p>
   </div>
   <div class='ocr_carea' id='block_1_12' title="bbox 549 1248 2121 1318">
    <p class='ocr_par' dir='ltr' id='par_1_12' title="bbox 549 1248 2121 1318">
     <span class='ocr_line' id='line_1_12' title="bbox 549 1248 2121 1318; baseline 0.005 -20"><span class='ocrx_word' id='word_1_65' title='bbox 549 1252 788 1300; x_wconf 83' lang='lat' dir='ltr'><strong>veterum</strong></span> <span class='ocrx_word' id='word_1_66' title='bbox 850 1252 1061 1315; x_wconf 85' lang='lat' dir='ltr'><strong>patrum</strong></span> <span class='ocrx_word' id='word_1_67' title='bbox 1112 1248 1310 1318; x_wconf 73' lang='lat' dir='ltr'><strong>saepius</strong></span> <span class='ocrx_word' id='word_1_68' title='bbox 1350 1254 1546 1303; x_wconf 89' lang='lat' dir='ltr'><strong>statuta</strong></span> <span class='ocrx_word' id='word_1_69' title='bbox 1578 1248 1924 1304; x_wconf 89' lang='lat' dir='ltr'><strong>conculcans.</strong></span> <span class='ocrx_word' id='word_1_70' title='bbox 1970 1249 2121 1306; x_wconf 83' lang='lat' dir='ltr'><strong>Unde</strong></span> 
     </span>
    </p>
   </div>
   <div class='ocr_carea' id='block_1_13' title="bbox 2236 600 3814 675">
    <p class='ocr_par' dir='ltr' id='par_1_13' title="bbox 2236 600 3814 675">
     <span class='ocr_line' id='line_1_13' title="bbox 2236 600 3814 675; baseline 0.002 -19"><span class='ocrx_word' id='word_1_71' title='bbox 2236 602 2329 656; x_wconf 81' lang='lat' dir='ltr'><strong>size</strong></span> <span class='ocrx_word' id='word_1_72' title='bbox 2352 600 2478 668; x_wconf 84' lang='lat' dir='ltr'><strong>Leo,</strong></span> <span class='ocrx_word' id='word_1_73' title='bbox 2494 616 2591 671; x_wconf 90' lang='lat' dir='ltr'><strong>per</strong></span> <span class='ocrx_word' id='word_1_74' title='bbox 2611 616 2709 656; x_wconf 90' lang='lat' dir='ltr'><strong>nos</strong></span> <span class='ocrx_word' id='word_1_75' title='bbox 2730 601 2956 657; x_wconf 89' lang='lat' dir='ltr'><strong>vicarios</strong></span> <span class='ocrx_word' id='word_1_76' title='bbox 2976 617 3125 667; x_wconf 89' lang='lat' dir='ltr'><strong>suos,</strong></span> <span class='ocrx_word' id='word_1_77' title='bbox 3149 613 3332 658; x_wconf 91' lang='lat' dir='ltr'><strong>sancta</strong></span> <span class='ocrx_word' id='word_1_78' title='bbox 3353 603 3562 675; x_wconf 88' lang='lat' dir='ltr'><strong>synodo</strong></span> <span class='ocrx_word' id='word_1_79' title='bbox 3575 618 3814 659; x_wconf 88' lang='lat' dir='ltr'><strong>consen-</strong></span> 
     </span>
    </p>
   </div>
   <div class='ocr_carea' id='block_1_14' title="bbox 2235 693 3816 768">
    <p class='ocr_par' dir='ltr' id='par_1_14' title="bbox 2235 693 3816 768">
     <span class='ocr_line' id='line_1_14' title="bbox 2235 693 3816 768; baseline 0.002 -18"><span class='ocrx_word' id='word_1_80' title='bbox 2235 696 2421 763; x_wconf 89' lang='lat' dir='ltr'><strong>tiente,</strong></span> <span class='ocrx_word' id='word_1_81' title='bbox 2456 696 2599 751; x_wconf 89' lang='lat' dir='ltr'><strong>Petri</strong></span> <span class='ocrx_word' id='word_1_82' title='bbox 2638 697 2861 767; x_wconf 88' lang='lat' dir='ltr'><strong>apostoli</strong></span> <span class='ocrx_word' id='word_1_83' title='bbox 2905 697 3163 768; x_wconf 67' lang='lat' dir='ltr'><strong>praeditus</strong></span> <span class='ocrx_word' id='word_1_84' title='bbox 3194 698 3471 768; x_wconf 80' lang='lat' dir='ltr'><strong>dignitate,</strong></span> <span class='ocrx_word' id='word_1_85' title='bbox 3496 698 3586 767; x_wconf 91' lang='lat' dir='ltr'><strong>qui</strong></span> <span class='ocrx_word' id='word_1_86' title='bbox 3631 693 3816 753; x_wconf 79' lang='lat' dir='ltr'><strong>Eccie-</strong></span> 
     </span>
    </p>
   </div>
   <div class='ocr_carea' id='block_1_15' title="bbox 2234 789 3818 860">
    <p class='ocr_par' dir='ltr' id='par_1_15' title="bbox 2234 789 3818 860">
     <span class='ocr_line' id='line_1_15' title="bbox 2234 789 3818 860; baseline 0 -15"><span class='ocrx_word' id='word_1_87' title='bbox 2234 791 2328 845; x_wconf 70' lang='lat' dir='ltr'><strong>sia:</strong></span> <span class='ocrx_word' id='word_1_88' title='bbox 2352 800 2374 829; x_wconf 75' lang='grc' dir='ltr'><strong>ο</strong></span> <span class='ocrx_word' id='word_1_89' title='bbox 2400 789 2687 845; x_wconf 85' lang='lat' dir='ltr'><strong>fundamen</strong></span> <span class='ocrx_word' id='word_1_90' title='bbox 2724 801 2777 846; x_wconf 90' lang='lat' dir='ltr'><strong>et</strong></span> <span class='ocrx_word' id='word_1_91' title='bbox 2818 800 2964 859; x_wconf 83' lang='lat' dir='ltr'><strong>petra</strong></span> <span class='ocrx_word' id='word_1_92' title='bbox 3007 790 3150 859; x_wconf 84' lang='lat' dir='ltr'><strong>fidei,</strong></span> <span class='ocrx_word' id='word_1_93' title='bbox 3176 791 3414 846; x_wconf 84' lang='lat' dir='ltr'><strong>caelestis</strong></span> <span class='ocrx_word' id='word_1_94' title='bbox 3447 790 3593 860; x_wconf 80' lang='lat' dir='ltr'><strong>regni</strong></span> <span class='ocrx_word' id='word_1_95' title='bbox 3612 790 3818 859; x_wconf 84' lang='lat' dir='ltr'><strong>janitor</strong></span> 
     </span>
    </p>
   </div>
   <div class='ocr_carea' id='block_1_16' title="bbox 2233 881 3817 955">
    <p class='ocr_par' dir='ltr' id='par_1_16' title="bbox 2233 881 3817 955">
     <span class='ocr_line' id='line_1_16' title="bbox 2233 881 3817 955; baseline -0.001 -18"><span class='ocrx_word' id='word_1_96' title='bbox 2233 892 2593 953; x_wconf 80' lang='lat' dir='ltr'><strong>nuncupatur,</strong></span> <span class='ocrx_word' id='word_1_97' title='bbox 2618 883 2908 955; x_wconf 86' lang='lat' dir='ltr'><strong>episcopali</strong></span> <span class='ocrx_word' id='word_1_98' title='bbox 2943 900 3061 937; x_wconf 87' lang='lat' dir='ltr'><strong>cum</strong></span> <span class='ocrx_word' id='word_1_99' title='bbox 3085 883 3339 953; x_wconf 75' lang='lat' dir='ltr'><strong>dignitate</strong></span> <span class='ocrx_word' id='word_1_100' title='bbox 3376 882 3615 947; x_wconf 86' lang='lat' dir='ltr'><strong>nudavit,</strong></span> <span class='ocrx_word' id='word_1_101' title='bbox 3662 892 3715 935; x_wconf 92' lang='lat' dir='ltr'><strong>et</strong></span> <span class='ocrx_word' id='word_1_102' title='bbox 3748 881 3817 935; x_wconf 89' lang='lat' dir='ltr'><strong>ab</strong></span> 
     </span>
    </p>
   </div>
   <div class='ocr_carea' id='block_1_17' title="bbox 2235 971 3817 1043">
    <p class='ocr_par' dir='ltr' id='par_1_17' title="bbox 2235 971 3817 1043">
     <span class='ocr_line' id='line_1_17' title="bbox 2235 971 3817 1043; baseline 0 -16"><span class='ocrx_word' id='word_1_103' title='bbox 2235 975 2381 1029; x_wconf 92' lang='lat' dir='ltr'><strong>omni</strong></span> <span class='ocrx_word' id='word_1_104' title='bbox 2404 975 2727 1030; x_wconf 87' lang='lat' dir='ltr'><strong>sacerdotali</strong></span> <span class='ocrx_word' id='word_1_105' title='bbox 2766 990 2931 1043; x_wconf 85' lang='lat' dir='ltr'><strong>Opere</strong></span> <span class='ocrx_word' id='word_1_106' title='bbox 2972 974 3096 1029; x_wconf 90' lang='lat' dir='ltr'><strong>fecit</strong></span> <span class='ocrx_word' id='word_1_107' title='bbox 3129 984 3426 1029; x_wconf 80' lang='lat' dir='ltr'><strong>extorrem.</strong></span> <span class='ocrx_word' id='word_1_108' title='bbox 3453 972 3711 1039; x_wconf 86' lang='lat' dir='ltr'><strong>Superest</strong></span> <span class='ocrx_word' id='word_1_109' title='bbox 3742 971 3817 1027; x_wconf 85' lang='lat' dir='ltr'><strong>uti</strong></span> 
     </span>
    </p>
   </div>
   <div class='ocr_carea' id='block_1_18' title="bbox 2231 1068 3817 1139">
    <p class='ocr_par' dir='ltr' id='par_1_18' title="bbox 2231 1068 3817 1139">
     <span class='ocr_line' id='line_1_18' title="bbox 2231 1068 3817 1139; baseline -0.003 -16"><span class='ocrx_word' id='word_1_110' title='bbox 2231 1078 2550 1139; x_wconf 85' lang='lat' dir='ltr'><strong>congregata</strong></span> <span class='ocrx_word' id='word_1_111' title='bbox 2595 1070 2917 1124; x_wconf 82' lang='lat' dir='ltr'><strong>venerabilis</strong></span> <span class='ocrx_word' id='word_1_112' title='bbox 2979 1068 3215 1139; x_wconf 79' lang='lat' dir='ltr'><strong>synodus</strong></span> <span class='ocrx_word' id='word_1_113' title='bbox 3261 1068 3573 1121; x_wconf 86' lang='lat' dir='ltr'><strong>canonicam</strong></span> <span class='ocrx_word' id='word_1_114' title='bbox 3625 1076 3817 1119; x_wconf 76' lang='lat' dir='ltr'><strong>eontra</strong></span> 
     </span>
    </p>
   </div>
   <div class='ocr_carea' id='block_1_19' title="bbox 2230 1157 3819 1231">
    <p class='ocr_par' dir='ltr' id='par_1_19' title="bbox 2230 1157 3819 1231">
     <span class='ocr_line' id='line_1_19' title="bbox 2230 1157 3819 1231; baseline -0.003 -17"><span class='ocrx_word' id='word_1_115' title='bbox 2230 1162 2546 1230; x_wconf 76' lang='lat' dir='ltr'><strong>prmdictum</strong></span> <span class='ocrx_word' id='word_1_116' title='bbox 2584 1160 2897 1218; x_wconf 88' lang='lat' dir='ltr'><strong>Dioscorum</strong></span> <span class='ocrx_word' id='word_1_117' title='bbox 2923 1158 3381 1231; x_wconf 89' lang='lat' dir='ltr'><strong>proferatjustitia</strong></span> <span class='ocrx_word' id='word_1_118' title='bbox 3415 1157 3674 1213; x_wconf 88' lang='lat' dir='ltr'><strong>suadente</strong></span> <span class='ocrx_word' id='word_1_119' title='bbox 3694 1170 3819 1211; x_wconf 57' lang='lat' dir='ltr'><strong>sena</strong></span> 
     </span>
    </p>
   </div>
   <div class='ocr_carea' id='block_1_20' title="bbox 2230 1256 2473 1310">
    <p class='ocr_par' dir='ltr' id='par_1_20' title="bbox 2230 1256 2473 1310">
     <span class='ocr_line' id='line_1_20' title="bbox 2230 1256 2473 1310; baseline 0.008 -2"><span class='ocrx_word' id='word_1_120' title='bbox 2230 1256 2473 1310; x_wconf 87' lang='lat' dir='ltr'><strong>tentiam.</strong></span> 
     </span>
    </p>
   </div>
   <div class='ocr_carea' id='block_1_21' title="bbox 1904 1366 2470 1425">
    <p class='ocr_par' dir='ltr' id='par_1_21' title="bbox 1904 1366 2470 1425">
     <span class='ocr_line' id='line_1_21' title="bbox 1904 1366 2470 1425; baseline 0.009 -5"><span class='ocrx_word' id='word_1_121' title='bbox 1904 1366 2230 1424; x_wconf 78' lang='lat' dir='ltr'><strong>EPISTULA</strong></span> <span class='ocrx_word' id='word_1_122' title='bbox 2269 1368 2294 1406; x_wconf 73' lang='grc' dir='ltr'><strong>τι</strong></span> <span class='ocrx_word' id='word_1_123' title='bbox 2335 1370 2470 1425; x_wconf 84' lang='lat' dir='ltr'><strong>CIV.</strong></span> 
     </span>
    </p>
   </div>
   <div class='ocr_carea' id='block_1_22' title="bbox 1769 1468 2584 1520">
    <p class='ocr_par' dir='ltr' id='par_1_22' title="bbox 1769 1468 2584 1520">
     <span class='ocr_line' id='line_1_22' title="bbox 1769 1468 2584 1520; baseline 0.005 -6"><span class='ocrx_word' id='word_1_124' title='bbox 1769 1468 1794 1497; x_wconf 68' lang='grc' dir='ltr'>θ</span> <span class='ocrx_word' id='word_1_125' title='bbox 1834 1476 1903 1515; x_wconf 81' lang='grc' dir='ltr'><strong>ΔΙ)</strong></span> <span class='ocrx_word' id='word_1_126' title='bbox 1932 1477 2238 1518; x_wconf 69' lang='lat' dir='ltr'><strong>IARCIANUI</strong></span> <span class='ocrx_word' id='word_1_127' title='bbox 2286 1480 2584 1520; x_wconf 74' lang='lat' dir='ltr'><strong>AUGUSTUII.</strong></span> 
     </span>
    </p>
   </div>
   <div class='ocr_carea' id='block_1_23' title="bbox 1400 1551 2969 1633">
    <p class='ocr_par' dir='ltr' id='par_1_23' title="bbox 1400 1551 2969 1633">
     <span class='ocr_line' id='line_1_23' title="bbox 1400 1551 2969 1633; baseline 0.003 -25"><span class='ocrx_word' id='word_1_128' title='bbox 1400 1551 1423 1592; x_wconf 72' lang='lat'><strong><em>‘</em></strong></span> <span class='ocrx_word' id='word_1_129' title='bbox 1464 1553 1543 1609; x_wconf 90' lang='lat' dir='ltr'><strong>De</strong></span> <span class='ocrx_word' id='word_1_130' title='bbox 1596 1556 1787 1609; x_wconf 91' lang='lat' dir='ltr'><strong>ambitu</strong></span> <span class='ocrx_word' id='word_1_131' title='bbox 1836 1556 2062 1611; x_wconf 78' lang='lat' dir='ltr'><strong>Anatolii</strong></span> <span class='ocrx_word' id='word_1_132' title='bbox 2114 1559 2338 1631; x_wconf 82' lang='lat' dir='ltr'><strong>episcOpi</strong></span> <span class='ocrx_word' id='word_1_133' title='bbox 2396 1558 2969 1633; x_wconf 79' lang='lat' dir='ltr'><strong>ConstantinOpolitani.</strong></span> 
     </span>
    </p>
   </div>
   <div class='ocr_carea' id='block_1_24' title="bbox 1465 1650 2891 1721">
    <p class='ocr_par' dir='ltr' id='par_1_24' title="bbox 1465 1650 2891 1721">
     <span class='ocr_line' id='line_1_24' title="bbox 1465 1650 2891 1721; baseline -0.001 -14"><span class='ocrx_word' id='word_1_134' title='bbox 1465 1652 1571 1707; x_wconf 87' lang='lat' dir='ltr'><strong>Per</strong></span> <span class='ocrx_word' id='word_1_135' title='bbox 1594 1650 1887 1706; x_wconf 82' lang='lat' dir='ltr'><strong>Lucinnum</strong></span> <span class='ocrx_word' id='word_1_136' title='bbox 1912 1652 2221 1721; x_wconf 89' lang='lat' dir='ltr'><strong>episcopum</strong></span> <span class='ocrx_word' id='word_1_137' title='bbox 2240 1662 2294 1705; x_wconf 92' lang='lat' dir='ltr'><strong>et</strong></span> <span class='ocrx_word' id='word_1_138' title='bbox 2324 1654 2576 1708; x_wconf 78' lang='lat' dir='ltr'><strong>Basiliam</strong></span> <span class='ocrx_word' id='word_1_139' title='bbox 2590 1654 2891 1708; x_wconf 87' lang='lat' dir='ltr'><strong>diaconum.</strong></span> 
     </span>
    </p>
   </div>
   <div class='ocr_carea' id='block_1_25' title="bbox 543 1740 1097 1799">
    <p class='ocr_par' dir='ltr' id='par_1_25' title="bbox 543 1740 1097 1799">
     <span class='ocr_line' id='line_1_25' title="bbox 543 1740 1097 1799; baseline -0.005 0"><span class='ocrx_word' id='word_1_140' title='bbox 543 1740 812 1799; x_wconf 72' lang='lat' dir='ltr'><strong>Sruorsrs.</strong></span> <span class='ocrx_word' id='word_1_141' title='bbox 840 1770 912 1782; x_wconf 91' lang='lat'><strong>—</strong></span> <span class='ocrx_word' id='word_1_142' title='bbox 944 1740 982 1796; x_wconf 95' lang='grc' dir='ltr'><strong>Ι.</strong></span> <span class='ocrx_word' id='word_1_143' title='bbox 1019 1741 1097 1796; x_wconf 86' lang='lat' dir='ltr'><strong>De</strong></span> 
     </span>
    </p>
   </div>
   <div class='ocr_carea' id='block_1_26' title="bbox 1146 1742 3818 1813">
    <p class='ocr_par' dir='ltr' id='par_1_26' title="bbox 1146 1742 3818 1813">
     <span class='ocr_line' id='line_1_26' title="bbox 1146 1742 3818 1813; baseline -0.001 -16"><span class='ocrx_word' id='word_1_144' title='bbox 1146 1743 1269 1813; x_wconf 80' lang='lat' dir='ltr'><strong>ﬁdei</strong></span> <span class='ocrx_word' id='word_1_145' title='bbox 1318 1745 1551 1799; x_wconf 77' lang='lat' dir='ltr'><strong>victoria.</strong></span> <span class='ocrx_word' id='word_1_146' title='bbox 1600 1753 1649 1796; x_wconf 89' lang='lat' dir='ltr'><strong>et</strong></span> <span class='ocrx_word' id='word_1_147' title='bbox 1701 1760 1932 1796; x_wconf 88' lang='lat' dir='ltr'><strong>errorum</strong></span> <span class='ocrx_word' id='word_1_148' title='bbox 1972 1745 2191 1796; x_wconf 79' lang='lat' dir='ltr'><strong>utilitate</strong></span> <span class='ocrx_word' id='word_1_149' title='bbox 2233 1744 2286 1797; x_wconf 90' lang='lat' dir='ltr'><strong>in</strong></span> <span class='ocrx_word' id='word_1_150' title='bbox 2336 1746 2583 1798; x_wconf 75' lang='lat' dir='ltr'><strong>Ecclesia.</strong></span> <span class='ocrx_word' id='word_1_151' title='bbox 2617 1745 2782 1800; x_wconf 92' lang='grc'><strong>-11.</strong></span> <span class='ocrx_word' id='word_1_152' title='bbox 2832 1744 2999 1799; x_wconf 84' lang='lat' dir='ltr'><strong>Multa</strong></span> <span class='ocrx_word' id='word_1_153' title='bbox 3050 1760 3113 1797; x_wconf 75' lang='lat' dir='ltr'><strong>ea:</strong></span> <span class='ocrx_word' id='word_1_154' title='bbox 3160 1742 3387 1797; x_wconf 76' lang='lat' dir='ltr'><strong>Anatolii</strong></span> <span class='ocrx_word' id='word_1_155' title='bbox 3434 1742 3627 1795; x_wconf 78' lang='lat' dir='ltr'><strong>ambitu</strong></span> <span class='ocrx_word' id='word_1_156' title='bbox 3677 1743 3818 1795; x_wconf 76' lang='lat' dir='ltr'><strong>mala</strong></span> 
     </span>
    </p>
   </div>
   <div class='ocr_carea' id='block_1_27' title="bbox 612 1813 3816 1887">
    <p class='ocr_par' dir='ltr' id='par_1_27' title="bbox 612 1813 3816 1887">
     <span class='ocr_line' id='line_1_27' title="bbox 612 1813 3816 1887; baseline -0.007 -2"><span class='ocrx_word' id='word_1_157' title='bbox 612 1830 1000 1887; x_wconf 66' lang='lat' dir='ltr'><strong>murgere-:-</strong></span> <span class='ocrx_word' id='word_1_158' title='bbox 1025 1813 1112 1887; x_wconf 66' lang='grc' dir='ltr'><strong>Ψ.</strong></span> <span class='ocrx_word' id='word_1_159' title='bbox 1142 1814 1765 1887; x_wconf 66' lang='grc' dir='ltr'>(Ιοηξιαηιὶηοροιὶιαηοηι</span> <span class='ocrx_word' id='word_1_160' title='bbox 1792 1817 1982 1881; x_wconf 77' lang='lat' dir='ltr'><strong>sedem,</strong></span> <span class='ocrx_word' id='word_1_161' title='bbox 2013 1831 2127 1885; x_wconf 74' lang='lat' dir='ltr'><strong>quae</strong></span> <span class='ocrx_word' id='word_1_162' title='bbox 2147 1816 2290 1885; x_wconf 84' lang='lat' dir='ltr'><strong>regia</strong></span> <span class='ocrx_word' id='word_1_163' title='bbox 2314 1826 2401 1875; x_wconf 89' lang='lat' dir='ltr'><strong>est.</strong></span> <span class='ocrx_word' id='word_1_164' title='bbox 2436 1835 2536 1869; x_wconf 88' lang='lat' dir='ltr'><strong>non</strong></span> <span class='ocrx_word' id='word_1_165' title='bbox 2566 1818 2866 1887; x_wconf 87' lang='lat' dir='ltr'><strong>apostolica,</strong></span> <span class='ocrx_word' id='word_1_166' title='bbox 2920 1818 3137 1869; x_wconf 85' lang='lat' dir='ltr'><strong>aliarum</strong></span> <span class='ocrx_word' id='word_1_167' title='bbox 3169 1816 3495 1887; x_wconf 66' lang='lat' dir='ltr'><strong>depressicne</strong></span> <span class='ocrx_word' id='word_1_168' title='bbox 3518 1813 3684 1887; x_wconf 87' lang='lat' dir='ltr'><strong>attolli</strong></span> <span class='ocrx_word' id='word_1_169' title='bbox 3696 1828 3816 1887; x_wconf 76' lang='lat' dir='ltr'><strong>non</strong></span> 
     </span>
    </p>
   </div>
   <div class='ocr_carea' id='block_1_28' title="bbox 610 1884 3815 1959">
    <p class='ocr_par' dir='ltr' id='par_1_28' title="bbox 610 1884 3815 1959">
     <span class='ocr_line' id='line_1_28' title="bbox 610 1884 3815 1959; baseline -0.001 -22"><span class='ocrx_word' id='word_1_170' title='bbox 610 1900 773 1959; x_wconf 76' lang='lat' dir='ltr'><strong>posse.</strong></span> <span class='ocrx_word' id='word_1_171' title='bbox 805 1915 875 1926; x_wconf 91' lang='lat'>—</span> <span class='ocrx_word' id='word_1_172' title='bbox 903 1885 987 1939; x_wconf 88' lang='lat' dir='ltr'><strong>IV.</strong></span> <span class='ocrx_word' id='word_1_173' title='bbox 1024 1885 1189 1956; x_wconf 80' lang='lat' dir='ltr'><strong>Rogat</strong></span> <span class='ocrx_word' id='word_1_174' title='bbox 1218 1886 1547 1941; x_wconf 82' lang='lat' dir='ltr'><strong>Marcianum</strong></span> <span class='ocrx_word' id='word_1_175' title='bbox 1582 1895 1635 1941; x_wconf 85' lang='lat' dir='ltr'><strong>ut</strong></span> <span class='ocrx_word' id='word_1_176' title='bbox 1671 1886 1897 1940; x_wconf 81' lang='lat' dir='ltr'><strong>Anatolii</strong></span> <span class='ocrx_word' id='word_1_177' title='bbox 1926 1884 2256 1955; x_wconf 82' lang='lat' dir='ltr'><strong>cupiditatem</strong></span> <span class='ocrx_word' id='word_1_178' title='bbox 2290 1884 2608 1958; x_wconf 69' lang='lat' dir='ltr'><strong>comprimat.</strong></span> <span class='ocrx_word' id='word_1_179' title='bbox 2640 1918 2712 1929; x_wconf 92' lang='lat'><strong>——-</strong></span> <span class='ocrx_word' id='word_1_180' title='bbox 2736 1888 2795 1943; x_wconf 82' lang='lat' dir='ltr'><strong>V.</strong></span> <span class='ocrx_word' id='word_1_181' title='bbox 2825 1888 2908 1942; x_wconf 77' lang='lat' dir='ltr'><strong>Ea:</strong></span> <span class='ocrx_word' id='word_1_182' title='bbox 2931 1887 3181 1959; x_wconf 72' lang='lat' dir='ltr'><strong>prioribus</strong></span> <span class='ocrx_word' id='word_1_183' title='bbox 3204 1884 3489 1941; x_wconf 74' lang='lat' dir='ltr'><strong>excessibus</strong></span> <span class='ocrx_word' id='word_1_184' title='bbox 3516 1885 3815 1937; x_wconf 85' lang='lat' dir='ltr'><strong>Anatolium</strong></span> 
     </span>
    </p>
   </div>
   <div class='ocr_carea' id='block_1_29' title="bbox 610 1956 1132 2027">
    <p class='ocr_par' dir='ltr' id='par_1_29' title="bbox 610 1956 1132 2027">
     <span class='ocr_line' id='line_1_29' title="bbox 610 1956 1132 2027; baseline 0.008 -19"><span class='ocrx_word' id='word_1_185' title='bbox 610 1956 808 2010; x_wconf 87' lang='lat' dir='ltr'><strong>anintos</strong></span> <span class='ocrx_word' id='word_1_186' title='bbox 836 1959 1132 2027; x_wconf 86' lang='lat' dir='ltr'><strong>sumpsisse.</strong></span> 
     </span>
    </p>
   </div>
   <div class='ocr_carea' id='block_1_30' title="bbox 778 2044 1864 2118">
    <p class='ocr_par' dir='ltr' id='par_1_30' title="bbox 778 2044 1864 2118">
     <span class='ocr_line' id='line_1_30' title="bbox 778 2044 1864 2118; baseline -0.002 -15"><span class='ocrx_word' id='word_1_187' title='bbox 778 2055 803 2093; x_wconf 75' lang='grc' dir='ltr'><strong>ε</strong></span> <span class='ocrx_word' id='word_1_188' title='bbox 831 2044 943 2103; x_wconf 87' lang='lat' dir='ltr'><strong>Leo</strong></span> <span class='ocrx_word' id='word_1_189' title='bbox 965 2048 1248 2118; x_wconf 91' lang='lat' dir='ltr'><strong>episcopus</strong></span> <span class='ocrx_word' id='word_1_190' title='bbox 1277 2047 1556 2103; x_wconf 74' lang='lat' dir='ltr'><strong>MARCIANO</strong></span> <span class='ocrx_word' id='word_1_191' title='bbox 1605 2049 1864 2118; x_wconf 84' lang='lat' dir='ltr'><strong>Augusto.</strong></span> 
     </span>
    </p>
   </div>
   <div class='ocr_carea' id='block_1_31' title="bbox 606 2226 2117 2299">
    <p class='ocr_par' dir='ltr' id='par_1_31' title="bbox 606 2226 2117 2299">
     <span class='ocr_line' id='line_1_31' title="bbox 606 2226 2117 2299; baseline 0.002 -16"><span class='ocrx_word' id='word_1_192' title='bbox 606 2226 735 2283; x_wconf 69' lang='lat' dir='ltr'><strong>Car.</strong></span> <span class='ocrx_word' id='word_1_193' title='bbox 767 2227 1107 2299; x_wconf 84' lang='lat' dir='ltr'><strong>l.—Magno</strong></span> <span class='ocrx_word' id='word_1_194' title='bbox 1148 2245 1370 2285; x_wconf 90' lang='lat' dir='ltr'><strong>munere</strong></span> <span class='ocrx_word' id='word_1_195' title='bbox 1412 2230 1796 2287; x_wconf 63' lang='lat' dir='ltr'><strong>misericordiae</strong></span> <span class='ocrx_word' id='word_1_196' title='bbox 1832 2231 1925 2287; x_wconf 88' lang='lat' dir='ltr'><strong>Dei</strong></span> <span class='ocrx_word' id='word_1_197' title='bbox 1955 2232 2117 2286; x_wconf 90' lang='lat' dir='ltr'><strong>totius</strong></span> 
     </span>
    </p>
   </div>
   <div class='ocr_carea' id='block_1_32' title="bbox 541 2318 2115 2395">
    <p class='ocr_par' dir='ltr' id='par_1_32' title="bbox 541 2318 2115 2395">
     <span class='ocr_line' id='line_1_32' title="bbox 541 2318 2115 2395; baseline 0.003 -18"><span class='ocrx_word' id='word_1_198' title='bbox 541 2318 797 2377; x_wconf 71' lang='lat' dir='ltr'><strong>Ecclesia:</strong></span> <span class='ocrx_word' id='word_1_199' title='bbox 841 2321 1124 2377; x_wconf 75' lang='lat' dir='ltr'><strong>catholicae</strong></span> <span class='ocrx_word' id='word_1_200' title='bbox 1169 2323 1515 2393; x_wconf 90' lang='lat' dir='ltr'><strong>multiplicata</strong></span> <span class='ocrx_word' id='word_1_201' title='bbox 1559 2335 1684 2379; x_wconf 91' lang='lat' dir='ltr'><strong>sunt</strong></span> <span class='ocrx_word' id='word_1_202' title='bbox 1725 2326 1947 2395; x_wconf 89' lang='lat' dir='ltr'><strong>gaudia,</strong></span> <span class='ocrx_word' id='word_1_203' title='bbox 1995 2340 2115 2381; x_wconf 91' lang='lat' dir='ltr'><strong>cum</strong></span> 
     </span>
    </p>
   </div>
   <div class='ocr_carea' id='block_1_33' title="bbox 539 2412 2117 2485">
    <p class='ocr_par' dir='ltr' id='par_1_33' title="bbox 539 2412 2117 2485">
     <span class='ocr_line' id='line_1_33' title="bbox 539 2412 2117 2485; baseline 0.002 -17"><span class='ocrx_word' id='word_1_204' title='bbox 539 2422 726 2468; x_wconf 83' lang='lat' dir='ltr'><strong>sancto</strong></span> <span class='ocrx_word' id='word_1_205' title='bbox 747 2423 799 2468; x_wconf 91' lang='lat' dir='ltr'><strong>et</strong></span> <span class='ocrx_word' id='word_1_206' title='bbox 826 2412 1061 2484; x_wconf 89' lang='lat' dir='ltr'><strong>glorioso</strong></span> <span class='ocrx_word' id='word_1_207' title='bbox 1090 2415 1389 2471; x_wconf 71' lang='lat' dir='ltr'><strong>clementiae</strong></span> <span class='ocrx_word' id='word_1_208' title='bbox 1415 2424 1611 2471; x_wconf 74' lang='lat' dir='ltr'><strong>vestrae</strong></span> <span class='ocrx_word' id='word_1_209' title='bbox 1639 2417 1816 2471; x_wconf 91' lang='lat' dir='ltr'><strong>studio</strong></span> <span class='ocrx_word' id='word_1_210' title='bbox 1846 2416 2117 2485; x_wconf 86' lang='lat' dir='ltr'><strong>pernicio-</strong></span> 
     </span>
    </p>
   </div>
   <div class='ocr_carea' id='block_1_34' title="bbox 537 2504 2118 2580">
    <p class='ocr_par' dir='ltr' id='par_1_34' title="bbox 537 2504 2118 2580">
     <span class='ocr_line' id='line_1_34' title="bbox 537 2504 2118 2580; baseline 0.003 -21"><span class='ocrx_word' id='word_1_211' title='bbox 537 2504 785 2559; x_wconf 85' lang='lat' dir='ltr'><strong>sissimus</strong></span> <span class='ocrx_word' id='word_1_212' title='bbox 809 2519 961 2559; x_wconf 90' lang='lat' dir='ltr'><strong>error</strong></span> <span class='ocrx_word' id='word_1_213' title='bbox 993 2505 1204 2580; x_wconf 57' lang='lat'><strong>115,5</strong></span> <span class='ocrx_word' id='word_1_214' title='bbox 1232 2507 1526 2563; x_wconf 79' lang='lat' dir='ltr'><strong>exstinctus</strong></span> <span class='ocrx_word' id='word_1_215' title='bbox 1550 2516 1667 2566; x_wconf 85' lang='lat' dir='ltr'><strong>est:</strong></span> <span class='ocrx_word' id='word_1_216' title='bbox 1696 2506 1725 2544; x_wconf 68' lang='grc'><strong><em>⁸³</em></strong></span> <span class='ocrx_word' id='word_1_217' title='bbox 1754 2517 1808 2563; x_wconf 82' lang='grc' dir='ltr'><strong>ιιι</strong></span> <span class='ocrx_word' id='word_1_218' title='bbox 1842 2508 1994 2563; x_wconf 87' lang='lat' dir='ltr'><strong>labor</strong></span> <span class='ocrx_word' id='word_1_219' title='bbox 2022 2524 2118 2563; x_wconf 91' lang='lat' dir='ltr'><strong>no-</strong></span> 
     </span>
    </p>
   </div>
   <div class='ocr_carea' id='block_1_35' title="bbox 535 2596 2117 2671">
    <p class='ocr_par' dir='ltr' id='par_1_35' title="bbox 535 2596 2117 2671">
     <span class='ocr_line' id='line_1_35' title="bbox 535 2596 2117 2671; baseline 0.003 -19"><span class='ocrx_word' id='word_1_220' title='bbox 535 2604 648 2652; x_wconf 84' lang='lat' dir='ltr'><strong>ster</strong></span> <span class='ocrx_word' id='word_1_221' title='bbox 667 2596 825 2652; x_wconf 84' lang='lat' dir='ltr'><strong>citius</strong></span> <span class='ocrx_word' id='word_1_222' title='bbox 846 2597 910 2651; x_wconf 90' lang='lat' dir='ltr'><strong>ad</strong></span> <span class='ocrx_word' id='word_1_223' title='bbox 941 2598 1301 2654; x_wconf 88' lang='lat' dir='ltr'><strong>desideratum</strong></span> <span class='ocrx_word' id='word_1_224' title='bbox 1330 2601 1638 2670; x_wconf 89' lang='lat' dir='ltr'><strong>perveniret</strong></span> <span class='ocrx_word' id='word_1_225' title='bbox 1658 2600 1930 2670; x_wconf 78' lang='lat' dir='ltr'><strong>eﬂ&#39;ectum,</strong></span> <span class='ocrx_word' id='word_1_226' title='bbox 1956 2617 2117 2671; x_wconf 87' lang='lat' dir='ltr'><strong>quem</strong></span> 
     </span>
    </p>
   </div>
   <div class='ocr_carea' id='block_1_36' title="bbox 535 2688 2118 2764">
    <p class='ocr_par' dir='ltr' id='par_1_36' title="bbox 535 2688 2118 2764">
     <span class='ocr_line' id='line_1_36' title="bbox 535 2688 2118 2764; baseline 0.004 -19"><span class='ocrx_word' id='word_1_227' title='bbox 535 2688 649 2745; x_wconf 92' lang='lat' dir='ltr'><strong>Deo</strong></span> <span class='ocrx_word' id='word_1_228' title='bbox 676 2691 916 2746; x_wconf 81' lang='lat' dir='ltr'><strong>serviens</strong></span> <span class='ocrx_word' id='word_1_229' title='bbox 955 2692 1281 2764; x_wconf 88' lang='lat' dir='ltr'><strong>principatus</strong></span> <span class='ocrx_word' id='word_1_230' title='bbox 1312 2704 1511 2762; x_wconf 87' lang='lat' dir='ltr'><strong>vester,</strong></span> <span class='ocrx_word' id='word_1_231' title='bbox 1544 2705 1598 2751; x_wconf 92' lang='lat' dir='ltr'><strong>et</strong></span> <span class='ocrx_word' id='word_1_232' title='bbox 1627 2695 1732 2751; x_wconf 86' lang='lat' dir='ltr'><strong>fide</strong></span> <span class='ocrx_word' id='word_1_233' title='bbox 1769 2704 1823 2751; x_wconf 92' lang='lat' dir='ltr'><strong>et</strong></span> <span class='ocrx_word' id='word_1_234' title='bbox 1854 2704 2118 2764; x_wconf 88' lang='lat' dir='ltr'><strong>potestate</strong></span> 
     </span>
    </p>
   </div>
   <div class='ocr_carea' id='block_1_37' title="bbox 535 2782 2117 2858">
    <p class='ocr_par' dir='ltr' id='par_1_37' title="bbox 535 2782 2117 2858">
     <span class='ocr_line' id='line_1_37' title="bbox 535 2782 2117 2858; baseline 0.004 -21"><span class='ocrx_word' id='word_1_235' title='bbox 535 2782 779 2854; x_wconf 69' lang='lat' dir='ltr'><strong>iuvisset.</strong></span> <span class='ocrx_word' id='word_1_236' title='bbox 792 2784 927 2853; x_wconf 87' lang='lat' dir='ltr'><strong>Quia</strong></span> <span class='ocrx_word' id='word_1_237' title='bbox 942 2787 1041 2841; x_wconf 88' lang='lat' dir='ltr'><strong>etsi</strong></span> <span class='ocrx_word' id='word_1_238' title='bbox 1063 2786 1119 2841; x_wconf 90' lang='lat' dir='ltr'><strong>in</strong></span> <span class='ocrx_word' id='word_1_239' title='bbox 1142 2790 1337 2843; x_wconf 89' lang='lat' dir='ltr'><strong>virtute</strong></span> <span class='ocrx_word' id='word_1_240' title='bbox 1357 2788 1586 2858; x_wconf 89' lang='lat' dir='ltr'><strong>Spiritus</strong></span> <span class='ocrx_word' id='word_1_241' title='bbox 1601 2791 1794 2853; x_wconf 87' lang='lat' dir='ltr'><strong>sancti,</strong></span> <span class='ocrx_word' id='word_1_242' title='bbox 1810 2790 1948 2845; x_wconf 90' lang='lat' dir='ltr'><strong>inter</strong></span> <span class='ocrx_word' id='word_1_243' title='bbox 1965 2804 2117 2857; x_wconf 78' lang='lat' dir='ltr'><strong>quas~</strong></span> 
     </span>
    </p>
   </div>
   <div class='ocr_carea' id='block_1_38' title="bbox 536 2872 2115 2950">
    <p class='ocr_par' dir='ltr' id='par_1_38' title="bbox 536 2872 2115 2950">
     <span class='ocr_line' id='line_1_38' title="bbox 536 2872 2115 2950; baseline 0.003 -21"><span class='ocrx_word' id='word_1_244' title='bbox 536 2874 668 2931; x_wconf 88' lang='lat' dir='ltr'><strong>libet</strong></span> <span class='ocrx_word' id='word_1_245' title='bbox 700 2872 719 2913; x_wconf 72' lang='grc' dir='ltr'><strong>ί</strong></span> <span class='ocrx_word' id='word_1_246' title='bbox 751 2875 1122 2934; x_wconf 89' lang='lat' dir='ltr'><strong>dissensiones</strong></span> <span class='ocrx_word' id='word_1_247' title='bbox 1167 2894 1265 2949; x_wconf 90' lang='lat' dir='ltr'><strong>per</strong></span> <span class='ocrx_word' id='word_1_248' title='bbox 1307 2879 1450 2935; x_wconf 87' lang='lat' dir='ltr'><strong>sedis</strong></span> <span class='ocrx_word' id='word_1_249' title='bbox 1472 2881 1779 2950; x_wconf 68' lang='lat' dir='ltr'><strong>apostolicae</strong></span> <span class='ocrx_word' id='word_1_250' title='bbox 1807 2881 2115 2934; x_wconf 86' lang='lat' dir='ltr'><strong>famulatum</strong></span> 
     </span>
    </p>
   </div>
   <div class='ocr_carea' id='block_1_39' title="bbox 537 2964 2115 3038">
    <p class='ocr_par' dir='ltr' id='par_1_39' title="bbox 537 2964 2115 3038">
     <span class='ocr_line' id='line_1_39' title="bbox 537 2964 2115 3038; baseline 0.003 -17"><span class='ocrx_word' id='word_1_251' title='bbox 537 2964 809 3038; x_wconf 82' lang='lat' dir='ltr'><strong>Evangelii</strong></span> <span class='ocrx_word' id='word_1_252' title='bbox 832 2977 949 3023; x_wconf 89' lang='lat' dir='ltr'><strong>erat</strong></span> <span class='ocrx_word' id='word_1_253' title='bbox 970 2970 1304 3025; x_wconf 89' lang='lat' dir='ltr'><strong>defendenda</strong></span> <span class='ocrx_word' id='word_1_254' title='bbox 1327 2970 1566 3038; x_wconf 89' lang='lat' dir='ltr'><strong>libertas,</strong></span> <span class='ocrx_word' id='word_1_255' title='bbox 1584 2971 1914 3027; x_wconf 83' lang='lat' dir='ltr'><strong>manifestior</strong></span> <span class='ocrx_word' id='word_1_256' title='bbox 1939 2982 2115 3026; x_wconf 91' lang='lat' dir='ltr'><strong>tamen</strong></span> 
     </span>
    </p>
   </div>
   <div class='ocr_carea' id='block_1_40' title="bbox 536 3061 2119 3136">
    <p class='ocr_par' dir='ltr' id='par_1_40' title="bbox 536 3061 2119 3136">
     <span class='ocr_line' id='line_1_40' title="bbox 536 3061 2119 3136; baseline 0.004 -23"><span class='ocrx_word' id='word_1_257' title='bbox 536 3061 783 3129; x_wconf 84' lang='lat' dir='ltr'><strong>apparuit</strong></span> <span class='ocrx_word' id='word_1_258' title='bbox 802 3062 973 3132; x_wconf 82' lang='lat' dir='ltr'><strong>gratia</strong></span> <span class='ocrx_word' id='word_1_259' title='bbox 1004 3062 1122 3131; x_wconf 89' lang='lat' dir='ltr'><strong>Dei,</strong></span> <span class='ocrx_word' id='word_1_260' title='bbox 1151 3080 1271 3134; x_wconf 67' lang='lat' dir='ltr'><strong>qua:</strong></span> <span class='ocrx_word' id='word_1_261' title='bbox 1294 3066 1547 3136; x_wconf 67' lang='lat' dir='ltr'><strong>praestitit</strong></span> <span class='ocrx_word' id='word_1_262' title='bbox 1576 3065 1775 3120; x_wconf 91' lang='lat' dir='ltr'><strong>mundo</strong></span> <span class='ocrx_word' id='word_1_263' title='bbox 1797 3076 1855 3120; x_wconf 93' lang='lat' dir='ltr'><strong>ut</strong></span> <span class='ocrx_word' id='word_1_264' title='bbox 1877 3067 1929 3121; x_wconf 90' lang='lat' dir='ltr'><strong>in</strong></span> <span class='ocrx_word' id='word_1_265' title='bbox 1952 3066 2119 3121; x_wconf 88' lang='lat' dir='ltr'><strong>victo-</strong></span> 
     </span>
    </p>
   </div>
   <div class='ocr_carea' id='block_1_41' title="bbox 534 3151 2119 3229">
    <p class='ocr_par' dir='ltr' id='par_1_41' title="bbox 534 3151 2119 3229">
     <span class='ocr_line' id='line_1_41' title="bbox 534 3151 2119 3229; baseline 0.004 -22"><span class='ocrx_word' id='word_1_266' title='bbox 534 3151 610 3207; x_wconf 87' lang='lat' dir='ltr'><strong>ria</strong></span> <span class='ocrx_word' id='word_1_267' title='bbox 640 3153 880 3208; x_wconf 90' lang='lat' dir='ltr'><strong>veritatis</strong></span> <span class='ocrx_word' id='word_1_268' title='bbox 919 3165 1164 3211; x_wconf 89' lang='lat' dir='ltr'><strong>auctores</strong></span> <span class='ocrx_word' id='word_1_269' title='bbox 1208 3165 1411 3211; x_wconf 85' lang='lat' dir='ltr'><strong>tantum</strong></span> <span class='ocrx_word' id='word_1_270' title='bbox 1442 3158 1655 3213; x_wconf 84' lang='lat' dir='ltr'><strong>violatae</strong></span> <span class='ocrx_word' id='word_1_271' title='bbox 1683 3159 1809 3213; x_wconf 83' lang='lat' dir='ltr'><strong>ﬁdei</strong></span> <span class='ocrx_word' id='word_1_272' title='bbox 1852 3161 1869 3210; x_wconf 92' lang='lat' dir='ltr'><strong>l</strong></span> <span class='ocrx_word' id='word_1_273' title='bbox 1908 3160 2119 3229; x_wconf 81' lang='lat' dir='ltr'><strong>deperi-</strong></span> 
     </span>
    </p>
   </div>
   <div class='ocr_carea' id='block_1_42' title="bbox 536 3248 2117 3319">
    <p class='ocr_par' dir='ltr' id='par_1_42' title="bbox 536 3248 2117 3319">
     <span class='ocr_line' id='line_1_42' title="bbox 536 3248 2117 3319; baseline 0.004 -20"><span class='ocrx_word' id='word_1_274' title='bbox 536 3252 692 3312; x_wconf 87' lang='lat' dir='ltr'><strong>rent,</strong></span> <span class='ocrx_word' id='word_1_275' title='bbox 724 3256 777 3301; x_wconf 87' lang='lat' dir='ltr'><strong>et</strong></span> <span class='ocrx_word' id='word_1_276' title='bbox 805 3260 901 3302; x_wconf 88' lang='lat' dir='ltr'><strong>sua</strong></span> <span class='ocrx_word' id='word_1_277' title='bbox 933 3248 1206 3319; x_wconf 87' lang='lat' dir='ltr'><strong>integritas</strong></span> <span class='ocrx_word' id='word_1_278' title='bbox 1239 3250 1490 3305; x_wconf 69' lang='lat' dir='ltr'><strong>Ecclesia:</strong></span> <span class='ocrx_word' id='word_1_279' title='bbox 1533 3250 1866 3307; x_wconf 89' lang='lat' dir='ltr'><strong>redderetur.</strong></span> <span class='ocrx_word' id='word_1_280' title='bbox 1911 3252 2117 3307; x_wconf 84' lang='lat' dir='ltr'><strong>Bellum</strong></span> 
     </span>
    </p>
   </div>
   <div class='ocr_carea' id='block_1_43' title="bbox 537 3334 2116 3410">
    <p class='ocr_par' dir='ltr' id='par_1_43' title="bbox 537 3334 2116 3410">
     <span class='ocr_line' id='line_1_43' title="bbox 537 3334 2116 3410; baseline 0.006 -20"><span class='ocrx_word' id='word_1_281' title='bbox 537 3334 701 3405; x_wconf 87' lang='lat' dir='ltr'><strong>igitur</strong></span> <span class='ocrx_word' id='word_1_282' title='bbox 727 3340 868 3407; x_wconf 91' lang='lat' dir='ltr'><strong>quod</strong></span> <span class='ocrx_word' id='word_1_283' title='bbox 900 3341 1046 3410; x_wconf 87' lang='lat' dir='ltr'><strong>pacis</strong></span> <span class='ocrx_word' id='word_1_284' title='bbox 1075 3354 1271 3397; x_wconf 80' lang='lat' dir='ltr'><strong>nosme</strong></span> <span class='ocrx_word' id='word_1_285' title='bbox 1302 3344 1549 3398; x_wconf 88' lang='lat' dir='ltr'><strong>inimicus</strong></span> <span class='ocrx_word' id='word_1_286' title='bbox 1569 3342 1597 3381; x_wconf 76' lang='grc' dir='ltr'><strong>ιι</strong></span> <span class='ocrx_word' id='word_1_287' title='bbox 1623 3346 1965 3409; x_wconf 80' lang='lat' dir='ltr'><strong>excitaverat,</strong></span> <span class='ocrx_word' id='word_1_288' title='bbox 1982 3345 2116 3400; x_wconf 90' lang='lat' dir='ltr'><strong>adeo</strong></span> 
     </span>
    </p>
   </div>
   <div class='ocr_carea' id='block_1_44' title="bbox 2148 2049 3815 2124">
    <p class='ocr_par' dir='ltr' id='par_1_44' title="bbox 2148 2049 3815 2124">
     <span class='ocr_line' id='line_1_44' title="bbox 2148 2049 3815 2124; baseline -0.002 -19"><span class='ocrx_word' id='word_1_289' title='bbox 2148 2052 2197 2112; x_wconf 89' lang='lat' dir='ltr'><strong>B</strong></span> <span class='ocrx_word' id='word_1_290' title='bbox 2223 2057 2305 2124; x_wconf 83' lang='grc' dir='ltr'><strong>Τῷ</strong></span> <span class='ocrx_word' id='word_1_291' title='bbox 2332 2050 2774 2124; x_wconf 34' lang='grc' dir='ltr'>πανενδοξοτάτῳ..</span> <span class='ocrx_word' id='word_1_292' title='bbox 2798 2054 2881 2104; x_wconf 64' lang='lat' dir='ltr'><strong>xvi</strong></span> <span class='ocrx_word' id='word_1_293' title='bbox 2921 2050 3372 2123; x_wconf 74' lang='grc' dir='ltr'>φιλανθρωποτὰτῳ</span> <span class='ocrx_word' id='word_1_294' title='bbox 3408 2049 3502 2121; x_wconf 79' lang='grc' dir='ltr'><strong>υἱῷ</strong></span> <span class='ocrx_word' id='word_1_295' title='bbox 3532 2054 3815 2124; x_wconf 71' lang='grc' dir='ltr'>Μαρκιανῷ</span> 
     </span>
    </p>
   </div>
   <div class='ocr_carea' id='block_1_45' title="bbox 2613 2120 3415 2199">
    <p class='ocr_par' dir='ltr' id='par_1_45' title="bbox 2613 2120 3415 2199">
     <span class='ocr_line' id='line_1_45' title="bbox 2613 2120 3415 2199; baseline -0.007 -22"><span class='ocrx_word' id='word_1_296' title='bbox 2613 2120 2747 2177; x_wconf 77' lang='grc' dir='ltr'>Λέων</span> <span class='ocrx_word' id='word_1_297' title='bbox 2764 2120 3191 2199; x_wconf 76' lang='grc' dir='ltr'><strong>’Λρχιέπίσκοπος</strong></span> <span class='ocrx_word' id='word_1_298' title='bbox 3209 2120 3415 2190; x_wconf 81' lang='grc' dir='ltr'><strong>Ῥώμης.</strong></span> 
     </span>
    </p>
   </div>
   <div class='ocr_carea' id='block_1_46' title="bbox 2291 2232 3814 2316">
    <p class='ocr_par' dir='ltr' id='par_1_46' title="bbox 2291 2232 3814 2316">
     <span class='ocr_line' id='line_1_46' title="bbox 2291 2232 3814 2316; baseline -0.007 -21"><span class='ocrx_word' id='word_1_299' title='bbox 2291 2240 2499 2312; x_wconf 79' lang='grc' dir='ltr'><strong>Μεγάλῃ</strong></span> <span class='ocrx_word' id='word_1_300' title='bbox 2528 2240 2711 2316; x_wconf 80' lang='grc' dir='ltr'>χάριτι</span> <span class='ocrx_word' id='word_1_301' title='bbox 2740 2239 2755 2268; x_wconf 85' lang='grc'>¹</span> <span class='ocrx_word' id='word_1_302' title='bbox 2790 2238 3098 2308; x_wconf 69' lang='grc' dir='ltr'><strong>ἐλεημοσύνη</strong></span> <span class='ocrx_word' id='word_1_303' title='bbox 3125 2240 3252 2290; x_wconf 81' lang='grc' dir='ltr'><strong>Θεοῦ</strong></span> <span class='ocrx_word' id='word_1_304' title='bbox 3286 2236 3455 2293; x_wconf 76' lang='grc' dir='ltr'>πάσης</span> <span class='ocrx_word' id='word_1_305' title='bbox 3492 2241 3581 2291; x_wconf 75' lang='grc' dir='ltr'><strong>τῆς</strong></span> <span class='ocrx_word' id='word_1_306' title='bbox 3610 2232 3814 2285; x_wconf 79' lang='grc' dir='ltr'>καθολι-</span> 
     </span>
    </p>
   </div>
   <div class='ocr_carea' id='block_1_47' title="bbox 2219 2324 3814 2401">
    <p class='ocr_par' dir='ltr' id='par_1_47' title="bbox 2219 2324 3814 2401">
     <span class='ocr_line' id='line_1_47' title="bbox 2219 2324 3814 2401; baseline -0.009 -14"><span class='ocrx_word' id='word_1_307' title='bbox 2219 2340 2310 2393; x_wconf 80' lang='grc' dir='ltr'><strong>κῆς</strong></span> <span class='ocrx_word' id='word_1_308' title='bbox 2341 2334 2604 2392; x_wconf 79' lang='grc' dir='ltr'><strong>ἐκκλησίας</strong></span> <span class='ocrx_word' id='word_1_309' title='bbox 2651 2330 3100 2387; x_wconf 79' lang='grc' dir='ltr'>ἐπολυπλασιάσθη</span> <span class='ocrx_word' id='word_1_310' title='bbox 3143 2328 3309 2401; x_wconf 76' lang='grc' dir='ltr'>χαρά⁶</span> <span class='ocrx_word' id='word_1_311' title='bbox 3340 2324 3489 2381; x_wconf 80' lang='grc' dir='ltr'><strong>ὁπότε</strong></span> <span class='ocrx_word' id='word_1_312' title='bbox 3534 2324 3682 2394; x_wconf 69' lang='grc' dir='ltr'>ἁγίας·</span> <span class='ocrx_word' id='word_1_313' title='bbox 3732 2325 3814 2375; x_wconf 74' lang='lat' dir='ltr'><strong>mi</strong></span> 
     </span>
    </p>
   </div>
   <div class='ocr_carea' id='block_1_48' title="bbox 2219 2411 3813 2493">
    <p class='ocr_par' dir='ltr' id='par_1_48' title="bbox 2219 2411 3813 2493">
     <span class='ocr_line' id='line_1_48' title="bbox 2219 2411 3813 2493; baseline -0.008 -15"><span class='ocrx_word' id='word_1_314' title='bbox 2219 2422 2547 2488; x_wconf 78' lang='grc' dir='ltr'><strong>ἐνδοξοτάτης</strong></span> <span class='ocrx_word' id='word_1_315' title='bbox 2597 2432 2685 2483; x_wconf 81' lang='grc' dir='ltr'><strong>τῆς</strong></span> <span class='ocrx_word' id='word_1_316' title='bbox 2734 2432 2827 2482; x_wconf 74' lang='grc' dir='ltr'><strong>σῆς</strong></span> <span class='ocrx_word' id='word_1_317' title='bbox 2882 2421 3256 2493; x_wconf 75' lang='grc' dir='ltr'>φιλανθρωπίας</span> <span class='ocrx_word' id='word_1_318' title='bbox 3603 2411 3813 2486; x_wconf 69' lang='grc' dir='ltr'>σπουδῇ</span> 
     </span>
    </p>
   </div>
   <div class='ocr_carea' id='block_1_49' title="bbox 2222 2507 3816 2588">
    <p class='ocr_par' dir='ltr' id='par_1_49' title="bbox 2222 2507 3816 2588">
     <span class='ocr_line' id='line_1_49' title="bbox 2222 2507 3816 2588; baseline -0.006 -19"><span class='ocrx_word' id='word_1_319' title='bbox 2222 2516 2552 2588; x_wconf 79' lang='grc' dir='ltr'>ὀλεθριωτάτη</span> <span class='ocrx_word' id='word_1_320' title='bbox 2598 2515 2753 2572; x_wconf 76' lang='grc' dir='ltr'>πλάνη</span> <span class='ocrx_word' id='word_1_321' title='bbox 2799 2514 3107 2575; x_wconf 78' lang='grc' dir='ltr'><strong>ἐπεσϐἐσθη,</strong></span> <span class='ocrx_word' id='word_1_322' title='bbox 3154 2513 3286 2566; x_wconf 80' lang='grc' dir='ltr'>ὥστε</span> <span class='ocrx_word' id='word_1_323' title='bbox 3327 2510 3411 2563; x_wconf 86' lang='grc' dir='ltr'>τὸν</span> <span class='ocrx_word' id='word_1_324' title='bbox 3448 2508 3691 2581; x_wconf 75' lang='grc' dir='ltr'>ἡμέτερον</span> <span class='ocrx_word' id='word_1_325' title='bbox 3721 2507 3816 2559; x_wconf 78' lang='grc' dir='ltr'>κά-</span> 
     </span>
    </p>
   </div>
   <div class='ocr_carea' id='block_1_50' title="bbox 2220 2597 3815 2677">
    <p class='ocr_par' dir='ltr' id='par_1_50' title="bbox 2220 2597 3815 2677">
     <span class='ocr_line' id='line_1_50' title="bbox 2220 2597 3815 2677; baseline -0.007 -16"><span class='ocrx_word' id='word_1_326' title='bbox 2220 2628 2375 2677; x_wconf 84' lang='grc' dir='ltr'>ματον</span> <span class='ocrx_word' id='word_1_327' title='bbox 2407 2609 2641 2677; x_wconf 79' lang='grc' dir='ltr'>τάχιστα</span> <span class='ocrx_word' id='word_1_328' title='bbox 2670 2610 2737 2665; x_wconf 82' lang='grc' dir='ltr'><strong>εἰς</strong></span> <span class='ocrx_word' id='word_1_329' title='bbox 2768 2604 2912 2676; x_wconf 50' lang='grc' dir='ltr'>ἕβγον</span> <span class='ocrx_word' id='word_1_330' title='bbox 2954 2605 3175 2669; x_wconf 59' lang='grc' dir='ltr'>ἐκϐῆναι,</span> <span class='ocrx_word' id='word_1_331' title='bbox 3220 2600 3355 2675; x_wconf 79' lang='grc' dir='ltr'>ᾧτινι</span> <span class='ocrx_word' id='word_1_332' title='bbox 3395 2609 3467 2674; x_wconf 81' lang='grc' dir='ltr'>τῷ</span> <span class='ocrx_word' id='word_1_333' title='bbox 3504 2607 3613 2669; x_wconf 84' lang='grc' dir='ltr'><strong>Θεῷ</strong></span> <span class='ocrx_word' id='word_1_334' title='bbox 3636 2600 3655 2628; x_wconf 78' lang='grc'>⁸</span> <span class='ocrx_word' id='word_1_335' title='bbox 3690 2597 3815 2651; x_wconf 69' lang='lat' dir='ltr'><strong>30v-</strong></span> 
     </span>
    </p>
   </div>
   <div class='ocr_carea' id='block_1_51' title="bbox 2219 2692 3809 2773">
    <p class='ocr_par' dir='ltr' id='par_1_51' title="bbox 2219 2692 3809 2773">
     <span class='ocr_line' id='line_1_51' title="bbox 2219 2692 3809 2773; baseline -0.006 -22"><span class='ocrx_word' id='word_1_336' title='bbox 2219 2698 2375 2751; x_wconf 73' lang='grc' dir='ltr'>λεύων</span> <span class='ocrx_word' id='word_1_337' title='bbox 2415 2708 2473 2773; x_wconf 75' lang='grc' dir='ltr'>τῇ</span> <span class='ocrx_word' id='word_1_338' title='bbox 2522 2699 2759 2771; x_wconf 74' lang='grc' dir='ltr'>βασιλικῇ</span> <span class='ocrx_word' id='word_1_339' title='bbox 2799 2702 2882 2750; x_wconf 82' lang='grc' dir='ltr'><strong>καὶ</strong></span> <span class='ocrx_word' id='word_1_340' title='bbox 2918 2700 3089 2751; x_wconf 79' lang='grc' dir='ltr'><strong>πίστει</strong></span> <span class='ocrx_word' id='word_1_341' title='bbox 3127 2700 3213 2749; x_wconf 81' lang='grc' dir='ltr'><strong>καὶ</strong></span> <span class='ocrx_word' id='word_1_342' title='bbox 3260 2696 3462 2767; x_wconf 77' lang='grc' dir='ltr'><strong>ἐξουσίᾳ</strong></span> <span class='ocrx_word' id='word_1_343' title='bbox 3498 2692 3809 2749; x_wconf 73' lang='grc' dir='ltr'>ἐϐοήθησας.</span> 
     </span>
    </p>
   </div>
   <div class='ocr_carea' id='block_1_52' title="bbox 2222 2784 3813 2866">
    <p class='ocr_par' dir='ltr' id='par_1_52' title="bbox 2222 2784 3813 2866">
     <span class='ocr_line' id='line_1_52' title="bbox 2222 2784 3813 2866; baseline -0.005 -23"><span class='ocrx_word' id='word_1_344' title='bbox 2222 2794 2275 2843; x_wconf 81' lang='grc' dir='ltr'><strong><em>Εἰ</em></strong></span> <span class='ocrx_word' id='word_1_345' title='bbox 2301 2795 2399 2863; x_wconf 77' lang='grc' dir='ltr'><strong>γὰρ</strong></span> <span class='ocrx_word' id='word_1_346' title='bbox 2431 2795 2512 2843; x_wconf 80' lang='grc' dir='ltr'><strong>καὶ</strong></span> <span class='ocrx_word' id='word_1_347' title='bbox 2554 2793 2600 2843; x_wconf 84' lang='grc' dir='ltr'>ἐν</span> <span class='ocrx_word' id='word_1_348' title='bbox 2636 2797 2698 2864; x_wconf 73' lang='grc' dir='ltr'>τῇ</span> <span class='ocrx_word' id='word_1_349' title='bbox 2742 2791 2892 2866; x_wconf 77' lang='grc' dir='ltr'>ἀρετῇ</span> <span class='ocrx_word' id='word_1_350' title='bbox 2942 2794 3033 2843; x_wconf 83' lang='grc' dir='ltr'><strong>τοῦ</strong></span> <span class='ocrx_word' id='word_1_351' title='bbox 3088 2787 3233 2859; x_wconf 73' lang='grc' dir='ltr'>ἁγίου</span> <span class='ocrx_word' id='word_1_352' title='bbox 3274 2786 3564 2855; x_wconf 79' lang='grc' dir='ltr'>πνεύματος</span> <span class='ocrx_word' id='word_1_353' title='bbox 3612 2784 3813 2854; x_wconf 76' lang='grc' dir='ltr'>μεταξῦ</span> 
     </span>
    </p>
   </div>
   <div class='ocr_carea' id='block_1_53' title="bbox 2221 2871 3816 2952">
    <p class='ocr_par' dir='ltr' id='par_1_53' title="bbox 2221 2871 3816 2952">
     <span class='ocr_line' id='line_1_53' title="bbox 2221 2871 3816 2952; baseline -0.006 -17"><span class='ocrx_word' id='word_1_354' title='bbox 2221 2891 2317 2939; x_wconf 83' lang='grc' dir='ltr'>τῶν</span> <span class='ocrx_word' id='word_1_355' title='bbox 2348 2882 2607 2952; x_wconf 82' lang='grc' dir='ltr'>διχονοιῶν</span> <span class='ocrx_word' id='word_1_356' title='bbox 2636 2881 2717 2936; x_wconf 79' lang='grc' dir='ltr'><strong>διὰ</strong></span> <span class='ocrx_word' id='word_1_357' title='bbox 2759 2888 2848 2935; x_wconf 79' lang='grc' dir='ltr'>τοῦ</span> <span class='ocrx_word' id='word_1_358' title='bbox 2890 2880 3225 2934; x_wconf 82' lang='grc' dir='ltr'>ἀποστολικοῦ</span> <span class='ocrx_word' id='word_1_359' title='bbox 3264 2878 3439 2952; x_wconf 68' lang='grc' dir='ltr'>θρόνου</span> <span class='ocrx_word' id='word_1_360' title='bbox 3470 2873 3727 2930; x_wconf 60' lang='grc' dir='ltr'>ἐκδιητέα</span> <span class='ocrx_word' id='word_1_361' title='bbox 3756 2871 3816 2931; x_wconf 79' lang='grc' dir='ltr'>ἧν</span> 
     </span>
    </p>
   </div>
   <div class='ocr_carea' id='block_1_54' title="bbox 2221 2970 3813 3050">
    <p class='ocr_par' dir='ltr' id='par_1_54' title="bbox 2221 2970 3813 3050">
     <span class='ocr_line' id='line_1_54' title="bbox 2221 2970 3813 3050; baseline -0.007 -21"><span class='ocrx_word' id='word_1_362' title='bbox 2221 2976 2498 3050; x_wconf 76' lang='grc' dir='ltr'><strong>ἐλευθερία,</strong></span> <span class='ocrx_word' id='word_1_363' title='bbox 2532 2975 2910 3047; x_wconf 69' lang='grc' dir='ltr'>τηλαυγεστέροι</span> <span class='ocrx_word' id='word_1_364' title='bbox 2940 2970 3074 3042; x_wconf 83' lang='grc' dir='ltr'><strong>ὅμως</strong></span> <span class='ocrx_word' id='word_1_365' title='bbox 3104 2971 3234 3043; x_wconf 56' lang='grc' dir='ltr'>ὤφθη</span> <span class='ocrx_word' id='word_1_366' title='bbox 3278 2972 3308 3028; x_wconf 80' lang='grc' dir='ltr'>ἡ</span> <span class='ocrx_word' id='word_1_367' title='bbox 3348 2973 3503 3043; x_wconf 74' lang='grc' dir='ltr'>χάρις</span> <span class='ocrx_word' id='word_1_368' title='bbox 3532 2974 3813 3029; x_wconf 72' lang='grc' dir='ltr'><strong>τοῦθεοῦ,</strong></span> 
     </span>
    </p>
   </div>
   <div class='ocr_carea' id='block_1_55' title="bbox 2219 3058 3813 3141">
    <p class='ocr_par' dir='ltr' id='par_1_55' title="bbox 2219 3058 3813 3141">
     <span class='ocr_line' id='line_1_55' title="bbox 2219 3058 3813 3141; baseline -0.005 -21"><span class='ocrx_word' id='word_1_369' title='bbox 2219 3071 2387 3139; x_wconf 77' lang='grc' dir='ltr'>καίτῇ</span> <span class='ocrx_word' id='word_1_370' title='bbox 2416 3068 2650 3141; x_wconf 78' lang='grc' dir='ltr'>ἐκκλησίᾳ</span> <span class='ocrx_word' id='word_1_371' title='bbox 2697 3068 2727 3122; x_wconf 82' lang='grc' dir='ltr'>ἡ</span> <span class='ocrx_word' id='word_1_372' title='bbox 2762 3064 2864 3118; x_wconf 82' lang='grc' dir='ltr'>ἰδία</span> <span class='ocrx_word' id='word_1_373' title='bbox 2916 3065 3237 3120; x_wconf 78' lang='grc' dir='ltr'><strong>ἀποκατέστη</strong></span> <span class='ocrx_word' id='word_1_374' title='bbox 3275 3062 3577 3133; x_wconf 80' lang='grc' dir='ltr'><strong>καθαρότης.</strong></span> <span class='ocrx_word' id='word_1_375' title='bbox 3608 3058 3667 3112; x_wconf 76' lang='grc' dir='ltr'>Ὀ</span> <span class='ocrx_word' id='word_1_376' title='bbox 3707 3060 3813 3112; x_wconf 81' lang='grc' dir='ltr'><strong>πό-</strong></span> 
     </span>
    </p>
   </div>
   <div class='ocr_carea' id='block_1_56' title="bbox 2219 3150 3815 3234">
    <p class='ocr_par' dir='ltr' id='par_1_56' title="bbox 2219 3150 3815 3234">
     <span class='ocr_line' id='line_1_56' title="bbox 2219 3150 3815 3234; baseline -0.007 -19"><span class='ocrx_word' id='word_1_377' title='bbox 2219 3162 2364 3232; x_wconf 85' lang='grc' dir='ltr'>λεμος</span> <span class='ocrx_word' id='word_1_378' title='bbox 2387 3162 2573 3224; x_wconf 80' lang='grc' dir='ltr'>τοίνυν,</span> <span class='ocrx_word' id='word_1_379' title='bbox 2609 3159 2761 3233; x_wconf 82' lang='grc' dir='ltr'><strong>ὅνπερ</strong></span> <span class='ocrx_word' id='word_1_380' title='bbox 2803 3157 2827 3211; x_wconf 85' lang='grc' dir='ltr'>ὁ</span> <span class='ocrx_word' id='word_1_381' title='bbox 2869 3168 2958 3218; x_wconf 80' lang='grc' dir='ltr'><strong>τῆς</strong></span> <span class='ocrx_word' id='word_1_382' title='bbox 2998 3158 3240 3234; x_wconf 73' lang='grc' dir='ltr'><strong>ἡμετέρας</strong></span> <span class='ocrx_word' id='word_1_383' title='bbox 3271 3158 3454 3233; x_wconf 65' lang='grc' dir='ltr'><strong>εἰρήνης</strong></span> <span class='ocrx_word' id='word_1_384' title='bbox 3490 3154 3679 3228; x_wconf 73' lang='grc' dir='ltr'><strong>ἐχθρὸς·</strong></span> <span class='ocrx_word' id='word_1_385' title='bbox 3710 3150 3815 3206; x_wconf 77' lang='grc' dir='ltr'><strong>διέ-</strong></span> 
     </span>
    </p>
   </div>
   <div class='ocr_carea' id='block_1_57' title="bbox 2219 3244 3817 3331">
    <p class='ocr_par' dir='ltr' id='par_1_57' title="bbox 2219 3244 3817 3331">
     <span class='ocr_line' id='line_1_57' title="bbox 2219 3244 3817 3331; baseline -0.008 -22"><span class='ocrx_word' id='word_1_386' title='bbox 2219 3276 2403 3331; x_wconf 71' lang='grc' dir='ltr'><strong>γειρεν,</strong></span> <span class='ocrx_word' id='word_1_387' title='bbox 2454 3258 2539 3309; x_wconf 87' lang='grc' dir='ltr'><strong>ἐπὶ</strong></span> <span class='ocrx_word' id='word_1_388' title='bbox 2588 3260 2830 3307; x_wconf 82' lang='grc' dir='ltr'>τοσοῦτον</span> <span class='ocrx_word' id='word_1_389' title='bbox 2870 3253 3110 3319; x_wconf 73' lang='grc' dir='ltr'><strong>εὐτυχῶς</strong></span> <span class='ocrx_word' id='word_1_390' title='bbox 3154 3257 3245 3308; x_wconf 79' lang='grc' dir='ltr'><strong>τῆς</strong></span> <span class='ocrx_word' id='word_1_391' title='bbox 3294 3246 3596 3305; x_wconf 78' lang='grc' dir='ltr'>δεσποτικῆς</span> <span class='ocrx_word' id='word_1_392' title='bbox 3641 3244 3817 3309; x_wconf 77' lang='grc' dir='ltr'><strong>δεξιᾶς</strong></span> 
     </span>
    </p>
   </div>
   <div class='ocr_carea' id='block_1_58' title="bbox 2220 3340 3815 3417">
    <p class='ocr_par' dir='ltr' id='par_1_58' title="bbox 2220 3340 3815 3417">
     <span class='ocr_line' id='line_1_58' title="bbox 2220 3340 3815 3417; baseline -0.008 -17"><span class='ocrx_word' id='word_1_393' title='bbox 2220 3348 2516 3417; x_wconf 74' lang='grc' dir='ltr'>μαχομένης</span> <span class='ocrx_word' id='word_1_394' title='bbox 2551 3346 2895 3416; x_wconf 80' lang='grc' dir='ltr'>καθώρθωται,</span> <span class='ocrx_word' id='word_1_395' title='bbox 2938 3346 3068 3396; x_wconf 81' lang='grc' dir='ltr'>ὥστε</span> <span class='ocrx_word' id='word_1_396' title='bbox 3092 3341 3111 3371; x_wconf 89' lang='grc'>³</span> <span class='ocrx_word' id='word_1_397' title='bbox 3141 3340 3532 3416; x_wconf 65' lang='grc' dir='ltr'>τριαμϐεὐαντος</span> <span class='ocrx_word' id='word_1_398' title='bbox 3560 3343 3653 3391; x_wconf 81' lang='grc' dir='ltr'>τοῦ</span> <span class='ocrx_word' id='word_1_399' title='bbox 3690 3347 3815 3411; x_wconf 73' lang='grc' dir='ltr'><strong>Χρι·</strong></span> 
     </span>
    </p>
   </div>
   <div class='ocr_carea' id='block_1_59' title="bbox 537 3426 2136 3509">
    <p class='ocr_par' dir='ltr' id='par_1_59' title="bbox 537 3426 2117 3506">
     <span class='ocr_line' id='line_1_59' title="bbox 537 3426 2117 3506; baseline 0.006 -24"><span class='ocrx_word' id='word_1_400' title='bbox 537 3426 789 3498; x_wconf 77' lang='lat' dir='ltr'><strong>feliciter,</strong></span> <span class='ocrx_word' id='word_1_401' title='bbox 821 3432 1039 3489; x_wconf 83' lang='lat' dir='ltr'><strong>dextera</strong></span> <span class='ocrx_word' id='word_1_402' title='bbox 1063 3434 1275 3490; x_wconf 87' lang='lat' dir='ltr'><strong>Domini</strong></span> <span class='ocrx_word' id='word_1_403' title='bbox 1299 3446 1584 3506; x_wconf 91' lang='lat' dir='ltr'><strong>pugnante,</strong></span> <span class='ocrx_word' id='word_1_404' title='bbox 1608 3438 1909 3491; x_wconf 86' lang='lat' dir='ltr'><strong>conlectum</strong></span> <span class='ocrx_word' id='word_1_405' title='bbox 1932 3448 2032 3504; x_wconf 92' lang='lat' dir='ltr'><strong>est,</strong></span> <span class='ocrx_word' id='word_1_406' title='bbox 2061 3447 2117 3491; x_wconf 89' lang='lat' dir='ltr'><strong>ut</strong></span> 
     </span>
    </p>
   </div>
   <div class='ocr_carea' id='block_1_60' title="bbox 2235 3426 3813 3509">
    <p class='ocr_par' dir='ltr' id='par_1_60' title="bbox 2235 3430 3813 3509">
     <span class='ocr_line' id='line_1_60' title="bbox 2235 3430 3813 3509; baseline -0.007 -16"><span class='ocrx_word' id='word_1_407' title='bbox 2235 3446 2369 3501; x_wconf 73' lang='grc' dir='ltr'><strong>ῖτοῦ,</strong></span> <span class='ocrx_word' id='word_1_408' title='bbox 2406 3441 2521 3509; x_wconf 84' lang='grc' dir='ltr'>μίαν</span> <span class='ocrx_word' id='word_1_409' title='bbox 2551 3441 2751 3493; x_wconf 78' lang='grc' dir='ltr'>πάντων</span> <span class='ocrx_word' id='word_1_410' title='bbox 2780 3445 2877 3491; x_wconf 84' lang='grc' dir='ltr'><strong>τῶν</strong></span> <span class='ocrx_word' id='word_1_411' title='bbox 2920 3437 3061 3507; x_wconf 82' lang='grc' dir='ltr'>ἱερῶν</span> <span class='ocrx_word' id='word_1_412' title='bbox 3101 3430 3221 3488; x_wconf 81' lang='grc' dir='ltr'>εἶναι</span> <span class='ocrx_word' id='word_1_413' title='bbox 3264 3438 3353 3491; x_wconf 74' lang='grc' dir='ltr'><strong>την</strong></span> <span class='ocrx_word' id='word_1_414' title='bbox 3390 3434 3544 3487; x_wconf 74' lang='grc' dir='ltr'>νίκην·</span> <span class='ocrx_word' id='word_1_415' title='bbox 3587 3433 3675 3483; x_wconf 77' lang='grc' dir='ltr'><strong>καὶ</strong></span> <span class='ocrx_word' id='word_1_416' title='bbox 3719 3434 3813 3482; x_wconf 77' lang='grc' dir='ltr'>τοῦ</span> 
     </span>
    </p>
   </div>
   <div class='ocr_carea' id='block_1_61' title="bbox 540 3520 2116 3594">
    <p class='ocr_par' dir='ltr' id='par_1_61' title="bbox 540 3520 2116 3594">
     <span class='ocr_line' id='line_1_61' title="bbox 540 3520 2116 3594; baseline 0.007 -20"><span class='ocrx_word' id='word_1_417' title='bbox 540 3520 906 3591; x_wconf 85' lang='lat' dir='ltr'><strong>triumphante</strong></span> <span class='ocrx_word' id='word_1_418' title='bbox 936 3523 1171 3594; x_wconf 83' lang='lat' dir='ltr'><strong>Christo,</strong></span> <span class='ocrx_word' id='word_1_419' title='bbox 1202 3531 1442 3583; x_wconf 92' lang='lat' dir='ltr'><strong>omnium</strong></span> <span class='ocrx_word' id='word_1_420' title='bbox 1470 3529 1808 3583; x_wconf 80' lang='lat' dir='ltr'><strong>sacerdotum</strong></span> <span class='ocrx_word' id='word_1_421' title='bbox 1840 3542 1983 3585; x_wconf 88' lang='lat' dir='ltr'><strong>esset</strong></span> <span class='ocrx_word' id='word_1_422' title='bbox 2014 3546 2116 3585; x_wconf 86' lang='lat' dir='ltr'><strong>una</strong></span> 
     </span>
    </p>
   </div>
   <div class='ocr_carea' id='block_1_62' title="bbox 540 3614 2118 3686">
    <p class='ocr_par' dir='ltr' id='par_1_62' title="bbox 540 3614 2118 3686">
     <span class='ocr_line' id='line_1_62' title="bbox 540 3614 2118 3686; baseline 0.006 -16"><span class='ocrx_word' id='word_1_423' title='bbox 540 3614 789 3683; x_wconf 82' lang='lat' dir='ltr'><strong>victoria,</strong></span> <span class='ocrx_word' id='word_1_424' title='bbox 820 3627 875 3675; x_wconf 90' lang='lat' dir='ltr'><strong>et</strong></span> <span class='ocrx_word' id='word_1_425' title='bbox 894 3632 1211 3677; x_wconf 87' lang='lat' dir='ltr'><strong>coruscante</strong></span> <span class='ocrx_word' id='word_1_426' title='bbox 1240 3624 1442 3678; x_wconf 92' lang='lat' dir='ltr'><strong>lumine</strong></span> <span class='ocrx_word' id='word_1_427' title='bbox 1466 3624 1729 3686; x_wconf 89' lang='lat' dir='ltr'><strong>veritatis,</strong></span> <span class='ocrx_word' id='word_1_428' title='bbox 1761 3625 1891 3678; x_wconf 64' lang='lat' dir='ltr'><strong>solae</strong></span> <span class='ocrx_word' id='word_1_429' title='bbox 1918 3625 2118 3679; x_wconf 89' lang='lat' dir='ltr'><strong>erroris</strong></span> 
     </span>
    </p>
   </div>
   <div class='ocr_carea' id='block_1_63' title="bbox 536 3710 2121 3786">
    <p class='ocr_par' dir='ltr' id='par_1_63' title="bbox 536 3710 2121 3786">
     <span class='ocr_line' id='line_1_63' title="bbox 536 3710 2121 3786; baseline 0.005 -23"><span class='ocrx_word' id='word_1_430' title='bbox 536 3710 773 3766; x_wconf 70' lang='lat' dir='ltr'><strong>tenebrae</strong></span> <span class='ocrx_word' id='word_1_431' title='bbox 792 3726 911 3766; x_wconf 92' lang='lat' dir='ltr'><strong>cum</strong></span> <span class='ocrx_word' id='word_1_432' title='bbox 936 3712 1047 3768; x_wconf 87' lang='lat' dir='ltr'><strong>suis</strong></span> <span class='ocrx_word' id='word_1_433' title='bbox 1067 3716 1430 3771; x_wconf 87' lang='lat' dir='ltr'><strong>assertoribus</strong></span> <span class='ocrx_word' id='word_1_434' title='bbox 1454 3715 1805 3786; x_wconf 88' lang='lat' dir='ltr'><strong>pellerentur.</strong></span> <span class='ocrx_word' id='word_1_435' title='bbox 1831 3716 1961 3770; x_wconf 89' lang='lat' dir='ltr'><strong>Nam</strong></span> <span class='ocrx_word' id='word_1_436' title='bbox 1984 3718 2121 3771; x_wconf 89' lang='lat' dir='ltr'><strong>sicut</strong></span> 
     </span>
    </p>
   </div>
   <div class='ocr_carea' id='block_1_64' title="bbox 540 3800 2119 3877">
    <p class='ocr_par' dir='ltr' id='par_1_64' title="bbox 540 3800 2119 3877">
     <span class='ocr_line' id='line_1_64' title="bbox 540 3800 2119 3877; baseline 0.006 -21"><span class='ocrx_word' id='word_1_437' title='bbox 540 3800 595 3856; x_wconf 90' lang='lat' dir='ltr'><strong>in</strong></span> <span class='ocrx_word' id='word_1_438' title='bbox 634 3803 746 3874; x_wconf 87' lang='lat' dir='ltr'><strong>ipsa</strong></span> <span class='ocrx_word' id='word_1_439' title='bbox 775 3804 985 3862; x_wconf 91' lang='lat' dir='ltr'><strong>Domini</strong></span> <span class='ocrx_word' id='word_1_440' title='bbox 1021 3811 1419 3865; x_wconf 90' lang='lat' dir='ltr'><strong>resurrectione</strong></span> <span class='ocrx_word' id='word_1_441' title='bbox 1448 3810 1740 3877; x_wconf 91' lang='lat' dir='ltr'><strong>credenda,</strong></span> <span class='ocrx_word' id='word_1_442' title='bbox 1774 3810 1838 3864; x_wconf 86' lang='lat' dir='ltr'><strong>ad</strong></span> <span class='ocrx_word' id='word_1_443' title='bbox 1868 3812 2119 3866; x_wconf 85' lang='lat' dir='ltr'><strong>corrobo-</strong></span> 
     </span>
    </p>
   </div>
   <div class='ocr_carea' id='block_1_65' title="bbox 539 3896 2117 3973">
    <p class='ocr_par' dir='ltr' id='par_1_65' title="bbox 539 3896 2117 3973">
     <span class='ocr_line' id='line_1_65' title="bbox 539 3896 2117 3973; baseline 0.005 -22"><span class='ocrx_word' id='word_1_444' title='bbox 539 3896 709 3952; x_wconf 89' lang='lat' dir='ltr'><strong>rauda</strong></span> <span class='ocrx_word' id='word_1_445' title='bbox 738 3898 886 3955; x_wconf 91' lang='lat' dir='ltr'><strong>initia</strong></span> <span class='ocrx_word' id='word_1_446' title='bbox 918 3900 1040 3957; x_wconf 86' lang='lat' dir='ltr'><strong>fidei</strong></span> <span class='ocrx_word' id='word_1_447' title='bbox 1069 3904 1297 3957; x_wconf 89' lang='lat' dir='ltr'><strong>multum</strong></span> <span class='ocrx_word' id='word_1_448' title='bbox 1336 3902 1644 3959; x_wconf 89' lang='lat' dir='ltr'><strong>securitatis</strong></span> <span class='ocrx_word' id='word_1_449' title='bbox 1671 3905 1941 3971; x_wconf 91' lang='lat' dir='ltr'><strong>accessit,</strong></span> <span class='ocrx_word' id='word_1_450' title='bbox 1975 3904 2117 3973; x_wconf 91' lang='lat' dir='ltr'><strong>quod</strong></span> 
     </span>
    </p>
   </div>
   <div class='ocr_carea' id='block_1_66' title="bbox 604 4057 2113 4132">
    <p class='ocr_par' dir='ltr' id='par_1_66' title="bbox 604 4057 2113 4132">
     <span class='ocr_line' id='line_1_66' title="bbox 604 4057 2113 4132; baseline 0.002 -20"><span class='ocrx_word' id='word_1_451' title='bbox 604 4064 631 4093; x_wconf 73' lang='grc'><strong>⁸</strong></span> <span class='ocrx_word' id='word_1_452' title='bbox 654 4057 976 4132; x_wconf 86' lang='lat' dir='ltr'><strong>Sirmondus</strong></span> <span class='ocrx_word' id='word_1_453' title='bbox 998 4059 1050 4112; x_wconf 90' lang='lat' dir='ltr'><strong>in</strong></span> <span class='ocrx_word' id='word_1_454' title='bbox 1083 4069 1227 4114; x_wconf 83' lang='lat' dir='ltr'><strong>textu</strong></span> <span class='ocrx_word' id='word_1_455' title='bbox 1250 4068 1304 4115; x_wconf 90' lang='lat' dir='ltr'><strong>et</strong></span> <span class='ocrx_word' id='word_1_456' title='bbox 1321 4060 1525 4132; x_wconf 81' lang='lat' dir='ltr'><strong>Quesn.</strong></span> <span class='ocrx_word' id='word_1_457' title='bbox 1556 4061 1608 4115; x_wconf 91' lang='lat' dir='ltr'><strong>in</strong></span> <span class='ocrx_word' id='word_1_458' title='bbox 1664 4076 1853 4125; x_wconf 66' lang='grc' dir='ltr'><strong>πίει-κ..</strong></span> <span class='ocrx_word' id='word_1_459' title='bbox 1886 4063 2113 4132; x_wconf 85' lang='lat' dir='ltr'><strong>reperia-</strong></span> 
     </span>
    </p>
   </div>
   <div class='ocr_carea' id='block_1_67' title="bbox 533 4130 2113 4202">
    <p class='ocr_par' dir='ltr' id='par_1_67' title="bbox 533 4130 2113 4202">
     <span class='ocr_line' id='line_1_67' title="bbox 533 4130 2113 4202; baseline 0.004 -21"><span class='ocrx_word' id='word_1_460' title='bbox 533 4134 634 4202; x_wconf 67' lang='lat' dir='ltr'><strong>tur.</strong></span> <span class='ocrx_word' id='word_1_461' title='bbox 679 4132 750 4182; x_wconf 79' lang='lat' dir='ltr'><strong>At</strong></span> <span class='ocrx_word' id='word_1_462' title='bbox 776 4131 1097 4201; x_wconf 83' lang='lat' dir='ltr'><strong>reperiantur</strong></span> <span class='ocrx_word' id='word_1_463' title='bbox 1127 4130 1478 4196; x_wconf 67' lang='lat' dir='ltr'><strong>praetulimus,</strong></span> <span class='ocrx_word' id='word_1_464' title='bbox 1510 4134 1632 4202; x_wconf 90' lang='lat' dir='ltr'><strong>quia</strong></span> <span class='ocrx_word' id='word_1_465' title='bbox 1682 4149 1748 4187; x_wconf 82' lang='lat' dir='ltr'><strong>ex</strong></span> <span class='ocrx_word' id='word_1_466' title='bbox 1778 4130 1966 4187; x_wconf 68' lang='lat' dir='ltr'><strong>Grazco</strong></span> <span class='ocrx_word' id='word_1_467' title='bbox 1999 4132 2113 4187; x_wconf 71' lang='lat' dir='ltr'><strong>hmc</strong></span> 
     </span>
    </p>
   </div>
   <div class='ocr_carea' id='block_1_68' title="bbox 533 4197 2114 4284">
    <p class='ocr_par' dir='ltr' id='par_1_68' title="bbox 533 4197 2114 4284">
     <span class='ocr_line' id='line_1_68' title="bbox 533 4197 2114 4284; baseline -0.001 -30"><span class='ocrx_word' id='word_1_468' title='bbox 533 4197 840 4284; x_wconf 69' lang='lat' dir='ltr'><strong>referuntur</strong></span> <span class='ocrx_word' id='word_1_469' title='bbox 867 4202 933 4254; x_wconf 89' lang='lat' dir='ltr'><strong>ad</strong></span> <span class='ocrx_word' id='word_1_470' title='bbox 962 4197 1749 4284; x_wconf 43' lang='lat' dir='ltr'><strong>cancrosepiscnpos,‘quibus</strong></span> <span class='ocrx_word' id='word_1_471' title='bbox 1792 4205 1948 4284; x_wconf 68' lang='lat' dir='ltr'><strong>venia</strong></span> <span class='ocrx_word' id='word_1_472' title='bbox 1978 4220 2114 4284; x_wconf 42' lang='lat' dir='ltr'><strong>pra):</strong></span> 
     </span>
    </p>
   </div>
   <div class='ocr_carea' id='block_1_69' title="bbox 533 4268 2115 4343">
    <p class='ocr_par' dir='ltr' id='par_1_69' title="bbox 533 4268 2115 4343">
     <span class='ocr_line' id='line_1_69' title="bbox 533 4268 2115 4343; baseline 0.003 -19"><span class='ocrx_word' id='word_1_473' title='bbox 533 4268 659 4324; x_wconf 91' lang='lat' dir='ltr'><strong>stita</strong></span> <span class='ocrx_word' id='word_1_474' title='bbox 683 4271 800 4343; x_wconf 87' lang='lat' dir='ltr'><strong>fuit,</strong></span> <span class='ocrx_word' id='word_1_475' title='bbox 830 4286 896 4325; x_wconf 92' lang='lat' dir='ltr'><strong>eo</strong></span> <span class='ocrx_word' id='word_1_476' title='bbox 936 4273 1077 4342; x_wconf 90' lang='lat' dir='ltr'><strong>quod</strong></span> <span class='ocrx_word' id='word_1_477' title='bbox 1111 4272 1211 4343; x_wconf 91' lang='lat' dir='ltr'><strong>ipsi</strong></span> <span class='ocrx_word' id='word_1_478' title='bbox 1242 4268 1349 4328; x_wconf 84' lang='lat' dir='ltr'><strong>non</strong></span> <span class='ocrx_word' id='word_1_479' title='bbox 1378 4268 1609 4330; x_wconf 82' lang='lat' dir='ltr'><strong>similem</strong></span> <span class='ocrx_word' id='word_1_480' title='bbox 1646 4276 1903 4329; x_wconf 90' lang='lat' dir='ltr'><strong>Dioscoro</strong></span> <span class='ocrx_word' id='word_1_481' title='bbox 1927 4268 2115 4342; x_wconf 79' lang='lat' dir='ltr'><strong>iudicii</strong></span> 
     </span>
    </p>
   </div>
   <div class='ocr_carea' id='block_1_70' title="bbox 532 4342 1076 4399">
    <p class='ocr_par' dir='ltr' id='par_1_70' title="bbox 532 4342 1076 4399">
     <span class='ocr_line' id='line_1_70' title="bbox 532 4342 1076 4399; baseline 0.002 -3"><span class='ocrx_word' id='word_1_482' title='bbox 532 4354 746 4396; x_wconf 82' lang='lat' dir='ltr'><strong>causam</strong></span> <span class='ocrx_word' id='word_1_483' title='bbox 771 4342 1076 4399; x_wconf 86' lang='lat' dir='ltr'><strong>habuerint.</strong></span> 
     </span>
    </p>
   </div>
   <div class='ocr_carea' id='block_1_71' title="bbox 604 4409 2114 4486">
    <p class='ocr_par' dir='ltr' id='par_1_71' title="bbox 604 4409 2114 4486">
     <span class='ocr_line' id='line_1_71' title="bbox 604 4409 2114 4486; baseline 0.003 -20"><span class='ocrx_word' id='word_1_484' title='bbox 604 4409 633 4449; x_wconf 73' lang='grc' dir='ltr'><strong>ι)</strong></span> <span class='ocrx_word' id='word_1_485' title='bbox 661 4414 737 4486; x_wconf 74' lang='lat' dir='ltr'><strong>Ex</strong></span> <span class='ocrx_word' id='word_1_486' title='bbox 777 4412 969 4486; x_wconf 61' lang='lat' dir='ltr'><strong>Gre-co</strong></span> <span class='ocrx_word' id='word_1_487' title='bbox 998 4424 1054 4469; x_wconf 89' lang='lat' dir='ltr'><strong>et</strong></span> <span class='ocrx_word' id='word_1_488' title='bbox 1097 4416 1347 4470; x_wconf 88' lang='lat' dir='ltr'><strong>versione</strong></span> <span class='ocrx_word' id='word_1_489' title='bbox 1391 4416 1605 4486; x_wconf 88' lang='lat' dir='ltr'><strong>antiqua</strong></span> <span class='ocrx_word' id='word_1_490' title='bbox 1650 4431 1838 4471; x_wconf 87' lang='lat' dir='ltr'><strong>sensus</strong></span> <span class='ocrx_word' id='word_1_491' title='bbox 1888 4416 2114 4483; x_wconf 86' lang='lat' dir='ltr'><strong>postulat</strong></span> 
     </span>
    </p>
   </div>
   <div class='ocr_carea' id='block_1_72' title="bbox 533 4484 2115 4553">
    <p class='ocr_par' dir='ltr' id='par_1_72' title="bbox 533 4484 2115 4553">
     <span class='ocr_line' id='line_1_72' title="bbox 533 4484 2115 4553; baseline 0.002 -16"><span class='ocrx_word' id='word_1_492' title='bbox 533 4484 908 4553; x_wconf 88' lang='lat' dir='ltr'><strong>corrigendum</strong></span> <span class='ocrx_word' id='word_1_493' title='bbox 940 4489 1181 4551; x_wconf 79' lang='lat' dir='ltr'><strong>accessit;</strong></span> <span class='ocrx_word' id='word_1_494' title='bbox 1204 4488 1298 4541; x_wconf 87' lang='lat' dir='ltr'><strong>sed</strong></span> <span class='ocrx_word' id='word_1_495' title='bbox 1326 4486 1446 4541; x_wconf 86' lang='lat' dir='ltr'><strong>sine</strong></span> <span class='ocrx_word' id='word_1_496' title='bbox 1474 4484 1748 4541; x_wconf 77' lang='lat' dir='ltr'><strong>codicibus</strong></span> <span class='ocrx_word' id='word_1_497' title='bbox 1776 4494 1977 4540; x_wconf 82' lang='lat' dir='ltr'><strong>textum</strong></span> <span class='ocrx_word' id='word_1_498' title='bbox 2016 4489 2115 4540; x_wconf 88' lang='lat' dir='ltr'><strong>im-</strong></span> 
     </span>
    </p>
   </div>
   <div class='ocr_carea' id='block_1_73' title="bbox 535 4556 2117 4627">
    <p class='ocr_par' dir='ltr' id='par_1_73' title="bbox 535 4556 2117 4627">
     <span class='ocr_line' id='line_1_73' title="bbox 535 4556 2117 4627; baseline 0.002 -19"><span class='ocrx_word' id='word_1_499' title='bbox 535 4562 745 4610; x_wconf 81' lang='lat' dir='ltr'><strong>mutare</strong></span> <span class='ocrx_word' id='word_1_500' title='bbox 771 4556 1061 4627; x_wconf 81' lang='lat' dir='ltr'><strong>noluimus.</strong></span> <span class='ocrx_word' id='word_1_501' title='bbox 1090 4558 1261 4612; x_wconf 85' lang='lat' dir='ltr'><strong>Porro</strong></span> <span class='ocrx_word' id='word_1_502' title='bbox 1287 4573 1352 4612; x_wconf 83' lang='lat' dir='ltr'><strong>ex</strong></span> <span class='ocrx_word' id='word_1_503' title='bbox 1384 4558 1573 4612; x_wconf 87' lang='lat' dir='ltr'><strong>eodem</strong></span> <span class='ocrx_word' id='word_1_504' title='bbox 1606 4558 1795 4613; x_wconf 71' lang='lat' dir='ltr'><strong>Graeco</strong></span> <span class='ocrx_word' id='word_1_505' title='bbox 1824 4567 1967 4611; x_wconf 80' lang='lat' dir='ltr'><strong>textu</strong></span> <span class='ocrx_word' id='word_1_506' title='bbox 1998 4567 2117 4627; x_wconf 89' lang='lat' dir='ltr'><strong>post</strong></span> 
     </span>
    </p>
   </div>
   <div class='ocr_carea' id='block_1_74' title="bbox 536 4626 2109 4695">
    <p class='ocr_par' dir='ltr' id='par_1_74' title="bbox 536 4626 2109 4695">
     <span class='ocr_line' id='line_1_74' title="bbox 536 4626 2109 4695; baseline 0.003 -19"><span class='ocrx_word' id='word_1_507' title='bbox 536 4638 719 4679; x_wconf 89' lang='lat' dir='ltr'><strong>vocem</strong></span> <span class='ocrx_word' id='word_1_508' title='bbox 757 4626 1003 4695; x_wconf 82' lang='lat' dir='ltr'><strong>fiduciam</strong></span> <span class='ocrx_word' id='word_1_509' title='bbox 1040 4638 1094 4683; x_wconf 90' lang='lat' dir='ltr'><strong>et</strong></span> <span class='ocrx_word' id='word_1_510' title='bbox 1118 4637 1240 4683; x_wconf 86' lang='lat' dir='ltr'><strong>ante</strong></span> <span class='ocrx_word' id='word_1_511' title='bbox 1264 4644 1451 4683; x_wconf 90' lang='lat' dir='ltr'><strong>vocem</strong></span> <span class='ocrx_word' id='word_1_512' title='bbox 1494 4630 1713 4692; x_wconf 79' lang='lat' dir='ltr'><strong>adiecit,</strong></span> <span class='ocrx_word' id='word_1_513' title='bbox 1743 4630 1853 4682; x_wconf 90' lang='lat' dir='ltr'><strong>sive</strong></span> <span class='ocrx_word' id='word_1_514' title='bbox 1881 4626 2109 4693; x_wconf 84' lang='lat' dir='ltr'><strong>accessit,</strong></span> 
     </span>
    </p>
   </div>
   <div class='ocr_carea' id='block_1_75' title="bbox 536 4696 2117 4769">
    <p class='ocr_par' dir='ltr' id='par_1_75' title="bbox 536 4696 2117 4769">
     <span class='ocr_line' id='line_1_75' title="bbox 536 4696 2117 4769; baseline 0.003 -19"><span class='ocrx_word' id='word_1_515' title='bbox 536 4696 806 4769; x_wconf 83' lang='lat' dir='ltr'><strong>excidisse</strong></span> <span class='ocrx_word' id='word_1_516' title='bbox 836 4709 1148 4765; x_wconf 82' lang='lat' dir='ltr'><strong>noscuntur,</strong></span> <span class='ocrx_word' id='word_1_517' title='bbox 1199 4715 1319 4769; x_wconf 74' lang='lat' dir='ltr'><strong>quae</strong></span> <span class='ocrx_word' id='word_1_518' title='bbox 1362 4715 1429 4753; x_wconf 81' lang='lat' dir='ltr'><strong>ex</strong></span> <span class='ocrx_word' id='word_1_519' title='bbox 1473 4701 1688 4762; x_wconf 84' lang='lat' dir='ltr'><strong>antiqua</strong></span> <span class='ocrx_word' id='word_1_520' title='bbox 1734 4702 1980 4753; x_wconf 91' lang='lat' dir='ltr'><strong>versione</strong></span> <span class='ocrx_word' id='word_1_521' title='bbox 2031 4699 2117 4754; x_wconf 90' lang='lat' dir='ltr'><strong>hic</strong></span> 
     </span>
    </p>
   </div>
   <div class='ocr_carea' id='block_1_76' title="bbox 536 4768 2119 4840">
    <p class='ocr_par' dir='ltr' id='par_1_76' title="bbox 536 4768 2119 4840">
     <span class='ocr_line' id='line_1_76' title="bbox 536 4768 2119 4840; baseline 0.003 -22"><span class='ocrx_word' id='word_1_522' title='bbox 536 4768 889 4840; x_wconf 84' lang='lat' dir='ltr'><strong>appendimus</strong></span> <span class='ocrx_word' id='word_1_523' title='bbox 931 4788 945 4824; x_wconf 90' lang='lat'><strong>:</strong></span> <span class='ocrx_word' id='word_1_524' title='bbox 984 4769 1090 4827; x_wconf 88' lang='lat' dir='ltr'><strong>Sed</strong></span> <span class='ocrx_word' id='word_1_525' title='bbox 1126 4771 1368 4835; x_wconf 83' lang='lat' dir='ltr'><strong>quoniam</strong></span> <span class='ocrx_word' id='word_1_526' title='bbox 1393 4771 1629 4823; x_wconf 85' lang='lat' dir='ltr'><strong>secundis</strong></span> <span class='ocrx_word' id='word_1_527' title='bbox 1667 4770 1951 4824; x_wconf 65' lang='lat' dir='ltr'><strong>excessibus</strong></span> <span class='ocrx_word' id='word_1_528' title='bbox 1978 4772 2119 4840; x_wconf 85' lang='lat' dir='ltr'><strong>prio-</strong></span> 
     </span>
    </p>
   </div>
   <div class='ocr_carea' id='block_1_77' title="bbox 536 4839 2117 4910">
    <p class='ocr_par' dir='ltr' id='par_1_77' title="bbox 536 4839 2117 4910">
     <span class='ocr_line' id='line_1_77' title="bbox 536 4839 2117 4910; baseline 0.003 -21"><span class='ocrx_word' id='word_1_529' title='bbox 536 4850 643 4891; x_wconf 82' lang='lat' dir='ltr'><strong>rem</strong></span> <span class='ocrx_word' id='word_1_530' title='bbox 672 4839 988 4907; x_wconf 81' lang='lat' dir='ltr'><strong>iniquitatem</strong></span> <span class='ocrx_word' id='word_1_531' title='bbox 1035 4842 1181 4895; x_wconf 85' lang='lat' dir='ltr'><strong>valde</strong></span> <span class='ocrx_word' id='word_1_532' title='bbox 1224 4840 1535 4894; x_wconf 85' lang='lat' dir='ltr'><strong>transcendit</strong></span> <span class='ocrx_word' id='word_1_533' title='bbox 1565 4856 1585 4894; x_wconf 89' lang='lat'><strong><em>:</em></strong></span> <span class='ocrx_word' id='word_1_534' title='bbox 1615 4842 1939 4910; x_wconf 74' lang='lat' dir='ltr'><strong>prtesumpsit</strong></span> <span class='ocrx_word' id='word_1_535' title='bbox 1979 4839 2117 4895; x_wconf 85' lang='lat' dir='ltr'><strong>enim</strong></span> 
     </span>
    </p>
   </div>
   <div class='ocr_carea' id='block_1_78' title="bbox 536 4912 2113 4965">
    <p class='ocr_par' dir='ltr' id='par_1_78' title="bbox 536 4912 2113 4965">
     <span class='ocr_line' id='line_1_78' title="bbox 536 4912 2113 4965; baseline 0.002 -4"><span class='ocrx_word' id='word_1_536' title='bbox 536 4916 585 4962; x_wconf 90' lang='lat' dir='ltr'><strong>et</strong></span> <span class='ocrx_word' id='word_1_537' title='bbox 614 4913 1183 4965; x_wconf 56' lang='lat' dir='ltr'><strong>“communicationem</strong></span> <span class='ocrx_word' id='word_1_538' title='bbox 1223 4913 1418 4965; x_wconf 83' lang='lat' dir='ltr'><strong>dictare</strong></span> <span class='ocrx_word' id='word_1_539' title='bbox 1445 4912 1685 4965; x_wconf 80' lang='lat' dir='ltr'><strong>adversus</strong></span> <span class='ocrx_word' id='word_1_540' title='bbox 1733 4913 2113 4965; x_wconf 83' lang='lat' dir='ltr'><strong>sanctissimum</strong></span> 
     </span>
    </p>
   </div>
   <div class='ocr_carea' id='block_1_79' title="bbox 535 4978 2109 5055">
    <p class='ocr_par' dir='ltr' id='par_1_79' title="bbox 535 4978 2109 5055">
     <span class='ocr_line' id='line_1_79' title="bbox 535 4978 2109 5055; baseline 0.003 -22"><span class='ocrx_word' id='word_1_541' title='bbox 535 4989 587 5055; x_wconf 85' lang='lat' dir='ltr'><strong>e_t</strong></span> <span class='ocrx_word' id='word_1_542' title='bbox 620 4978 959 5055; x_wconf 78' lang='lat' dir='ltr'><strong>beatissimum</strong></span> <span class='ocrx_word' id='word_1_543' title='bbox 989 4984 1425 5055; x_wconf 76' lang='lat' dir='ltr'><strong>archiepiscopum</strong></span> <span class='ocrx_word' id='word_1_544' title='bbox 1448 4998 1647 5050; x_wconf 76' lang='lat' dir='ltr'><strong>magnte</strong></span> <span class='ocrx_word' id='word_1_545' title='bbox 1672 4984 1844 5037; x_wconf 83' lang='lat' dir='ltr'><strong>Roma:</strong></span> <span class='ocrx_word' id='word_1_546' title='bbox 1870 4980 2109 5055; x_wconf 63' lang='lat' dir='ltr'><strong>Leonem.</strong></span> 
     </span>
    </p>
   </div>
   <div class='ocr_carea' id='block_1_80' title="bbox 539 5048 2115 5108">
    <p class='ocr_par' dir='ltr' id='par_1_80' title="bbox 539 5048 2115 5108">
     <span class='ocr_line' id='line_1_80' title="bbox 539 5048 2115 5108; baseline 0.001 -3"><span class='ocrx_word' id='word_1_547' title='bbox 539 5048 673 5105; x_wconf 88' lang='lat' dir='ltr'><strong>Dein</strong></span> <span class='ocrx_word' id='word_1_548' title='bbox 723 5052 936 5107; x_wconf 87' lang='lat' dir='ltr'><strong>additur</strong></span> <span class='ocrx_word' id='word_1_549' title='bbox 985 5048 1241 5107; x_wconf 81' lang='lat' dir='ltr'><strong>adversus</strong></span> <span class='ocrx_word' id='word_1_550' title='bbox 1306 5048 1617 5107; x_wconf 78' lang='lat' dir='ltr'><strong>Dioscorum</strong></span> <span class='ocrx_word' id='word_1_551' title='bbox 1676 5054 1883 5106; x_wconf 84' lang='lat' dir='ltr'><strong>oblatos</strong></span> <span class='ocrx_word' id='word_1_552' title='bbox 1945 5053 2115 5108; x_wconf 82' lang='lat' dir='ltr'><strong>fuisse</strong></span> 
     </span>
    </p>
   </div>
   <div class='ocr_carea' id='block_1_81' title="bbox 536 5123 2108 5194">
    <p class='ocr_par' dir='ltr' id='par_1_81' title="bbox 536 5123 2108 5194">
     <span class='ocr_line' id='line_1_81' title="bbox 536 5123 2108 5194; baseline 0.001 -20"><span class='ocrx_word' id='word_1_553' title='bbox 536 5132 908 5194; x_wconf 83' lang='lat' dir='ltr'><strong>accusatorum</strong></span> <span class='ocrx_word' id='word_1_554' title='bbox 934 5124 1165 5186; x_wconf 88' lang='lat' dir='ltr'><strong>libellos.</strong></span> <span class='ocrx_word' id='word_1_555' title='bbox 1189 5124 1253 5178; x_wconf 91' lang='lat' dir='ltr'><strong>ad</strong></span> <span class='ocrx_word' id='word_1_556' title='bbox 1275 5139 1411 5194; x_wconf 87' lang='lat' dir='ltr'><strong>quos</strong></span> <span class='ocrx_word' id='word_1_557' title='bbox 1439 5123 1745 5194; x_wconf 81' lang='lat' dir='ltr'><strong>referuntur</strong></span> <span class='ocrx_word' id='word_1_558' title='bbox 1787 5126 2063 5193; x_wconf 87' lang='lat' dir='ltr'><strong>sequentia</strong></span> <span class='ocrx_word' id='word_1_559' title='bbox 2096 5142 2108 5176; x_wconf 91' lang='lat'><strong>:</strong></span> 
     </span>
    </p>
   </div>
   <div class='ocr_carea' id='block_1_82' title="bbox 540 5191 2113 5266">
    <p class='ocr_par' dir='ltr' id='par_1_82' title="bbox 540 5191 2113 5266">
     <span class='ocr_line' id='line_1_82' title="bbox 540 5191 2113 5266; baseline 0.002 -21"><span class='ocrx_word' id='word_1_560' title='bbox 540 5191 761 5266; x_wconf 78' lang='lat' dir='ltr'><strong>Accessit</strong></span> <span class='ocrx_word' id='word_1_561' title='bbox 808 5197 964 5249; x_wconf 85' lang='lat' dir='ltr'><strong>etiam</strong></span> <span class='ocrx_word' id='word_1_562' title='bbox 990 5191 1343 5250; x_wconf 80' lang='lat' dir='ltr'><strong>accusatorum</strong></span> <span class='ocrx_word' id='word_1_563' title='bbox 1376 5193 1685 5265; x_wconf 79' lang='lat' dir='ltr'><strong>supplicatio</strong></span> <span class='ocrx_word' id='word_1_564' title='bbox 1724 5191 1880 5248; x_wconf 80' lang='lat' dir='ltr'><strong>rariis</strong></span> <span class='ocrx_word' id='word_1_565' title='bbox 1925 5196 2113 5266; x_wconf 80' lang='lat' dir='ltr'><strong>referta</strong></span> 
     </span>
    </p>
   </div>
   <div class='ocr_carea' id='block_1_83' title="bbox 535 5265 853 5321">
    <p class='ocr_par' dir='ltr' id='par_1_83' title="bbox 535 5265 853 5321">
     <span class='ocr_line' id='line_1_83' title="bbox 535 5265 853 5321; baseline 0.019 -6"><span class='ocrx_word' id='word_1_566' title='bbox 535 5265 853 5321; x_wconf 84' lang='lat' dir='ltr'><strong>criminibus.</strong></span> 
     </span>
    </p>
   </div>
   <div class='ocr_carea' id='block_1_84' title="bbox 614 5337 1282 5404">
    <p class='ocr_par' dir='ltr' id='par_1_84' title="bbox 614 5337 1282 5404">
     <span class='ocr_line' id='line_1_84' title="bbox 614 5337 1282 5404; baseline 0.003 -13"><span class='ocrx_word' id='word_1_567' title='bbox 614 5346 637 5404; x_wconf 54' lang='grc' dir='ltr'>ξ</span> <span class='ocrx_word' id='word_1_568' title='bbox 669 5337 837 5404; x_wconf 84' lang='lat' dir='ltr'><strong>Alias,</strong></span> <span class='ocrx_word' id='word_1_569' title='bbox 867 5338 1282 5402; x_wconf 76' lang='lat' dir='ltr'><strong>fundamentum.</strong></span> 
     </span>
    </p>
   </div>
   <div class='ocr_carea' id='block_1_85' title="bbox 609 5402 2107 5476">
    <p class='ocr_par' dir='ltr' id='par_1_85' title="bbox 609 5402 2107 5476">
     <span class='ocr_line' id='line_1_85' title="bbox 609 5402 2107 5476; baseline -0.001 -15"><span class='ocrx_word' id='word_1_570' title='bbox 609 5402 637 5443; x_wconf 71' lang='grc' dir='ltr'><strong>ἀ</strong></span> <span class='ocrx_word' id='word_1_571' title='bbox 677 5402 827 5463; x_wconf 85' lang='lat' dir='ltr'><strong>Alias</strong></span> <span class='ocrx_word' id='word_1_572' title='bbox 858 5408 946 5464; x_wconf 88' lang='lat'><strong>88.</strong></span> <span class='ocrx_word' id='word_1_573' title='bbox 975 5411 1105 5476; x_wconf 80' lang='lat' dir='ltr'><strong>Quae</strong></span> <span class='ocrx_word' id='word_1_574' title='bbox 1137 5420 1314 5464; x_wconf 90' lang='lat' dir='ltr'><strong>autem</strong></span> <span class='ocrx_word' id='word_1_575' title='bbox 1337 5417 1490 5464; x_wconf 88' lang='lat' dir='ltr'><strong>antea</strong></span> <span class='ocrx_word' id='word_1_576' title='bbox 1515 5409 1617 5466; x_wconf 74' lang='grc'>104</span> <span class='ocrx_word' id='word_1_577' title='bbox 1647 5416 1782 5475; x_wconf 90' lang='lat' dir='ltr'><strong>erat,</strong></span> <span class='ocrx_word' id='word_1_578' title='bbox 1815 5422 1955 5462; x_wconf 91' lang='lat' dir='ltr'><strong>nunc</strong></span> <span class='ocrx_word' id='word_1_579' title='bbox 1986 5408 2107 5463; x_wconf 77' lang='grc'><strong>150.</strong></span> 
     </span>
    </p>
   </div>
   <div class='ocr_carea' id='block_1_86' title="bbox 538 5477 1265 5546">
    <p class='ocr_par' dir='ltr' id='par_1_86' title="bbox 538 5477 1265 5546">
     <span class='ocr_line' id='line_1_86' title="bbox 538 5477 1265 5546; baseline 0 -11"><span class='ocrx_word' id='word_1_580' title='bbox 538 5477 749 5546; x_wconf 83' lang='lat' dir='ltr'><strong>Scripta</strong></span> <span class='ocrx_word' id='word_1_581' title='bbox 768 5477 842 5533; x_wconf 70' lang='lat'><strong>22</strong></span> <span class='ocrx_word' id='word_1_582' title='bbox 869 5481 990 5535; x_wconf 80' lang='lat' dir='ltr'><strong>Maii</strong></span> <span class='ocrx_word' id='word_1_583' title='bbox 1018 5495 1105 5534; x_wconf 87' lang='lat' dir='ltr'><strong>an.</strong></span> <span class='ocrx_word' id='word_1_584' title='bbox 1139 5481 1265 5535; x_wconf 70' lang='grc'><strong>452.</strong></span> 
     </span>
    </p>
   </div>
   <div class='ocr_carea' id='block_1_87' title="bbox 613 5549 2112 5618">
    <p class='ocr_par' dir='ltr' id='par_1_87' title="bbox 613 5549 2112 5618">
     <span class='ocr_line' id='line_1_87' title="bbox 613 5549 2112 5618; baseline -0.001 -14"><span class='ocrx_word' id='word_1_585' title='bbox 613 5552 642 5584; x_wconf 82' lang='grc'><strong><em>⁸</em></strong></span> <span class='ocrx_word' id='word_1_586' title='bbox 681 5550 773 5604; x_wconf 88' lang='lat' dir='ltr'><strong>Est</strong></span> <span class='ocrx_word' id='word_1_587' title='bbox 796 5551 848 5604; x_wconf 91' lang='lat' dir='ltr'><strong>in</strong></span> <span class='ocrx_word' id='word_1_588' title='bbox 877 5550 1152 5606; x_wconf 91' lang='lat' dir='ltr'><strong>codicibus</strong></span> <span class='ocrx_word' id='word_1_589' title='bbox 1174 5552 1385 5608; x_wconf 88' lang='lat' dir='ltr'><strong>collect.</strong></span> <span class='ocrx_word' id='word_1_590' title='bbox 1418 5552 1452 5607; x_wconf 83' lang='lat'><strong>5</strong></span> <span class='ocrx_word' id='word_1_591' title='bbox 1487 5552 1661 5618; x_wconf 83' lang='lat' dir='ltr'><strong>Hisp.,</strong></span> <span class='ocrx_word' id='word_1_592' title='bbox 1694 5549 1820 5603; x_wconf 84' lang='lat' dir='ltr'><strong>lsitl.</strong></span> <span class='ocrx_word' id='word_1_593' title='bbox 1852 5549 1937 5610; x_wconf 85' lang='lat' dir='ltr'><strong>l6,</strong></span> <span class='ocrx_word' id='word_1_594' title='bbox 1964 5549 2030 5603; x_wconf 84' lang='lat' dir='ltr'><strong>l8</strong></span> <span class='ocrx_word' id='word_1_595' title='bbox 2059 5558 2112 5602; x_wconf 88' lang='lat' dir='ltr'><strong>et</strong></span> 
     </span>
    </p>
   </div>
   <div class='ocr_carea' id='block_1_88' title="bbox 504 5619 2111 5691">
    <p class='ocr_par' dir='ltr' id='par_1_88' title="bbox 504 5619 2111 5691">
     <span class='ocr_line' id='line_1_88' title="bbox 504 5619 2111 5691; baseline -0.002 -15"><span class='ocrx_word' id='word_1_596' title='bbox 504 5658 505 5661; x_wconf 60' lang='grc' dir='ltr'><strong>η</strong></span> <span class='ocrx_word' id='word_1_597' title='bbox 540 5619 762 5691; x_wconf 86' lang='lat' dir='ltr'><strong>reliquis</strong></span> <span class='ocrx_word' id='word_1_598' title='bbox 790 5636 959 5690; x_wconf 89' lang='lat' dir='ltr'><strong>usque</strong></span> <span class='ocrx_word' id='word_1_599' title='bbox 984 5623 1050 5676; x_wconf 90' lang='lat' dir='ltr'><strong>ad</strong></span> <span class='ocrx_word' id='word_1_600' title='bbox 1079 5623 1169 5687; x_wconf 73' lang='grc'><strong>24,</strong></span> <span class='ocrx_word' id='word_1_601' title='bbox 1189 5639 1253 5677; x_wconf 91' lang='lat' dir='ltr'><strong>ac</strong></span> <span class='ocrx_word' id='word_1_602' title='bbox 1292 5625 1345 5678; x_wconf 90' lang='lat' dir='ltr'><strong>in</strong></span> <span class='ocrx_word' id='word_1_603' title='bbox 1376 5622 1672 5689; x_wconf 78' lang='lat' dir='ltr'><strong>exemplari</strong></span> <span class='ocrx_word' id='word_1_604' title='bbox 1701 5620 1967 5674; x_wconf 86' lang='lat' dir='ltr'><strong>Sichardi.</strong></span> <span class='ocrx_word' id='word_1_605' title='bbox 2004 5620 2111 5673; x_wconf 79' lang='lat' dir='ltr'><strong>Re-</strong></span> 
     </span>
    </p>
   </div>
   <div class='ocr_carea' id='block_1_89' title="bbox 541 5691 2111 5762">
    <p class='ocr_par' dir='ltr' id='par_1_89' title="bbox 541 5691 2111 5762">
     <span class='ocr_line' id='line_1_89' title="bbox 541 5691 2111 5762; baseline -0.003 -15"><span class='ocrx_word' id='word_1_606' title='bbox 541 5691 772 5762; x_wconf 76' lang='lat' dir='ltr'><strong>Spondet</strong></span> <span class='ocrx_word' id='word_1_607' title='bbox 813 5692 1054 5761; x_wconf 76' lang='lat' dir='ltr'><strong>epistola:</strong></span> <span class='ocrx_word' id='word_1_608' title='bbox 1097 5693 1217 5749; x_wconf 71' lang='lat'><strong>100.</strong></span> <span class='ocrx_word' id='word_1_609' title='bbox 1266 5693 1453 5750; x_wconf 59' lang='lat' dir='ltr'><strong>Graeca</strong></span> <span class='ocrx_word' id='word_1_610' title='bbox 1483 5693 1657 5747; x_wconf 89' lang='lat' dir='ltr'><strong>versio</strong></span> <span class='ocrx_word' id='word_1_611' title='bbox 1699 5704 1840 5745; x_wconf 91' lang='lat' dir='ltr'><strong>nunc</strong></span> <span class='ocrx_word' id='word_1_612' title='bbox 1882 5691 2111 5759; x_wconf 88' lang='lat' dir='ltr'><strong>primum</strong></span> 
     </span>
    </p>
   </div>
   <div class='ocr_carea' id='block_1_90' title="bbox 542 5761 1600 5832">
    <p class='ocr_par' dir='ltr' id='par_1_90' title="bbox 542 5761 1600 5832">
     <span class='ocr_line' id='line_1_90' title="bbox 542 5761 1600 5832; baseline 0.001 -17"><span class='ocrx_word' id='word_1_613' title='bbox 542 5761 813 5832; x_wconf 79' lang='lat' dir='ltr'><strong>profertur</strong></span> <span class='ocrx_word' id='word_1_614' title='bbox 838 5778 905 5818; x_wconf 79' lang='lat' dir='ltr'><strong>ex</strong></span> <span class='ocrx_word' id='word_1_615' title='bbox 928 5764 1050 5819; x_wconf 90' lang='lat' dir='ltr'><strong>cod.</strong></span> <span class='ocrx_word' id='word_1_616' title='bbox 1080 5764 1202 5819; x_wconf 86' lang='lat' dir='ltr'><strong>Vat.</strong></span> <span class='ocrx_word' id='word_1_617' title='bbox 1229 5765 1416 5821; x_wconf 66' lang='lat' dir='ltr'><strong>Grmco</strong></span> <span class='ocrx_word' id='word_1_618' title='bbox 1442 5764 1600 5820; x_wconf 76' lang='grc'><strong>1455.</strong></span> 
     </span>
    </p>
   </div>
   <div class='ocr_carea' id='block_1_91' title="bbox 620 5830 2111 5905">
    <p class='ocr_par' dir='ltr' id='par_1_91' title="bbox 620 5830 2111 5905">
     <span class='ocr_line' id='line_1_91' title="bbox 620 5830 2111 5905; baseline -0.003 -16"><span class='ocrx_word' id='word_1_619' title='bbox 620 5830 779 5905; x_wconf 66' lang='lat' dir='ltr'><strong>‘__llic</strong></span> <span class='ocrx_word' id='word_1_620' title='bbox 808 5836 990 5891; x_wconf 90' lang='lat' dir='ltr'><strong>titulus</strong></span> <span class='ocrx_word' id='word_1_621' title='bbox 1017 5835 1208 5905; x_wconf 87' lang='lat' dir='ltr'><strong>legitur</strong></span> <span class='ocrx_word' id='word_1_622' title='bbox 1244 5836 1297 5890; x_wconf 92' lang='lat' dir='ltr'><strong>in</strong></span> <span class='ocrx_word' id='word_1_623' title='bbox 1342 5850 1472 5889; x_wconf 91' lang='lat' dir='ltr'><strong>mss.</strong></span> <span class='ocrx_word' id='word_1_624' title='bbox 1505 5834 1714 5889; x_wconf 89' lang='lat' dir='ltr'><strong>collect.</strong></span> <span class='ocrx_word' id='word_1_625' title='bbox 1746 5835 1807 5894; x_wconf 84' lang='lat'><strong>5,</strong></span> <span class='ocrx_word' id='word_1_626' title='bbox 1853 5848 1973 5901; x_wconf 85' lang='lat' dir='ltr'><strong>cap.</strong></span> <span class='ocrx_word' id='word_1_627' title='bbox 2018 5831 2111 5905; x_wconf 76' lang='lat'><strong>90.</strong></span> 
     </span>
    </p>
   </div>
   <div class='ocr_carea' id='block_1_92' title="bbox 545 5900 2111 5975">
    <p class='ocr_par' dir='ltr' id='par_1_92' title="bbox 545 5900 2111 5975">
     <span class='ocr_line' id='line_1_92' title="bbox 545 5900 2111 5975; baseline -0.003 -13"><span class='ocrx_word' id='word_1_628' title='bbox 545 5900 610 5962; x_wconf 75' lang='grc' dir='ltr'><strong>ιιι</strong></span> <span class='ocrx_word' id='word_1_629' title='bbox 637 5900 916 5971; x_wconf 81' lang='lat' dir='ltr'><strong>HiSpanica</strong></span> <span class='ocrx_word' id='word_1_630' title='bbox 946 5900 1123 5961; x_wconf 70' lang='lat' dir='ltr'><strong>autem</strong></span> <span class='ocrx_word' id='word_1_631' title='bbox 1148 5908 1223 5961; x_wconf 90' lang='lat' dir='ltr'><strong>sic</strong></span> <span class='ocrx_word' id='word_1_632' title='bbox 1249 5924 1259 5961; x_wconf 90' lang='lat'><strong>:</strong></span> <span class='ocrx_word' id='word_1_633' title='bbox 1289 5905 1385 5960; x_wconf 87' lang='lat' dir='ltr'><strong>Ubi</strong></span> <span class='ocrx_word' id='word_1_634' title='bbox 1420 5907 1481 5959; x_wconf 82' lang='lat' dir='ltr'><strong>de</strong></span> <span class='ocrx_word' id='word_1_635' title='bbox 1520 5906 1625 5975; x_wconf 83' lang='lat' dir='ltr'><strong>ejus</strong></span> <span class='ocrx_word' id='word_1_636' title='bbox 1666 5900 1953 5973; x_wconf 81' lang='lat' dir='ltr'><strong>gratulatur</strong></span> <span class='ocrx_word' id='word_1_637' title='bbox 1992 5904 2111 5971; x_wconf 79' lang='lat' dir='ltr'><strong>ﬁde,</strong></span> 
     </span>
    </p>
   </div>
   <div class='ocr_carea' id='block_1_93' title="bbox 2221 3526 3815 3605">
    <p class='ocr_par' dir='ltr' id='par_1_93' title="bbox 2221 3526 3815 3605">
     <span class='ocr_line' id='line_1_93' title="bbox 2221 3526 3815 3605; baseline -0.006 -20"><span class='ocrx_word' id='word_1_638' title='bbox 2221 3535 2380 3605; x_wconf 76' lang='grc' dir='ltr'>φωτὸς</span> <span class='ocrx_word' id='word_1_639' title='bbox 2417 3534 2756 3604; x_wconf 82' lang='grc' dir='ltr'>ἐκλάμποντος</span> <span class='ocrx_word' id='word_1_640' title='bbox 2802 3538 2892 3591; x_wconf 81' lang='grc' dir='ltr'><strong>τῆς</strong></span> <span class='ocrx_word' id='word_1_641' title='bbox 2928 3530 3176 3591; x_wconf 80' lang='grc' dir='ltr'>ἀληθείας,</span> <span class='ocrx_word' id='word_1_642' title='bbox 3221 3526 3377 3596; x_wconf 83' lang='grc' dir='ltr'>μόνας</span> <span class='ocrx_word' id='word_1_643' title='bbox 3411 3527 3505 3584; x_wconf 80' lang='grc' dir='ltr'><strong>τὰς</strong></span> <span class='ocrx_word' id='word_1_644' title='bbox 3549 3531 3641 3584; x_wconf 73' lang='grc' dir='ltr'><strong>τῆς</strong></span> <span class='ocrx_word' id='word_1_645' title='bbox 3684 3544 3815 3577; x_wconf 76' lang='grc' dir='ltr'>σκο-</span> 
     </span>
    </p>
   </div>
   <div class='ocr_carea' id='block_1_94' title="bbox 2220 3616 3818 3696">
    <p class='ocr_par' dir='ltr' id='par_1_94' title="bbox 2220 3616 3818 3696">
     <span class='ocr_line' id='line_1_94' title="bbox 2220 3616 3818 3696; baseline -0.009 -16"><span class='ocrx_word' id='word_1_646' title='bbox 2220 3628 2359 3684; x_wconf 78' lang='grc' dir='ltr'>τείας</span> <span class='ocrx_word' id='word_1_647' title='bbox 2405 3626 2600 3686; x_wconf 80' lang='grc' dir='ltr'>πλάνας</span> <span class='ocrx_word' id='word_1_648' title='bbox 2657 3625 2784 3696; x_wconf 82' lang='grc' dir='ltr'><strong>μετά</strong></span> <span class='ocrx_word' id='word_1_649' title='bbox 2822 3631 2921 3677; x_wconf 82' lang='grc' dir='ltr'>τῶν</span> <span class='ocrx_word' id='word_1_650' title='bbox 2973 3621 3109 3676; x_wconf 82' lang='grc' dir='ltr'>ἰδίων</span> <span class='ocrx_word' id='word_1_651' title='bbox 3153 3618 3469 3675; x_wconf 72' lang='grc' dir='ltr'><strong>διδασκάλων</strong></span> <span class='ocrx_word' id='word_1_652' title='bbox 3520 3616 3818 3673; x_wconf 73' lang='grc' dir='ltr'>ἐκϐληθῆναι</span> 
     </span>
    </p>
   </div>
   <div class='ocr_carea' id='block_1_95' title="bbox 2220 3713 3817 3794">
    <p class='ocr_par' dir='ltr' id='par_1_95' title="bbox 2220 3713 3817 3794">
     <span class='ocr_line' id='line_1_95' title="bbox 2220 3713 3817 3794; baseline -0.006 -21"><span class='ocrx_word' id='word_1_653' title='bbox 2220 3718 2243 3749; x_wconf 73' lang='grc'><strong>⁸</strong></span> <span class='ocrx_word' id='word_1_654' title='bbox 2274 3726 2336 3794; x_wconf 80' lang='grc' dir='ltr'>τῇ</span> <span class='ocrx_word' id='word_1_655' title='bbox 2366 3721 2643 3774; x_wconf 79' lang='grc' dir='ltr'>ἀναστάσει</span> <span class='ocrx_word' id='word_1_656' title='bbox 2682 3721 2750 3778; x_wconf 82' lang='grc' dir='ltr'><strong>εἰς</strong></span> <span class='ocrx_word' id='word_1_657' title='bbox 2784 3718 3061 3785; x_wconf 77' lang='grc' dir='ltr'>βεϐαίωσιν</span> <span class='ocrx_word' id='word_1_658' title='bbox 3103 3722 3201 3770; x_wconf 83' lang='grc' dir='ltr'>τῶν</span> <span class='ocrx_word' id='word_1_659' title='bbox 3244 3716 3423 3788; x_wconf 83' lang='grc' dir='ltr'>ἀρχῶν</span> <span class='ocrx_word' id='word_1_660' title='bbox 3464 3719 3556 3772; x_wconf 83' lang='grc' dir='ltr'><strong>τῆς</strong></span> <span class='ocrx_word' id='word_1_661' title='bbox 3585 3713 3817 3770; x_wconf 68' lang='grc' dir='ltr'>πίστεως</span> 
     </span>
    </p>
   </div>
   <div class='ocr_carea' id='block_1_96' title="bbox 2222 3805 3817 3887">
    <p class='ocr_par' dir='ltr' id='par_1_96' title="bbox 2222 3805 3817 3887">
     <span class='ocr_line' id='line_1_96' title="bbox 2222 3805 3817 3887; baseline -0.006 -21"><span class='ocrx_word' id='word_1_662' title='bbox 2222 3811 2376 3869; x_wconf 82' lang='grc' dir='ltr'>πολλὴ</span> <span class='ocrx_word' id='word_1_663' title='bbox 2408 3813 2678 3887; x_wconf 77' lang='grc' dir='ltr'>ἀμεριμνία</span> <span class='ocrx_word' id='word_1_664' title='bbox 2717 3810 2912 3867; x_wconf 79' lang='grc' dir='ltr'><strong>ἐπῆλθε·</strong></span> <span class='ocrx_word' id='word_1_665' title='bbox 2942 3812 3019 3861; x_wconf 87' lang='grc' dir='ltr'>καί</span> <span class='ocrx_word' id='word_1_666' title='bbox 3054 3809 3149 3881; x_wconf 73' lang='grc' dir='ltr'><strong>’γὰρ</strong></span> <span class='ocrx_word' id='word_1_667' title='bbox 3194 3814 3337 3861; x_wconf 85' lang='grc' dir='ltr'>τινῶν</span> <span class='ocrx_word' id='word_1_668' title='bbox 3376 3805 3670 3859; x_wconf 81' lang='grc' dir='ltr'>ἀποστόλων</span> <span class='ocrx_word' id='word_1_669' title='bbox 3692 3807 3817 3876; x_wconf 78' lang='grc' dir='ltr'><strong>περί</strong></span> 
     </span>
    </p>
   </div>
   <div class='ocr_carea' id='block_1_97' title="bbox 2222 3898 3817 3975">
    <p class='ocr_par' dir='ltr' id='par_1_97' title="bbox 2222 3898 3817 3975">
     <span class='ocr_line' id='line_1_97' title="bbox 2222 3898 3817 3975; baseline -0.005 -16"><span class='ocrx_word' id='word_1_670' title='bbox 2222 3911 2312 3964; x_wconf 79' lang='grc' dir='ltr'><strong>τῆς</strong></span> <span class='ocrx_word' id='word_1_671' title='bbox 2353 3911 2649 3973; x_wconf 76' lang='grc' dir='ltr'>σωματικῆς</span> <span class='ocrx_word' id='word_1_672' title='bbox 2686 3908 2776 3957; x_wconf 77' lang='grc' dir='ltr'>τοῦ</span> <span class='ocrx_word' id='word_1_673' title='bbox 2817 3900 3060 3956; x_wconf 78' lang='grc' dir='ltr'>δεστότου</span> <span class='ocrx_word' id='word_1_674' title='bbox 3106 3905 3327 3975; x_wconf 79' lang='grc' dir='ltr'>Χριστοῦ</span> <span class='ocrx_word' id='word_1_675' title='bbox 3378 3898 3607 3956; x_wconf 80' lang='grc' dir='ltr'><strong>ἀληθείας</strong></span> <span class='ocrx_word' id='word_1_676' title='bbox 3657 3898 3817 3968; x_wconf 71' lang='grc' dir='ltr'>ἀμφι-</span> 
     </span>
    </p>
   </div>
   <div class='ocr_carea' id='block_1_98' title="bbox 2220 4055 3820 4129">
    <p class='ocr_par' dir='ltr' id='par_1_98' title="bbox 2220 4055 3820 4129">
     <span class='ocr_line' id='line_1_98' title="bbox 2220 4055 3820 4129; baseline -0.003 -18"><span class='ocrx_word' id='word_1_677' title='bbox 2220 4075 2335 4129; x_wconf 83' lang='lat' dir='ltr'><strong>qute</strong></span> <span class='ocrx_word' id='word_1_678' title='bbox 2371 4060 2423 4129; x_wconf 79' lang='lat' dir='ltr'><strong>in</strong></span> <span class='ocrx_word' id='word_1_679' title='bbox 2456 4058 2850 4111; x_wconf 80' lang='lat' dir='ltr'><strong>Chalcedonensi</strong></span> <span class='ocrx_word' id='word_1_680' title='bbox 2895 4056 3111 4109; x_wconf 85' lang='lat' dir='ltr'><strong>concilio</strong></span> <span class='ocrx_word' id='word_1_681' title='bbox 3142 4066 3279 4127; x_wconf 84' lang='lat' dir='ltr'><strong>gesta</strong></span> <span class='ocrx_word' id='word_1_682' title='bbox 3320 4062 3435 4129; x_wconf 80' lang='lat' dir='ltr'><strong>est;</strong></span> <span class='ocrx_word' id='word_1_683' title='bbox 3484 4062 3529 4105; x_wconf 89' lang='lat' dir='ltr'><strong>et</strong></span> <span class='ocrx_word' id='word_1_684' title='bbox 3568 4060 3635 4129; x_wconf 75' lang='lat' dir='ltr'><strong>de</strong></span> <span class='ocrx_word' id='word_1_685' title='bbox 3675 4055 3820 4107; x_wconf 77' lang='lat' dir='ltr'><strong>Ana-</strong></span> 
     </span>
    </p>
   </div>
   <div class='ocr_carea' id='block_1_99' title="bbox 2224 4125 3813 4195">
    <p class='ocr_par' dir='ltr' id='par_1_99' title="bbox 2224 4125 3813 4195">
     <span class='ocr_line' id='line_1_99' title="bbox 2224 4125 3813 4195; baseline -0.003 -13"><span class='ocrx_word' id='word_1_686' title='bbox 2224 4125 2346 4183; x_wconf 80' lang='lat' dir='ltr'><strong>tolio</strong></span> <span class='ocrx_word' id='word_1_687' title='bbox 2386 4127 2952 4194; x_wconf 75' lang='lat' dir='ltr'><strong>Constantinopolitano</strong></span> <span class='ocrx_word' id='word_1_688' title='bbox 2979 4125 3235 4195; x_wconf 76' lang='lat' dir='ltr'><strong>episcopo,</strong></span> <span class='ocrx_word' id='word_1_689' title='bbox 3258 4127 3365 4195; x_wconf 12' lang='lat' dir='ltr'><strong>qui,</strong></span> <span class='ocrx_word' id='word_1_690' title='bbox 3387 4126 3437 4175; x_wconf 89' lang='lat' dir='ltr'><strong>in</strong></span> <span class='ocrx_word' id='word_1_691' title='bbox 3481 4125 3659 4177; x_wconf 86' lang='lat' dir='ltr'><strong>eodem</strong></span> <span class='ocrx_word' id='word_1_692' title='bbox 3688 4142 3813 4177; x_wconf 79' lang='lat' dir='ltr'><strong>con-</strong></span> 
     </span>
    </p>
   </div>
   <div class='ocr_carea' id='block_1_100' title="bbox 2221 4194 3820 4253">
    <p class='ocr_par' dir='ltr' id='par_1_100' title="bbox 2221 4194 3820 4253">
     <span class='ocr_line' id='line_1_100' title="bbox 2221 4194 3820 4253; baseline -0.001 -1"><span class='ocrx_word' id='word_1_693' title='bbox 2221 4200 2340 4253; x_wconf 86' lang='lat' dir='ltr'><strong>cilio</strong></span> <span class='ocrx_word' id='word_1_694' title='bbox 2378 4201 2777 4253; x_wconf 76' lang='lat' dir='ltr'><strong>Alexandrinam</strong></span> <span class='ocrx_word' id='word_1_695' title='bbox 2824 4210 2871 4252; x_wconf 91' lang='lat' dir='ltr'><strong>et</strong></span> <span class='ocrx_word' id='word_1_696' title='bbox 2915 4194 3278 4251; x_wconf 82' lang='lat' dir='ltr'><strong>Antiochenam</strong></span> <span class='ocrx_word' id='word_1_697' title='bbox 3332 4194 3586 4247; x_wconf 65' lang='lat' dir='ltr'><strong>Ecclesia:</strong></span> <span class='ocrx_word' id='word_1_698' title='bbox 3634 4206 3820 4251; x_wconf 82' lang='lat' dir='ltr'><strong>contra</strong></span> 
     </span>
    </p>
   </div>
   <div class='ocr_carea' id='block_1_101' title="bbox 2222 4268 3521 4337">
    <p class='ocr_par' dir='ltr' id='par_1_101' title="bbox 2222 4268 3521 4337">
     <span class='ocr_line' id='line_1_101' title="bbox 2222 4268 3521 4337; baseline -0.005 -12"><span class='ocrx_word' id='word_1_699' title='bbox 2222 4274 2496 4325; x_wconf 83' lang='lat' dir='ltr'><strong>constituta</strong></span> <span class='ocrx_word' id='word_1_700' title='bbox 2529 4288 2616 4337; x_wconf 82' lang='lat' dir='ltr'><strong>per</strong></span> <span class='ocrx_word' id='word_1_701' title='bbox 2644 4272 2885 4323; x_wconf 85' lang='lat' dir='ltr'><strong>ambitum</strong></span> <span class='ocrx_word' id='word_1_702' title='bbox 2916 4270 3009 4322; x_wconf 86' lang='lat' dir='ltr'><strong>sibi</strong></span> <span class='ocrx_word' id='word_1_703' title='bbox 3043 4270 3199 4321; x_wconf 72' lang='lat' dir='ltr'><strong>voluit</strong></span> <span class='ocrx_word' id='word_1_704' title='bbox 3227 4268 3521 4334; x_wconf 80' lang='lat' dir='ltr'><strong>subiugarc.</strong></span> 
     </span>
    </p>
   </div>
   <div class='ocr_carea' id='block_1_102' title="bbox 2298 4338 3821 4407">
    <p class='ocr_par' dir='ltr' id='par_1_102' title="bbox 2298 4338 3821 4407">
     <span class='ocr_line' id='line_1_102' title="bbox 2298 4338 3821 4407; baseline -0.001 -12"><span class='ocrx_word' id='word_1_705' title='bbox 2298 4351 2322 4387; x_wconf 79' lang='lat'><strong><em>8</em></strong></span> <span class='ocrx_word' id='word_1_706' title='bbox 2365 4342 2419 4395; x_wconf 87' lang='lat' dir='ltr'><strong>In</strong></span> <span class='ocrx_word' id='word_1_707' title='bbox 2466 4344 2790 4395; x_wconf 81' lang='lat' dir='ltr'><strong>etlitionibus</strong></span> <span class='ocrx_word' id='word_1_708' title='bbox 2835 4341 3027 4393; x_wconf 79' lang='lat' dir='ltr'><strong>Leonis</strong></span> <span class='ocrx_word' id='word_1_709' title='bbox 3073 4349 3191 4407; x_wconf 89' lang='lat' dir='ltr'><strong>post</strong></span> <span class='ocrx_word' id='word_1_710' title='bbox 3233 4338 3569 4407; x_wconf 69' lang='lat' dir='ltr'><strong>Canistanam</strong></span> <span class='ocrx_word' id='word_1_711' title='bbox 3604 4345 3659 4389; x_wconf 90' lang='lat' dir='ltr'><strong>et</strong></span> <span class='ocrx_word' id='word_1_712' title='bbox 3686 4347 3821 4393; x_wconf 81' lang='lat' dir='ltr'><strong>ante</strong></span> 
     </span>
    </p>
   </div>
   <div class='ocr_carea' id='block_1_103' title="bbox 2224 4406 3815 4477">
    <p class='ocr_par' dir='ltr' id='par_1_103' title="bbox 2224 4406 3815 4477">
     <span class='ocr_line' id='line_1_103' title="bbox 2224 4406 3815 4477; baseline -0.001 -13"><span class='ocrx_word' id='word_1_713' title='bbox 2224 4412 2570 4477; x_wconf 88' lang='lat' dir='ltr'><strong>Quesnelltttu</strong></span> <span class='ocrx_word' id='word_1_714' title='bbox 2622 4412 2736 4466; x_wconf 72' lang='lat' dir='ltr'><strong>lu&#39;c</strong></span> <span class='ocrx_word' id='word_1_715' title='bbox 2778 4406 3296 4477; x_wconf 21' lang='lat' dir='ltr'><strong>imoriptio’legitttr</strong></span> <span class='ocrx_word' id='word_1_716' title='bbox 3331 4426 3343 4463; x_wconf 92' lang='lat'>:</span> <span class='ocrx_word' id='word_1_717' title='bbox 3382 4406 3483 4459; x_wconf 86' lang='lat' dir='ltr'><strong>Leo</strong></span> <span class='ocrx_word' id='word_1_718' title='bbox 3531 4409 3815 4475; x_wconf 77' lang='lat' dir='ltr'><strong>episwpus</strong></span> 
     </span>
    </p>
   </div>
   <div class='ocr_carea' id='block_1_104' title="bbox 2226 4478 3815 4546">
    <p class='ocr_par' dir='ltr' id='par_1_104' title="bbox 2226 4478 3815 4546">
     <span class='ocr_line' id='line_1_104' title="bbox 2226 4478 3815 4546; baseline -0.003 -10"><span class='ocrx_word' id='word_1_719' title='bbox 2226 4484 2475 4537; x_wconf 67' lang='lat' dir='ltr'><strong>Romanis</strong></span> <span class='ocrx_word' id='word_1_720' title='bbox 2515 4496 2560 4537; x_wconf 88' lang='lat' dir='ltr'><strong>et</strong></span> <span class='ocrx_word' id='word_1_721' title='bbox 2603 4482 2903 4537; x_wconf 71' lang='lat' dir='ltr'><strong>universalis</strong></span> <span class='ocrx_word' id='word_1_722' title='bbox 2957 4482 3197 4535; x_wconf 73' lang='lat' dir='ltr'><strong>Ecclesia:</strong></span> <span class='ocrx_word' id='word_1_723' title='bbox 3243 4480 3504 4533; x_wconf 84' lang='lat' dir='ltr'><strong>Marciano</strong></span> <span class='ocrx_word' id='word_1_724' title='bbox 3552 4478 3815 4546; x_wconf 80' lang='lat' dir='ltr'><strong>Augusto.</strong></span> 
     </span>
    </p>
   </div>
   <div class='ocr_carea' id='block_1_105' title="bbox 2224 4549 3820 4616">
    <p class='ocr_par' dir='ltr' id='par_1_105' title="bbox 2224 4549 3820 4616">
     <span class='ocr_line' id='line_1_105' title="bbox 2224 4549 3820 4616; baseline -0.004 -7"><span class='ocrx_word' id='word_1_725' title='bbox 2224 4554 2302 4609; x_wconf 69' lang='lat' dir='ltr'><strong>Ex</strong></span> <span class='ocrx_word' id='word_1_726' title='bbox 2346 4556 2528 4608; x_wconf 62' lang='grc' dir='ltr'><strong>(ἐι-πη</strong></span> <span class='ocrx_word' id='word_1_727' title='bbox 2562 4566 2737 4607; x_wconf 89' lang='lat' dir='ltr'><strong>autem</strong></span> <span class='ocrx_word' id='word_1_728' title='bbox 2772 4555 3023 4607; x_wconf 88' lang='lat' dir='ltr'><strong>versione</strong></span> <span class='ocrx_word' id='word_1_729' title='bbox 3048 4554 3124 4603; x_wconf 69' lang='lat' dir='ltr'><strong>sic</strong></span> <span class='ocrx_word' id='word_1_730' title='bbox 3159 4549 3299 4603; x_wconf 88' lang='lat' dir='ltr'><strong>:Per</strong></span> <span class='ocrx_word' id='word_1_731' title='bbox 3340 4550 3511 4601; x_wconf 89' lang='lat' dir='ltr'><strong>omnia</strong></span> <span class='ocrx_word' id='word_1_732' title='bbox 3541 4550 3820 4616; x_wconf 57' lang='lat' dir='ltr'><strong>gloriosis.</strong></span> 
     </span>
    </p>
   </div>
   <div class='ocr_carea' id='block_1_106' title="bbox 2226 4620 3821 4692">
    <p class='ocr_par' dir='ltr' id='par_1_106' title="bbox 2226 4620 3821 4692">
     <span class='ocr_line' id='line_1_106' title="bbox 2226 4620 3821 4692; baseline -0.003 -15"><span class='ocrx_word' id='word_1_733' title='bbox 2226 4628 2353 4678; x_wconf 89' lang='lat' dir='ltr'><strong>simo</strong></span> <span class='ocrx_word' id='word_1_734' title='bbox 2384 4637 2428 4679; x_wconf 88' lang='lat' dir='ltr'><strong>et</strong></span> <span class='ocrx_word' id='word_1_735' title='bbox 2472 4626 2856 4679; x_wconf 82' lang='lat' dir='ltr'><strong>clementissimo</strong></span> <span class='ocrx_word' id='word_1_736' title='bbox 2884 4625 2993 4692; x_wconf 82' lang='lat' dir='ltr'><strong>lilio</strong></span> <span class='ocrx_word' id='word_1_737' title='bbox 3025 4622 3290 4676; x_wconf 84' lang='lat' dir='ltr'><strong>Marciano</strong></span> <span class='ocrx_word' id='word_1_738' title='bbox 3321 4620 3425 4674; x_wconf 88' lang='lat' dir='ltr'><strong>Leo</strong></span> <span class='ocrx_word' id='word_1_739' title='bbox 3464 4620 3821 4688; x_wconf 80' lang='lat' dir='ltr'><strong>archiepisco-</strong></span> 
     </span>
    </p>
   </div>
   <div class='ocr_carea' id='block_1_107' title="bbox 2224 4697 3369 4770">
    <p class='ocr_par' dir='ltr' id='par_1_107' title="bbox 2224 4697 3369 4770">
     <span class='ocr_line' id='line_1_107' title="bbox 2224 4697 3369 4770; baseline 0.001 -21"><span class='ocrx_word' id='word_1_740' title='bbox 2224 4714 2319 4770; x_wconf 77' lang='lat' dir='ltr'><strong>pus</strong></span> <span class='ocrx_word' id='word_1_741' title='bbox 2346 4697 2564 4770; x_wconf 74' lang='lat' dir='ltr'><strong>Romw._</strong></span> <span class='ocrx_word' id='word_1_742' title='bbox 2641 4765 2652 4770; x_wconf 86' lang='lat'>_</span> <span class='ocrx_word' id='word_1_743' title='bbox 2897 4767 2904 4770; x_wconf 22' lang='grc' dir='ltr'><strong>Α</strong></span> <span class='ocrx_word' id='word_1_744' title='bbox 2951 4766 2958 4770; x_wconf 90' lang='lat'>_</span> <span class='ocrx_word' id='word_1_745' title='bbox 3358 4760 3369 4770; x_wconf 43' lang='lat'><em>.</em></span> 
     </span>
    </p>
   </div>
   <div class='ocr_carea' id='block_1_108' title="bbox 2298 4760 3821 4835">
    <p class='ocr_par' dir='ltr' id='par_1_108' title="bbox 2298 4760 3821 4835">
     <span class='ocr_line' id='line_1_108' title="bbox 2298 4760 3821 4835; baseline -0.003 -16"><span class='ocrx_word' id='word_1_746' title='bbox 2298 4765 2321 4803; x_wconf 70' lang='grc' dir='ltr'><strong>ιι</strong></span> <span class='ocrx_word' id='word_1_747' title='bbox 2354 4768 2484 4820; x_wconf 74' lang='lat' dir='ltr'><strong>(Ind.</strong></span> <span class='ocrx_word' id='word_1_748' title='bbox 2534 4765 2767 4835; x_wconf 82' lang='lat' dir='ltr'><strong>Ratisp.,</strong></span> <span class='ocrx_word' id='word_1_749' title='bbox 2800 4776 2847 4821; x_wconf 91' lang='lat' dir='ltr'><strong>et</strong></span> <span class='ocrx_word' id='word_1_750' title='bbox 2888 4766 3125 4820; x_wconf 89' lang='lat' dir='ltr'><strong>labor....</strong></span> <span class='ocrx_word' id='word_1_751' title='bbox 3167 4760 3412 4835; x_wconf 73' lang='lat' dir='ltr'><strong>pervenit.</strong></span> <span class='ocrx_word' id='word_1_752' title='bbox 3462 4760 3593 4835; x_wconf 64' lang='lat' dir='ltr'><strong>Post</strong></span> <span class='ocrx_word' id='word_1_753' title='bbox 3628 4775 3821 4835; x_wconf 72' lang='lat' dir='ltr'><strong>pauca</strong></span> 
     </span>
    </p>
   </div>
   <div class='ocr_carea' id='block_1_109' title="bbox 2225 4830 3823 4899">
    <p class='ocr_par' dir='ltr' id='par_1_109' title="bbox 2225 4830 3823 4899">
     <span class='ocr_line' id='line_1_109' title="bbox 2225 4830 3823 4899; baseline 0 -12"><span class='ocrx_word' id='word_1_754' title='bbox 2225 4839 2422 4891; x_wconf 89' lang='lat' dir='ltr'><strong>omittit</strong></span> <span class='ocrx_word' id='word_1_755' title='bbox 2467 4848 2646 4899; x_wconf 85' lang='lat' dir='ltr'><strong>vester,</strong></span> <span class='ocrx_word' id='word_1_756' title='bbox 2678 4830 2831 4890; x_wconf 82' lang='lat' dir='ltr'><strong>sicuti</strong></span> <span class='ocrx_word' id='word_1_757' title='bbox 2884 4835 3043 4890; x_wconf 84' lang='lat' dir='ltr'><strong>etiam</strong></span> <span class='ocrx_word' id='word_1_758' title='bbox 3092 4830 3355 4888; x_wconf 76' lang='lat' dir='ltr'><strong>omittitur</strong></span> <span class='ocrx_word' id='word_1_759' title='bbox 3399 4832 3451 4885; x_wconf 90' lang='lat' dir='ltr'><strong>in</strong></span> <span class='ocrx_word' id='word_1_760' title='bbox 3501 4830 3823 4887; x_wconf 83' lang='lat' dir='ltr'><strong>Vindebon.</strong></span> 
     </span>
    </p>
   </div>
   <div class='ocr_carea' id='block_1_110' title="bbox 2144 4892 3050 4978">
    <p class='ocr_par' dir='ltr' id='par_1_110' title="bbox 2144 4892 3050 4978">
     <span class='ocr_line' id='line_1_110' title="bbox 2144 4892 3050 4978; baseline -0.004 -15"><span class='ocrx_word' id='word_1_761' title='bbox 2144 4892 2197 4952; x_wconf 81' lang='lat' dir='ltr'><strong>D</strong></span> <span class='ocrx_word' id='word_1_762' title='bbox 2224 4909 2372 4978; x_wconf 82' lang='lat' dir='ltr'><strong>ilisp.</strong></span> <span class='ocrx_word' id='word_1_763' title='bbox 2405 4919 2459 4962; x_wconf 91' lang='lat' dir='ltr'><strong>et</strong></span> <span class='ocrx_word' id='word_1_764' title='bbox 2487 4909 2537 4961; x_wconf 93' lang='lat' dir='ltr'><strong>in</strong></span> <span class='ocrx_word' id='word_1_765' title='bbox 2569 4892 2815 4963; x_wconf 77' lang='lat' dir='ltr'><strong>versione</strong></span> <span class='ocrx_word' id='word_1_766' title='bbox 2843 4909 3050 4963; x_wconf 74' lang='lat' dir='ltr'><strong>Grmca.</strong></span> 
     </span>
    </p>
   </div>
   <div class='ocr_carea' id='block_1_111' title="bbox 2302 4974 3507 5045">
    <p class='ocr_par' dir='ltr' id='par_1_111' title="bbox 2302 4974 3507 5045">
     <span class='ocr_line' id='line_1_111' title="bbox 2302 4974 3507 5045; baseline -0.007 -12"><span class='ocrx_word' id='word_1_767' title='bbox 2302 4974 2331 5016; x_wconf 74' lang='grc' dir='ltr'>ί’</span> <span class='ocrx_word' id='word_1_768' title='bbox 2348 4980 2472 5033; x_wconf 88' lang='lat' dir='ltr'><strong>Mss.</strong></span> <span class='ocrx_word' id='word_1_769' title='bbox 2504 4979 2661 5032; x_wconf 85' lang='lat' dir='ltr'><strong>codd.</strong></span> <span class='ocrx_word' id='word_1_770' title='bbox 2693 4989 2802 5033; x_wconf 88' lang='lat' dir='ltr'><strong>tres</strong></span> <span class='ocrx_word' id='word_1_771' title='bbox 2832 4979 3054 5045; x_wconf 62' lang='lat' dir='ltr'><strong>Questu,</strong></span> <span class='ocrx_word' id='word_1_772' title='bbox 3088 4974 3507 5045; x_wconf 80' lang='lat' dir='ltr'><strong>dispensationes.</strong></span> 
     </span>
    </p>
   </div>
   <div class='ocr_carea' id='block_1_112' title="bbox 2298 5044 3827 5118">
    <p class='ocr_par' dir='ltr' id='par_1_112' title="bbox 2298 5044 3827 5118">
     <span class='ocr_line' id='line_1_112' title="bbox 2298 5044 3827 5118; baseline -0.004 -13"><span class='ocrx_word' id='word_1_773' title='bbox 2298 5050 2310 5099; x_wconf 75' lang='grc' dir='ltr'><strong>ἱ</strong></span> <span class='ocrx_word' id='word_1_774' title='bbox 2352 5051 2424 5105; x_wconf 84' lang='lat' dir='ltr'><strong>Ita</strong></span> <span class='ocrx_word' id='word_1_775' title='bbox 2468 5049 2675 5115; x_wconf 53' lang='lat' dir='ltr'><strong>Ratisp.</strong></span> <span class='ocrx_word' id='word_1_776' title='bbox 2724 5060 2777 5103; x_wconf 90' lang='lat' dir='ltr'><strong>et</strong></span> <span class='ocrx_word' id='word_1_777' title='bbox 2827 5044 3038 5118; x_wconf 87' lang='lat' dir='ltr'><strong>utrique</strong></span> <span class='ocrx_word' id='word_1_778' title='bbox 3087 5046 3384 5118; x_wconf 79' lang='lat' dir='ltr'><strong>Vindebon.</strong></span> <span class='ocrx_word' id='word_1_779' title='bbox 3418 5044 3633 5118; x_wconf 64' lang='lat' dir='ltr'><strong>Collect.</strong></span> <span class='ocrx_word' id='word_1_780' title='bbox 3667 5044 3706 5098; x_wconf 86' lang='lat'><strong>5</strong></span> <span class='ocrx_word' id='word_1_781' title='bbox 3758 5054 3827 5101; x_wconf 83' lang='lat' dir='ltr'><strong>et</strong></span> 
     </span>
    </p>
   </div>
   <div class='ocr_carea' id='block_1_113' title="bbox 2222 5114 3826 5191">
    <p class='ocr_par' dir='ltr' id='par_1_113' title="bbox 2222 5114 3826 5191">
     <span class='ocr_line' id='line_1_113' title="bbox 2222 5114 3826 5191; baseline -0.004 -16"><span class='ocrx_word' id='word_1_782' title='bbox 2222 5121 2397 5191; x_wconf 85' lang='lat' dir='ltr'><strong>Hisp.,</strong></span> <span class='ocrx_word' id='word_1_783' title='bbox 2421 5137 2542 5174; x_wconf 90' lang='lat' dir='ltr'><strong>cum</strong></span> <span class='ocrx_word' id='word_1_784' title='bbox 2561 5114 2681 5175; x_wconf 84' lang='lat' dir='ltr'><strong>aliis</strong></span> <span class='ocrx_word' id='word_1_785' title='bbox 2707 5121 2906 5175; x_wconf 89' lang='lat' dir='ltr'><strong>nostris</strong></span> <span class='ocrx_word' id='word_1_786' title='bbox 2925 5114 3083 5173; x_wconf 74' lang='lat' dir='ltr'><strong>codd.</strong></span> <span class='ocrx_word' id='word_1_787' title='bbox 3107 5128 3160 5173; x_wconf 89' lang='lat' dir='ltr'><strong>et</strong></span> <span class='ocrx_word' id='word_1_788' title='bbox 3187 5116 3415 5186; x_wconf 88' lang='lat' dir='ltr'><strong>vulgatis</strong></span> <span class='ocrx_word' id='word_1_789' title='bbox 3437 5114 3826 5182; x_wconf 85' lang='lat' dir='ltr'><strong>anteQuesn.,</strong></span> 
     </span>
    </p>
   </div>
   <div class='ocr_carea' id='block_1_114' title="bbox 2218 5193 2844 5263">
    <p class='ocr_par' dir='ltr' id='par_1_114' title="bbox 2218 5193 2844 5263">
     <span class='ocr_line' id='line_1_114' title="bbox 2218 5193 2844 5263; baseline 0.002 -18"><span class='ocrx_word' id='word_1_790' title='bbox 2218 5194 2357 5263; x_wconf 75' lang='lat' dir='ltr'><strong>apud</strong></span> <span class='ocrx_word' id='word_1_791' title='bbox 2390 5208 2568 5258; x_wconf 81' lang='lat' dir='ltr'><strong>quem,</strong></span> <span class='ocrx_word' id='word_1_792' title='bbox 2602 5193 2844 5263; x_wconf 84' lang='lat' dir='ltr'><strong>perirent.</strong></span> 
     </span>
    </p>
   </div>
   <div class='ocr_carea' id='block_1_115' title="bbox 2293 5258 3828 5332">
    <p class='ocr_par' dir='ltr' id='par_1_115' title="bbox 2293 5258 3828 5332">
     <span class='ocr_line' id='line_1_115' title="bbox 2293 5258 3828 5332; baseline -0.003 -15"><span class='ocrx_word' id='word_1_793' title='bbox 2293 5261 2319 5300; x_wconf 80' lang='grc' dir='ltr'><strong>¹ι</strong></span> <span class='ocrx_word' id='word_1_794' title='bbox 2346 5263 2488 5317; x_wconf 86' lang='lat' dir='ltr'><strong>idem</strong></span> <span class='ocrx_word' id='word_1_795' title='bbox 2542 5258 2772 5332; x_wconf 79' lang='lat' dir='ltr'><strong>Ratisp.,</strong></span> <span class='ocrx_word' id='word_1_796' title='bbox 2804 5263 3106 5316; x_wconf 77' lang='lat' dir='ltr'><strong>exciverant.</strong></span> <span class='ocrx_word' id='word_1_797' title='bbox 3133 5258 3703 5332; x_wconf 30' lang='lat' dir='ltr'><strong>Postea-confractum</strong></span> <span class='ocrx_word' id='word_1_798' title='bbox 3738 5271 3828 5313; x_wconf 81' lang='lat' dir='ltr'><strong>est</strong></span> 
     </span>
    </p>
   </div>
   <div class='ocr_carea' id='block_1_116' title="bbox 2220 5328 3825 5415">
    <p class='ocr_par' dir='ltr' id='par_1_116' title="bbox 2220 5328 3825 5415">
     <span class='ocr_line' id='line_1_116' title="bbox 2220 5328 3825 5415; baseline -0.001 -27"><span class='ocrx_word' id='word_1_799' title='bbox 2220 5349 2319 5415; x_wconf 84' lang='lat' dir='ltr'><strong>pro</strong></span> <span class='ocrx_word' id='word_1_800' title='bbox 2343 5336 2629 5415; x_wconf 74' lang='lat' dir='ltr'><strong>confectum</strong></span> <span class='ocrx_word' id='word_1_801' title='bbox 2646 5328 2742 5415; x_wconf 53' lang='lat' dir='ltr'><strong>est</strong></span> <span class='ocrx_word' id='word_1_802' title='bbox 2755 5334 2944 5415; x_wconf 77' lang='lat' dir='ltr'><strong>legitur</strong></span> <span class='ocrx_word' id='word_1_803' title='bbox 2966 5332 3017 5386; x_wconf 91' lang='lat' dir='ltr'><strong>in</strong></span> <span class='ocrx_word' id='word_1_804' title='bbox 3042 5329 3281 5400; x_wconf 89' lang='lat' dir='ltr'><strong>utrisque</strong></span> <span class='ocrx_word' id='word_1_805' title='bbox 3313 5328 3610 5383; x_wconf 80' lang='lat' dir='ltr'><strong>Vindebon.</strong></span> <span class='ocrx_word' id='word_1_806' title='bbox 3633 5340 3825 5401; x_wconf 83' lang='lat' dir='ltr'><strong>atque</strong></span> 
     </span>
    </p>
   </div>
   <div class='ocr_carea' id='block_1_117' title="bbox 2220 5407 2800 5459">
    <p class='ocr_par' dir='ltr' id='par_1_117' title="bbox 2220 5407 2800 5459">
     <span class='ocr_line' id='line_1_117' title="bbox 2220 5407 2800 5459; baseline 0 -1"><span class='ocrx_word' id='word_1_807' title='bbox 2220 5407 2273 5458; x_wconf 90' lang='lat' dir='ltr'><strong>in</strong></span> <span class='ocrx_word' id='word_1_808' title='bbox 2306 5421 2435 5459; x_wconf 85' lang='lat' dir='ltr'><strong>mss.</strong></span> <span class='ocrx_word' id='word_1_809' title='bbox 2468 5408 2677 5459; x_wconf 84' lang='lat' dir='ltr'><strong>collect.</strong></span> <span class='ocrx_word' id='word_1_810' title='bbox 2712 5407 2800 5458; x_wconf 70' lang='lat' dir='ltr'><strong>2i.</strong></span> 
     </span>
    </p>
   </div>
   <div class='ocr_carea' id='block_1_118' title="bbox 2292 5475 2885 5545">
    <p class='ocr_par' dir='ltr' id='par_1_118' title="bbox 2292 5475 2885 5545">
     <span class='ocr_line' id='line_1_118' title="bbox 2292 5475 2885 5545; baseline 0 -16"><span class='ocrx_word' id='word_1_811' title='bbox 2292 5477 2308 5507; x_wconf 83' lang='grc'>¹</span> <span class='ocrx_word' id='word_1_812' title='bbox 2348 5475 2476 5545; x_wconf 81' lang='lat' dir='ltr'><strong>Leg.</strong></span> <span class='ocrx_word' id='word_1_813' title='bbox 2489 5519 2502 5540; x_wconf 91' lang='lat'><strong>,</strong></span> <span class='ocrx_word' id='word_1_814' title='bbox 2535 5478 2885 5545; x_wconf 78' lang='grc' dir='ltr'>ἐλεημοσύνης.</span> 
     </span>
    </p>
   </div>
   <div class='ocr_carea' id='block_1_119' title="bbox 2288 5540 3907 5615">
    <p class='ocr_par' dir='ltr' id='par_1_119' title="bbox 2288 5540 3907 5615">
     <span class='ocr_line' id='line_1_119' title="bbox 2288 5540 3907 5615; baseline -0.001 -14"><span class='ocrx_word' id='word_1_815' title='bbox 2288 5548 2308 5577; x_wconf 84' lang='grc'>²</span> <span class='ocrx_word' id='word_1_816' title='bbox 2335 5540 2509 5601; x_wconf 75' lang='lat' dir='ltr'><strong>Locus</strong></span> <span class='ocrx_word' id='word_1_817' title='bbox 2538 5540 2754 5615; x_wconf 76' lang='lat' dir='ltr'><strong>qtiidetn</strong></span> <span class='ocrx_word' id='word_1_818' title='bbox 2789 5545 2929 5601; x_wconf 82' lang='lat' dir='ltr'><strong>haud</strong></span> <span class='ocrx_word' id='word_1_819' title='bbox 2959 5545 3116 5615; x_wconf 89' lang='lat' dir='ltr'><strong>plane</strong></span> <span class='ocrx_word' id='word_1_820' title='bbox 3142 5550 3450 5610; x_wconf 89' lang='lat' dir='ltr'><strong>corruptus,</strong></span> <span class='ocrx_word' id='word_1_821' title='bbox 3475 5540 3571 5597; x_wconf 82' lang='lat' dir='ltr'><strong>sed</strong></span> <span class='ocrx_word' id='word_1_822' title='bbox 3601 5540 3830 5600; x_wconf 89' lang='lat' dir='ltr'><strong>Leonis</strong></span> <span class='ocrx_word' id='word_1_823' title='bbox 3898 5606 3907 5613; x_wconf 35' lang='grc' dir='ltr'><strong>ε</strong></span> 
     </span>
    </p>
   </div>
   <div class='ocr_carea' id='block_1_120' title="bbox 2216 5618 2901 5685">
    <p class='ocr_par' dir='ltr' id='par_1_120' title="bbox 2216 5618 2901 5685">
     <span class='ocr_line' id='line_1_120' title="bbox 2216 5618 2901 5685; baseline -0.006 -12"><span class='ocrx_word' id='word_1_824' title='bbox 2216 5620 2387 5673; x_wconf 83' lang='lat' dir='ltr'><strong>textui</strong></span> <span class='ocrx_word' id='word_1_825' title='bbox 2419 5634 2525 5672; x_wconf 85' lang='lat' dir='ltr'><strong>non</strong></span> <span class='ocrx_word' id='word_1_826' title='bbox 2549 5618 2901 5685; x_wconf 81' lang='lat' dir='ltr'><strong>reSptmdenS.</strong></span> 
     </span>
    </p>
   </div>
   <div class='ocr_carea' id='block_1_121' title="bbox 2289 5688 2927 5763">
    <p class='ocr_par' dir='ltr' id='par_1_121' title="bbox 2289 5688 2927 5763">
     <span class='ocr_line' id='line_1_121' title="bbox 2289 5688 2927 5763; baseline 0.002 -21"><span class='ocrx_word' id='word_1_827' title='bbox 2289 5689 2309 5763; x_wconf 58' lang='grc' dir='ltr'><em>ξ</em></span> <span class='ocrx_word' id='word_1_828' title='bbox 2336 5688 2462 5763; x_wconf 61' lang='lat'><strong>[.93.</strong></span> <span class='ocrx_word' id='word_1_829' title='bbox 2473 5732 2488 5753; x_wconf 87' lang='lat'><strong>,</strong></span> <span class='ocrx_word' id='word_1_830' title='bbox 2513 5691 2927 5763; x_wconf 74' lang='grc' dir='ltr'>θριαμϐεύοντος.</span> 
     </span>
    </p>
   </div>
   <div class='ocr_carea' id='block_1_122' title="bbox 2289 5758 3831 5828">
    <p class='ocr_par' dir='ltr' id='par_1_122' title="bbox 2289 5758 3831 5828">
     <span class='ocr_line' id='line_1_122' title="bbox 2289 5758 3831 5828; baseline 0.001 -15"><span class='ocrx_word' id='word_1_831' title='bbox 2289 5759 2313 5793; x_wconf 70' lang='grc'>⁸</span> <span class='ocrx_word' id='word_1_832' title='bbox 2339 5758 2513 5815; x_wconf 76' lang='lat' dir='ltr'><strong>Laetis</strong></span> <span class='ocrx_word' id='word_1_833' title='bbox 2543 5758 2761 5815; x_wconf 46' lang='lat' dir='ltr'><strong>inu‘tilus</strong></span> <span class='ocrx_word' id='word_1_834' title='bbox 2788 5773 2839 5814; x_wconf 92' lang='lat' dir='ltr'><strong>et</strong></span> <span class='ocrx_word' id='word_1_835' title='bbox 2873 5760 3009 5814; x_wconf 86' lang='lat' dir='ltr'><strong>male</strong></span> <span class='ocrx_word' id='word_1_836' title='bbox 3040 5768 3312 5828; x_wconf 86' lang='lat' dir='ltr'><strong>acceptus,</strong></span> <span class='ocrx_word' id='word_1_837' title='bbox 3340 5774 3500 5827; x_wconf 88' lang='lat' dir='ltr'><strong>quem</strong></span> <span class='ocrx_word' id='word_1_838' title='bbox 3528 5759 3607 5815; x_wconf 90' lang='lat' dir='ltr'><strong>sic</strong></span> <span class='ocrx_word' id='word_1_839' title='bbox 3630 5760 3831 5815; x_wconf 58' lang='lat' dir='ltr'><strong>corr-ia</strong></span> 
     </span>
    </p>
   </div>
   <div class='ocr_carea' id='block_1_123' title="bbox 2217 5831 3824 5910">
    <p class='ocr_par' dir='ltr' id='par_1_123' title="bbox 2217 5831 3824 5910">
     <span class='ocr_line' id='line_1_123' title="bbox 2217 5831 3824 5910; baseline 0.001 -23"><span class='ocrx_word' id='word_1_840' title='bbox 2217 5847 2365 5910; x_wconf 66' lang='lat' dir='ltr'><strong>gere</strong></span> <span class='ocrx_word' id='word_1_841' title='bbox 2386 5832 2557 5910; x_wconf 67' lang='lat' dir='ltr'><strong>possis</strong></span> <span class='ocrx_word' id='word_1_842' title='bbox 2601 5850 2613 5884; x_wconf 89' lang='lat'><strong>:</strong></span> <span class='ocrx_word' id='word_1_843' title='bbox 2648 5843 2735 5910; x_wconf 65' lang='grc' dir='ltr'><strong>Ὠ(</strong></span> <span class='ocrx_word' id='word_1_844' title='bbox 2754 5835 2853 5910; x_wconf 74' lang='grc' dir='ltr'><strong>γὰρ</strong></span> <span class='ocrx_word' id='word_1_845' title='bbox 2955 5840 3017 5906; x_wconf 74' lang='grc' dir='ltr'><strong>τῇ</strong></span> <span class='ocrx_word' id='word_1_846' title='bbox 3057 5834 3337 5888; x_wconf 71' lang='grc' dir='ltr'>ἀναστάσει</span> <span class='ocrx_word' id='word_1_847' title='bbox 3355 5837 3449 5887; x_wconf 80' lang='grc' dir='ltr'>τοῦ</span> <span class='ocrx_word' id='word_1_848' title='bbox 3494 5831 3824 5889; x_wconf 65' lang='grc' dir='ltr'>Κνοίθου...</span> 
     </span>
    </p>
   </div>
   <div class='ocr_carea' id='block_1_124' title="bbox 2221 5901 3157 5971">
    <p class='ocr_par' dir='ltr' id='par_1_124' title="bbox 2221 5901 3157 5971">
     <span class='ocr_line' id='line_1_124' title="bbox 2221 5901 3157 5971; baseline -0.002 -14"><span class='ocrx_word' id='word_1_849' title='bbox 2221 5904 2415 5971; x_wconf 73' lang='grc' dir='ltr'><strong>ἐπῆλθε,</strong></span> <span class='ocrx_word' id='word_1_850' title='bbox 2445 5901 2522 5959; x_wconf 85' lang='grc' dir='ltr'>ὅτι</span> <span class='ocrx_word' id='word_1_851' title='bbox 2546 5911 2687 5959; x_wconf 83' lang='grc' dir='ltr'>τινῶν</span> <span class='ocrx_word' id='word_1_852' title='bbox 2711 5901 3024 5968; x_wconf 48' lang='lat' dir='ltr'><strong>asserem,</strong></span> <span class='ocrx_word' id='word_1_853' title='bbox 3052 5912 3157 5959; x_wconf 88' lang='lat' dir='ltr'><strong>etc.</strong></span> 
     </span>
    </p>
   </div>
  </div>
