4014 6358
499 392 605 452 996

1618 383 1673 441 S.
1714 380 1956 439 LEONIS
1995 374 2205 439 MAGNI
2245 376 2590 435 EPISTOLt-E

3642 368 3753 436 996

496 506 965 572 stantinopolitana
994 500 1182 556 civitas
1202 499 1424 568 gloriam
1456 511 1627 561 suam.
1659 512 1723 553 ae
1753 506 2064 568 protegente

2192 501 2316 572 ’ἐρας
2351 498 2365 530 ⁸
2398 498 2677 553 ἀπολαύσει
2731 494 3011 566 βασιλείας¹
3073 490 3217 551 ἄλλος
3246 492 3266 522 ⁸
3296 492 3393 566 γάρ
3449 493 3594 566 λόγος
3646 502 3752 553 τῶν

498 600 714 655 dextera
749 594 865 659 Dei,
898 593 1149 649 diuturno
1178 592 1481 647 clementia:
1515 600 1708 646 vestrae
1738 589 1942 645 fruatur
1972 592 2070 644 imo

497 690 666 761 perio.
702 686 817 743 Alia
849 696 1025 740 tamen
1066 687 1205 739 ratio
1239 692 1323 737 est
1368 698 1545 753 rerum
1575 684 1934 747 saecularium,
1964 682 2069 736 alia

494 782 826 843 divinarum;
861 791 963 833 nec
994 785 1187 846 praeter
1219 774 1362 829 illam
1395 786 1595 845 petram
1628 791 1785 844 quant
1818 776 2069 829 Dominus

494 870 549 924 in
579 869 918 924 fundamento
942 876 968 904 ι
999 870 1177 937 posuit
1202 864 1418 938 (Matth.
1450 881 1564 932 ενι,
1590 864 1703 937 18),
1732 864 1937 921 stabilis
1968 865 2069 919 erit

494 960 597 1018 ulla
622 960 971 1018 construmio.
1008 959 1226 1031 Propria
1258 958 1454 1030 perdit,
1485 958 1577 1027 qui
1608 959 1845 1013 indebita
1872 972 2070 1013 concu-

493 1051 666 1123 piscit.
696 1050 837 1105 Satis
862 1052 932 1105 sit
960 1048 1213 1121 praedicto
1235 1048 1375 1116 quod
1398 1060 1589 1104 vestra:
1613 1050 1826 1119 pietatls
1845 1048 2066 1117 auxilio,

494 1155 545 1201 et
571 1146 671 1199 mei
702 1143 901 1198 favoris
928 1157 1175 1205 assensu,
1205 1141 1573 1213 episcOpatum
1610 1151 1767 1197 tanta:
1797 1141 1946 1197 urbis
1974 1142 2071 1198 ob-

494 1236 668 1290 tinuit.
687 1234 801 1291 Non
832 1234 1149 1303 dedignatur
1175 1236 1373 1301 regiam
1397 1235 1689 1297 civitatem,
1709 1247 1868 1302 quam
1890 1232 1916 1270 δ
1942 1247 2072 1301 apo-

496 1327 731 1383 stolicam
778 1342 883 1383 neu
928 1334 1104 1400 potest
1150 1324 1325 1380 facere
1372 1324 1586 1393 sedem;
1633 1339 1732 1379 nec
1758 1326 1865 1381 ullo
1891 1332 2072 1395 speret

499 1419 660 1474 modo
692 1418 831 1489 quod
876 1432 971 1490 per
1011 1417 1237 1472 aliorum
1284 1415 1451 1485 possit
1491 1416 1813 1473 offensiones
1863 1417 2069 1487 augeri.

503 1521 526 1550 ε
558 1511 840 1581 Privilegia
890 1508 1032 1563 enim
1077 1507 1462 1574 Ecclesiarum,
1504 1518 1812 1563 sanctorum
1857 1506 2072 1564 Patrum

496 1602 791 1658 canonibus
839 1601 1113 1665 instituta,
1154 1608 1208 1654 et
1252 1598 1572 1656 venerabilis
1614 1599 1840 1656 Nicaeum
1882 1598 2075 1671 synodi

497 1694 596 1748 lixa
620 1692 872 1759 decretis,
890 1692 1036 1746 nulla
1053 1700 1273 1758 possunt
1296 1691 1635 1762 improbitate
1663 1691 1914 1758 convelli,
1931 1690 2076 1747 nulla

504 1788 740 1840 novitate
767 1783 794 1821 ά
827 1783 1040 1839 mutari.
1086 1782 1145 1837 1n
1175 1798 1281 1854 quo
1308 1798 1496 1855 opere,
1524 1783 1815 1839 auxiliante
1842 1782 2073 1847 Christo,

2171 598 2422 661 κοσμικῶν
2453 592 2563 644 ἐστι
2591 589 2925 661 πραγμάτων.
2960 588 3042 638 καί
3071 582 3216 643 ἄλλος
3244 593 3343 638 τῶν
3372 586 3534 644 θείων,
3567 588 3650 641 καί
3677 594 3751 661 μὴ

2170 684 2294 759 παρ’
2322 684 2509 741 δκείνην
2536 687 2624 741 τήν
2653 683 2863 756 πέτραν,
2895 680 3065 736 ἥντινα
3095 676 3119 730 ό
3154 676 3400 737 δεσπότης
3429 678 3477 729 ἐν
3504 687 3577 749 τῷ
3605 681 3753 749 Θεμι-

2168 776 2257 847 λίῳ
2280 777 2500 841 τέθηκεν,
2524 774 2546 805 ³
2568 772 2703 829 ἴστω
2732 772 2954 847 ἰσχυρόν
2973 766 3065 824 οἷον
3093 768 3153 828 δή
3174 790 3297 823 ποτε
3321 774 3746 842 κατασκεύασμα.

2169 872 2246 923 Τὰ
2264 866 2371 923 ἴδια
2393 867 2685 927 ἀπόλλυσιν,
2710 864 2736 920 ό
2760 873 2861 920 τῶν
2884 870 2953 938 μή
2976 865 3438 937 κεχρεωστημένων
3466 866 3746 933 ἐπιθυμῶν.

2170 958 2191 992 ⁸
2218 964 2437 1035 ’Δρκίσει
2463 968 2536 1031 τῷ
2572 959 2937 1035 προλιχθᾶντι,
2988 955 3063 1013 ότι
3114 957 3319 1030 βοηθείᾳ
3362 964 3452 1015 τῆς
3484 964 3580 1016 σῆς
3611 958 3754 1010 εύσε·

2173 1054 2328 1117 ϐείας,
2359 1057 2446 1106 καί
2484 1052 2684 1127 σπουδῇ
2721 1060 2813 1111 τῆς
2850 1052 2973 1122 ἐμῆς
3012 1050 3348 1107 συναινέσεως
3376 1056 3466 1106 τῆς
3494 1049 3787 1119 τοσαύτης-,Ι

2169 1144 2359 1205 πόλεως
2388 1150 2477 1203 τήν
2524 1146 2800 1201 ἐπισκοπὴν
2857 1143 3125 1212 κατέσχε,
3179 1145 3247 1211 μὴ
3278 1138 3565 1213 ’ἀπαξιὼσῃ
3604 1137 3634 1193 ἶ
3639 1159 3758 1207 χειν

2169 1236 2411 1309 βασιλίδα
2439 1236 2601 1295 πόλιν,
2642 1238 2815 1294 ἥντινα
2854 1234 3193 1289 ἀποστολικὸν
3244 1232 3413 1307 θρόνον
3458 1240 3671 1289 ποιῆσαι
3698 1230 3761 1283 σύ

2171 1330 2399 1388 δύναται“
2429 1330 2449 1360 ⁸
2624 1326 2836 1383 ούδέτινι
2886 1326 3062 1400 τρόπῳ
3111 1326 3340 1386 ἐλπίσει,
3391 1320 3515 1400 ὅπερ
3571 1321 3657 1377 διὰ
3698 1321 3761 1377 τό

2170 1427 2529 1495 προσκροῦσαι
2559 1420 2770 1491 ἑτέροις,
2800 1417 3009 1473 δύναται
3038 1418 3322 1480 αὐξηθῆναι.
3356 1416 3431 1468 τὰ
3458 1418 3558 1487 γὰρ
3580 1414 3759 1487 προοί-

2173 1536 2266 1584 μια
2294 1520 2389 1568 τῶν
2420 1512 2575 1583 ἁγίων
2605 1511 2878 1567 ἐκκλησιῶν
2906 1518 3015 1568 τοῖς
3041 1516 3140 1562 τῶν
3170 1508 3406 1579 πατέρων
3435 1507 3635 1568 κανόσι,
3673 1505 3763 1558 καί

2173 1614 2265 1666 τῆς
2292 1613 2483 1665 σεπτῆς
2509 1602 2718 1659 συνόδου
2746 1611 2837 1662 τῆς
2865 1602 2913 1655 ἐν
2941 1603 3121 1675 Νικαίᾳ
3144 1608 3252 1661 τοῖς
3279 1598 3502 1671 δόγμασι
3521 1618 3763 1652 τετυπω-

2176 1701 2317 1766 μένα.
2369 1699 2418 1761 ἐξ
2463 1695 2696 1765 οὐδεμιᾶς
2742 1694 2956 1750 δύναται
3001 1690 3257 1753 ἀναιδείας
3294 1690 3761 1766 παρασπασθῆναι’

2178 1787 2292 1845 οὔτε
2335 1794 2430 1859 μήν
2474 1786 2686 1858 οὐδεμιᾷ
2736 1786 2993 1842 καινότητι
3046 1785 3449 1838 ἐναλλάττισθαι.
3497 1782 3572 1835 ἐν
3621 1778 3767 1855 ᾧπερ

501 1876 728 1933 fideliter
754 1876 1119 1948 exsequendo,
1153 1890 1377 1931 necesse
1417 1885 1499 1931 est
1529 1891 1614 1931 me
1645 1886 2079 1945 perseverantem

2192 1880 2313 1956 ἵργῳ
2359 1882 2698 1951 ἐπαμύνοντος
2754 1885 2843 1933 τοῦ
2890 1884 3109 1953 Χριστοῦ
3158 1885 3357 1937 πιστῶς
3396 1874 3767 1931 ἐκϐιϐασθησο-

500 1969 754 2026 exhibere
783 1968 1094 2024 famulatum
1121 1986 1135 2022 :
1165 1968 1420 2038 quoniam
1446 1968 1775 2039 dispensatio
1808 1967 1935 2025 mibi
1961 1983 2081 2025 cre-

502 2062 607 2116 dita
652 2073 756 2129 est,
794 2070 848 2117 et
885 2061 950 2115 ad
988 2076 1168 2115 meum
1202 2061 1371 2116 tendit
1398 2072 1628 2129 reatum,
1662 2062 1707 2116 si
1740 2070 2080 2130 paternarum

503 2154 696 2227 regula:
723 2155 1075 2220 sanctionutn,
1105 2169 1223 2225 quae
1256 2154 1307 2208 in
1331 2154 1536 2226 synodo
1558 2155 1797 2224 Nicazna,
1825 2154 1893 2209 ad
1919 2155 2080 2210 totius

506 2247 762 2303 Ecclesiae
791 2248 1049 2317 regimen,
1084 2246 1287 2316 Spiritu
1318 2246 1412 2301 Dei
1443 2247 1762 2311 instruente,
1795 2255 1921 2304 sunt
1944 2263 2078 2303 con-

504 2338 648 2404 ditae,
663 2353 749 2394 me
772 2338 934 2409 (quod
960 2336 1121 2406 absit)
1143 2340 1485 2403 connivente,
1500 2338 1801 2404 violentur;
1833 2349 1887 2393 et
1907 2338 2081 2407 major

504 2432 571 2488 sit
600 2430 741 2501 apud
768 2446 855 2484 me
890 2429 1046 2485 unius
1082 2428 1261 2483 fratris
1298 2428 1565 2502 voluntas,
1613 2444 1773 2502 quam
1813 2432 2079 2488 universa

505 2524 693 2580 domus
718 2521 927 2578 Domini
951 2521 1252 2577 communis
1278 2522 1497 2577 utilitas.

573 2617 703 2673 Car.
736 2616 825 2672 1V.
853 2646 922 2658 —
947 2616 1012 2671 Et
1041 2616 1161 2671 ideo
1209 2615 1384 2670 sciens
1423 2613 1711 2687 gloriosam
1741 2614 2081 2673 clementiam

506 2720 737 2767 vestram
767 2708 1144 2765 ecclesiasticae
1171 2706 1388 2763 studere
1422 2706 1744 2773 concordis,
1776 2718 1833 2766 et
1872 2709 2082 2783 1151

507 2800 592 2856 bis
632 2815 751 2873 quae
782 2800 1017 2871 pacifica:
1052 2809 1350 2871 congruunt
1384 2801 1594 2869 unitati,
1624 2800 1921 2871 piissimum
1951 2816 2086 2868 prat-

507 2899 652 2949 stare
678 2906 1020 2951 consensum.
1052 2906 1240 2963 precor
1282 2901 1335 2946 et
1381 2891 1567 2946 sedula
1618 2891 1959 2962 suggestione
1988 2905 2086 2949 vos

510 2985 755 3051 obsecro,
786 2993 845 3039 ut
874 2997 1033 3039 ausos
1064 2983 1335 3054 improbos
1366 2983 1559 3038 unitati
1585 2982 1907 3038 Christiana:
1937 2982 2084 3053 paci-

510 3092 615 3149 que
636 3076 936 3132 contrarios
975 3074 1042 3128 ab
1072 3075 1217 3128 omni
1249 3072 1461 3143 pietatis
1496 3082 1689 3128 vestra:
1715 3072 1973 3129 abdicetis
2001 3088 2088 3129 as-

510 3187 693 3239 sensu,
722 3180 777 3227 et
802 3168 984 3225 fratris
1010 3167 1117 3224 mei
1143 3167 1396 3232 Anatolii,
1425 3171 1724 3223 nocituram
1753 3168 1875 3237 ipsi,
1894 3167 1939 3223 si
1968 3183 2088 3239 per-

2179 1978 2332 2047 μένῳ,
2364 1974 2629 2046 ἀναγκαῖόν
2658 1975 2797 2027 ἐστιν
2826 1974 3058 2041 ἐπίμονον
3084 1976 3391 2045 παρασχεῖν
3419 1989 3479 2039 με
3511 1965 3763 2024 σπουδήν.

2179 2066 2480 2138 Ἐπειδήπερ
2512 2064 2531 2095 ⁸
2557 2063 2848 2123 διοικήσεὼς
2878 2084 2963 2133 μοι
3002 2065 3406 2136 ἐγκεχείρισται,
3440 2064 3524 2114 καὶ
3549 2063 3621 2119 εἰς
3644 2061 3771 2130 ἐμὴν

2179 2161 2329 2214 τείνει
2347 2160 2667 2231 κατηγορίαν,
2698 2157 2739 2211 εἰ
2767 2163 2868 2211 τῶν
2895 2162 3156 2229 πατρικῶν
3183 2152 3446 2226 δογμάτων
3472 2153 3518 2206 οἱ
3537 2153 3769 2215 κανόνες,

2179 2251 2356 2309 οἵτινες
2394 2254 2443 2303 ἐν
2472 2256 2534 2323 τῇ
2565 2246 2757 2318 συνόδῳ
2800 2254 2861 2321 τῇ
2908 2248 2957 2301 ἐν
2988 2248 3163 2319 Νικαία
3206 2248 3277 2304 εἰς
3306 2244 3550 2300 διοίκησιν
3590 2245 3772 2302 πάσης

2178 2353 2270 2405 τῆς
2301 2344 2579 2405 ἐκκλησίας,
2608 2343 2897 2413 πνεύματος
2941 2347 3069 2396 θεοῦ
3107 2337 3461 2399 διδάσκοντος,
3502 2338 3774 2390 τετύπων-

2179 2459 2282 2503 ται,
2315 2438 2460 2504 ἐμοῦ,
2498 2431 2625 2505 ὅπερ
2653 2434 2803 2490 ἀπείη
2827 2473 2839 2495 ,
2880 2429 3271 2495 συνδυάζοντος,
3317 2428 3772 2502 παρασιλευθεῑεν.

2182 2532 2272 2586 Καὶ
2298 2531 2483 2601 μείζων
2510 2525 2585 2587 ι’ίη
2613 2527 2728 2595 παρ’
2755 2528 2869 2597 ὲμοί
2892 2526 2997 2585 ἑνός
3023 2522 3232 2595 ἀδελφοῦ
3257 2526 3451 2593 γνώμη,
3482 2522 3614 2593 ἥπερ
3645 2519 3777 2573 ἀπά-

2184 2647 2280 2687 σης
2307 2632 2397 2684 τῆς
2426 2624 2585 2681 οἰκίας
2614 2627 2705 2677 τοῦ
2736 2616 2992 2676 δεσπότου
3022 2619 3051 2677 ἡ
3080 2622 3215 2675 κοινὴ
3237 2616 3540 2671 λυσιτὲλεια.
3576 2616 3666 2667 Καὶ
3688 2610 3780 2668 διὰ

2185 2725 2337 2775 τοῦτο
2361 2718 2618 2789 γινώσκων
2644 2719 2734 2772 τήν
2776 2710 2971 2775 ἔνδοξόν
3019 2730 3114 2766 σου
3156 2707 3471 2781 γαληνότητα
3516 2713 3579 2779 τῇ
3608 2704 3779 2760 ἐκκλη-

2186 2817 2423 2879 σιαστικῇ
2454 2804 2758 2870 σπουδάζειν
2790 2804 3013 2877 ὁμονοίᾳ,
3295 2804 3378 2856 καί
3408 2806 3516 2859 τοῖς
3638 2799 3779 2871 εἰρη-

2186 2907 2370 2973 νοποιῷ
2398 2899 2571 2953 ἐνὼσει
2592 2896 2905 2973 ἁρμόζουσιν
2931 2894 3114 2952 εὐσεϐῆ
3135 2899 3437 2965 παρασχεῖν
3463 2891 3481 2921 ⁷
3514 2892 3778 2965 σύναισιν,

2189 2988 2383 3065 δέομαι,
2415 2993 2501 3044 καὶ
2528 2986 2911 3059 σπουδαιοτάτη
2926 2988 3122 3043 αἰτήσει
3140 2985 3277 3056 ὑμᾶς
3303 2982 3600 3057 παρακαλῶ,
3634 2978 3780 3040 ὅπως

2189 3084 2283 3144 τὰς
2309 3082 2658 3155 ἐπιχειρήσεις
2697 3080 2787 3139 τὰς
2818 3075 3041 3136 ἀναιδεῖς
3087 3078 3178 3138 τὰς
3218 3076 3445 3134 ἐναντίας
3488 3080 3551 3147 τῇ
3580 3072 3780 3136 ἐνὼσει,

2191 3178 2277 3231 καί
2304 3183 2365 3251 τῇ
2390 3178 2564 3249 εἰρήνῃ
2594 3181 2691 3227 τῶν
2737 3178 3067 3248 Χριστιανῶν,
3108 3172 3207 3224 ἀπὸ
3238 3172 3410 3233 πάσης
3440 3168 3782 3224 συναινέσεως

510 3266 727 3329 stiterit,
756 3262 1103 3331 cupiditatem
1142 3260 1428 3314 salubriter
1466 3259 1831 3329 comprimatis
1863 3277 1879 3313 :
1927 3275 1993 3314 ne
2022 3275 2084 3316 ea

2192 3277 2280 3328 τῆς
2318 3269 2563 3341 ὑμετέρας
2614 3266 2881 3324 εὐσεϐείας
2913 3264 2933 3295 ⁸
2963 3262 3334 3338 ἀποκηρύξητε.
3388 3264 3472 3316 καί
3518 3266 3613 3314 τοῦ
3652 3262 3785 3330 ἐμοῦ

512 3369 630 3425 quae
655 3364 846 3409 vestra:
872 3352 1057 3423 glorize
1082 3360 1241 3419 atque
1262 3351 1593 3419 temporibus
1613 3349 1827 3405 inimica
1848 3360 1972 3406 sunt
1996 3366 2091 3407 cu-

513 3447 686 3516 piens,
721 3443 890 3511 major
934 3442 1045 3495 suis
1072 3443 1201 3496 velit
1245 3454 1367 3495 esse
1409 3442 1707 3509 prioribus;
1757 3442 2092 3515 liberumque

512 3537 588 3593 illi
621 3538 691 3592 sit
717 3537 933 3606 quantis
961 3535 1195 3603 potuerit
1220 3534 1502 3603 Splendere
1526 3534 1840 3601 virtutibus;
1867 3550 2090 3605 quarum

514 3647 621 3687 non
650 3631 806 3685 aliter
837 3629 1101 3700 particeps
1133 3629 1254 3694 erit,
1288 3628 1390 3690 nisi
1418 3628 1678 3686 cbaritate
1707 3632 1877 3702 magis
1909 3629 2094 3687 volue-

514 3726 582 3781 rit
609 3722 787 3779 ornari
818 3736 978 3794 quam
1012 3722 1299 3777 ambitione
1324 3721 1577 3777 distendi.
1604 3722 1753 3777 Hanc
1782 3733 1959 3777 autem
1992 3722 2090 3776 im-

514 3818 667 3889 probi
689 3816 936 3871 desiderii
954 3816 1356 3884 conceptionem
1379 3830 1665 3885 numquam
1680 3814 1895 3887 quidem
1909 3816 2091 3872 debuit

514 3908 656 3964 intra
699 3909 875 3964 cordis
920 3909 1001 3962 sui
1042 3910 1283 3977 recipere
1347 3916 1652 3974 secretum;
1712 3908 1805 3963 sed
1849 3924 1969 3964 cum
2014 3908 2089 3965 illi

519 4012 542 4039 ο
560 4000 753 4057 fratres
774 4012 827 4057 et
841 4003 1143 4071 coepiscopi
1170 4002 1293 4068 mei,
1321 4003 1411 4071 qui
1440 4003 1555 4057 vice
1583 4017 1697 4057 mea
1717 4001 1963 4067 aderant,
1996 4002 2093 4058 ob-

516 4095 744 4160 viarent,
773 4095 841 4150 ab
861 4094 1046 4149 illicito
1067 4094 1300 4164 appetitu
1328 4108 1390 4149 ex
1410 4108 1595 4149 eorum
1625 4093 1643 4131 ί
1677 4095 1865 4149 saltem
1888 4094 2091 4152 salubri

516 4187 938 4242 contradictione
964 4197 1248 4241 cessasset.
1280 4184 1410 4240 Nam
1439 4194 1492 4241 et
1521 4195 1713 4241 vestra:
1739 4186 1951 4258 pietatis
1981 4188 2094 4257 api-

518 4294 629 4347 ces,
660 4289 715 4335 et
744 4279 911 4349 ipsius
940 4282 1137 4348 scripta
1167 4278 1460 4345 declarant,
1496 4278 1698 4348 legatos
1723 4279 1867 4334 sedis
1889 4288 2095 4350 aposto-

518 4371 656 4441 licae,
680 4371 818 4427 sicut
839 4370 1097 4441 oportuit,
1121 4370 1545 4426 contradictione
1565 4370 1866 4441 justissima
1892 4379 1918 4419 ε
1942 4376 2094 4430 resti-

592 4611 618 4639 ι
651 4599 979 4655 Adverbium
1022 4599 1147 4653 mire
1192 4598 1416 4653 inseruit
1452 4599 1805 4667 Quesnellus:
1856 4602 2093 4660 omnium
2121 4606 2176 4671 D

519 4682 822 4731 nostrorum
852 4672 1095 4725 codicum
1129 4683 1179 4724 et
1209 4671 1432 4724 aliarum
1472 4671 1630 4727 etiam
1661 4672 1951 4729 editionum
1988 4690 2086 4728 au-

518 4744 764 4801 steritate
782 4741 1097 4796 delevitntts.
1117 4740 1371 4795 Similiter
1393 4745 1748 4807 expunximus
1773 4743 2089 4802 adverbium

519 4814 625 4871 Sed
652 4829 679 4865 a
710 4812 993 4881 Quesni-llo
1022 4814 1363 4879 pnepositutn
1388 4812 1502 4865 voci
1538 4812 1781 4880 Propria,
1807 4830 1926 4869 eum
1949 4817 2093 4871 desi-

520 4886 733 4941 deretur
761 4899 864 4936 non
882 4884 1052 4937 solum
1080 4884 1130 4935 in
1148 4883 1504 4938 anterioribus
1519 4883 1697 4946 editis,
1718 4900 1900 4940 verum
1928 4888 2088 4942 etiam

518 4955 572 5013 in
607 4952 1061 5020 przestantinrilius
1088 4953 1246 5007 codd.
1272 4952 1499 5021 Batisp.,
1525 4956 1763 5022 utrisque
1788 4954 2086 5014 Vindebon.

519 5026 730 5083 collect.
779 5025 811 5079 5
841 5034 894 5077 et
939 5024 1086 5095 llisp.
1119 5026 1169 5075 iu
1206 5022 1321 5095 Vat.
1354 5026 1568 5079 collect.
1612 5022 1702 5091 24,
1746 5040 1845 5083 nec
1883 5042 1990 5084 non
2035 5029 2091 5085 in

520 5096 957 5155 interoreuitinne
982 5092 1191 5149 Graeca.

589 5168 615 5206 δ
652 5166 781 5219 Vide
811 5174 923 5220 not.
949 5167 982 5220 ὅ
1007 5165 1206 5230 Quesu.

592 5248 615 5277 ο
651 5238 799 5292 llunc
831 5236 1035 5298 locum,
1071 5234 1166 5289 sed
1208 5235 1410 5303 aliquot
1450 5237 1625 5292 verbis
1655 5246 1936 5305 mutatum,
1966 5240 2095 5296 citat

519 5310 801 5366 Gratianus
826 5306 919 5372 ΞΒ,
948 5325 1002 5373 ιι.
1028 5306 1083 5370 2,
1116 5321 1165 5361 c.
1192 5305 1260 5367 2.
1295 5316 1349 5362 et
1375 5323 1497 5364 an'e
1526 5325 1646 5363 cum
1682 5312 1964 5365 Anselmus
1996 5313 2088 5365 lib.

519 5396 591 5443 tv,
616 5396 665 5432 c.
697 5380 751 5435 2.
779 5390 936 5442 atque
967 5378 1249 5430 Deusdedit
1280 5378 1315 5429 l.
1344 5393 1422 5445 ιιι,
1454 5396 1503 5437 c.
1531 5380 1624 5442 35.
1654 5391 1711 5435 ut
1734 5385 1784 5435 in
1812 5397 1940 5436 tnss.
1970 5381 2011 5433 V
2034 5391 2090 5440 .t.

520 5452 939 5521 observavimus.
990 5447 1093 5521 Pro
1142 5448 1426 5515 privilegiis
1477 5451 1921 5520 quibuscumque,
1970 5468 2091 5521 quze

520 5538 627 5578 non
646 5532 750 5575 tatu
778 5519 1029 5575 Ecclesiis
1045 5534 1201 5585 quam
1223 5526 1559 5574 monasteriis
1582 5523 1794 5576 fuerunt
1813 5519 2088 5588 concessa,

520 5596 811 5664 generatim
841 5589 1095 5664 aﬂ‘ertur;
1134 5606 1270 5664 cutn‘
1298 5590 1505 5664 S.__Leo
1536 5592 1603 5646 de
1642 5593 1772 5664 solis
1801 5594 2093 5662 privilegiis

521 5660 865 5719 ecclesiarum
905 5677 935 5718 ε
972 5660 1198 5716 Nieenis
1240 5660 1485 5717 Patribus
1523 5677 1643 5719 can.
1676 5664 1710 5719 6
1748 5660 2093 5722 deaetis'lo-

523 5742 733 5801 (luatur.

592 5799 618 5838 ιι
647 5800 725 5880 ita
746 5817 932 5880 omnes
959 5803 1132 5880 nostri
1158 5802 1313 5858 codd.
1347 5814 1399 5861 et
1429 5804 1579 5873 editi,
1607 5817 1832 5880 excepto
1859 5809 2087 5878 Quesn.,

526 5871 661 5937 apud
684 5886 836 5939 quem
870 5874 1068 5926 violari.

2192 3360 2398 3431 ἀλελφοῦ
2427 3364 2516 3413 τοῦ
2546 3357 2830 3413 ’Δνατολίου
2858 3360 2947 3414 τήν
2972 3354 3217 3412 ἐπιελαῦἠ
3246 3353 3433 3421 ἐαυτῷ,
3466 3354 3510 3405 εί
3532 3352 3783 3421 ἐπιμένοι,

2195 3452 2451 3524 ἐπιθυμίαν
2482 3446 2820 3525 σωτηριωδῶς
2866 3448 3142 3516 ἐπίσχητε,
3186 3446 3269 3499 ἵνα
3297 3450 3367 3515 μὴ
3406 3446 3615 3507 τούτων,
3650 3442 3785 3520 ἅπερ

2194 3551 2257 3619 τῇ
2286 3544 2506 3618 ὑμετέρᾳ
2532 3540 2647 3613 δόξῃ
2677 3543 2760 3593 καί
2786 3547 2891 3599 τοῖς
2920 3540 3128 3610 χρόνοις
3173 3539 3337 3611 ἐχθρὰ
3364 3538 3635 3608 τυγχάνει,
3669 3538 3785 3590 ἐπι-

2194 3637 2382 3708 θυμῶν,
2414 3638 2594 3707 μείζων
2617 3634 2797 3705 θελήσῃ
2828 3628 2953 3688 εἶναι
2993 3640 3090 3687 τῶν
3118 3630 3216 3690 ἤδη
3259 3628 3410 3687 ὅντων
3431 3633 3664 3702 περιέπων,
3697 3630 3789 3685 και

2196 3729 2276 3783 ἄπ’
2307 3727 2476 3787 ἀδείας
2507 3729 2669 3797 ἐκείνῳ
2717 3724 2814 3789 εἴη,
2860 3722 3007 3785 ὅσαις
3038 3718 3096 3779 ἀν
3146 3724 3310 3789 ἐθέλοι,
3351 3724 3618 3792 ἐκλάμπειν
3664 3724 3789 3796 ἀρε-

2196 3828 2330 3885 ταῖς,
2364 3817 2429 3874 ὧν
2468 3822 2573 3891 οὐχ
2616 3820 2797 3896 ἑτέρως
2842 3818 3068 3878 κοινωνός
3110 3819 3129 3850 ³
3168 3819 3332 3877 ἐστιν,
3372 3820 3415 3872 εί
3453 3822 3524 3889 μη
3563 3813 3791 3870 διαθέσει

2197 3913 2385 3987 μᾶλλον
2424 3912 2577 3965 ἐθέλοι
2630 3914 2952 3982 κοσμεῖσθαι,
3001 3910 3130 3982 ἥπερ
3169 3910 3420 3981 ἀμϐιτίονι
3461 3910 3787 3964 ἐκτείνεσθαι.

2197 4010 2397 4065 Ταύτην
2428 4004 2480 4060 δέ
2518 4011 2607 4065 τὴν
2653 4002 2831 4062 ἀναιδῆ
2876 4006 3139 4074 ἐπιθυμίαν
3179 4001 3414 4057 οὐδέποτε
3586 4000 3791 4073 ὤφειλεν

2199 4105 2248 4158 ἐν
2276 4112 2335 4180 τῇ
2364 4105 2518 4157 αὐτοῦ
2548 4099 2687 4174 ἔχειν
2715 4109 2777 4175 τῇ
2806 4098 2981 4171 ψυχῇ,
3030 4098 3130 4153 ἀλλ’
3162 4097 3370 4155 ὁπηνίκα
3400 4098 3538 4167 αύτῷ
3564 4096 3609 4147 οἱ
3638 4092 3790 4147 ἀδελ-

2196 4198 2295 4269 φοί,
2333 4198 2413 4248 καὶ
2447 4195 2813 4248 συνεπίσκοποι
2851 4192 2978 4260 ἐμοὶ,
3030 4190 3074 4243 οί
3108 4190 3240 4263 ύπέρ
3281 4190 3401 4261 ἐμοῦ
3444 4190 3791 4262 πράττοντες,

2198 4286 2505 4343 ἀντέϐησαν,
2539 4285 2638 4339 ἀπὸ
2666 4291 2755 4343 τῆς
2785 4281 3078 4359 παρανόμου
3102 4282 3292 4352 τόλμης
3314 4276 3404 4353 κᾷν
3437 4281 3487 4332 ἐκ
3506 4288 3598 4340 τῆς
3618 4281 3791 4333 αὐτῶν

2197 4376 2393 4449 ὤφειλεν
2436 4377 2659 4447 ἀργῆσαι
2699 4374 3000 4445 ἀντιλογίας·
3043 4376 3124 4428 καὶ
3156 4376 3256 4451 γὰρ
3292 4375 3373 4427 καί
3408 4380 3499 4433 τῆς
3530 4372 3792 4446 ὑμετέρας

2276 4606 2301 4635 °
2329 4600 2633 4655 Vindehon.
2666 4600 2813 4669 llisp.
2845 4597 2994 4654 addit
3022 4597 3197 4651 etiam.
3230 4594 3349 4651 Vat.
3381 4596 3529 4665 Hisp.
3567 4604 3623 4652 et
3653 4597 3790 4655 Isid.

2206 4674 2405 4730 addunt
2430 4671 2736 4725 charissimi.

2279 4744 2297 4782 τ
2332 4744 2538 4810 Rattsp.
2556 4743 2698 4797 delet
2724 4742 2924 4804 saltem,
2942 4748 2997 4795 et
3021 4754 3119 4806 pro
3142 4737 3335 4793 salubri
3360 4739 3519 4794 habet
3539 4740 3791 4793 salutari.

2195 4816 2419 4881 Utrique
2448 4816 2607 4869 coiltl.
2631 4813 2929 4866 Vindehon.
2958 4811 3140 4866 delent
3168 4810 3383 4864 salubri.
3418 4810 3535 4866 Vat.
3564 4811 3791 4866 collect.

2196 4887 2259 4943 H
2291 4888 2435 4942 delet
2462 4884 2639 4941 saltem
2670 4897 2723 4938 et
2751 4884 2967 4937 salubri.

2268 4968 2295 5008 ε
2326 4958 2533 5024 Vulgati
2562 4960 2804 5011 inserunt
2830 4956 2874 5006 ei
2904 4970 2923 5007 :
2955 4952 3251 5007 delevimus
3294 4952 3608 5005 auctoritate
3647 4966 3791 5024 mss.

2197 5028 2401 5095 Ratisp.
2434 5023 2730 5082 Vindebon.
2760 5026 2971 5079 collect.
3003 5026 3059 5090 5,
3094 5040 3155 5079 ac
3179 5025 3335 5077 triutn
3367 5024 3594 5078 aliorum
3618 5023 3791 5081 codd.

2196 5115 2315 5156 cum
2347 5100 2626 5157 Sicltartlo.
2659 5113 2759 5151 nec
2783 5114 2885 5151 non
2909 5095 3366 5166 interpretationis
3395 5095 3620 5149 Graecae.

2273 5172 2290 5202 ⁸
2322 5170 2502 5236 Forte,
2534 5171 2836 5226 ἀπολαύσοι.

2266 5244 2288 5273 ⁸
2320 5240 2729 5327 Hzee_part’tcitla
2749 5244 2850 5327 γὰρ
3043 5237 3129 5291 hic
3155 5237 3281 5327 facit
3306 5238 3370 5293 ad
3394 5252 3508 5293 rem
3548 5254 3561 5292 :
3596 5236 3794 5308 legen-

2195 5311 2327 5383 dum
2354 5315 2547 5383 potius,
2576 5310 2721 5374 ἄλλος
2743 5310 2879 5382 ὄμὼς
2909 5311 2934 5366 ό
2957 5311 3117 5383 λόγος,
3147 5322 3251 5365 etc.

2267 5382 2287 5414 ³
2317 5382 2441 5451 Leg.
2454 5428 2466 5449 ,
2498 5382 2663 5438 ἔσται.

2265 5452 2287 5529 ξ
2321 5452 2501 5529 ἔδωκεν
2534 5457 2746 5529 ἀρκέσῃ-

2268 5524 2288 5600 f
2318 5523 2470 5600 Lota,
2513 5520 2674 5600 ούδένι
2697 5520 2766 5580 ’τε
2799 5525 2971 5600 τρόπῳ
2994 5526 3195 5595 ἐλπίσῃ,
3229 5521 3351 5600 ὅπερ
3393 5520 3477 5579 διά
3498 5528 3613 5593 τοῦ,
3644 5527 3799 5595 θαι..

2197 5596 2302 5670 vel.
2320 5594 2446 5670 ὀύδέ
2466 5618 2560 5670 τινι
2586 5597 2785 5670 τρόπῳ,
2810 5594 2915 5651 έιο.

2270 5667 2291 5699 ⁵
2317 5666 2443 5733 Lt‘g.
2456 5708 2467 5726 .
2500 5666 2764 5729 διοίκησις.

2269 5738 2290 5769 ⁷
2321 5736 2472 5803 Leg.,
2502 5744 2697 5793 συναίνε
2706 5760 2808 5794 σιν.

2268 5810 2288 5887 δ
2316 5808 2446 5887 [³⁸31
2458 5848 2472 5871 ο
2504 5810 2900 5887 ἀέτοκηρύττητ⁶·

2269 5881 2287 5912 ⁹
2319 5879 2500 5950 Forte,
2524 5878 2691 5936 ἕσταί.
