4072 6358
510 345 626 449 Μ.

1649 380 1709 439 S.
1747 380 1993 439 LEUNIS
2031 378 2247 438 MAGNl
2286 378 2665 437 EPISTOLIE.

3656 376 3681 431 i
3690 370 3796 434 000

510 503 705 562 nefleio
746 510 802 559 et
836 500 943 555 mei
986 496 1189 554 favoris
1232 510 1460 553 assensu
1486 498 2096 568 Constantinopolitanae
2127 502 2177 563 Α
2205 496 2414 552 ratione
2440 494 2736 566 dispositis,
2768 490 2968 549 bellum
2994 506 3150 549 novae
3174 489 3598 563 perturbationis
3628 488 3800 546 infer-

510 595 771 654 Ecclesia
796 591 1161 649 sacerdotium
1202 591 1362 647 fuerit
1385 601 1732 661 consecutus,
1764 607 1869 645 non
1901 600 2007 645 tam
2031 591 2099 646 de

510 688 718 759 adeptis
746 687 982 758 gavisus,
1014 701 1173 755 quam
1198 684 1267 740 de
1298 684 1603 741 immodicis
1646 685 1964 756 appetendis
2003 700 2097 739 su-

492 766 603 852 pra
660 794 967 834 mensuram
1018 780 1099 834 sui
1146 776 1369 833 honoris
1415 794 1674 833 accensus
1716 789 1829 843 est;
1872 777 2101 832 credens

508 871 634 928 huic
656 881 764 927 tam
786 872 1166 943 intemperanti
1187 872 1467 939 cupiditati
1492 887 1649 941 posse
1676 871 1935 942 prodesse
1957 869 2101 939 quod

507 964 560 1019 ei
588 962 943 1033 quorumdam
980 978 1303 1019 consensum
1328 972 1354 1000 ι
1380 978 1534 1018 suum
1572 963 1869 1033 praebuisse
1906 962 2104 1017 dicitur

509 1066 719 1113 extorta
748 1057 1106 1127 subscriptio;
1135 1072 1255 1112 cum
1288 1066 1465 1112 tamen
1485 1055 1827 1111 destruendis
1854 1071 1980 1109 mox
2007 1068 2102 1109 co-

509 1149 742 1217 natibus,
770 1149 1125 1207 contradictio
1154 1151 1376 1205 fratrum
1408 1160 1465 1205 et
1490 1150 1936 1221 coepiscoporum
1958 1164 2100 1204 meo-

509 1256 628 1297 rum
666 1240 692 1280 δ
724 1242 843 1297 vice
892 1257 1012 1298 mea
1059 1242 1330 1312 agentium
1379 1241 1610 1297 ﬁdeliter
1662 1250 1717 1296 et
1762 1240 2104 1295 laudabiliter

509 1333 775 1391 obviaret.
808 1335 1070 1403 Quoniam
1102 1342 1287 1389 contra
1316 1342 1515 1389 statuta
1552 1345 1901 1403 paternorum
1934 1346 2103 1386 cano-

510 1442 659 1495 num,
693 1443 813 1498 qute
843 1438 970 1481 ante
996 1426 1326 1497 longissimae
1357 1425 1534 1481 relatis
1563 1441 1733 1480 annos
1761 1426 1814 1479 in
1854 1426 1987 1479 urbe
2014 1423 2106 1479 Ni-

510 1534 661 1575 carna
686 1518 1057 1587 spiritualibns
1083 1529 1208 1573 sunt
1234 1517 1455 1572 fundata
1479 1519 1730 1583 decretis,
1759 1517 1891 1572 nihil
1912 1516 2106 1587 cuique

514 1621 537 1650 ε
566 1611 767 1667 audere
797 1612 1114 1667 conceditur
1147 1629 1160 1665 :
1191 1612 1265 1667 ita
1295 1623 1353 1667 ut
1386 1613 1431 1667 si
1452 1614 1572 1683 quis
1598 1612 1870 1668 diversum
1902 1611 2104 1680 aliquid

510 1708 806 1762 decernere
834 1706 985 1773 velit,
1016 1720 1075 1760 se
1108 1712 1283 1775 potius
1314 1706 1519 1760 minuat
1546 1722 1708 1775 quam
1739 1707 1827 1760 illa
1858 1721 2104 1761 corrum-

510 1810 623 1873 pat.
651 1801 783 1870 Quae
824 1800 891 1866 si,
927 1808 985 1854 ut
1010 1807 1247 1869 oportet,
1279 1814 1309 1852 a
1347 1800 1556 1853 eunetis
1597 1798 1940 1868 pontificibus
1968 1798 2104 1852 inte-

2202 608 2293 657 re;
2318 602 2478 662 atque
2509 600 2566 645 ut
2595 587 2982 645 venerabilium
3010 588 3224 641 Patrum
3250 585 3466 640 decreta
3493 584 3795 651 solvantur,

2203 684 2557 756 quorumdam
2612 683 2985 752 episcoporum
3041 679 3288 750 proferre
3328 692 3674 743 consensum,
3711 678 3798 732 cui

2204 791 2281 836 tot
2313 794 2574 834 annorum
2608 780 2776 833 series
2807 776 3023 845 negavit
3063 774 3334 831 effectum.
3364 772 3495 827 Nam
3524 773 3802 843 sexagesi-

2203 890 2324 929 mus
2369 872 2481 928 fere
2520 887 2695 927 annus
2744 870 2907 940 hujus
2940 868 2958 906 ί
2994 866 3357 923 conniventia:
3391 881 3514 922 esse
3536 867 3799 935 iactatur,

2204 982 2306 1037 qua
2338 981 2396 1021 se
2424 966 2712 1036 praedictus
2738 965 3021 1033 episcopus
3051 963 3284 1016 mstimat
3307 958 3800 1029 adjuvari,frustra

2204 1059 2426 1128 cupiens
2458 1058 2507 1111 id
2539 1057 2641 1112 sibi
2672 1058 2930 1127 prodesse
2960 1054 3103 1124 quod
3133 1055 3293 1108 etiam
3327 1052 3373 1108 si
3403 1052 3685 1123 quisquam
3708 1064 3801 1107 au-

2204 1166 2298 1206 sus
2320 1160 2405 1206 est
2434 1152 2597 1217 velle,
2631 1151 2811 1204 nullus
2838 1159 3019 1204 tamen
3051 1149 3221 1218 potuit
3244 1147 3507 1203 obtinere.

2275 1242 2406 1298 Cu.
2440 1243 2524 1297 Ill.
2560 1273 2629 1283 ——
2658 1245 2928 1313 Agnoscat
2969 1240 3053 1296 cui
3100 1240 3423 1295 successerit
3450 1240 3587 1306 viro,
3616 1248 3671 1294 et
3715 1253 3805 1295 re-

2209 1337 2369 1408 pulso
2396 1336 2544 1391 omni
2584 1336 2779 1405 spiritu
2824 1334 3099 1397 elationis,
3138 1332 3151 1383 i
3191 1332 3428 1387 Flaviani
3460 1332 3642 1397 ﬁdem,
3674 1331 3806 1387 Fla-

2204 1431 2346 1485 viani
2396 1426 2738 1493 modestiam,
2784 1426 3022 1481 Flaviani
3060 1426 3439 1491 humilitatem,
3485 1441 3604 1492 qua:
3644 1423 3803 1478 illum

2204 1540 2375 1593 usque
2401 1522 2468 1577 ad
2507 1519 2834 1577 confessoris
2862 1520 3087 1591 gloriam
3118 1520 3384 1589 provexit,
3414 1518 3673 1573 imitetur.
3701 1515 3807 1570 Cu.

2199 1615 2289 1687 jus
2318 1617 2363 1671 si
2411 1615 2538 1671 velit
2583 1612 2873 1685 splendere
2921 1612 3237 1679 virtutibus,
3268 1611 3552 1667 laudabilis
3596 1611 3807 1677 erit,et

2205 1710 2258 1765 in
2305 1709 2454 1765 omni
2500 1708 2623 1763 loco
2668 1709 2957 1777 plurimum
3005 1708 3313 1762 dilectionis
3361 1709 3642 1777 acquiret,
3693 1721 3805 1761 non

2204 1801 2494 1856 ambiendo
2537 1800 2794 1867 humana,
2822 1799 2917 1855 sed
2973 1801 3331 1869 promerendo
3380 1798 3580 1853 divina.
3612 1797 3642 1838 ι
3693 1798 3807 1854 Hac

511 1902 715 1949 merata
747 1899 1051 1956 serventur,
1078 1906 1175 1961 per
1199 1890 1478 1945 universas
1510 1888 1779 1943 Ecclesias
1817 1888 2102 1958 tranquilla
2129 1891 2180 1953 Β
2207 1902 2387 1947 autem
2420 1892 2762 1946 observantia
2804 1906 2985 1947 meum
3016 1906 3227 1960 quoque
3250 1891 3328 1945 illi
3359 1890 3598 1945 animum
3632 1903 3803 1959 spon-

510 1989 615 2045 erit
641 2003 742 2057 pax
771 1996 824 2041 et
846 1986 997 2040 ﬁrma
1026 1984 1313 2039 concordia
1345 2000 1358 2037 :
1394 1985 1555 2037 nulla:
1577 1980 1603 2019 ἀ
1643 1982 1711 2037 de
1734 1998 1978 2037 mensura
1998 1981 2100 2037 ho-

512 2096 705 2137 norum
750 2078 1137 2142 dissensiones,
1183 2077 1346 2131 nullae
1380 2076 1449 2131 de
1488 2075 1917 2131 ordinationibus
1958 2074 2098 2140 lites,

513 2174 674 2230 nulla:
714 2172 781 2227 de
819 2171 1114 2243 privilegiis
1155 2170 1552 2239 ambiguitates,
1588 2169 1729 2223 nulla
1767 2176 1926 2222 erunt
1966 2168 1991 2198 ⁸
2032 2166 2103 2222 de

512 2267 674 2324 alieni
704 2265 1052 2335 usurpatione
1088 2265 1417 2329 certamina;
1455 2260 1475 2298 ί
1508 2262 1604 2316 sed
1647 2276 1800 2332 sequo
1824 2261 1945 2330 jure
1970 2259 2101 2315 cha-

512 2362 712 2427 ritatis,
739 2358 1073 2415 rationabilis
1103 2365 1159 2412 et
1188 2372 1398 2411 morum
1424 2363 1478 2410 et
1500 2354 1800 2409 ofﬁciorum
1833 2354 1965 2409 ordo
1987 2368 2103 2408 ser-

511 2454 757 2520 vabitur;
786 2460 843 2507 et
871 2451 961 2506 ille
989 2465 1117 2505 vere
1165 2449 1377 2521 1156
1406 2448 1509 2503 erit
1551 2463 1793 2519 magnus,
1828 2448 1916 2517 qui
1943 2447 2105 2502 fuerit

510 2547 676 2604 totius
704 2543 1010 2599 ambitionis
1042 2542 1267 2595 alienus.
1298 2541 1517 2595 dicente
1552 2540 1779 2593 Domino
1808 2558 1820 2594 :
1854 2540 2103 2603 Quicum-

511 2656 610 2712 que
634 2638 846 2693 voluerit
874 2637 1006 2689 inter
1026 2650 1112 2688 vos
1138 2635 1306 2704 major
1332 2632 1467 2701 ﬁeri,
1498 2634 1559 2685 sit
1590 2642 1750 2684 uester
1780 2632 2007 2683 minister
2024 2638 2103 2696 ;et

512 2734 814 2805 quicumque
842 2728 1058 2784 voluerit
1098 2728 1230 2781 inter
1276 2742 1363 2779 vos
1408 2725 1605 2796 primus
1656 2740 1781 2789 esse,
1814 2723 1907 2776 erit
1944 2733 2104 2775 vester

512 2842 684 2881 servus
713 2840 733 2878 :
761 2824 893 2878 sicut
934 2818 1110 2874 Filius
1149 2819 1371 2873 hominis
1403 2834 1505 2871 non
1532 2818 1663 2870 venit
1694 2816 1993 2877 ministrari,
2015 2814 2103 2868 sed

514 2920 801 2975 ministrare
822 2914 1040 2989 (Matth.
1068 2913 1278 2980 xx,26;
1307 2911 1473 2965 Marc.
1500 2910 1679 2981 Lib).
1702 2910 1767 2965 Et
1786 2922 1963 2963 tamen
1988 2909 2104 2964 ltzec

517 3011 629 3067 illis
670 3018 799 3065 tunc
836 3007 1245 3063 insinuabantur
1274 3005 1364 3076 qui
1389 3004 1456 3059 de
1484 3004 1679 3074 pusillo
1709 3003 1962 3057 volebant
1985 3018 2103 3058 cre-

514 3117 691 3171 scere,
714 3110 771 3157 et
795 3101 863 3156 de
888 3100 1087 3155 inﬁmis
1115 3098 1180 3153 ad
1203 3112 1412 3152 sumnta
1439 3098 1691 3150 transire.
1723 3094 2106 3150 Ceustantino-

513 3197 769 3270 politanaa
792 3209 921 3250 vero
944 3202 968 3239 ε
1000 3192 1195 3263 praesul
1228 3189 1509 3256 Ecclesiae,
1537 3188 1662 3260 quid
1691 3189 1919 3258 amplius
1942 3203 2101 3258 quam

2205 1985 2309 2041 deo
2361 1984 2747 2055 copulandum,
2780 1992 2835 2038 et
2877 1984 3188 2053 apostolicae
3239 1982 3385 2038 sedis
3430 1983 3804 2051 dilectionem,

2204 2093 2362 2149 quam
2396 2075 3006 2145 Constantinopolitanze
3037 2075 3301 2130 Ecclesia:
3339 2090 3556 2145 semper
3594 2075 3806 2141 impen-

2205 2170 2305 2237 dit,
2334 2170 2481 2224 nulla
2526 2168 2881 2224 mutabilitate
2906 2168 3236 2224 violandam.
3269 2168 3403 2236 Quia
3443 2168 3488 2224 si
3538 2166 3805 2222 interdum

2211 2262 2419 2334 1157
2447 2258 2785 2314 immoderati
2810 2260 3066 2329 prmsules
3088 2260 3297 2329 aliquas
3324 2260 3568 2315 incidunt
3588 2260 3801 2329 culpas,

2207 2359 2575 2413 Eeclesiarum
2622 2367 2800 2413 tamen
2847 2356 3045 2412 Christi
3082 2354 3100 2394 1
3133 2358 3410 2427 integritas
3461 2366 3799 2428 perseverat.

2206 2450 2603 2507 Consensiones
2626 2466 2751 2505 vero
2770 2449 3169 2521 episcoporum,
3192 2461 3500 2505 sanctorum
3524 2464 3798 2506 canonum

2206 2543 2347 2615 apud
2378 2544 2610 2597 Nieream
2643 2543 2983 2597 conditorum
3012 2544 3213 2613 regulis
3237 2552 3623 2613 repugnantes,
3649 2542 3803 2599 unita

2206 2634 2485 2690 nobiscum
2510 2646 2703 2689 vestrae
2730 2634 2853 2689 ﬁdei
2885 2636 3085 2705 pietate
3116 2635 3167 2689 in
3199 2636 3409 2690 irritum
3434 2636 3720 2701 mittimus,
3746 2644 3804 2691 et

2206 2744 2303 2799 per
2332 2730 2705 2783 auctoritatem
2740 2727 2885 2782 beati
2924 2727 3067 2782 Petri
3100 2728 3352 2798 apostoli,
3381 2728 3621 2800 generali
3651 2744 3807 2798 pror-

2206 2836 2299 2875 sus
2326 2820 2642 2875 deﬁnitione
2672 2829 2711 2857 ω
2734 2835 3031 2886 cessamus,
3057 2821 3112 2875 in
3137 2822 3386 2877 omnibus
3412 2820 3801 2876 ecclesiasticis

2206 2916 2386 2969 causis
2428 2913 2509 2967 liis
2554 2914 2759 2985 legibus
2800 2913 3158 2985 obsequentes
3202 2930 3335 2985 quas
3373 2915 3491 2969 nad
3523 2914 3800 2985 paciﬁcam

2207 3008 2607 3065 observantiam
2638 3010 2877 3063 omnium
2904 3007 3269 3077 sacerdotum,
3294 3024 3392 3079 per
3414 3019 3688 3064 trecentos
3712 2997 3802 3064 de-

2207 3117 2322 3158 cem
2354 3111 2409 3158 ct.
2435 3110 2557 3157 octo
2597 3101 2867 3157 antistites
2905 3102 3141 3171 Spiritus
3175 3112 3393 3159 sanctus
3422 3103 3697 3159 instituit:
3726 3104 3802 3160 ita

2206 3205 2269 3252 ut
2295 3198 2458 3252 etiam
2492 3197 2535 3252 si
2579 3197 2747 3251 multo
2778 3196 2959 3267 plures
2993 3205 3018 3233 ο
3050 3196 3193 3251 aliud
3240 3211 3398 3268 quam
3441 3197 3516 3252 illi
3558 3208 3800 3254 statuere

517 3300 799 3346 assecutus
825 3295 909 3341 est
936 3282 1303 3353 concupiscit?
1330 3292 1421 3337 aut
1451 3281 1577 3352 quid
1624 3281 1701 3363 illi
1739 3280 2033 3335 satisfaciet
2054 3280 2097 3335 si
2124 3288 2172 3353 ο
2204 3292 2521 3359 decernam,
2554 3291 2608 3345 in
2636 3290 2784 3346 nulla
2823 3291 3127 3347 τενει-εηιίει
3170 3292 3243 3346 si;
3288 3292 3619 3359 habendum,
3644 3294 3803 3365 quid-

517 3390 686 3438 tantae
724 3379 875 3435 urbis
903 3377 1295 3449 magniﬁcentia
1324 3383 1379 3429 et
1419 3374 1684 3429 claritudo
1727 3390 1833 3427 non
1872 3371 2107 3429 sufﬁcit?

518 3477 823 3548 Superbum
853 3474 1014 3529 nimis
1037 3479 1123 3528 est
1149 3481 1205 3527 et
1234 3471 1647 3525 immoderatum
1690 3469 1827 3523 ultra
1859 3470 2106 3541 pr0prios

520 3572 783 3628 terminos
819 3568 1061 3633 tendere,
1084 3574 1141 3623 et
1168 3565 1484 3635 antiquitate
1529 3564 1729 3619 calcata
1758 3565 1991 3619 alienum
2018 3564 2108 3633 jus

520 3667 663 3723 velle
705 3663 1019 3736 praeripere,
1052 3659 1082 3697 ιι
1108 3670 1269 3729 atque
1305 3669 1361 3713 ut
1402 3658 1561 3713 unius
1602 3666 1811 3713 crescat
1850 3658 2104 3727 dignitas,

521 3771 608 3820 tot
636 3758 1171 3829 metr0politanornm
1217 3755 1531 3825 impugnare
1577 3754 1856 3823 primatus,
1888 3754 2113 3825 quietis-

522 3872 627 3930 que
648 3851 962 3926 provinciis,
989 3858 1044 3907 et
1069 3849 1198 3906 olim
1223 3858 1425 3903 sanctae
1454 3846 1642 3919 synodi
1668 3846 1898 3903 Nicaenae
1927 3847 2112 3903 mode-

603 4077 629 4105 ι
654 4067 766 4121 Vox
789 4078 939 4119 suum
965 4075 994 4115 a
1023 4054 1516 4129 Quesnelloaddita
1542 4062 1741 4129 nostris
1762 4054 1923 4111 etiam
1950 4054 2108 4129 codd.

524 4140 894 4198 confirmatur.
920 4126 1074 4201 Apud
1119 4128 1473 4201 Sicliardutn,‘
1496 4128 1735 4201 prodesse
1771 4126 2111 4198 quorumdam

529 4225 851 4269 consensum,
882 4198 1031 4276 quem
1059 4202 1105 4255 ei
1137 4200 1411 4276 praebuisse
1442 4198 1649 4252 dieitur.

601 4284 627 4323 δ
658 4283 748 4336 Sic
788 4270 991 4341 Ratisp.
1023 4289 1145 4327 cum
1177 4272 1406 4339 Quesn.,
1447 4282 1570 4324 ante
1608 4285 1769 4340 quem
1810 4270 2110 4342 legebatur,

527 4356 687 4411 vicem
709 4367 894 4405 meant.
923 4346 1043 4401 Mox
1072 4344 1282 4397 obviarit
1312 4344 1363 4395 in
1400 4342 1604 4412 liatisp.

601 4438 624 4465 ο
662 4422 867 4493 Vulgati
901 4416 1280 4493 ante_Quesn.,
1313 4412 1523 4493 addere.

597 4493 624 4533 ά
651 4484 813 4549 ιὶαθῦι
841 4486 1039 4559 vulgati
1070 4499 1358 4559 eumrmss.
1384 4485 1594 4559 collect.
1632 4484 1729 4559 '24,
1754 4486 2111 4559 de_mensuris

528 4570 734 4622 harum.
776 4556 1048 4631 Quesnelli
1091 4558 1377 4612 lectionem
1425 4557 1593 4611 nostri
1636 4556 1791 4611 codd.
1821 4556 2029 4626 Rattsp.
2058 4567 2113 4613 et

529 4640 664 4695 Ven.
698 4635 1013 4703 approbant.

606 4713 629 4740 ⁸
659 4709 714 4763 lu
736 4698 934 4760 iisdem
977 4703 1143 4773 vulg.,
1178 4704 1239 4756 de
1283 4698 1474 4773 aliena.
1507 4698 1705 4753 Omnes
1751 4698 1918 4773 nostri
1950 4698 2109 4753 codd.

532 4790 587 4839 ct
610 4779 900 4834 Sicliardus
928 4768 1204 4843 Quesuelli
1234 4772 1663 4843 emendationem
1701 4768 2039 4843 c0nﬁrntant.

608 4850 627 4889 ί
664 4850 805 4905 Editi
853 4842 979 4901 ante
1017 4847 1217 4912 Qut'sn.
1262 4859 1383 4898 cum
1434 4842 1693 4895 Sicltardo
1722 4858 1734 4894 :
1766 4842 1849 4894 sed
1897 4858 1956 4893 ea
2004 4858 2115 4906 qua

531 4927 652 4998 jure
684 4921 945 4975 charitatis
969 4917 1429 4998 rationabilis-est,
1457 4923 1502 4966 et
1542 4929 1738 4998 morum
1764 4922 1807 4965 et
1832 4912 2111 4995 o/ﬁciorum

537 4984 817 5050 'servabitur
856 4992 1187 5044 unanimitus.
1213 4985 1346 5042 Cod.
1374 4984 1573 5038 Victor.
1599 5001 1627 5038 a
1650 4986 1849 5049 Quesn.
1878 5000 1930 5037 ιιι
1974 4986 2112 5039 notis

535 5068 817 5136 allegatus,
846 5072 898 5116 et
937 5074 1074 5114 unus
1113 5071 1293 5136 noster
1330 5056 1623 5136 Fesnlaiius
1651 5054 1895 5108 eamdem
1929 5056 2114 5136 leo-tiu.-

536 5128 996 5203 netn'prazlerunt,
1026 5132 1221 5203 omissa
1257 5128 1663 5203 tantutu_nltitua
1688 5128 2114 5203 Vocetunaninti-

537 5218 635 5263 fas.
662 5194 802 5261 ldctn
830 5215 911 5260 est
944 5194 994 5257 in
1025 5201 1143 5255 Vat.
1175 5202 1393 5268 Reginae
1424 5199 1523 5253 159
1554 5200 1762 5252 collect.
1794 5194 1885 5261 2i,
1912 5200 1999 5267 qui
2027 5214 2113 5251 so.

536 5280 645 5337 lum
676 5280 729 5333 itt
771 5277 875 5331 ﬂue
916 5276 1097 5338 habet,
1138 5282 1183 5326 et
1223 5271 1498 5342 oﬂcrorum
1538 5285 1775 5321 mensura
1811 5270 2113 5342 servabitur.

539 5352 719 5409 Secuti
749 5361 931 5403 sumus
971 5340 1711 5411 lectieiiem"praestantiorum
1752 5340 2113 5411 eotltlLGrim.

536 5424 745 5477 collect.
778 5422 843 5474 18
882 5427 935 5474 et
983 5418 1189 5485 Ratisp.
1222 5410 1431 5469 collect.
1464 5413 1548 5477 19,
1582 5422 1637 5466 et
1669 5411 1784 5464 Vat.
1812 5427 1872 5464 ac
1918 5410 2109 5465 Venet.

536 5495 749 5550 collect.
782 5490 870 5551 12,
902 5504 1060 5559 quam
1092 5488 1371 5541 lectionem
1386 5486 1531 5559 satis
1563 5491 1754 5559 bonam
1800 5494 1955 5550 atque
1978 5498 2115 5559 per-

537 5570 776 5639 spicuam
818 5554 957 5616 haud
997 5560 1333 5639 scimus-cur
1374 5556 1691 5639 Quesnellus
1718 5554 2036 5639 deseruerit,
2064 5562 2119 5637 ut

538 5626 677 5693 h'anc
702 5634 861 5690 aliam
904 5648 969 5687 ex
1001 5632 1263 5685 universis
1306 5629 1636 5681 variantibus
1683 5628 1918 5694 proprio,
1951 5637 2003 5677 ut
2038 5626 2116 5679 vi-

542 5710 720 5775 detur,
750 5714 919 5760 marte
939 5716 1270 5771 compaetam
1295 5707 1626 5769 supponeret
1655 5712 1666 5750 :
1703 5697 1815 5775 S_ed_
1838 5698 1879 5750 is
1902 5697 1985 5767 qui
2000 5699 2120 5775 jure

541 5768 803 5834 charitatis
832 5768 1148 5831 rationabilis
1176 5781 1272 5842 est,
1295 5782 1341 5827 et
1368 5768 1577 5826 morum
1609 5778 1651 5824 et
1687 5768 1966 5839 ofﬁciorum
1994 5769 2119 5823 ordo

545 5850 840 5907 cantabitur.

615 5930 641 5969 ι
666 5918 876 5991 angati
906 5927 1029 5976 ante
1056 5920 1282 5987 Quesn.,
1308 5916 1517 5989 prtesuli
1548 5913 1793 5971 Ecclesia:
1826 5912 1984 5983 (quia
2008 5930 2115 5969 am-

2211 3386 2341 3455 quid
2365 3384 2526 3438 fuerit
2555 3399 2586 3437 a
2612 3384 2991 3454 praedictorum
3019 3387 3403 3440 constitutione
3424 3386 3727 3441 diversum.

2288 3477 2501 3550 1158
2544 3478 2671 3532 Car.
2717 3478 3284 3536 IV.——Prolixitatem
3334 3482 3513 3551 itaque
3557 3481 3804 3551 epistola

2212 3586 2367 3639 mere,
2393 3588 2495 3641 qua
2518 3586 2744 3627 necesse
2765 3571 2922 3627 habui
2947 3574 3216 3645 explicare
3236 3575 3363 3645 quid
3393 3578 3645 3642 sentiam,
3671 3592 3805 3646 rogo

2214 3676 2273 3721 ut
2302 3682 2397 3735 per
2424 3666 2648 3721 fratrem
2678 3675 2733 3721 et
2754 3667 3134 3737 coepiscoiium
3165 3684 3343 3724 meum
3367 3669 3685 3735 Lueianum,
3709 3670 3806 3739 qui

2212 3757 2506 3831 (quantum
2536 3759 2587 3813 in
2619 3758 2737 3829 ipso
2758 3761 2876 3831 est)
2902 3760 3325 3816 sollicitudinem
3357 3771 3621 3831 susceptae
3651 3762 3804 3831 lega-

2216 3851 2379 3907 tionis
2406 3859 2491 3907 est
2521 3850 2750 3908 ﬁdeliter
2774 3862 3081 3920 exsecutus,
3105 3862 3157 3909 et
3190 3868 3286 3924 per
3308 3854 3474 3909 ﬁlium
3498 3871 3675 3910 meum
3700 3853 3808 3908 Ba-

2215 4053 2352 4127 plius
2381 4073 2531 4125 quam
2553 4065 2810 4111 assecutus
2845 4064 2919 4110 est
2957 4056 3289 4128 concupiscit)
3309 4058 3433 4127 quid
3458 4056 3556 4119 illi,
3583 4065 3688 4111 etc.
3720 4056 3813 4111 Si-

2216 4128 2470 4194 cltardus,
2508 4129 2695 4198 prnrsttl
2736 4128 2977 4181 Ecclesia:
3000 4131 3260 4199 (quoniam
3289 4128 3559 4198 amplius),
3592 4141 3644 4180 et
3674 4128 3811 4181 reli-

2216 4214 2343 4269 qua,
2378 4209 2433 4254 ut
2466 4202 2516 4252 in
2547 4199 2735 4253 iisdem
2776 4198 3039 4269 vulgatis.
3067 4198 3247 4255 Nostri
3275 4201 3487 4255 codices
3518 4199 3809 4265 Quesnelli

2216 4273 2649 4326 emendationem
2676 4272 2998 4339 approbant.

2287 4339 2316 4378 δ
2348 4344 2551 4411 Ilatisp.
2586 4356 2637 4396 et
2665 4344 2749 4395 liic
2786 4352 2839 4394 et
2869 4342 3025 4409 paulo
3053 4352 3192 4409 post,
3217 4352 3393 4411 utque.

2296 4412 2309 4450 ί
2347 4414 2502 4486 Vulg.
2536 4414 2863 4486 antiquiores
2884 4429 3003 4466 eum
3032 4413 3311 4471 Sicltardo.
3338 4416 3619 4486 jacfantiw.

2292 4486 2307 4535 Ξ
2348 4484 2520 4567 Voces
2549 4482 2789 4537 Flaviani
2810 4485 2965 4553 ﬁdem
2988 4486 3219 4554 Optimus
3242 4482 3448 4557 Rat'isp.
3472 4484 3819 4557 adjiciendas

2219 4565 2505 4625 suggessit.

2292 4625 2317 4663 κ
2347 4628 2435 4683 Sic
2462 4642 2582 4679 cum
2622 4626 2910 4692 Quesnello
2947 4641 3078 4681 mss.
3120 4627 3315 4694 Grim.,
3361 4628 3568 4696 Ratisp.
3614 4636 3671 4684 et
3698 4627 3823 4684 Ve-

2222 4709 2334 4753 nel.
2366 4700 2581 4766 Antiqui
2616 4700 2761 4766 vulg.
2790 4698 2985 4752 Leonis
3014 4714 3133 4752 cum
3161 4699 3455 4753 Sittliardo:
3478 4700 3602 4755 Hice
3632 4711 3816 4753 autem

2222 4769 2541 4824 observantia
2567 4786 2681 4821 eum
2720 4786 2917 4839 quoque
2947 4770 3021 4842 illi
3051 4775 3279 4823 animum
3308 4772 3521 4842 spondet
3551 4776 3818 4842 copulan-

2223 4845 2365 4899 dum.
2401 4851 2444 4895 et
2470 4842 2763 4909 apostolica:
2788 4842 2921 4893 sedis
2950 4841 3291 4907 dilectionem,
3318 4859 3473 4909 quam
3510 4841 3820 4897 Constanti-

2219 4914 2528 4981 nopolitana:
2553 4910 2801 4965 Ecclesia:
2829 4927 3023 4982 semper
3058 4913 3421 4980 impendimus,
3454 4914 3598 4967 nulla
3638 4914 3818 4966 mobi-

2217 4983 2359 5037 litate
2382 4985 2691 5037 violandam.
2723 4983 2866 5037 [deut
2890 4992 2972 5036 est
2995 4984 3043 5035 in
3060 5000 3161 5036 ms.
3183 4986 3302 5039 cod.
3334 4985 3449 5037 Vat.
3472 4986 3680 5039 collem.
3707 4984 3817 5053 ‘24,

2217 5058 2305 5124 qui
2354 5057 2529 5109 solum
2583 5070 2678 5125 pro
2726 5069 2844 5107 eum
2887 5056 3045 5107 habet
3078 5071 3265 5108 meum.
3306 5055 3457 5125 Vulg.
3483 5058 3816 5110 C(DIlClllOI'.:

2220 5126 2349 5180 ch
2398 5138 2570 5181 autem
2628 5126 2943 5199 observantia
3001 5126 3400 5199 uniuscujusque
3450 5127 3527 5180 illi
3574 5129 3821 5181 animum

2218 5199 2453 5267 spondet.
2490 5208 2619 5259 etc.,
2652 5206 2708 5250 ut
2740 5198 2791 5249 iit
2822 5198 3009 5250 iisdem
3043 5197 3235 5251 Leonis
3272 5197 3621 5252 editionibus.

2294 5266 2527 5340 1Edit.,
2562 5270 2758 5340 integra
2802 5268 2986 5339 gratia.
3021 5270 3101 5321 Ex
3127 5268 3508 5339 Ratisponensi
3539 5269 3817 5340 optimam

2221 5339 2505 5394 lectionem
2538 5339 2884 5393 ittset'ttittius.

2290 5421 2329 5447 ω
2355 5411 2487 5466 Vide
2518 5420 2729 5465 nOstras
2752 5410 3155 5465 observationes
3175 5411 3227 5465 in
3251 5419 3366 5465 not.
3389 5410 3426 5463 2
3450 5409 3654 5477 Quesn.
3679 5412 3822 5470 Mox

2220 5484 2274 5536 in
2304 5483 2461 5538 editis
2490 5491 2612 5538 ante
2641 5482 2839 5548 Quesn.
2872 5483 3057 5536 deerat
3085 5499 3186 5537 vox
3214 5482 3402 5547 causis,
3441 5497 3601 5551 quam
3642 5488 3827 5542 etiam

2222 5554 2274 5607 in
2308 5557 2504 5608 nostris
2536 5569 2662 5607 mss.
2712 5552 3033 5625 invenimus.
3064 5554 3120 5608 In
3148 5555 3357 5625 Ratisp.
3380 5556 3531 5610 deest
3556 5556 3657 5609 his.

2292 5634 2319 5660 π
2362 5626 2434 5679 Ita
2460 5626 2665 5693 Ratisp.
2696 5636 2750 5678 et
2770 5624 2941 5679 Grim.
2974 5626 3141 5694 Alias,
3171 5628 3237 5679 ad
3266 5624 3670 5695 paciﬁcationem
3695 5644 3832 5683 om-
3906 5672 3911 5677 λ

2222 5698 2364 5780 nium
2394 5698 2733 5785 sacerdotum.
2761 5696 2892 5751 Cod.
2925 5695 3118 5753 Venet.
3161 5700 3372 5753 colleCt.
3404 5700 3495 5767 1‘2,
3533 5699 3602 5752 ad
3634 5716 3836 5771 pacem

2224 5772 2449 5823 omnium
2476 5768 2820 5821 sacerdotum.

2297 5850 2320 5875 ο
2362 5840 2575 5911 Vulgati
2606 5850 2727 5894 ante
2748 5841 2973 5907 Quesn.,
2999 5840 3090 5895 alii
3110 5858 3263 5911 quant
3288 5844 3367 5898 illi
3393 5850 3616 5898 statuere
3639 5843 3835 5900 decen

2226 5920 2415 5981 iterent,
2447 5913 2529 5967 vel
2560 5913 2645 5981 (ut
2676 5912 2727 5967 in
2750 5928 2850 5968 ms.
2888 5912 3119 5981 Veneto)
3162 5912 3433 5973 decernere
3465 5913 3746 5971 voluerint.
