4072 6358
262 379 399 446 1901

1671 364 2002 423 EPISTOLA
2040 360 2170 419 CVI.

3412 351 3549 409 1002

262 496 444 553 silium
475 491 755 549 diaconem
780 489 954 561 pietas
986 491 1167 541 vestra
1191 480 1478 553 dignanter
1507 479 1755 550 accipiat.
1788 480 1855 533 Et
1880 484 1933 543 Α
1960 491 2081 547 quae
2109 471 2209 543 ipsi
2239 471 2515 543 profutura
2555 468 2663 524 sint
2693 470 2963 523 continete
2990 480 3001 519 :
3030 472 3085 520 ut
3112 463 3285 537 gloria
3314 462 3551 518 clemen-

260 588 384 661 quia
411 586 584 643 moris
602 584 775 642 vestri
803 591 887 639 est
907 596 1005 653 pro
1032 594 1163 651 pace
1188 587 1243 633 et
1269 577 1472 632 unitate
1494 573 1751 630 Ecclesia:
1776 572 1856 627 la-

262 682 481 748 borare,
514 683 741 736 fratrem
771 692 949 733 meum
990 672 1298 731 Anatolium
1328 670 1640 741 episcOpum
1673 682 1740 723 ex
1762 681 1853 720 ve-

264 789 374 835 stra
404 788 431 817 ι
472 776 608 833 mihi
644 773 1009 833 insinuatione
1045 768 1327 837 dilectum,
1371 763 1659 821 salubriter
1685 762 1738 817 in
1771 760 1853 814 Itis

1964 570 2054 625 tiae
2086 576 2299 633 vestrm,
2345 565 2485 620 sicut
2521 560 2890 633 magniﬁcatur
2926 560 2993 615 de
3034 557 3138 614 ﬁde
3167 564 3431 627 reparata,
3478 556 3550 609 ita

1963 660 2284 733 praedicetur
2320 658 2387 713 de
2420 656 2713 711 ambitione
2750 667 3077 723 compressa.
3110 651 3239 705 Data
3266 648 3551 704 undecimo

1964 752 2220 809 kalendas
2248 751 2410 819 Junii,
2442 748 2741 805 Herculano
2764 746 2878 803 viro
2898 743 3199 804 clarissimo
3228 740 3472 799 consule.

1645 871 1979 933 EPISTOLA
2011 871 2037 910 δ
2067 870 2201 926 CVI.

1462 984 1485 1013 ⁸
1513 989 1582 1031 ΔΙ)
1618 983 1921 1028 sun-ouo!
1948 978 2239 1022 EPISCOPUI
2259 979 2342 1019 cr.

1636 1063 1878 1132 Increpat
1909 1062 1971 1115 de
1995 1058 2206 1113 ambitu.

265 1177 293 1218 ά
322 1179 596 1237 Srnoesrs.
618 1174 750 1230 -1.
791 1172 1019 1228 Anatolii
1064 1171 1218 1238 ﬁdem
1256 1141 1367 1223 esse
1408 1162 1719 1238 laudandam
1741 1200 1755 1223 ,
1787 1158 2115 1238 cupiditatem
2151 1151 2516 1238 damnandam.
2541 1148 2693 1238 —:I.I.
2736 1146 3164 1202 Nicaaniconeilii
3196 1143 3556 1238 piwrogatip‘a,

338 1216 750 1317 όίιιαιίῆολιίαιοιὶί
772 1216 1167 1317 αηιὺίιιιίρέιὶι.
1190 1270 1259 1281 -
1410 1216 2051 1317 Chalcedonii-rimi.“synodo
2090 1227 2161 1317 ίζιι
2185 1224 2294 1278 solo
2325 1226 2531 1295 negotio
2571 1222 2691 1290 ﬁdei
2735 1230 3009 1317 co’nvocata
3051 1234 3166 1271 eum
3195 1218 3445 1317 abluti)?”-
3464 1216 3556 1317 IV,i

343 1308 646 1390 Numquam
699 1336 752 1371 se
788 1320 840 1370 in
884 1308 1238 1390 prwjndicium
1291 1308 1493 1390 Νίσαιιὶ

1543 1286 1746 1357 concilii
1778 1286 1971 1354 illicitis
2016 1297 2227 1351 ausibus
2279 1286 2833 1349 cons'ensuri'tmw—V.
2868 1289 3101 1344 Curiones
3127 1290 3308 1358 synodi
3345 1286 3456 1341 (ΣΡ.
3492 1286 3561 1339 ad

340 1360 831 1449 ;edeni'"!{omanam
854 1360 1129 1456 nrt’tmtlyuam
1159 1386 1337 1437 missos
1361 1360 1662 1447 ,VAnatolio
1708 1375 1839 1428 male
1874 1369 2204 1443 patrocinari.
2240 1367 2417 1421 —Vl.
2460 1365 2639 1421 Satius
2691 1379 2796 1417 esse
2840 1371 2897 1416 ut
2942 1362 3272 1432 cupiditatem
3301 1360 3557 1429 deponat,

343 1465 648 1521 charitatem
667 1471 905 1515 sectetur.

516 1566 541 1594 ο
566 1555 679 1610 Leo
714 1554 1002 1623 episc0pus
1037 1549 1315 1604 Annouo
1342 1543 1614 1614 episcopo.

339 1737 471 1793 CAP.
502 1730 1009 1793 l.—Manilestato,
1044 1728 1184 1782 sicut
1227 1725 1555 1793 Optavimus,
1602 1736 1696 1792 per
1742 1733 1863 1792 gra-

269 1833 400 1887 tiam
430 1829 525 1883 Dei
553 1827 751 1881 lumine
778 1822 796 1861 ι
828 1821 1154 1892 evangelicae
1182 1817 1447 1884 veritatis,
1475 1825 1529 1869 et
1554 1815 1621 1869 ab
1652 1814 1866 1867 univer—

269 1925 372 1980 sali
404 1922 643 1976 Ecclesia
686 1914 1128 1987 perniciosis~imi
1170 1909 1372 1965 erroris
1413 1920 1569 1962 nocte
1610 1906 1862 1975 depulsa,

271 2014 627 2073 inell’abiltter
662 2008 955 2079 gaudemus
999 2005 1210 2076 1159
1245 2005 1296 2057 in
1328 2002 1552 2056 Domino
1578 1997 1717 2068 quod
1750 2012 1866 2051 cre-

276 2108 408 2164 dita:
450 2106 607 2161 nobis
635 2099 1050 2171 dispensationis
1080 2098 1229 2149 labor
1253 2092 1320 2148 ad
1356 2092 1719 2147 desideratum
1751 2102 1871 2156 per-

276 2200 430 2256 venit
458 2197 731 2262 ellecttnn,
770 2192 907 2247 sicut
943 2189 1105 2245 etiam
1134 2185 1376 2256 epistolae
1416 2193 1519 2236 tuae
1550 2190 1727 2235 textus
1758 2180 1870 2235 elo-

276 2293 493 2363 quitur;
518 2299 593 2354 ut,
618 2286 911 2342 secundum
932 2280 1282 2351 apostolicam
1305 2276 1625 2339 doctrinam,
1644 2273 1871 2344 idipsum

278 2386 513 2438 dicamus
543 2396 750 2446 omnes,
782 2386 828 2431 et
854 2391 956 2428 non
988 2374 1088 2427 sint
1126 2373 1180 2425 in
1207 2370 1351 2424 nobis
1387 2363 1871 2423 schismata:simus

278 2488 454 2532 autem
498 2473 709 2547 perfecti
750 2472 804 2525 in
831 2469 1009 2523 eodem
1055 2482 1205 2521 sensu
1240 2475 1286 2518 et
1323 2464 1375 2517 in
1405 2462 1579 2516 eadem
1612 2469 1636 2506 8
1662 2458 1873 2512 scientia

280 2568 336 2640 (l
367 2567 490 2623 Cor.
515 2583 551 2629 ι,
584 2565 700 2635 10).
738 2562 794 2617 ln
824 2560 978 2631 cujus
1006 2560 1187 2629 operis
1213 2557 1499 2612 devotione
1538 2552 1875 2623 gratulamur

280 2661 629 2717 dilectionem
659 2667 799 2712 tuam
830 2669 952 2709 esse
987 2658 1295 2707 consortem
1322 2665 1337 2703 :
1368 2657 1425 2702 ut
1453 2656 1508 2703 et
1543 2642 1875 2714 corrigendis

282 2764 375 2809 tua
409 2750 689 2822 prodesset
722 2746 1006 2815 industria,
1030 2755 1083 2799 et
1106 2740 1135 2779 ιι
1162 2743 1230 2796 ab
1270 2741 1413 2794 omni
1446 2749 1498 2794 te
1538 2736 1876 2793 deviantium

284 2844 696 2917 participatione
729 2852 1015 2910 purgares.
1052 2836 1349 2889 Decessore
1393 2830 1538 2885 enim
1580 2839 1670 2884 tuo
1706 2828 1877 2882 beatae

288 2934 571 2991 memoria:
610 2932 888 2994 Flaviano,
925 2937 1143 2998 propter
1182 2923 1550 2980 defensionem
1597 2920 1879 2976 catholicae

289 3031 535 3083 veritatis
567 3027 760 3095 ejecto,
795 3037 899 3077 non
932 3020 1199 3077 immerito
1242 3016 1562 3074 credebatur
1613 3014 1755 3085 quod
1785 3029 1879 3068 or-

288 3123 567 3177 dinatorcs
598 3121 696 3181 tui.
727 3129 915 3173 contra
939 3126 1246 3169 sanctorum
1270 3126 1536 3166 canonum
1564 3110 1876 3173 constituta,

289 3214 608 3268 viderentur
631 3210 716 3265 sui
738 3210 966 3264 similem
998 3219 1369 3262 consecrasse.
1410 3203 1518 3259 Sed
1548 3202 1699 3257 aﬂ'uit
1720 3205 1883 3256 mise-

290 3307 521 3364 ricordia
552 3305 670 3364 Dei.
704 3306 758 3358 in
793 3305 895 3358 hoc
928 3300 944 3339 ί
980 3308 1032 3356 te
1058 3301 1297 3370 dirigens
1340 3311 1501 3369 atque
1527 3298 1875 3365 conﬁrmans,

290 3411 349 3453 ut
392 3398 549 3451 malis
580 3395 861 3466 principiis
901 3394 1037 3448 bene
1066 3394 1331 3457 utereris;
1363 3402 1415 3447 et
1449 3406 1556 3444 non
1596 3399 1647 3444 te
1678 3390 1883 3460 judicio

290 3491 595 3555 hominum,
629 3488 724 3543 sed
757 3486 852 3542 Dei
904 3497 1213 3556 provectum
1259 3486 1587 3555 benignitate
1615 3492 1884 3538 monstra-

292 3584 589 3655 rcszquod
632 3598 761 3638 vere
803 3583 873 3636 ita
902 3580 1273 3649 accipiendum
1321 3588 1434 3647 est,
1471 3578 1515 3632 si
1561 3578 1699 3633 hanc
1718 3578 1885 3633 divini

292 3678 535 3733 muneris
563 3676 789 3746 gratiam
821 3673 923 3727 alia
954 3672 1249 3727 offensione
1274 3687 1379 3725 non
1408 3669 1623 3741 perdas.
1651 3674 1665 3721 ι
1703 3670 1886 3725 Virum

298 3772 444 3825 enim
472 3766 820 3831 catholicum,
854 3772 909 3819 et
949 3764 1217 3833 praecipue
1255 3762 1469 3816 Domini
1511 3762 1846 3817 sacerdotem
1868 3803 1884 3827 ,

298 3861 441 3916 sicut
467 3860 612 3913 nullo
633 3872 823 3912 errore
852 3854 1142 3923 implicari,
1168 3856 1235 3907 ita
1265 3854 1406 3908 nulla
1436 3862 1650 3922 oportet
1678 3853 1883 3922 cupidi—

302 3961 410 4007 tate
444 3949 469 3987 ι
509 3949 801 4018 corrumpi.
849 3948 1070 4002 Dicente
1109 3945 1303 4015 quippe
1342 3945 1620 4016 Scriptura
1660 3955 1885 4001 sancta:

302 4043 432 4100 Post
458 4044 893 4115 concupiscentias
921 4050 1035 4095 tuas
1062 4038 1080 4077 ι
1113 4056 1215 4094 non
1240 4056 1346 4110 eas,
1380 4049 1427 4095 et
1457 4058 1487 4093 a
1519 4043 1777 4096 voluntate
1804 4051 1892 4097 tua

302 4249 349 4307 Β
374 4178 562 4305 Vox
602 4178 728 4231 mihi
766 4193 799 4231 a
836 4173 1127 4243 Quesnello
1156 4172 1357 4229 inserta
1385 4175 1582 4245 legitur
1624 4176 1785 4231 etiam
1837 4178 1891 4233 in

354 4268 380 4305 a
414 4266 517 4307 tso.

354 4261 517 4320 attsp.

374 4322 403 4360 δ
448 4316 594 4375 Alias
624 4320 710 4374 80.
737 4318 869 4386 Qua:
892 4324 1074 4372 antem
1098 4324 1255 4372 antea
1292 4316 1396 4373 106
1425 4326 1557 4384 erat,
1592 4334 1735 4375 nunc
1764 4320 1890 4377 I55.

301 4394 519 4461 Scripta
547 4392 619 4444 22
650 4391 768 4444 Mati
788 4406 877 4447 an.
904 4389 1033 4443 452.

379 4477 402 4503 ε
435 4458 637 4517 Ἐκειδι
661 4463 711 4515 in
740 4477 867 4515 mss.
902 4460 1118 4515 collect.
1149 4461 1182 4515 5
1213 4458 1364 4527 Hisp.
1385 4501 1399 4523 ,
1432 4459 1558 4513 Isid.
1596 4461 1680 4522 11,
1710 4460 1795 4528 12,
1830 4461 1895 4517 16

302 4546 358 4591 et
391 4535 460 4590 18
491 4549 659 4603 usque
689 4534 755 4586 ad
784 4533 875 4599 i4,
910 4546 1169 4603 necnon,
1204 4531 1262 4603 in
1300 4530 1643 4585 Vallicellano
1693 4532 1759 4585 is
1810 4535 1891 4587 lit.

301 4607 437 4672 398,
462 4622 523 4659 ac
546 4600 597 4659 in
620 4605 911 4671 exemplari
934 4602 1199 4657 Stch.-rdi.
1230 4600 1468 4672 Cra-cant
1498 4612 1752 4670 prseterea
1776 4619 1890 4657 ver-

302 4671 519 4735 sionem
552 4677 853 4731 invenimus
883 4674 935 4728 in
970 4689 1071 4727 ms.
1106 4672 1222 4726 Vat.
1254 4671 1444 4727 Graeco
1476 4674 1636 4739 1455,
1680 4690 1743 4727 ex
1788 4689 1893 4744 quo

304 4752 460 4805 illam
492 4763 632 4801 nunc
659 4761 884 4815 prtinunt
910 4749 959 4799 in
987 4751 1156 4799 Incetn
1190 4745 1527 4815 proferimus.
1564 4747 1671 4800 Leo
1703 4745 1786 4799 his
1809 4749 1894 4801 lit-

305 4822 441 4875 teris
467 4814 752 4887 respondet
780 4816 1011 4871 Anttolii
1046 4817 1201 4885 epist.
1230 4816 1345 4868 101.
1380 4814 1439 4887 ltt
1466 4826 1763 4869 memorato
1789 4833 1890 4871 nts.

306 4885 663 4944 Vallicellitnn
701 4890 787 4942 hic
830 4889 1014 4941 titulus
1047 4890 1368 4957 praeligigtr:
1397 4885 1629 4957 Epistula
1659 4890 1717 4940 δ.
1766 4888 1894 4941 Leo-

305 4964 389 5018 nis
420 4977 569 5031 papa:
595 4960 662 5012 ad
689 4960 1006 5031 Anatolium,
1031 4960 1120 5031 qui
1147 4958 1207 5031 S.
1239 4955 1493 5031 Flaviano
1516 4956 1624 5012 ΟΡ.
1658 4959 1893 5030 episcOpo

306 5036 361 5088 in
410 5028 655 5086 exsilium
693 5032 942 5082 destinato
974 5028 1305 5099 (addendum
1339 5028 1509 5083 fuerat
1545 5042 1590 5083 et
1621 5028 1691 5083 in
1713 5028 1895 5085 itinere

304 5109 540 5167 mortuo)
558 5105 607 5155 in
640 5106 749 5155 loco
778 5104 888 5172 ejus
915 5101 1183 5154 ordinatus
1198 5110 1293 5172 est.

382 5174 407 5212 ἀ
456 5176 511 5227 In
544 5175 719 5226 tabula
750 5169 960 5226 collect.
990 5172 1042 5235 5,
1067 5186 1183 5237 cap.
1216 5171 1307 5243 ill,
1344 5169 1458 5225 haec
1488 5172 1737 5242 synopsis
1764 5172 1894 5243 legi-

306 5258 397 5302 tur
428 5264 441 5297 :
473 5245 551 5297 Ad
583 5244 877 5297 Anatolium
898 5228 1190 5313 episcopum
1212 5228 1321 5295 (ΣΡ.
1357 5244 1418 5293 de
1444 5228 1557 5313 ejus
1596 5228 1787 5297 ambitu
1808 5228 1896 5297 db-

304 5317 564 5389 iurgatio,
597 5325 643 5369 et
674 5318 736 5368 de
766 5314 1127 5389 Aleaandrnue
1149 5323 1204 5389 e_t_
1226 5314 1554 5389 Antiocheam
1596 5318 1730 5368 sedis
1760 5321 1897 5368 anti-

305 5384 489 5457 buiius
513 5387 704 5439 honore
738 5385 975 5457 praelato.
1013 5384 1068 5438 ltt
1102 5384 1422 5457 collectione
1461 5384 1743 5457 ﬂiSpattica
1776 5388 1891 5441 sic:

309 5454 416 5514 Ubi
468 5462 517 5510 in
552 5454 993 5524 primis‘eumdem
1037 5456 1327 5526 episcopum
1366 5457 1429 5507 de
1466 5454 1569 5523 fide
1602 5458 1653 5510 in
1684 5456 1898 5513 Chalce-

306 5530 539 5585 donensi
586 5529 804 5582 concilio
837 5529 1049 5593 laudat;
1095 5530 1281 5580 deinde
1321 5530 1491 5598 arguit
1533 5529 1670 5595 quod
1716 5544 1894 5583 contra

309 5603 597 5657 Nicwnum
640 5602 890 5670 synodum
924 5599 1322 5653 Alexandrinam
1349 5611 1497 5668 atque
1529 5600 1897 5655 Antiochenam

307 5674 584 5731 Ecclesias
605 5674 701 5725 sibi
722 5672 931 5725 subdere
964 5674 1218 5727 voluisset.

391 5754 416 5781 ⁸
463 5746 549 5815 iis
568 5744 759 5815 graeco
792 5762 805 5795 :
836 5743 1177 5797 Dilectissimo
1206 5742 1358 5815 fratri
1389 5741 1625 5797 Anatolio
1646 5742 1903 5815 archiepi-

304 5830 496 5898 sco'pq'
634 5812 760 5898 _Leo
789 5814 1421 5898 ιιιἰξΙιὶερὶιξςιψιιε-Ἰίοιηιεξτ

396 5887 413 5929 ί
460 5886 761 5943 Viudebon.
790 5888 1001 5942 collect.
1026 5886 1080 5954 5,
1111 5896 1164 5943 et
1194 5886 1451 5946 Valliccll.
1477 5888 1723 5960 ignorant
1748 5902 1900 5943 evan-

594 5982 870 6045 Ρηιοι..
918 5981 1073 6043 LIV.

1899 1956 1945 2014 B

1969 1542 2050 1606 Τῷ
2080 1536 2328 1605 ἀγαπητῷ
2354 1528 2548 1606 ἀδελφῷ
2569 1530 2835 1601 ’Δνατολίῳ
2864 1524 3265 1601 ὰρχιεπισκόπῳ
3287 1530 3562 1579 Κωνσταν·

2183 1600 2676 1662 τινουπόλεωςΛέων
2699 1600 3112 1677 ἀρχιεπίσκοπος
3136 1600 3345 1667 Ῥώμης.

2042 1722 2429 1797 Φανερωθέντος,
2464 1722 2532 1779 ὡς
2561 1718 2823 1789 ηὐχόμεθα
2843 1756 2857 1781 ,
2891 1715 2975 1771 διά
3004 1722 3095 1776 τῆς
3123 1720 3213 1769 τοῦ
3244 1718 3372 1767 Θεοῦ
3402 1708 3568 1786 χοῖρε·

1969 1838 2077 1881 τος,
2110 1821 2199 1869 τοῦ
2230 1816 2410 1887 φωτὸς,
2447 1814 2463 1843 ¹
2494 1817 2577 1867 καὶ
2602 1821 2694 1871 τῆς
2725 1810 3042 1882 εὐαγγελικῆς
3072 1808 3320 1870 ἀληθείας,
3352 1809 3438 1859 καὶ
3467 1804 3569 1859 άπὸ

1970 1916 2061 1969 τῆς
2091 1908 2348 1967 καθολικῆς
2392 1905 2655 1963 ἐκκλησίας
2695 1909 2783 1957 τοῦ
2817 1898 3042 1971 ,σκότους
3078 1908 3169 1959 τῆς
3210 1897 3570 1972 ὀλεθριωτάτης

1972 2004 2164 2063 πλάνης
2187 2001 2569 2072 ἐκδιωχθέντος,
2839 1996 3113 2067 ἀφράστως
3139 1996 3389 2067 χαίρομεν
3420 1991 3469 2043 ἒν
3498 1995 3572 2061 τῷ

1973 2094 2223 2168 δεσπότῃ,
2254 2091 2331 2148 ὅτι
2359 2100 2451 2151 τῆς
2479 2089 2839 2147 πιστευθείσης·
2868 2089 2983 2157 ἡμῖν
3026 2084 3324 2143 διοικήσεως
3352 2080 3377 2135 ὁ
3408 2080 3575 2150 κάμα-

1973 2210 2062 2249 τος
2092 2191 2166 2247 εἰς
2203 2186 2258 2240 τὸ
2287 2183 2627 2253 πεποθημένον
2676 2179 2823 2255 ἔργον
2864 2178 3026 2242 ἐξέϐη,
3058 2178 3217 2235 καθῶς
3246 2176 3331 2227 καί
3357 2181 3450 2233 τῆς
3480 2178 3575 2230 σῆς

1976 2282 2243 2340 ἐπιστολῆς
2265 2280 2290 2333 ὁ
2316 2281 2482 2338 τύπος
2505 2278 2752 2349 σημαίνει·
2787 2275 2917 2327 ὥστε
2949 2273 3085 2326 κατά
3110 2275 3201 2329 τὴν
3232 2267 3577 2324 άποστολικὴν

1977 2374 2302 2431 διδασκαλίαν
2338 2372 2395 2427 τὸ
2432 2371 2559 2425 αὐτὸ
2587 2369 2834 2437 λεχθῆναι
2864 2366 3009 2439 παρὰ
3036 2364 3257 2427 πάντων,
3293 2363 3376 2415 καί
3404 2364 3473 2431 μὴ
3504 2357 3579 2416 εἴη

1977 2470 2026 2522 ἐν
2053 2470 2178 2539 ὑμῖν
2204 2467 2513 2536 σχίσματα,
2543 2459 2710 2533 εἴημεν
2740 2458 2794 2513 δὲ
2828 2459 3004 2513 τέλειοι
3032 2454 3083 2510 ἓν
3108 2462 3181 2527 τῷ
3212 2456 3348 2526 αὐτῷ
3375 2460 3465 2526 νῷ,
3501 2454 3581 2505 καὶ

1979 2562 2028 2615 ἐν
2056 2569 2117 2637 τῇ
2146 2562 2271 2630 αὐτῇ
2312 2556 2520 2615 εἰδήσει.
2551 2550 2763 2612 Οὗτινος
2783 2550 3178 2625 κατορθώματος
3209 2548 3462 2622 χαίρομεν
3488 2548 3581 2637 τὴν

1981 2659 2075 2713 σήν
2103 2655 2306 2724 ἀγάπην
2336 2646 2461 2704 εἶναι
2492 2646 2755 2722 συνεργόν
2781 2646 2913 2698 ὥστε
2935 2644 3147 2701 καὶτοῖς
3170 2631 3419 2713 ὀφείλουσι
3444 2615 3589 2711 διορῙ

1979 2751 2189 2807 θωθῆναι
2230 2750 2319 2804 τὴν
2356 2748 2448 2801 σήν
2491 2740 2821 2799 λυσιτελῆσαι
2866 2733 3125 2799 σπουδὴν,
3164 2735 3249 2787 καί
3276 2731 3378 2787 άπὸ
3407 2729 3584 2787 πάσης

1981 2848 2081 2897 τῶν
2124 2840 2457 2909 πλανωμένων
2504 2837 2765 2893 κοινωνίας
2813 2829 3176 2905 καθαρισθῆναί
3222 2847 3303 2881 σε.
3337 2832 3440 2880 Τοῦ
3482 2826 3585 2898 ’γάρ

1982 2934 2407 3007 προηγησάμενον
2453 2951 2511 2985 σε
2552 2936 2645 2983 τοῦ
2672 2935 2762 2986 τῆς
2801 2926 3060 2999 μακαρίας
3090 2924 3284 2993 μνήμης
3312 2918 3585 2973 Φλαυιανοῦ

1985 3026 2069 3082 διὰ
2088 3035 2179 3086 την
2209 3023 2461 3082 ἕκδίκησιν
2487 3030 2579 3081 τῆς
2605 3020 2867 3078 καθολικῆς
2887 3019 3113 3075 πίστεως
3134 3012 3477 3072 ἐκϐληθέντος,
3496 3008 3588 3062 οὐκ

1986 3119 2174 3179 ἀδίκως
2203 3118 2535 3179 ἐπιστεύετο,
2562 3111 2739 3187 ὅτιπερ
2770 3112 2817 3165 οἱ
2856 3106 3314 3185 χειροτονήσαντές
3346 3123 3405 3158 σε
3445 3100 3588 3173 παρὰ

1986 3215 2107 3271 τούς
2136 3212 2347 3270 κανόνας
2382 3210 2501 3268 τοὺς
2542 3206 2719 3278 ἁγίους
2750 3205 2769 3233 ²
2803 3205 2873 3263 ὡς
2907 3200 3085 3255 ἑαυτὸν
3114 3195 3289 3269 ὅμοιον
3332 3193 3589 3267 ἐφαίνοντό

1992 3303 2011 3334 ³
2033 3325 2091 3359 σε
2133 3306 2608 3379 χειροτονήσαντες.
2647 3296 2773 3354 Ἀλλ’
2815 3293 3021 3368 ἔφθασεν
3049 3295 3080 3351 ἡ
3108 3298 3196 3346 τοῦ
3225 3295 3351 3345 Θεοῦ
3381 3289 3589 3357 ἐλεημο-

1989 3400 2115 3457 σύνη
2134 3438 2147 3461 ,
2179 3403 2251 3458 εἰς
2280 3397 2429 3452 τοῦτό
2458 3415 2515 3449 σε
2556 3396 2782 3465 φέρουσα
2819 3392 2903 3444 καὶ
2938 3388 3242 3464 βεϐαιοῦσα,
3291 3387 3358 3443 ὡς
3387 3377 3445 3436 ἂν
3472 3387 3593 3440 ταῖς

1991 3494 2081 3565 μὲν
2110 3499 2290 3549 κακαῖς
2320 3491 2519 3567 ἀρχαῖς
2558 3486 2718 3544 καλῶς
2748 3484 3069 3560 χρήσασθαι,
3101 3481 3187 3533 καί
3214 3482 3282 3548 μή
3312 3476 3591 3551 ἀνθρώπων

1991 3590 2178 3661 κρίσει,
2205 3584 2329 3639 ἀλλά
2349 3566 2477 3637 0εοῦ
2500 3579 2776 3651 ἀγαθότητι
2792 3576 3208 3651 χειροτονηθῆναι
3225 3571 3437 3642 operitur
3462 3566 3592 3642 ὅπερ

1997 3680 2188 3739 άληθῶς
2218 3676 2382 3735 οὕτως
2411 3676 2525 3729 ἐστὶ
2554 3671 2774 3734 δεκτέον,
2807 3671 2849 3722 εὶ
2877 3668 3070 3724 ταύτην
3098 3672 3192 3725 τῆς
3217 3663 3355 3722 θείας
3395 3658 3593 3736 δωρεᾶς

1996 3776 2086 3828 τήν
2118 3771 2273 3842 χάριν
2314 3767 2465 3840 ἑτέρᾳ
2504 3770 2572 3835 μὴ
2618 3762 2922 3819 άπολέσειας
2968 3755 3345 3833 προσκρούων
3376 3753 3461 3808 τὸν
3490 3754 3593 3826 γάρ

1998 3861 2251 3916 καθολικὸν
2281 3856 2470 3932 ἄνδρα,
2508 3858 2593 3909 καί
2632 3854 2859 3927 μάλιστα
2900 3853 2984 3905 τὸν
3022 3854 3113 3903 τοῦ
3143 3845 3397 3902 δεσπότου
3426 3845 3591 3917 ἱερέα,

2001 3956 2175 4029 ὥσπερ
2217 3949 2425 4023 οὐδεμιᾷ
2465 3948 2623 4020 πλάνη
2661 3942 3102 4022 προσπλέκεσθαι,
3141 3937 3303 3997 οὕτως
3340 3933 3456 3990 οὔτε
3497 3956 3591 3989 τινι

2002 4028 2240 4120 ἐπιθυμίᾳ
2260 4043 2545 4117 φθείρεσθαι
2570 4041 2699 4113 χρή.
2723 4035 2745 4066 ⁸
2764 4038 2964 4094 Βοὼσης
2978 4040 3071 4093 τῆς
3090 4032 3228 4092 θείας
3249 4035 3464 4105 γραφῆς,
3487 4028 3592 4084 Τὰς

2001 4180 2199 4248 geticis.

2075 4260 2099 4297 κ
2139 4251 2212 4303 lta
2244 4265 2365 4305 cum
2397 4249 2597 4316 Quesn.
2634 4247 2936 4302 Vindebon.
2971 4248 3184 4303 collect.
3219 4249 3275 4313 5,
3326 4250 3585 4306 Vallicell.

2001 4331 2057 4378 et
2087 4337 2215 4376 mss.
2250 4322 2462 4377 collect.
2491 4320 2555 4373 21
2588 4335 2708 4373 cum
2740 4318 2925 4374 Graeca
2954 4322 3223 4375 versione.
3247 4319 3354 4375 Alii
3375 4323 3589 4378 codices

2000 4410 2121 4448 cum
2153 4396 2511 4448 anteriOribus
2539 4390 2721 4457 editis,
2753 4392 3023 4443 sententia.

2072 4463 2099 4501 ιι
2138 4466 2227 4519 Sic
2255 4464 2448 4518 melius
2477 4463 2775 4516 Vindebon.
2811 4461 3021 4516 collect.
3056 4462 3108 4529 5,
3144 4463 3351 4532 Ratisp.
3375 4472 3430 4518 et
3457 4479 3586 4520 mss.

1999 4536 2213 4591 collect.
2244 4537 2301 4590 11
2330 4548 2381 4589 et
2402 4536 2473 4589 21
2497 4550 2617 4589 cum
2642 4535 2873 4602 allltqtlls
2897 4535 3054 4606 editis
3075 4545 3128 4589 et
3160 4535 3443 4599 Sicltardo,
3461 4538 3588 4606 qui-

2004 4609 2102 4661 bus
2125 4608 2362 4661 concinit
2392 4609 2551 4661 etiam
2586 4604 2956 4673 interpretatio
2980 4607 3186 4659 Graeca.
3224 4604 3547 4673 Qttesnellus
3570 4649 3587 4674 ,

1999 4679 2081 4759 ab__
2109 4679 2359 4759 omnium.
2393 4678 2511 4759 bnlos
2547 4685 2667 4759 post
2707 4690 2889 4759 vocem
2919 4678 3315 4759 participatione
3351 4681 3589 4747 antiqua:

1998 4750 2265 4804 editimtcs
2315 4757 2369 4803 et
2405 4749 2696 4804 S.chardus
2738 4748 2971 4813 addunt,
3005 4758 3051 4799 et
3094 4748 3339 4815 factione.
3395 4750 3591 4804 Delent

1997 4823 2234 4889 quinque
2259 4821 2417 4874 codd.
2448 4818 2725 4886 Quesnelli
2755 4826 2809 4872 ct
2838 4819 3087 4873 undecim
3118 4819 3314 4888 nostri,
3348 4834 3449 4876 nec
3478 4834 3592 4879 non

1998 4890 2186 4947 Grtcca
2214 4893 2408 4946 versit).

2076 4974 2089 5000 ι
2140 4963 2400 5018 Valltcell.
2434 4963 2631 5017 omittit
2659 4971 2725 5014 te.
2760 4958 2920 5014 Barb.
2967 4961 3109 5016 5586
3153 4962 3365 5017 collect.
3425 4962 3490 5017 16
3536 4973 3591 5018 ct

2003 5034 2119 5089 Vat.
2146 5034 2360 5089 collect.
2393 5034 2480 5101 11,
2512 5048 2605 5102 pro
2630 5033 2857 5102 dirigens
2888 5032 3085 5088 habent
3114 5034 3351 5104 diligens.

2079 5109 2093 5155 Ι
2146 5106 2279 5159 Dist.
2306 5106 2397 5172 47,
2430 5106 2611 5160 Virum
2638 5104 2967 5171 catholicum,
2993 5121 3041 5156 c.
3066 5106 3119 5159 6.

2076 5176 2101 5213 ιι
2144 5178 2218 5230 lta
2246 5192 2311 5231 ex
2344 5192 2471 5230 mss.
2504 5175 2803 5229 Vindebon.
2837 5176 3048 5230 collect.
3076 5176 3132 5241 5,
3166 5175 3373 5239 Ratisp.
3412 5174 3588 5230 Valli«

2003 5247 2123 5303 cell.
2158 5256 2212 5299 et
2240 5248 2395 5301 Barb.
2419 5248 2629 5302 Collect.
2663 5245 2749 5299 16.
2785 5246 2929 5300 Alias
2958 5249 3010 5300 in
3039 5247 3201 5313 vulg.,
3236 5246 3437 5299 uiolari.

2083 5316 2098 5355 ί
2140 5316 2276 5372 Cod.
2302 5318 2459 5371 B.trb.
2493 5319 2705 5371 collect.
2727 5317 2791 5370 16
2818 5327 2871 5370 ct
2898 5317 3013 5371 Vat.
3037 5318 3249 5370 collect.
3273 5315 3362 5373 ‘24.
3391 5333 3453 5369 ne
3480 5332 3585 5371 eas.

2006 5390 2127 5445 Mox
2159 5390 2211 5443 in
2259 5405 2386 5443 mss.
2435 5390 2771 5451 Vindebon.,
2825 5389 2996 5457 llisp.,
3043 5388 3273 5453 [latisp.,
3326 5386 3587 5442 Vallicell.

2006 5470 2061 5515 et
2086 5460 2296 5515 duobus
2324 5460 2539 5514 collect.
2580 5458 2642 5513 2|
2693 5475 2813 5511 cum
2842 5460 3001 5514 editis
3035 5470 3161 5511 ante
3189 5458 3418 5525 Que.-n.,
3446 5474 3589 5512 aver-

2007 5543 2108 5586 tere
2136 5548 2232 5601 pro
2254 5543 2441 5595 vetare,
2457 5534 2522 5585 ab
2544 5546 2608 5585 eo
2632 5529 2902 5584 inductum
2926 5546 2989 5583 ex
3017 5538 3247 5601 quatuor
3269 5528 3382 5583 suis
3405 5531 3589 5598 codd.,

2002 5600 2195 5674 quibus
2223 5603 2310 5656 alii
2342 5620 2437 5657 sex
2464 5608 2629 5656 nosm
2662 5617 2787 5656 cum
2822 5602 3080 5655 Stcltardo
3107 5600 3487 5670 sull‘ragantur.

2078 5676 2094 5706 ⁸
2138 5677 2261 5729 llaec
2291 5675 2596 5744 conjunctto
2626 5674 2881 5728 abundat.

2076 5748 2096 5777 ²
2138 5747 2391 5803 Abundat
2419 5751 2520 5811 ὡς;
2551 5747 2742 5800 deinde
2772 5748 2906 5813 lege,
2940 5745 3154 5800 ἑαυτῶν.

2080 5817 2101 5847 ³
2122 5818 2253 5873 εΗοο
2276 5834 2567 5887 pronomen
2597 5816 2900 5885 superﬂuit,
2928 5817 3258 5887 prointleqtre
3280 5816 3586 5884 delendum.

2081 5888 2102 5921 ”
2141 5886 2321 5956 Forte,
2355 5891 2557 5962 βοὼσης
2583 5892 2703 5967 γὰρ,
2730 5900 2817 5944 aut
2848 5890 3051 5961 βοώσης
3082 5886 3294 5951 δηλαδή.

3075 5986 3154 6051 32
