  <div class='ocr_page' id='page_1' title='image "/cluster/home/n/w/nwhite01/storage/ocr_20150623/54/hvd.32044015471584/505.png"; bbox 0 0 4042 6350; ppageno 0'>
   <div class='ocr_carea' id='block_1_1' title="bbox 472 336 618 395">
    <p class='ocr_par' dir='ltr' id='par_1_1' title="bbox 472 336 618 395">
     <span class='ocr_line' id='line_1_1' title="bbox 472 336 618 395; baseline 0 0"><span class='ocrx_word' id='word_1_1' title='bbox 472 336 618 395; x_wconf 68' lang='grc' dir='ltr'><strong>ιῦω</strong></span> 
     </span>
    </p>
   </div>
   <div class='ocr_carea' id='block_1_2' title="bbox 1598 318 2619 383">
    <p class='ocr_par' dir='ltr' id='par_1_2' title="bbox 1598 318 2619 383">
     <span class='ocr_line' id='line_1_2' title="bbox 1598 318 2619 383; baseline -0.003 0"><span class='ocrx_word' id='word_1_2' title='bbox 1598 326 1657 383; x_wconf 87' lang='lat' dir='ltr'><strong>S.</strong></span> <span class='ocrx_word' id='word_1_3' title='bbox 1699 324 1943 383; x_wconf 75' lang='lat' dir='ltr'><strong>LEONIS</strong></span> <span class='ocrx_word' id='word_1_4' title='bbox 1982 318 2197 383; x_wconf 73' lang='lat' dir='ltr'><strong>MAGNI</strong></span> <span class='ocrx_word' id='word_1_5' title='bbox 2239 320 2619 381; x_wconf 59' lang='lat' dir='ltr'><strong>EPISTOLKE.</strong></span> 
     </span>
    </p>
   </div>
   <div class='ocr_carea' id='block_1_3' title="bbox 3614 322 3732 391">
    <p class='ocr_par' dir='ltr' id='par_1_3' title="bbox 3614 322 3732 391">
     <span class='ocr_line' id='line_1_3' title="bbox 3614 322 3732 391; baseline 0 -11"><span class='ocrx_word' id='word_1_6' title='bbox 3614 322 3732 391; x_wconf 71' lang='grc' dir='ltr'>ιουι</span> 
     </span>
    </p>
   </div>
   <div class='ocr_carea' id='block_1_4' title="bbox 473 433 2051 526">
    <p class='ocr_par' dir='ltr' id='par_1_4' title="bbox 473 438 2051 526">
     <span class='ocr_line' id='line_1_4' title="bbox 473 438 2051 526; baseline -0.01 -16"><span class='ocrx_word' id='word_1_7' title='bbox 473 464 642 510; x_wconf 71' lang='lat' dir='ltr'><strong>vetare</strong></span> <span class='ocrx_word' id='word_1_8' title='bbox 665 450 871 526; x_wconf 71' lang='lat' dir='ltr'><strong>(Ereti.</strong></span> <span class='ocrx_word' id='word_1_9' title='bbox 909 444 1216 515; x_wconf 69' lang='lat' dir='ltr'><strong>xvrn,30):</strong></span> <span class='ocrx_word' id='word_1_10' title='bbox 1240 441 1422 498; x_wconf 88' lang='lat' dir='ltr'><strong>multis</strong></span> <span class='ocrx_word' id='word_1_11' title='bbox 1465 440 1648 496; x_wconf 82' lang='lat' dir='ltr'><strong>mundi</strong></span> <span class='ocrx_word' id='word_1_12' title='bbox 1689 440 1848 511; x_wconf 70' lang='lat' dir='ltr'><strong>huius</strong></span> <span class='ocrx_word' id='word_1_13' title='bbox 1886 438 2051 495; x_wconf 88' lang='lat' dir='ltr'><strong>illece-</strong></span> 
     </span>
    </p>
   </div>
   <div class='ocr_carea' id='block_1_5' title="bbox 2159 433 3735 526">
    <p class='ocr_par' dir='ltr' id='par_1_5' title="bbox 2171 433 3735 511">
     <span class='ocr_line' id='line_1_5' title="bbox 2171 433 3735 511; baseline -0.002 -19"><span class='ocrx_word' id='word_1_14' title='bbox 2171 438 2435 511; x_wconf 80' lang='grc' dir='ltr'><strong>ἐπιθυμίας</strong></span> <span class='ocrx_word' id='word_1_15' title='bbox 2460 438 2554 496; x_wconf 84' lang='grc' dir='ltr'>τὰς</span> <span class='ocrx_word' id='word_1_16' title='bbox 2583 436 2682 496; x_wconf 81' lang='grc' dir='ltr'><strong>σὰς</strong></span> <span class='ocrx_word' id='word_1_17' title='bbox 2707 435 2811 491; x_wconf 79' lang='grc' dir='ltr'><strong>ἀπὸ</strong></span> <span class='ocrx_word' id='word_1_18' title='bbox 2832 443 2924 495; x_wconf 76' lang='grc' dir='ltr'><strong>τῆς</strong></span> <span class='ocrx_word' id='word_1_19' title='bbox 2947 441 3043 494; x_wconf 72' lang='grc' dir='ltr'><strong>σῆς</strong></span> <span class='ocrx_word' id='word_1_20' title='bbox 3066 435 3411 510; x_wconf 74' lang='grc' dir='ltr'>προαιρέσεως</span> <span class='ocrx_word' id='word_1_21' title='bbox 3436 433 3619 500; x_wconf 74' lang='grc' dir='ltr'>κώλυε,</span> <span class='ocrx_word' id='word_1_22' title='bbox 3644 444 3735 499; x_wconf 77' lang='grc' dir='ltr'>τοῖς</span> 
     </span>
    </p>
   </div>
   <div class='ocr_carea' id='block_1_6' title="bbox 472 532 2058 611">
    <p class='ocr_par' dir='ltr' id='par_1_6' title="bbox 472 532 2058 611">
     <span class='ocr_line' id='line_1_6' title="bbox 472 532 2058 611; baseline -0.009 -11"><span class='ocrx_word' id='word_1_23' title='bbox 472 545 621 611; x_wconf 88' lang='lat' dir='ltr'><strong>bris,</strong></span> <span class='ocrx_word' id='word_1_24' title='bbox 667 541 847 597; x_wconf 88' lang='lat' dir='ltr'><strong>multis</strong></span> <span class='ocrx_word' id='word_1_25' title='bbox 887 537 1209 594; x_wconf 92' lang='lat' dir='ltr'><strong>vanitatibus</strong></span> <span class='ocrx_word' id='word_1_26' title='bbox 1251 532 1609 589; x_wconf 84' lang='lat' dir='ltr'><strong>resistendum</strong></span> <span class='ocrx_word' id='word_1_27' title='bbox 1648 542 1764 601; x_wconf 88' lang='lat' dir='ltr'><strong>est,</strong></span> <span class='ocrx_word' id='word_1_28' title='bbox 1809 540 1869 588; x_wconf 88' lang='lat' dir='ltr'><strong>ut</strong></span> <span class='ocrx_word' id='word_1_29' title='bbox 1914 546 2058 588; x_wconf 62' lang='lat' dir='ltr'><strong>verat</strong></span> 
     </span>
    </p>
   </div>
   <div class='ocr_carea' id='block_1_7' title="bbox 471 625 2060 699">
    <p class='ocr_par' dir='ltr' id='par_1_7' title="bbox 471 625 2060 699">
     <span class='ocr_line' id='line_1_7' title="bbox 471 625 2060 699; baseline -0.008 -8"><span class='ocrx_word' id='word_1_30' title='bbox 471 634 819 692; x_wconf 75' lang='lat' dir='ltr'><strong>continentia:</strong></span> <span class='ocrx_word' id='word_1_31' title='bbox 856 631 1161 687; x_wconf 90' lang='lat' dir='ltr'><strong>obtineatur</strong></span> <span class='ocrx_word' id='word_1_32' title='bbox 1204 627 1487 699; x_wconf 89' lang='lat' dir='ltr'><strong>integritas</strong></span> <span class='ocrx_word' id='word_1_33' title='bbox 1522 644 1537 682; x_wconf 89' lang='lat'><strong>:</strong></span> <span class='ocrx_word' id='word_1_34' title='bbox 1572 626 1726 697; x_wconf 86' lang='lat' dir='ltr'><strong>cujus</strong></span> <span class='ocrx_word' id='word_1_35' title='bbox 1763 625 1938 697; x_wconf 84' lang='lat' dir='ltr'><strong>prima</strong></span> <span class='ocrx_word' id='word_1_36' title='bbox 1976 633 2060 681; x_wconf 90' lang='lat' dir='ltr'><strong>est</strong></span> 
     </span>
    </p>
   </div>
   <div class='ocr_carea' id='block_1_8' title="bbox 471 720 2058 796">
    <p class='ocr_par' dir='ltr' id='par_1_8' title="bbox 471 720 2058 796">
     <span class='ocr_line' id='line_1_8' title="bbox 471 720 2058 796; baseline -0.006 -13"><span class='ocrx_word' id='word_1_37' title='bbox 471 730 623 784; x_wconf 87' lang='lat' dir='ltr'><strong>labes</strong></span> <span class='ocrx_word' id='word_1_38' title='bbox 648 726 923 796; x_wconf 86' lang='lat' dir='ltr'><strong>superbia,</strong></span> <span class='ocrx_word' id='word_1_39' title='bbox 956 724 1165 779; x_wconf 90' lang='lat' dir='ltr'><strong>initium</strong></span> <span class='ocrx_word' id='word_1_40' title='bbox 1196 720 1661 792; x_wconf 73' lang='lat' dir='ltr'><strong>transgressionis,</strong></span> <span class='ocrx_word' id='word_1_41' title='bbox 1679 727 1736 775; x_wconf 90' lang='lat' dir='ltr'><strong>et</strong></span> <span class='ocrx_word' id='word_1_42' title='bbox 1754 720 1908 790; x_wconf 90' lang='lat' dir='ltr'><strong>origo</strong></span> <span class='ocrx_word' id='word_1_43' title='bbox 1934 733 2058 789; x_wconf 88' lang='lat' dir='ltr'><strong>pec-</strong></span> 
     </span>
    </p>
   </div>
   <div class='ocr_carea' id='block_1_9' title="bbox 469 811 2059 885">
    <p class='ocr_par' dir='ltr' id='par_1_9' title="bbox 469 811 2059 885">
     <span class='ocr_line' id='line_1_9' title="bbox 469 811 2059 885; baseline -0.004 -14"><span class='ocrx_word' id='word_1_44' title='bbox 469 817 592 872; x_wconf 88' lang='lat' dir='ltr'><strong>cati.</strong></span> <span class='ocrx_word' id='word_1_45' title='bbox 645 817 911 885; x_wconf 84' lang='lat' dir='ltr'><strong>Quoniam</strong></span> <span class='ocrx_word' id='word_1_46' title='bbox 957 831 1092 870; x_wconf 69' lang='lat' dir='ltr'><strong>usus</strong></span> <span class='ocrx_word' id='word_1_47' title='bbox 1147 814 1396 884; x_wconf 67' lang='lat' dir='ltr'><strong>potentiae</strong></span> <span class='ocrx_word' id='word_1_48' title='bbox 1442 812 1597 867; x_wconf 89' lang='lat' dir='ltr'><strong>avida</strong></span> <span class='ocrx_word' id='word_1_49' title='bbox 1643 826 1744 867; x_wconf 90' lang='lat' dir='ltr'><strong>nec</strong></span> <span class='ocrx_word' id='word_1_50' title='bbox 1786 811 2059 867; x_wconf 88' lang='lat' dir='ltr'><strong>abstinere</strong></span> 
     </span>
    </p>
   </div>
   <div class='ocr_carea' id='block_1_10' title="bbox 470 902 2058 983">
    <p class='ocr_par' dir='ltr' id='par_1_10' title="bbox 470 902 2058 983">
     <span class='ocr_line' id='line_1_10' title="bbox 470 902 2058 983; baseline -0.004 -20"><span class='ocrx_word' id='word_1_51' title='bbox 470 909 620 963; x_wconf 90' lang='lat' dir='ltr'><strong>novit</strong></span> <span class='ocrx_word' id='word_1_52' title='bbox 645 909 847 974; x_wconf 87' lang='lat' dir='ltr'><strong>vetitis,</strong></span> <span class='ocrx_word' id='word_1_53' title='bbox 880 923 979 962; x_wconf 89' lang='lat' dir='ltr'><strong>nec</strong></span> <span class='ocrx_word' id='word_1_54' title='bbox 1002 906 1235 977; x_wconf 84' lang='lat' dir='ltr'><strong>gaudere</strong></span> <span class='ocrx_word' id='word_1_55' title='bbox 1265 905 1568 972; x_wconf 85' lang='lat' dir='ltr'><strong>concessis;</strong></span> <span class='ocrx_word' id='word_1_56' title='bbox 1594 904 1725 983; x_wconf 83' lang='lat' dir='ltr'><strong>dum</strong></span> <span class='ocrx_word' id='word_1_57' title='bbox 1754 902 2058 963; x_wconf 83' lang='lat' dir='ltr'><strong>inordinata</strong></span> 
     </span>
    </p>
   </div>
   <div class='ocr_carea' id='block_1_11' title="bbox 466 997 2061 1071">
    <p class='ocr_par' dir='ltr' id='par_1_11' title="bbox 466 997 2061 1071">
     <span class='ocr_line' id='line_1_11' title="bbox 466 997 2061 1071; baseline -0.003 -18"><span class='ocrx_word' id='word_1_58' title='bbox 466 1014 741 1069; x_wconf 83' lang='lat' dir='ltr'><strong>pravoque</strong></span> <span class='ocrx_word' id='word_1_59' title='bbox 773 999 983 1071; x_wconf 80' lang='lat'><strong>1161</strong></span> <span class='ocrx_word' id='word_1_60' title='bbox 1015 1012 1318 1069; x_wconf 88' lang='lat' dir='ltr'><strong>progressu,</strong></span> <span class='ocrx_word' id='word_1_61' title='bbox 1342 997 1726 1066; x_wconf 89' lang='lat' dir='ltr'><strong>impunitarum</strong></span> <span class='ocrx_word' id='word_1_62' title='bbox 1758 1003 2061 1065; x_wconf 82' lang='lat' dir='ltr'><strong>transgres-</strong></span> 
     </span>
    </p>
   </div>
   <div class='ocr_carea' id='block_1_12' title="bbox 467 1088 2056 1169">
    <p class='ocr_par' dir='ltr' id='par_1_12' title="bbox 467 1088 2056 1169">
     <span class='ocr_line' id='line_1_12' title="bbox 467 1088 2056 1169; baseline -0.003 -24"><span class='ocrx_word' id='word_1_63' title='bbox 467 1091 682 1146; x_wconf 87' lang='lat' dir='ltr'><strong>sionum</strong></span> <span class='ocrx_word' id='word_1_64' title='bbox 727 1100 990 1169; x_wconf 77' lang='lat' dir='ltr'><strong>augentur</strong></span> <span class='ocrx_word' id='word_1_65' title='bbox 1038 1104 1318 1154; x_wconf 81' lang='lat' dir='ltr'><strong>excessus,</strong></span> <span class='ocrx_word' id='word_1_66' title='bbox 1362 1097 1417 1144; x_wconf 89' lang='lat' dir='ltr'><strong>et</strong></span> <span class='ocrx_word' id='word_1_67' title='bbox 1459 1088 1807 1145; x_wconf 83' lang='lat' dir='ltr'><strong>crebrescunt</strong></span> <span class='ocrx_word' id='word_1_68' title='bbox 1853 1088 2056 1157; x_wconf 88' lang='lat' dir='ltr'><strong>culpae,</strong></span> 
     </span>
    </p>
   </div>
   <div class='ocr_carea' id='block_1_13' title="bbox 468 1182 2062 1256">
    <p class='ocr_par' dir='ltr' id='par_1_13' title="bbox 468 1182 2062 1256">
     <span class='ocr_line' id='line_1_13' title="bbox 468 1182 2062 1256; baseline -0.003 -16"><span class='ocrx_word' id='word_1_69' title='bbox 468 1201 590 1256; x_wconf 77' lang='lat' dir='ltr'><strong>qua:</strong></span> <span class='ocrx_word' id='word_1_70' title='bbox 621 1186 861 1241; x_wconf 87' lang='lat' dir='ltr'><strong>toleratae</strong></span> <span class='ocrx_word' id='word_1_71' title='bbox 888 1193 1015 1241; x_wconf 88' lang='lat' dir='ltr'><strong>sunt</strong></span> <span class='ocrx_word' id='word_1_72' title='bbox 1050 1183 1229 1241; x_wconf 84' lang='lat' dir='ltr'><strong>studio</strong></span> <span class='ocrx_word' id='word_1_73' title='bbox 1259 1183 1383 1239; x_wconf 91' lang='lat' dir='ltr'><strong>ﬁdei</strong></span> <span class='ocrx_word' id='word_1_74' title='bbox 1427 1182 1742 1253; x_wconf 83' lang='lat' dir='ltr'><strong>reparandae</strong></span> <span class='ocrx_word' id='word_1_75' title='bbox 1780 1190 1836 1238; x_wconf 92' lang='lat' dir='ltr'><strong>et</strong></span> <span class='ocrx_word' id='word_1_76' title='bbox 1875 1195 2062 1236; x_wconf 89' lang='lat' dir='ltr'><strong>amore</strong></span> 
     </span>
    </p>
   </div>
   <div class='ocr_carea' id='block_1_14' title="bbox 468 1276 797 1333">
    <p class='ocr_par' dir='ltr' id='par_1_14' title="bbox 468 1276 797 1333">
     <span class='ocr_line' id='line_1_14' title="bbox 468 1276 797 1333; baseline -0.003 -1"><span class='ocrx_word' id='word_1_77' title='bbox 468 1276 797 1333; x_wconf 80' lang='lat' dir='ltr'><strong>concordiae.</strong></span> 
     </span>
    </p>
   </div>
   <div class='ocr_carea' id='block_1_15' title="bbox 539 1367 2061 1439">
    <p class='ocr_par' dir='ltr' id='par_1_15' title="bbox 539 1367 2061 1439">
     <span class='ocr_line' id='line_1_15' title="bbox 539 1367 2061 1439; baseline -0.003 -13"><span class='ocrx_word' id='word_1_78' title='bbox 539 1373 668 1427; x_wconf 79' lang='lat' dir='ltr'><strong>CAP.</strong></span> <span class='ocrx_word' id='word_1_79' title='bbox 692 1371 756 1426; x_wconf 87' lang='lat' dir='ltr'><strong>Il.</strong></span> <span class='ocrx_word' id='word_1_80' title='bbox 790 1402 861 1411; x_wconf 98' lang='lat'><strong>—</strong></span> <span class='ocrx_word' id='word_1_81' title='bbox 887 1371 1015 1426; x_wconf 83' lang='lat' dir='ltr'><strong>Post</strong></span> <span class='ocrx_word' id='word_1_82' title='bbox 1036 1369 1123 1424; x_wconf 90' lang='lat' dir='ltr'><strong>illa</strong></span> <span class='ocrx_word' id='word_1_83' title='bbox 1151 1370 1331 1439; x_wconf 86' lang='lat' dir='ltr'><strong>itaque</strong></span> <span class='ocrx_word' id='word_1_84' title='bbox 1362 1367 1717 1423; x_wconf 86' lang='lat' dir='ltr'><strong>ordinationis</strong></span> <span class='ocrx_word' id='word_1_85' title='bbox 1745 1375 1852 1421; x_wconf 69' lang='lat' dir='ltr'><strong>tuae</strong></span> <span class='ocrx_word' id='word_1_86' title='bbox 1893 1373 1920 1403; x_wconf 72' lang='grc' dir='ltr'>ι</span> <span class='ocrx_word' id='word_1_87' title='bbox 1952 1380 2061 1421; x_wconf 90' lang='lat' dir='ltr'><strong>non</strong></span> 
     </span>
    </p>
   </div>
   <div class='ocr_carea' id='block_1_16' title="bbox 467 1460 2061 1535">
    <p class='ocr_par' dir='ltr' id='par_1_16' title="bbox 467 1460 2061 1535">
     <span class='ocr_line' id='line_1_16' title="bbox 467 1460 2061 1535; baseline -0.004 -16"><span class='ocrx_word' id='word_1_88' title='bbox 467 1464 741 1535; x_wconf 85' lang='lat' dir='ltr'><strong>inculpata</strong></span> <span class='ocrx_word' id='word_1_89' title='bbox 772 1465 1057 1535; x_wconf 87' lang='lat' dir='ltr'><strong>principia,</strong></span> <span class='ocrx_word' id='word_1_90' title='bbox 1100 1472 1226 1534; x_wconf 88' lang='lat' dir='ltr'><strong>post</strong></span> <span class='ocrx_word' id='word_1_91' title='bbox 1250 1462 1712 1518; x_wconf 84' lang='lat' dir='ltr'><strong>consecrationem</strong></span> <span class='ocrx_word' id='word_1_92' title='bbox 1736 1460 2061 1516; x_wconf 87' lang='lat' dir='ltr'><strong>Antiocheni</strong></span> 
     </span>
    </p>
   </div>
   <div class='ocr_carea' id='block_1_17' title="bbox 471 1553 2062 1626">
    <p class='ocr_par' dir='ltr' id='par_1_17' title="bbox 471 1553 2062 1626">
     <span class='ocr_line' id='line_1_17' title="bbox 471 1553 2062 1626; baseline -0.004 -15"><span class='ocrx_word' id='word_1_93' title='bbox 471 1556 735 1625; x_wconf 88' lang='lat' dir='ltr'><strong>episc0pi.</strong></span> <span class='ocrx_word' id='word_1_94' title='bbox 787 1571 946 1626; x_wconf 90' lang='lat' dir='ltr'><strong>quam</strong></span> <span class='ocrx_word' id='word_1_95' title='bbox 981 1555 1187 1611; x_wconf 88' lang='lat' dir='ltr'><strong>tibimet</strong></span> <span class='ocrx_word' id='word_1_96' title='bbox 1230 1567 1417 1611; x_wconf 88' lang='lat' dir='ltr'><strong>contra</strong></span> <span class='ocrx_word' id='word_1_97' title='bbox 1456 1554 1769 1610; x_wconf 85' lang='lat' dir='ltr'><strong>canonicam</strong></span> <span class='ocrx_word' id='word_1_98' title='bbox 1821 1553 2062 1623; x_wconf 84' lang='lat' dir='ltr'><strong>regulam</strong></span> 
     </span>
    </p>
   </div>
   <div class='ocr_carea' id='block_1_18' title="bbox 2159 525 3737 603">
    <p class='ocr_par' dir='ltr' id='par_1_18' title="bbox 2159 525 3737 603">
     <span class='ocr_line' id='line_1_18' title="bbox 2159 525 3737 603; baseline -0.001 -18"><span class='ocrx_word' id='word_1_99' title='bbox 2159 528 2365 589; x_wconf 77' lang='grc' dir='ltr'><strong>πολλοῖς</strong></span> <span class='ocrx_word' id='word_1_100' title='bbox 2411 526 2596 585; x_wconf 80' lang='grc' dir='ltr'>τούτου</span> <span class='ocrx_word' id='word_1_101' title='bbox 2641 533 2732 583; x_wconf 80' lang='grc' dir='ltr'>τοῦ</span> <span class='ocrx_word' id='word_1_102' title='bbox 2768 527 2961 598; x_wconf 82' lang='grc' dir='ltr'>κόσμου</span> <span class='ocrx_word' id='word_1_103' title='bbox 3004 525 3353 598; x_wconf 76' lang='grc' dir='ltr'>δελέασμασι,</span> <span class='ocrx_word' id='word_1_104' title='bbox 3386 530 3473 583; x_wconf 73' lang='grc' dir='ltr'>καὶ</span> <span class='ocrx_word' id='word_1_105' title='bbox 3506 534 3573 603; x_wconf 67' lang='grc' dir='ltr'>τῇ</span> <span class='ocrx_word' id='word_1_106' title='bbox 3602 526 3737 601; x_wconf 71' lang='grc' dir='ltr'>πολλῇ</span> 
     </span>
    </p>
   </div>
   <div class='ocr_carea' id='block_1_19' title="bbox 2161 621 3739 699">
    <p class='ocr_par' dir='ltr' id='par_1_19' title="bbox 2161 621 3739 699">
     <span class='ocr_line' id='line_1_19' title="bbox 2161 621 3739 699; baseline 0 -21"><span class='ocrx_word' id='word_1_107' title='bbox 2161 624 2466 698; x_wconf 76' lang='grc' dir='ltr'><strong>ματαιότητι</strong></span> <span class='ocrx_word' id='word_1_108' title='bbox 2488 622 2751 681; x_wconf 77' lang='grc' dir='ltr'>ἀντιϐῆναι</span> <span class='ocrx_word' id='word_1_109' title='bbox 2780 626 2888 699; x_wconf 79' lang='grc' dir='ltr'>χρή</span> <span class='ocrx_word' id='word_1_110' title='bbox 2908 638 2919 650; x_wconf 90' lang='grc'><strong><em>⁸</em></strong></span> <span class='ocrx_word' id='word_1_111' title='bbox 2948 623 3078 676; x_wconf 79' lang='grc' dir='ltr'>ὥστε</span> <span class='ocrx_word' id='word_1_112' title='bbox 3108 629 3199 682; x_wconf 79' lang='grc' dir='ltr'><strong>τῆς</strong></span> <span class='ocrx_word' id='word_1_113' title='bbox 3230 621 3442 683; x_wconf 75' lang='grc' dir='ltr'><strong>ἀληθοῦς</strong></span> <span class='ocrx_word' id='word_1_114' title='bbox 3466 623 3739 695; x_wconf 68' lang='grc' dir='ltr'><strong>ἐγκρατείας</strong></span> 
     </span>
    </p>
   </div>
   <div class='ocr_carea' id='block_1_20' title="bbox 2160 710 3739 792">
    <p class='ocr_par' dir='ltr' id='par_1_20' title="bbox 2160 710 3739 792">
     <span class='ocr_line' id='line_1_20' title="bbox 2160 710 3739 792; baseline -0.004 -19"><span class='ocrx_word' id='word_1_115' title='bbox 2160 724 2252 777; x_wconf 78' lang='grc' dir='ltr'>τήν</span> <span class='ocrx_word' id='word_1_116' title='bbox 2299 714 2619 792; x_wconf 77' lang='grc' dir='ltr'><strong>καθαρότητα</strong></span> <span class='ocrx_word' id='word_1_117' title='bbox 2659 715 3067 785; x_wconf 79' lang='grc' dir='ltr'>κατασχεθῆναι,</span> <span class='ocrx_word' id='word_1_118' title='bbox 3122 710 3327 774; x_wconf 77' lang='grc' dir='ltr'>ἧστινος</span> <span class='ocrx_word' id='word_1_119' title='bbox 3366 713 3574 785; x_wconf 82' lang='grc' dir='ltr'>πρῶτός</span> <span class='ocrx_word' id='word_1_120' title='bbox 3619 714 3739 769; x_wconf 84' lang='grc' dir='ltr'>ἐστιν</span> 
     </span>
    </p>
   </div>
   <div class='ocr_carea' id='block_1_21' title="bbox 2161 806 3740 883">
    <p class='ocr_par' dir='ltr' id='par_1_21' title="bbox 2161 806 3740 883">
     <span class='ocr_line' id='line_1_21' title="bbox 2161 806 3740 883; baseline -0.003 -20"><span class='ocrx_word' id='word_1_121' title='bbox 2161 806 2361 882; x_wconf 75' lang='grc' dir='ltr'>ὄλεθρος</span> <span class='ocrx_word' id='word_1_122' title='bbox 2390 807 2668 883; x_wconf 57' lang='grc' dir='ltr'>ὑπεροψία.</span> <span class='ocrx_word' id='word_1_123' title='bbox 2712 808 2858 882; x_wconf 77' lang='grc' dir='ltr'>ἀρχὴ</span> <span class='ocrx_word' id='word_1_124' title='bbox 2885 814 2975 865; x_wconf 89' lang='grc' dir='ltr'><strong>τῆς</strong></span> <span class='ocrx_word' id='word_1_125' title='bbox 3004 806 3366 876; x_wconf 79' lang='grc' dir='ltr'>μεταϐάσεως,</span> <span class='ocrx_word' id='word_1_126' title='bbox 3413 809 3499 859; x_wconf 83' lang='grc' dir='ltr'>καὶ</span> <span class='ocrx_word' id='word_1_127' title='bbox 3538 807 3740 880; x_wconf 66' lang='grc' dir='ltr'>ἀρχιγο-</span> 
     </span>
    </p>
   </div>
   <div class='ocr_carea' id='block_1_22' title="bbox 2160 894 3740 975">
    <p class='ocr_par' dir='ltr' id='par_1_22' title="bbox 2160 894 3740 975">
     <span class='ocr_line' id='line_1_22' title="bbox 2160 894 3740 975; baseline -0.003 -20"><span class='ocrx_word' id='word_1_128' title='bbox 2160 904 2240 958; x_wconf 81' lang='grc' dir='ltr'><strong>νία</strong></span> <span class='ocrx_word' id='word_1_129' title='bbox 2265 911 2365 958; x_wconf 85' lang='grc' dir='ltr'><strong>τῶν</strong></span> <span class='ocrx_word' id='word_1_130' title='bbox 2388 901 2788 975; x_wconf 74' lang='grc' dir='ltr'><strong>ἁμαρτημάτων.</strong></span> <span class='ocrx_word' id='word_1_131' title='bbox 3068 896 3264 955; x_wconf 79' lang='grc' dir='ltr'><strong>Ἐπειδὴ</strong></span> <span class='ocrx_word' id='word_1_132' title='bbox 3293 897 3308 927; x_wconf 81' lang='grc'>¹</span> <span class='ocrx_word' id='word_1_133' title='bbox 3341 894 3394 950; x_wconf 82' lang='grc' dir='ltr'><strong>δὲ</strong></span> <span class='ocrx_word' id='word_1_134' title='bbox 3425 898 3740 970; x_wconf 79' lang='grc' dir='ltr'>ἐπιθυμητικὴ</span> 
     </span>
    </p>
   </div>
   <div class='ocr_carea' id='block_1_23' title="bbox 2161 988 3742 1065">
    <p class='ocr_par' dir='ltr' id='par_1_23' title="bbox 2161 988 3742 1065">
     <span class='ocr_line' id='line_1_23' title="bbox 2161 988 3742 1065; baseline -0.004 -15"><span class='ocrx_word' id='word_1_135' title='bbox 2161 1004 2254 1056; x_wconf 85' lang='grc' dir='ltr'><strong>τῆς</strong></span> <span class='ocrx_word' id='word_1_136' title='bbox 2296 994 2595 1053; x_wconf 85' lang='grc' dir='ltr'>δυναστείας</span> <span class='ocrx_word' id='word_1_137' title='bbox 2638 1013 2980 1065; x_wconf 76' lang='grc' dir='ltr'>τυγχάνουσα</span> <span class='ocrx_word' id='word_1_138' title='bbox 3006 988 3121 1045; x_wconf 70' lang='grc' dir='ltr'>οὔτε</span> <span class='ocrx_word' id='word_1_139' title='bbox 3147 992 3477 1061; x_wconf 79' lang='grc' dir='ltr'><strong>ἀποσχέσθαι</strong></span> <span class='ocrx_word' id='word_1_140' title='bbox 3507 992 3632 1062; x_wconf 71' lang='grc' dir='ltr'>ἔγνω</span> <span class='ocrx_word' id='word_1_141' title='bbox 3658 997 3742 1045; x_wconf 83' lang='grc' dir='ltr'><strong>τῶν</strong></span> 
     </span>
    </p>
   </div>
   <div class='ocr_carea' id='block_1_24' title="bbox 2160 1082 3743 1161">
    <p class='ocr_par' dir='ltr' id='par_1_24' title="bbox 2160 1082 3743 1161">
     <span class='ocr_line' id='line_1_24' title="bbox 2160 1082 3743 1161; baseline -0.004 -18"><span class='ocrx_word' id='word_1_142' title='bbox 2160 1087 2507 1161; x_wconf 78' lang='grc' dir='ltr'><strong>κεκωλυμένων</strong></span> <span class='ocrx_word' id='word_1_143' title='bbox 2528 1129 2541 1153; x_wconf 89' lang='grc'><strong><em>,</em></strong></span> <span class='ocrx_word' id='word_1_144' title='bbox 2582 1082 2697 1140; x_wconf 72' lang='grc' dir='ltr'>οὔτε</span> <span class='ocrx_word' id='word_1_145' title='bbox 2731 1086 2933 1159; x_wconf 81' lang='grc' dir='ltr'><strong>χαίρειν</strong></span> <span class='ocrx_word' id='word_1_146' title='bbox 2967 1090 3073 1143; x_wconf 87' lang='grc' dir='ltr'>τοῖς</span> <span class='ocrx_word' id='word_1_147' title='bbox 3114 1084 3618 1159; x_wconf 61' lang='grc' dir='ltr'>συγκεχωρημένας,</span> <span class='ocrx_word' id='word_1_148' title='bbox 3647 1083 3665 1111; x_wconf 85' lang='grc'><strong><em>²</em></strong></span> <span class='ocrx_word' id='word_1_149' title='bbox 3692 1091 3743 1156; x_wconf 77' lang='grc' dir='ltr'>τῇ</span> 
     </span>
    </p>
   </div>
   <div class='ocr_carea' id='block_1_25' title="bbox 2160 1174 3745 1253">
    <p class='ocr_par' dir='ltr' id='par_1_25' title="bbox 2160 1174 3745 1253">
     <span class='ocr_line' id='line_1_25' title="bbox 2160 1174 3745 1253; baseline -0.005 -17"><span class='ocrx_word' id='word_1_150' title='bbox 2160 1182 2411 1250; x_wconf 77' lang='grc' dir='ltr'><strong>ἀκολούθῳ</strong></span> <span class='ocrx_word' id='word_1_151' title='bbox 2455 1183 2540 1234; x_wconf 87' lang='grc' dir='ltr'>καὶ</span> <span class='ocrx_word' id='word_1_152' title='bbox 2568 1178 2729 1253; x_wconf 72' lang='grc' dir='ltr'>φαύλη</span> <span class='ocrx_word' id='word_1_153' title='bbox 2754 1185 2984 1250; x_wconf 79' lang='grc' dir='ltr'>προκοπῇ</span> <span class='ocrx_word' id='word_1_154' title='bbox 3025 1187 3119 1231; x_wconf 82' lang='grc' dir='ltr'><strong>τῶν</strong></span> <span class='ocrx_word' id='word_1_155' title='bbox 3147 1176 3481 1252; x_wconf 68' lang='grc' dir='ltr'>ἀτιμωρήτων</span> <span class='ocrx_word' id='word_1_156' title='bbox 3518 1174 3745 1251; x_wconf 80' lang='grc' dir='ltr'>παραεὰ·</span> 
     </span>
    </p>
   </div>
   <div class='ocr_carea' id='block_1_26' title="bbox 2160 1268 3743 1343">
    <p class='ocr_par' dir='ltr' id='par_1_26' title="bbox 2160 1268 3743 1343">
     <span class='ocr_line' id='line_1_26' title="bbox 2160 1268 3743 1343; baseline -0.004 -13"><span class='ocrx_word' id='word_1_157' title='bbox 2160 1296 2290 1330; x_wconf 86' lang='grc' dir='ltr'>σεων</span> <span class='ocrx_word' id='word_1_158' title='bbox 2319 1273 2554 1340; x_wconf 69' lang='grc' dir='ltr'>αὔξονται</span> <span class='ocrx_word' id='word_1_159' title='bbox 2584 1274 2637 1327; x_wconf 82' lang='grc' dir='ltr'>αἱ</span> <span class='ocrx_word' id='word_1_160' title='bbox 2666 1270 2805 1335; x_wconf 78' lang='grc' dir='ltr'>ὁδοί,</span> <span class='ocrx_word' id='word_1_161' title='bbox 2838 1275 2921 1325; x_wconf 86' lang='grc' dir='ltr'><strong>καί</strong></span> <span class='ocrx_word' id='word_1_162' title='bbox 2962 1270 3333 1342; x_wconf 73' lang='grc' dir='ltr'>στυγνάζουσιν</span> <span class='ocrx_word' id='word_1_163' title='bbox 3378 1269 3432 1322; x_wconf 77' lang='grc' dir='ltr'>αἱ</span> <span class='ocrx_word' id='word_1_164' title='bbox 3476 1268 3743 1343; x_wconf 78' lang='grc' dir='ltr'>ἁμαρτίαι.</span> 
     </span>
    </p>
   </div>
   <div class='ocr_carea' id='block_1_27' title="bbox 2162 1360 3746 1438">
    <p class='ocr_par' dir='ltr' id='par_1_27' title="bbox 2162 1360 3746 1438">
     <span class='ocr_line' id='line_1_27' title="bbox 2162 1360 3746 1438; baseline -0.005 -16"><span class='ocrx_word' id='word_1_165' title='bbox 2162 1368 2347 1427; x_wconf 79' lang='grc' dir='ltr'>αἵτινες</span> <span class='ocrx_word' id='word_1_166' title='bbox 2364 1367 2769 1436; x_wconf 82' lang='grc' dir='ltr'>ἐϐαστάχθησαν</span> <span class='ocrx_word' id='word_1_167' title='bbox 2783 1361 2934 1438; x_wconf 72' lang='grc' dir='ltr'>ἔρωτι</span> <span class='ocrx_word' id='word_1_168' title='bbox 2946 1367 3038 1416; x_wconf 83' lang='grc' dir='ltr'>τοῦ</span> <span class='ocrx_word' id='word_1_169' title='bbox 3054 1360 3437 1430; x_wconf 83' lang='grc' dir='ltr'>ἁνανεωχθῆναι</span> <span class='ocrx_word' id='word_1_170' title='bbox 3454 1365 3544 1417; x_wconf 79' lang='grc' dir='ltr'><strong>τήν</strong></span> <span class='ocrx_word' id='word_1_171' title='bbox 3564 1360 3746 1423; x_wconf 77' lang='grc' dir='ltr'>πίστιν,</span> 
     </span>
    </p>
   </div>
   <div class='ocr_carea' id='block_1_28' title="bbox 2162 1454 3748 1531">
    <p class='ocr_par' dir='ltr' id='par_1_28' title="bbox 2162 1454 3748 1531">
     <span class='ocr_line' id='line_1_28' title="bbox 2162 1454 3748 1531; baseline 0.011 -16"><span class='ocrx_word' id='word_1_172' title='bbox 2162 1464 2251 1516; x_wconf 80' lang='grc' dir='ltr'>καὶ</span> <span class='ocrx_word' id='word_1_173' title='bbox 2278 1466 2367 1519; x_wconf 77' lang='grc' dir='ltr'><strong>τήν</strong></span> <span class='ocrx_word' id='word_1_174' title='bbox 2397 1459 2643 1531; x_wconf 78' lang='grc' dir='ltr'>ὁμόνοιαν.</span> <span class='ocrx_word' id='word_1_175' title='bbox 2676 1457 2801 1512; x_wconf 79' lang='grc' dir='ltr'>Μετ’</span> <span class='ocrx_word' id='word_1_176' title='bbox 2834 1458 2999 1510; x_wconf 84' lang='grc' dir='ltr'>ἐκεῖνα</span> <span class='ocrx_word' id='word_1_177' title='bbox 3038 1458 3206 1509; x_wconf 90' lang='grc' dir='ltr'>τοίνυν</span> <span class='ocrx_word' id='word_1_178' title='bbox 3242 1454 3308 1507; x_wconf 82' lang='grc' dir='ltr'><strong>τά</strong></span> <span class='ocrx_word' id='word_1_179' title='bbox 3336 1455 3420 1506; x_wconf 86' lang='grc' dir='ltr'><strong>ἐπί</strong></span> <span class='ocrx_word' id='word_1_180' title='bbox 3448 1460 3510 1529; x_wconf 65' lang='grc' dir='ltr'>τῇ</span> <span class='ocrx_word' id='word_1_181' title='bbox 3541 1458 3609 1525; x_wconf 68' lang='grc' dir='ltr'>σῇ</span> <span class='ocrx_word' id='word_1_182' title='bbox 3642 1473 3748 1523; x_wconf 64' lang='grc' dir='ltr'><strong>κη’</strong></span> 
     </span>
    </p>
   </div>
   <div class='ocr_carea' id='block_1_29' title="bbox 2164 1548 3748 1630">
    <p class='ocr_par' dir='ltr' id='par_1_29' title="bbox 2164 1548 3748 1630">
     <span class='ocr_line' id='line_1_29' title="bbox 2164 1548 3748 1630; baseline -0.006 -21"><span class='ocrx_word' id='word_1_183' title='bbox 2164 1558 2367 1630; x_wconf 79' lang='grc' dir='ltr'>ροτονίᾳ</span> <span class='ocrx_word' id='word_1_184' title='bbox 2394 1552 2726 1627; x_wconf 72' lang='grc' dir='ltr'>ἡμαρτημένα</span> <span class='ocrx_word' id='word_1_185' title='bbox 2750 1553 3014 1625; x_wconf 87' lang='grc' dir='ltr'>προοίμια,</span> <span class='ocrx_word' id='word_1_186' title='bbox 3043 1549 3171 1621; x_wconf 85' lang='grc' dir='ltr'>μετὰ</span> <span class='ocrx_word' id='word_1_187' title='bbox 3195 1552 3285 1606; x_wconf 82' lang='grc' dir='ltr'><strong>τῆν</strong></span> <span class='ocrx_word' id='word_1_188' title='bbox 3315 1548 3639 1622; x_wconf 75' lang='grc' dir='ltr'><strong>χειροτονίαν</strong></span> <span class='ocrx_word' id='word_1_189' title='bbox 3667 1553 3748 1600; x_wconf 82' lang='grc' dir='ltr'>τοῦ</span> 
     </span>
    </p>
   </div>
   <div class='ocr_carea' id='block_1_30' title="bbox 2161 1641 3750 1718">
    <p class='ocr_par' dir='ltr' id='par_1_30' title="bbox 2161 1641 3750 1718">
     <span class='ocr_line' id='line_1_30' title="bbox 2161 1641 3750 1718; baseline -0.006 -15"><span class='ocrx_word' id='word_1_190' title='bbox 2161 1641 2470 1718; x_wconf 78' lang='grc' dir='ltr'><strong>Ἀντιοχείας</strong></span> <span class='ocrx_word' id='word_1_191' title='bbox 2497 1645 2801 1709; x_wconf 81' lang='grc' dir='ltr'><strong>ἐπισκόπου,</strong></span> <span class='ocrx_word' id='word_1_192' title='bbox 2834 1645 3009 1701; x_wconf 82' lang='grc' dir='ltr'>ἦντικα</span> <span class='ocrx_word' id='word_1_193' title='bbox 3039 1643 3201 1713; x_wconf 83' lang='grc' dir='ltr'>ἐαυτῷ</span> <span class='ocrx_word' id='word_1_194' title='bbox 3240 1642 3380 1714; x_wconf 82' lang='grc' dir='ltr'>παρά</span> <span class='ocrx_word' id='word_1_195' title='bbox 3404 1643 3526 1701; x_wconf 77' lang='grc' dir='ltr'>τούς</span> <span class='ocrx_word' id='word_1_196' title='bbox 3565 1662 3750 1694; x_wconf 79' lang='grc' dir='ltr'>κανονιο</span> 
     </span>
    </p>
   </div>
   <div class='ocr_carea' id='block_1_31' title="bbox 2163 1738 3749 1813">
    <p class='ocr_par' dir='ltr' id='par_1_31' title="bbox 2163 1738 3749 1813">
     <span class='ocr_line' id='line_1_31' title="bbox 2163 1738 3749 1813; baseline -0.006 -17"><span class='ocrx_word' id='word_1_197' title='bbox 2163 1745 2282 1802; x_wconf 83' lang='grc' dir='ltr'>κούς</span> <span class='ocrx_word' id='word_1_198' title='bbox 2311 1743 2530 1813; x_wconf 78' lang='grc' dir='ltr'><strong>θεσμοὺς</strong></span> <span class='ocrx_word' id='word_1_199' title='bbox 2561 1738 2871 1803; x_wconf 84' lang='grc' dir='ltr'>ἐξεδίκησας,</span> <span class='ocrx_word' id='word_1_200' title='bbox 2906 1738 3121 1808; x_wconf 80' lang='grc' dir='ltr'><strong>πάσχω,</strong></span> <span class='ocrx_word' id='word_1_201' title='bbox 3154 1739 3238 1790; x_wconf 83' lang='grc' dir='ltr'><strong>καί</strong></span> <span class='ocrx_word' id='word_1_202' title='bbox 3264 1738 3334 1796; x_wconf 82' lang='grc' dir='ltr'>εἰς</span> <span class='ocrx_word' id='word_1_203' title='bbox 3362 1742 3517 1790; x_wconf 82' lang='grc' dir='ltr'>τοῦτο</span> <span class='ocrx_word' id='word_1_204' title='bbox 3547 1740 3639 1792; x_wconf 76' lang='grc' dir='ltr'><strong>την</strong></span> <span class='ocrx_word' id='word_1_205' title='bbox 3666 1739 3749 1793; x_wconf 70' lang='grc' dir='ltr'><strong>σήν</strong></span> 
     </span>
    </p>
   </div>
   <div class='ocr_carea' id='block_1_32' title="bbox 466 1648 2061 1716">
    <p class='ocr_par' dir='ltr' id='par_1_32' title="bbox 466 1648 2061 1716">
     <span class='ocr_line' id='line_1_32' title="bbox 466 1648 2061 1716; baseline -0.003 -12"><span class='ocrx_word' id='word_1_206' title='bbox 466 1648 832 1716; x_wconf 63' lang='lat' dir='ltr'><strong>l’vindicasti,</strong></span> <span class='ocrx_word' id='word_1_207' title='bbox 874 1649 1033 1705; x_wconf 91' lang='lat' dir='ltr'><strong>doleo</strong></span> <span class='ocrx_word' id='word_1_208' title='bbox 1075 1650 1240 1706; x_wconf 89' lang='lat' dir='ltr'><strong>etiam</strong></span> <span class='ocrx_word' id='word_1_209' title='bbox 1291 1650 1344 1703; x_wconf 92' lang='lat' dir='ltr'><strong>in</strong></span> <span class='ocrx_word' id='word_1_210' title='bbox 1388 1648 1491 1705; x_wconf 91' lang='lat' dir='ltr'><strong>hoc</strong></span> <span class='ocrx_word' id='word_1_211' title='bbox 1539 1648 1880 1704; x_wconf 88' lang='lat' dir='ltr'><strong>dilectionem</strong></span> <span class='ocrx_word' id='word_1_212' title='bbox 1919 1656 2061 1701; x_wconf 89' lang='lat' dir='ltr'><strong>tuam</strong></span> 
     </span>
    </p>
   </div>
   <div class='ocr_carea' id='block_1_33' title="bbox 466 1741 2062 1813">
    <p class='ocr_par' dir='ltr' id='par_1_33' title="bbox 466 1741 2062 1813">
     <span class='ocr_line' id='line_1_33' title="bbox 466 1741 2062 1813; baseline -0.003 -15"><span class='ocrx_word' id='word_1_213' title='bbox 466 1757 589 1799; x_wconf 90' lang='lat' dir='ltr'><strong>esse</strong></span> <span class='ocrx_word' id='word_1_214' title='bbox 619 1744 960 1813; x_wconf 86' lang='lat' dir='ltr'><strong>prolapsam,</strong></span> <span class='ocrx_word' id='word_1_215' title='bbox 995 1754 1049 1799; x_wconf 92' lang='lat' dir='ltr'><strong>ut</strong></span> <span class='ocrx_word' id='word_1_216' title='bbox 1092 1743 1483 1798; x_wconf 89' lang='lat' dir='ltr'><strong>sacratissimas</strong></span> <span class='ocrx_word' id='word_1_217' title='bbox 1521 1741 1863 1796; x_wconf 60' lang='lat' dir='ltr'><strong>Nicanorum</strong></span> <span class='ocrx_word' id='word_1_218' title='bbox 1896 1755 2062 1795; x_wconf 86' lang='lat' dir='ltr'><strong>cano-</strong></span> 
     </span>
    </p>
   </div>
   <div class='ocr_carea' id='block_1_34' title="bbox 464 1826 2051 1910">
    <p class='ocr_par' dir='ltr' id='par_1_34' title="bbox 464 1833 2051 1905">
     <span class='ocr_line' id='line_1_34' title="bbox 464 1833 2051 1905; baseline -0.003 -15"><span class='ocrx_word' id='word_1_219' title='bbox 464 1851 595 1890; x_wconf 90' lang='lat' dir='ltr'><strong>num</strong></span> <span class='ocrx_word' id='word_1_220' title='bbox 642 1836 1057 1891; x_wconf 87' lang='lat' dir='ltr'><strong>constitutiones</strong></span> <span class='ocrx_word' id='word_1_221' title='bbox 1095 1836 1377 1891; x_wconf 90' lang='lat' dir='ltr'><strong>conareris</strong></span> <span class='ocrx_word' id='word_1_222' title='bbox 1423 1833 1757 1905; x_wconf 78' lang='lat' dir='ltr'><strong>infringere;</strong></span> <span class='ocrx_word' id='word_1_223' title='bbox 1784 1842 2051 1905; x_wconf 87' lang='lat' dir='ltr'><strong>tamquam</strong></span> 
     </span>
    </p>
   </div>
   <div class='ocr_carea' id='block_1_35' title="bbox 2159 1826 3751 1910">
    <p class='ocr_par' dir='ltr' id='par_1_35' title="bbox 2163 1827 3751 1910">
     <span class='ocr_line' id='line_1_35' title="bbox 2163 1827 3751 1910; baseline -0.006 -20"><span class='ocrx_word' id='word_1_224' title='bbox 2163 1838 2364 1910; x_wconf 71' lang='grc' dir='ltr'>ἀγάπην</span> <span class='ocrx_word' id='word_1_225' title='bbox 2391 1834 2728 1898; x_wconf 83' lang='grc' dir='ltr'>ἐξολισθῆσαι,</span> <span class='ocrx_word' id='word_1_226' title='bbox 2766 1833 2897 1887; x_wconf 80' lang='grc' dir='ltr'>ὥστε</span> <span class='ocrx_word' id='word_1_227' title='bbox 2923 1832 3017 1893; x_wconf 88' lang='grc' dir='ltr'><strong>τάς</strong></span> <span class='ocrx_word' id='word_1_228' title='bbox 3056 1830 3187 1890; x_wconf 82' lang='grc' dir='ltr'>θείας</span> <span class='ocrx_word' id='word_1_229' title='bbox 3217 1827 3562 1888; x_wconf 81' lang='grc' dir='ltr'>διατυπώσεις</span> <span class='ocrx_word' id='word_1_230' title='bbox 3590 1836 3686 1884; x_wconf 83' lang='grc' dir='ltr'>τῶν</span> <span class='ocrx_word' id='word_1_231' title='bbox 3709 1830 3751 1882; x_wconf 83' lang='grc' dir='ltr'><strong>ἐν</strong></span> 
     </span>
    </p>
   </div>
   <div class='ocr_carea' id='block_1_36' title="bbox 467 1924 2051 2004">
    <p class='ocr_par' dir='ltr' id='par_1_36' title="bbox 467 1926 2051 1998">
     <span class='ocr_line' id='line_1_36' title="bbox 467 1926 2051 1998; baseline -0.001 -17"><span class='ocrx_word' id='word_1_232' title='bbox 467 1936 767 1998; x_wconf 89' lang='lat' dir='ltr'><strong>opportune</strong></span> <span class='ocrx_word' id='word_1_233' title='bbox 790 1943 849 1982; x_wconf 92' lang='lat' dir='ltr'><strong>se</strong></span> <span class='ocrx_word' id='word_1_234' title='bbox 871 1927 966 1982; x_wconf 89' lang='lat' dir='ltr'><strong>tibi</strong></span> <span class='ocrx_word' id='word_1_235' title='bbox 1001 1928 1102 1982; x_wconf 88' lang='lat' dir='ltr'><strong>hoc</strong></span> <span class='ocrx_word' id='word_1_236' title='bbox 1128 1934 1343 1997; x_wconf 89' lang='lat' dir='ltr'><strong>tempus</strong></span> <span class='ocrx_word' id='word_1_237' title='bbox 1365 1927 1639 1994; x_wconf 89' lang='lat' dir='ltr'><strong>obtulerit,</strong></span> <span class='ocrx_word' id='word_1_238' title='bbox 1669 1937 1691 1965; x_wconf 78' lang='grc' dir='ltr'><strong>ο</strong></span> <span class='ocrx_word' id='word_1_239' title='bbox 1717 1942 1824 1998; x_wconf 88' lang='lat' dir='ltr'><strong>quo</strong></span> <span class='ocrx_word' id='word_1_240' title='bbox 1839 1926 2051 1980; x_wconf 86' lang='lat' dir='ltr'><strong>secundi</strong></span> 
     </span>
    </p>
   </div>
   <div class='ocr_carea' id='block_1_37' title="bbox 2159 1924 3751 2004">
    <p class='ocr_par' dir='ltr' id='par_1_37' title="bbox 2162 1924 3751 2004">
     <span class='ocr_line' id='line_1_37' title="bbox 2162 1924 3751 2004; baseline -0.004 -20"><span class='ocrx_word' id='word_1_241' title='bbox 2162 1933 2344 2004; x_wconf 79' lang='grc' dir='ltr'>Νικαὶᾳ</span> <span class='ocrx_word' id='word_1_242' title='bbox 2386 1928 2598 1983; x_wconf 78' lang='grc' dir='ltr'><strong>κανόνων</strong></span> <span class='ocrx_word' id='word_1_243' title='bbox 2642 1928 2931 2004; x_wconf 82' lang='grc' dir='ltr'><strong>ἐπιχειρεῖν</strong></span> <span class='ocrx_word' id='word_1_244' title='bbox 2971 1946 3029 1980; x_wconf 81' lang='grc' dir='ltr'>σε</span> <span class='ocrx_word' id='word_1_245' title='bbox 3073 1925 3372 1999; x_wconf 81' lang='grc' dir='ltr'>παραλύειν⁹</span> <span class='ocrx_word' id='word_1_246' title='bbox 3400 1925 3623 1994; x_wconf 84' lang='grc' dir='ltr'>καθάπερ</span> <span class='ocrx_word' id='word_1_247' title='bbox 3650 1924 3751 1979; x_wconf 80' lang='grc' dir='ltr'>ἐπι-</span> 
     </span>
    </p>
   </div>
   <div class='ocr_carea' id='block_1_38' title="bbox 468 2017 2064 2090">
    <p class='ocr_par' dir='ltr' id='par_1_38' title="bbox 468 2017 2064 2090">
     <span class='ocr_line' id='line_1_38' title="bbox 468 2017 2064 2090; baseline 0.001 -19"><span class='ocrx_word' id='word_1_248' title='bbox 468 2018 695 2075; x_wconf 80' lang='lat' dir='ltr'><strong>honoris</strong></span> <span class='ocrx_word' id='word_1_249' title='bbox 728 2019 1064 2090; x_wconf 81' lang='lat' dir='ltr'><strong>privilegium</strong></span> <span class='ocrx_word' id='word_1_250' title='bbox 1096 2019 1251 2076; x_wconf 88' lang='lat' dir='ltr'><strong>sedes</strong></span> <span class='ocrx_word' id='word_1_251' title='bbox 1273 2018 1636 2075; x_wconf 82' lang='lat' dir='ltr'><strong>Alexandrina</strong></span> <span class='ocrx_word' id='word_1_252' title='bbox 1661 2017 1975 2088; x_wconf 84' lang='lat' dir='ltr'><strong>perdiderit,</strong></span> <span class='ocrx_word' id='word_1_253' title='bbox 2008 2027 2064 2074; x_wconf 91' lang='lat' dir='ltr'><strong>et</strong></span> 
     </span>
    </p>
   </div>
   <div class='ocr_carea' id='block_1_39' title="bbox 465 2110 2061 2183">
    <p class='ocr_par' dir='ltr' id='par_1_39' title="bbox 465 2110 2061 2183">
     <span class='ocr_line' id='line_1_39' title="bbox 465 2110 2061 2183; baseline -0.001 -17"><span class='ocrx_word' id='word_1_254' title='bbox 465 2113 800 2167; x_wconf 82' lang='lat' dir='ltr'><strong>Antiochena</strong></span> <span class='ocrx_word' id='word_1_255' title='bbox 841 2111 1080 2167; x_wconf 88' lang='lat' dir='ltr'><strong>Ecclesia</strong></span> <span class='ocrx_word' id='word_1_256' title='bbox 1129 2112 1510 2183; x_wconf 89' lang='lat' dir='ltr'><strong>proprietatem</strong></span> <span class='ocrx_word' id='word_1_257' title='bbox 1562 2110 1735 2166; x_wconf 60' lang='lat' dir='ltr'><strong>tertia</strong></span> <span class='ocrx_word' id='word_1_258' title='bbox 1787 2110 2061 2181; x_wconf 84' lang='lat' dir='ltr'><strong>dignitatis</strong></span> 
     </span>
    </p>
   </div>
   <div class='ocr_carea' id='block_1_40' title="bbox 465 2201 2063 2273">
    <p class='ocr_par' dir='ltr' id='par_1_40' title="bbox 465 2201 2063 2273">
     <span class='ocr_line' id='line_1_40' title="bbox 465 2201 2063 2273; baseline 0 -17"><span class='ocrx_word' id='word_1_259' title='bbox 465 2204 739 2258; x_wconf 89' lang='lat' dir='ltr'><strong>amiserit:</strong></span> <span class='ocrx_word' id='word_1_260' title='bbox 774 2211 830 2257; x_wconf 89' lang='lat' dir='ltr'><strong>ut</strong></span> <span class='ocrx_word' id='word_1_261' title='bbox 860 2202 942 2258; x_wconf 88' lang='lat' dir='ltr'><strong>his</strong></span> <span class='ocrx_word' id='word_1_262' title='bbox 964 2201 1099 2259; x_wconf 89' lang='lat' dir='ltr'><strong>locis</strong></span> <span class='ocrx_word' id='word_1_263' title='bbox 1121 2204 1231 2273; x_wconf 90' lang='lat' dir='ltr'><strong>juri</strong></span> <span class='ocrx_word' id='word_1_264' title='bbox 1262 2212 1357 2257; x_wconf 93' lang='lat' dir='ltr'><strong>tuo</strong></span> <span class='ocrx_word' id='word_1_265' title='bbox 1381 2201 1630 2268; x_wconf 89' lang='lat' dir='ltr'><strong>subditis,</strong></span> <span class='ocrx_word' id='word_1_266' title='bbox 1652 2216 1843 2258; x_wconf 89' lang='lat' dir='ltr'><strong>omnes</strong></span> <span class='ocrx_word' id='word_1_267' title='bbox 1869 2211 2063 2257; x_wconf 85' lang='lat' dir='ltr'><strong>metro-</strong></span> 
     </span>
    </p>
   </div>
   <div class='ocr_carea' id='block_1_41' title="bbox 465 2292 2061 2364">
    <p class='ocr_par' dir='ltr' id='par_1_41' title="bbox 465 2292 2061 2364">
     <span class='ocr_line' id='line_1_41' title="bbox 465 2292 2061 2364; baseline -0.002 -15"><span class='ocrx_word' id='word_1_268' title='bbox 465 2293 690 2364; x_wconf 87' lang='lat' dir='ltr'><strong>politani</strong></span> <span class='ocrx_word' id='word_1_269' title='bbox 721 2294 960 2364; x_wconf 88' lang='lat' dir='ltr'><strong>episcopi</strong></span> <span class='ocrx_word' id='word_1_270' title='bbox 997 2294 1218 2364; x_wconf 86' lang='lat' dir='ltr'><strong>proprio</strong></span> <span class='ocrx_word' id='word_1_271' title='bbox 1265 2293 1470 2348; x_wconf 90' lang='lat' dir='ltr'><strong>honore</strong></span> <span class='ocrx_word' id='word_1_272' title='bbox 1513 2294 1806 2361; x_wconf 88' lang='lat' dir='ltr'><strong>priventur.</strong></span> <span class='ocrx_word' id='word_1_273' title='bbox 1857 2292 2061 2359; x_wconf 87' lang='lat' dir='ltr'><strong>Quibus</strong></span> 
     </span>
    </p>
   </div>
   <div class='ocr_carea' id='block_1_42' title="bbox 466 2380 2055 2456">
    <p class='ocr_par' dir='ltr' id='par_1_42' title="bbox 466 2380 2055 2456">
     <span class='ocr_line' id='line_1_42' title="bbox 466 2380 2055 2456; baseline -0.001 -17"><span class='ocrx_word' id='word_1_274' title='bbox 466 2385 722 2441; x_wconf 87' lang='lat' dir='ltr'><strong>inauditis</strong></span> <span class='ocrx_word' id='word_1_275' title='bbox 744 2394 799 2439; x_wconf 91' lang='lat' dir='ltr'><strong>et</strong></span> <span class='ocrx_word' id='word_1_276' title='bbox 837 2401 1127 2456; x_wconf 89' lang='lat' dir='ltr'><strong>numquam</strong></span> <span class='ocrx_word' id='word_1_277' title='bbox 1150 2395 1279 2441; x_wconf 87' lang='lat' dir='ltr'><strong>ante</strong></span> <span class='ocrx_word' id='word_1_278' title='bbox 1318 2386 1536 2440; x_wconf 89' lang='lat' dir='ltr'><strong>tentatis</strong></span> <span class='ocrx_word' id='word_1_279' title='bbox 1556 2384 1633 2437; x_wconf 88' lang='lat' dir='ltr'><strong>ita</strong></span> <span class='ocrx_word' id='word_1_280' title='bbox 1672 2380 1701 2420; x_wconf 74' lang='grc' dir='ltr'>ἀ</span> <span class='ocrx_word' id='word_1_281' title='bbox 1724 2383 2055 2452; x_wconf 75' lang='lat' dir='ltr'><strong>praeveniris,</strong></span> 
     </span>
    </p>
   </div>
   <div class='ocr_carea' id='block_1_43' title="bbox 466 2475 2057 2552">
    <p class='ocr_par' dir='ltr' id='par_1_43' title="bbox 466 2475 2057 2552">
     <span class='ocr_line' id='line_1_43' title="bbox 466 2475 2057 2552; baseline -0.003 -19"><span class='ocrx_word' id='word_1_282' title='bbox 466 2478 799 2543; x_wconf 81' lang='lat' dir='ltr'><strong>excessibus,</strong></span> <span class='ocrx_word' id='word_1_283' title='bbox 835 2489 892 2532; x_wconf 92' lang='lat' dir='ltr'><strong>ut</strong></span> <span class='ocrx_word' id='word_1_284' title='bbox 914 2486 1152 2533; x_wconf 91' lang='lat' dir='ltr'><strong>sanctam</strong></span> <span class='ocrx_word' id='word_1_285' title='bbox 1196 2476 1483 2552; x_wconf 85' lang='lat' dir='ltr'><strong>synodum,</strong></span> <span class='ocrx_word' id='word_1_286' title='bbox 1510 2476 1577 2531; x_wconf 92' lang='lat' dir='ltr'><strong>ad</strong></span> <span class='ocrx_word' id='word_1_287' title='bbox 1615 2475 2057 2546; x_wconf 81' lang='lat' dir='ltr'><strong>exstinguendam</strong></span> 
     </span>
    </p>
   </div>
   <div class='ocr_carea' id='block_1_44' title="bbox 464 2566 2058 2635">
    <p class='ocr_par' dir='ltr' id='par_1_44' title="bbox 464 2566 2058 2635">
     <span class='ocr_line' id='line_1_44' title="bbox 464 2566 2058 2635; baseline -0.001 -12"><span class='ocrx_word' id='word_1_288' title='bbox 464 2570 638 2625; x_wconf 91' lang='lat' dir='ltr'><strong>solum</strong></span> <span class='ocrx_word' id='word_1_289' title='bbox 668 2569 940 2635; x_wconf 78' lang='lat' dir='ltr'><strong>haeresim,</strong></span> <span class='ocrx_word' id='word_1_290' title='bbox 972 2577 1028 2625; x_wconf 88' lang='lat' dir='ltr'><strong>et</strong></span> <span class='ocrx_word' id='word_1_291' title='bbox 1047 2570 1115 2624; x_wconf 91' lang='lat' dir='ltr'><strong>ad</strong></span> <span class='ocrx_word' id='word_1_292' title='bbox 1138 2569 1601 2624; x_wconf 88' lang='lat' dir='ltr'><strong>conﬁrmationem</strong></span> <span class='ocrx_word' id='word_1_293' title='bbox 1632 2566 1753 2622; x_wconf 89' lang='lat' dir='ltr'><strong>ﬁdei</strong></span> <span class='ocrx_word' id='word_1_294' title='bbox 1776 2566 2058 2622; x_wconf 74' lang='lat' dir='ltr'><strong>catholica:</strong></span> 
     </span>
    </p>
   </div>
   <div class='ocr_carea' id='block_1_45' title="bbox 464 2661 2059 2733">
    <p class='ocr_par' dir='ltr' id='par_1_45' title="bbox 464 2661 2059 2733">
     <span class='ocr_line' id='line_1_45' title="bbox 464 2661 2059 2733; baseline -0.001 -16"><span class='ocrx_word' id='word_1_295' title='bbox 464 2663 641 2717; x_wconf 88' lang='lat' dir='ltr'><strong>studio</strong></span> <span class='ocrx_word' id='word_1_296' title='bbox 661 2661 1105 2718; x_wconf 89' lang='lat' dir='ltr'><strong>Christianissimi</strong></span> <span class='ocrx_word' id='word_1_297' title='bbox 1135 2663 1391 2733; x_wconf 88' lang='lat' dir='ltr'><strong>principis</strong></span> <span class='ocrx_word' id='word_1_298' title='bbox 1422 2669 1820 2732; x_wconf 73' lang='lat' dir='ltr'><strong>congregatam,</strong></span> <span class='ocrx_word' id='word_1_299' title='bbox 1874 2662 1926 2715; x_wconf 92' lang='lat' dir='ltr'><strong>in</strong></span> <span class='ocrx_word' id='word_1_300' title='bbox 1965 2675 2059 2715; x_wconf 87' lang='lat' dir='ltr'><strong>oc-</strong></span> 
     </span>
    </p>
   </div>
   <div class='ocr_carea' id='block_1_46' title="bbox 463 2755 2055 2824">
    <p class='ocr_par' dir='ltr' id='par_1_46' title="bbox 463 2755 2055 2824">
     <span class='ocr_line' id='line_1_46' title="bbox 463 2755 2055 2824; baseline -0.003 -12"><span class='ocrx_word' id='word_1_301' title='bbox 463 2756 737 2812; x_wconf 88' lang='lat' dir='ltr'><strong>casionem</strong></span> <span class='ocrx_word' id='word_1_302' title='bbox 785 2755 1020 2810; x_wconf 90' lang='lat' dir='ltr'><strong>ambitus</strong></span> <span class='ocrx_word' id='word_1_303' title='bbox 1053 2756 1255 2824; x_wconf 87' lang='lat' dir='ltr'><strong>trahas,</strong></span> <span class='ocrx_word' id='word_1_304' title='bbox 1285 2764 1341 2811; x_wconf 91' lang='lat' dir='ltr'><strong>et</strong></span> <span class='ocrx_word' id='word_1_305' title='bbox 1381 2762 1441 2809; x_wconf 82' lang='lat' dir='ltr'><strong>ut</strong></span> <span class='ocrx_word' id='word_1_306' title='bbox 1480 2755 1874 2809; x_wconf 89' lang='lat' dir='ltr'><strong>conniventiam</strong></span> <span class='ocrx_word' id='word_1_307' title='bbox 1902 2766 2055 2807; x_wconf 89' lang='lat' dir='ltr'><strong>suam</strong></span> 
     </span>
    </p>
   </div>
   <div class='ocr_carea' id='block_1_47' title="bbox 464 2844 2058 2919">
    <p class='ocr_par' dir='ltr' id='par_1_47' title="bbox 464 2844 2058 2919">
     <span class='ocr_line' id='line_1_47' title="bbox 464 2844 2058 2919; baseline -0.003 -17"><span class='ocrx_word' id='word_1_308' title='bbox 464 2848 560 2903; x_wconf 87' lang='lat' dir='ltr'><strong>tibi</strong></span> <span class='ocrx_word' id='word_1_309' title='bbox 611 2856 634 2884; x_wconf 82' lang='grc'><strong>·</strong></span> <span class='ocrx_word' id='word_1_310' title='bbox 680 2847 862 2915; x_wconf 89' lang='lat' dir='ltr'><strong>dedat,</strong></span> <span class='ocrx_word' id='word_1_311' title='bbox 893 2848 1186 2919; x_wconf 89' lang='lat' dir='ltr'><strong>impellas:</strong></span> <span class='ocrx_word' id='word_1_312' title='bbox 1237 2856 1510 2917; x_wconf 88' lang='lat' dir='ltr'><strong>tamquam</strong></span> <span class='ocrx_word' id='word_1_313' title='bbox 1557 2844 1783 2900; x_wconf 83' lang='lat' dir='ltr'><strong>refutari</strong></span> <span class='ocrx_word' id='word_1_314' title='bbox 1826 2852 2058 2912; x_wconf 88' lang='lat' dir='ltr'><strong>nequeat</strong></span> 
     </span>
    </p>
   </div>
   <div class='ocr_carea' id='block_1_48' title="bbox 463 2935 2055 3010">
    <p class='ocr_par' dir='ltr' id='par_1_48' title="bbox 463 2935 2055 3010">
     <span class='ocr_line' id='line_1_48' title="bbox 463 2935 2055 3010; baseline -0.003 -16"><span class='ocrx_word' id='word_1_315' title='bbox 463 2938 609 3010; x_wconf 88' lang='lat' dir='ltr'><strong>quod</strong></span> <span class='ocrx_word' id='word_1_316' title='bbox 640 2938 826 2994; x_wconf 89' lang='lat' dir='ltr'><strong>illicite</strong></span> <span class='ocrx_word' id='word_1_317' title='bbox 864 2941 1098 2996; x_wconf 90' lang='lat' dir='ltr'><strong>voluerit</strong></span> <span class='ocrx_word' id='word_1_318' title='bbox 1139 2938 1445 3005; x_wconf 89' lang='lat' dir='ltr'><strong>multitudo,</strong></span> <span class='ocrx_word' id='word_1_319' title='bbox 1490 2947 1544 2993; x_wconf 92' lang='lat' dir='ltr'><strong>et</strong></span> <span class='ocrx_word' id='word_1_320' title='bbox 1581 2936 1667 2991; x_wconf 90' lang='lat' dir='ltr'><strong>illa</strong></span> <span class='ocrx_word' id='word_1_321' title='bbox 1713 2935 2055 2991; x_wconf 81' lang='lat' dir='ltr'><strong>Nicaenorum</strong></span> 
     </span>
    </p>
   </div>
   <div class='ocr_carea' id='block_1_49' title="bbox 2160 2014 3752 2095">
    <p class='ocr_par' dir='ltr' id='par_1_49' title="bbox 2160 2014 3752 2095">
     <span class='ocr_line' id='line_1_49' title="bbox 2160 2014 3752 2095; baseline -0.002 -20"><span class='ocrx_word' id='word_1_322' title='bbox 2160 2020 2357 2081; x_wconf 85' lang='grc' dir='ltr'>τηδείου</span> <span class='ocrx_word' id='word_1_323' title='bbox 2389 2041 2472 2074; x_wconf 92' lang='grc' dir='ltr'>σοι</span> <span class='ocrx_word' id='word_1_324' title='bbox 2499 2021 2933 2095; x_wconf 78' lang='grc' dir='ltr'>προσενεχθέντος</span> <span class='ocrx_word' id='word_1_325' title='bbox 2960 2025 3157 2093; x_wconf 78' lang='grc' dir='ltr'>καιροῦ,</span> <span class='ocrx_word' id='word_1_326' title='bbox 3182 2016 3203 2047; x_wconf 81' lang='grc'>³</span> <span class='ocrx_word' id='word_1_327' title='bbox 3233 2014 3373 2079; x_wconf 81' lang='grc' dir='ltr'>ὅπως</span> <span class='ocrx_word' id='word_1_328' title='bbox 3399 2024 3491 2077; x_wconf 79' lang='grc' dir='ltr'><strong>τῆς</strong></span> <span class='ocrx_word' id='word_1_329' title='bbox 3515 2014 3752 2092; x_wconf 75' lang='grc' dir='ltr'>δευτέρας</span> 
     </span>
    </p>
   </div>
   <div class='ocr_carea' id='block_1_50' title="bbox 2160 2110 3753 2188">
    <p class='ocr_par' dir='ltr' id='par_1_50' title="bbox 2160 2110 3753 2188">
     <span class='ocr_line' id='line_1_50' title="bbox 2160 2110 3753 2188; baseline -0.003 -18"><span class='ocrx_word' id='word_1_330' title='bbox 2160 2123 2310 2185; x_wconf 87' lang='grc' dir='ltr'>τιμῆς</span> <span class='ocrx_word' id='word_1_331' title='bbox 2339 2115 2398 2170; x_wconf 82' lang='grc' dir='ltr'>τὸ</span> <span class='ocrx_word' id='word_1_332' title='bbox 2424 2117 2685 2188; x_wconf 84' lang='grc' dir='ltr'>προοίμιον</span> <span class='ocrx_word' id='word_1_333' title='bbox 2728 2112 2753 2167; x_wconf 88' lang='grc' dir='ltr'><strong>ό</strong></span> <span class='ocrx_word' id='word_1_334' title='bbox 2784 2111 3116 2187; x_wconf 81' lang='grc' dir='ltr'>ἀλεξανδρὲων</span> <span class='ocrx_word' id='word_1_335' title='bbox 3156 2110 3363 2187; x_wconf 84' lang='grc' dir='ltr'>θρόνος,</span> <span class='ocrx_word' id='word_1_336' title='bbox 3397 2114 3484 2165; x_wconf 79' lang='grc' dir='ltr'><strong>καί</strong></span> <span class='ocrx_word' id='word_1_337' title='bbox 3518 2113 3550 2170; x_wconf 73' lang='grc' dir='ltr'>ἡ</span> <span class='ocrx_word' id='word_1_338' title='bbox 3592 2112 3753 2166; x_wconf 78' lang='grc' dir='ltr'>ἀντιο-</span> 
     </span>
    </p>
   </div>
   <div class='ocr_carea' id='block_1_51' title="bbox 2161 2200 3754 2281">
    <p class='ocr_par' dir='ltr' id='par_1_51' title="bbox 2161 2200 3754 2281">
     <span class='ocr_line' id='line_1_51' title="bbox 2161 2200 3754 2281; baseline 0.001 -22"><span class='ocrx_word' id='word_1_339' title='bbox 2161 2206 2301 2276; x_wconf 81' lang='grc' dir='ltr'>χέων</span> <span class='ocrx_word' id='word_1_340' title='bbox 2348 2206 2586 2264; x_wconf 86' lang='grc' dir='ltr'>ἐκκλησία</span> <span class='ocrx_word' id='word_1_341' title='bbox 2632 2209 2722 2263; x_wconf 79' lang='grc' dir='ltr'>τήν</span> <span class='ocrx_word' id='word_1_342' title='bbox 2770 2205 3048 2280; x_wconf 83' lang='grc' dir='ltr'>κυριότητα</span> <span class='ocrx_word' id='word_1_343' title='bbox 3094 2212 3185 2264; x_wconf 86' lang='grc' dir='ltr'><strong>τῆς</strong></span> <span class='ocrx_word' id='word_1_344' title='bbox 3222 2206 3395 2281; x_wconf 87' lang='grc' dir='ltr'>τρίτης</span> <span class='ocrx_word' id='word_1_345' title='bbox 3443 2200 3465 2232; x_wconf 72' lang='grc'><strong>⁸</strong></span> <span class='ocrx_word' id='word_1_346' title='bbox 3503 2203 3754 2261; x_wconf 79' lang='grc' dir='ltr'>ἁπωλέσει</span> 
     </span>
    </p>
   </div>
   <div class='ocr_carea' id='block_1_52' title="bbox 2159 2292 3755 2368">
    <p class='ocr_par' dir='ltr' id='par_1_52' title="bbox 2159 2292 3755 2368">
     <span class='ocr_line' id='line_1_52' title="bbox 2159 2292 3755 2368; baseline -0.001 -17"><span class='ocrx_word' id='word_1_347' title='bbox 2159 2298 2323 2361; x_wconf 76' lang='grc' dir='ltr'>ἀξίας-⁸</span> <span class='ocrx_word' id='word_1_348' title='bbox 2357 2298 2490 2351; x_wconf 84' lang='grc' dir='ltr'>ὥστε</span> <span class='ocrx_word' id='word_1_349' title='bbox 2520 2298 2713 2352; x_wconf 87' lang='grc' dir='ltr'>τούτων</span> <span class='ocrx_word' id='word_1_350' title='bbox 2744 2303 2841 2350; x_wconf 85' lang='grc' dir='ltr'>τῶν</span> <span class='ocrx_word' id='word_1_351' title='bbox 2870 2297 3040 2351; x_wconf 88' lang='grc' dir='ltr'>τόπων</span> <span class='ocrx_word' id='word_1_352' title='bbox 3069 2303 3141 2368; x_wconf 83' lang='grc' dir='ltr'>τῷ</span> <span class='ocrx_word' id='word_1_353' title='bbox 3181 2303 3257 2368; x_wconf 85' lang='grc' dir='ltr'><strong>σῷ</strong></span> <span class='ocrx_word' id='word_1_354' title='bbox 3298 2292 3471 2349; x_wconf 84' lang='grc' dir='ltr'>δικαίω</span> <span class='ocrx_word' id='word_1_355' title='bbox 3502 2296 3755 2367; x_wconf 59' lang='grc' dir='ltr'>ύπαχθένο</span> 
     </span>
    </p>
   </div>
   <div class='ocr_carea' id='block_1_53' title="bbox 2158 2385 3753 2462">
    <p class='ocr_par' dir='ltr' id='par_1_53' title="bbox 2158 2385 3753 2462">
     <span class='ocr_line' id='line_1_53' title="bbox 2158 2385 3753 2462; baseline -0.001 -19"><span class='ocrx_word' id='word_1_356' title='bbox 2158 2410 2258 2444; x_wconf 88' lang='grc' dir='ltr'><strong>των</strong></span> <span class='ocrx_word' id='word_1_357' title='bbox 2279 2389 2473 2448; x_wconf 78' lang='grc' dir='ltr'>πάντας</span> <span class='ocrx_word' id='word_1_358' title='bbox 2502 2390 2622 2447; x_wconf 76' lang='grc' dir='ltr'>τοὺς</span> <span class='ocrx_word' id='word_1_359' title='bbox 2650 2387 3027 2462; x_wconf 83' lang='grc' dir='ltr'>μητροπολίτας</span> <span class='ocrx_word' id='word_1_360' title='bbox 3054 2386 3364 2449; x_wconf 83' lang='grc' dir='ltr'>ἐπισκόπους</span> <span class='ocrx_word' id='word_1_361' title='bbox 3392 2395 3483 2447; x_wconf 85' lang='grc' dir='ltr'><strong>τῆς</strong></span> <span class='ocrx_word' id='word_1_362' title='bbox 3515 2385 3649 2447; x_wconf 82' lang='grc' dir='ltr'>ἰδίας</span> <span class='ocrx_word' id='word_1_363' title='bbox 3676 2410 3753 2443; x_wconf 80' lang='grc' dir='ltr'>τι·</span> 
     </span>
    </p>
   </div>
   <div class='ocr_carea' id='block_1_54' title="bbox 2160 2479 3755 2556">
    <p class='ocr_par' dir='ltr' id='par_1_54' title="bbox 2160 2479 3755 2556">
     <span class='ocr_line' id='line_1_54' title="bbox 2160 2479 3755 2556; baseline -0.001 -20"><span class='ocrx_word' id='word_1_364' title='bbox 2160 2489 2261 2552; x_wconf 85' lang='grc' dir='ltr'><strong>μῆς</strong></span> <span class='ocrx_word' id='word_1_365' title='bbox 2291 2482 2607 2556; x_wconf 80' lang='grc' dir='ltr'>στερηθῆναι·</span> <span class='ocrx_word' id='word_1_366' title='bbox 2641 2479 2788 2534; x_wconf 81' lang='grc' dir='ltr'>ἅτινα</span> <span class='ocrx_word' id='word_1_367' title='bbox 2818 2484 2942 2549; x_wconf 81' lang='grc' dir='ltr'>μήτε</span> <span class='ocrx_word' id='word_1_368' title='bbox 2979 2479 3303 2539; x_wconf 83' lang='grc' dir='ltr'>ἀκουσθέντα,</span> <span class='ocrx_word' id='word_1_369' title='bbox 3340 2484 3466 2549; x_wconf 80' lang='grc' dir='ltr'>μήτε</span> <span class='ocrx_word' id='word_1_370' title='bbox 3492 2482 3755 2555; x_wconf 60' lang='grc' dir='ltr'>ἐπιχειρηη</span> 
     </span>
    </p>
   </div>
   <div class='ocr_carea' id='block_1_55' title="bbox 2159 2574 3754 2651">
    <p class='ocr_par' dir='ltr' id='par_1_55' title="bbox 2159 2574 3754 2651">
     <span class='ocr_line' id='line_1_55' title="bbox 2159 2574 3754 2651; baseline 0.004 -24"><span class='ocrx_word' id='word_1_371' title='bbox 2159 2576 2306 2629; x_wconf 72' lang='grc' dir='ltr'>θέντα</span> <span class='ocrx_word' id='word_1_372' title='bbox 2344 2577 2464 2630; x_wconf 82' lang='grc' dir='ltr'>ποτὲ</span> <span class='ocrx_word' id='word_1_373' title='bbox 2507 2574 2641 2629; x_wconf 78' lang='grc' dir='ltr'>οὕτω</span> <span class='ocrx_word' id='word_1_374' title='bbox 2668 2575 2986 2651; x_wconf 80' lang='grc' dir='ltr'>προσέλαϐες</span> <span class='ocrx_word' id='word_1_375' title='bbox 3023 2583 3085 2650; x_wconf 76' lang='grc' dir='ltr'><strong>τῇ</strong></span> <span class='ocrx_word' id='word_1_376' title='bbox 3128 2574 3463 2649; x_wconf 79' lang='grc' dir='ltr'>παραϐάσει,</span> <span class='ocrx_word' id='word_1_377' title='bbox 3497 2575 3631 2630; x_wconf 82' lang='grc' dir='ltr'>ὥστε</span> <span class='ocrx_word' id='word_1_378' title='bbox 3670 2580 3754 2633; x_wconf 74' lang='grc' dir='ltr'><strong>τὴι</strong></span> 
     </span>
    </p>
   </div>
   <div class='ocr_carea' id='block_1_56' title="bbox 2159 2665 3755 2741">
    <p class='ocr_par' dir='ltr' id='par_1_56' title="bbox 2159 2665 3755 2741">
     <span class='ocr_line' id='line_1_56' title="bbox 2159 2665 3755 2741; baseline -0.002 -20"><span class='ocrx_word' id='word_1_379' title='bbox 2159 2666 2306 2740; x_wconf 78' lang='grc' dir='ltr'>ἁγίαν</span> <span class='ocrx_word' id='word_1_380' title='bbox 2346 2665 2556 2721; x_wconf 77' lang='grc' dir='ltr'><strong>σύνοδον</strong></span> <span class='ocrx_word' id='word_1_381' title='bbox 2594 2672 2682 2725; x_wconf 87' lang='grc' dir='ltr'><strong>τῆν</strong></span> <span class='ocrx_word' id='word_1_382' title='bbox 2718 2669 2788 2726; x_wconf 87' lang='grc' dir='ltr'>εἰς</span> <span class='ocrx_word' id='word_1_383' title='bbox 2832 2668 2887 2720; x_wconf 85' lang='grc' dir='ltr'>τὸ</span> <span class='ocrx_word' id='word_1_384' title='bbox 2914 2666 3206 2721; x_wconf 78' lang='grc' dir='ltr'>ἀποσϐέσαι</span> <span class='ocrx_word' id='word_1_385' title='bbox 3229 2665 3377 2736; x_wconf 88' lang='grc' dir='ltr'>μόνον</span> <span class='ocrx_word' id='word_1_386' title='bbox 3416 2670 3506 2723; x_wconf 78' lang='grc' dir='ltr'>τήν</span> <span class='ocrx_word' id='word_1_387' title='bbox 3537 2666 3755 2741; x_wconf 76' lang='grc' dir='ltr'>αἵρεσιν,</span> 
     </span>
    </p>
   </div>
   <div class='ocr_carea' id='block_1_57' title="bbox 2159 2754 3758 2833">
    <p class='ocr_par' dir='ltr' id='par_1_57' title="bbox 2159 2754 3758 2833">
     <span class='ocr_line' id='line_1_57' title="bbox 2159 2754 3758 2833; baseline -0.001 -21"><span class='ocrx_word' id='word_1_388' title='bbox 2159 2761 2244 2812; x_wconf 88' lang='grc' dir='ltr'><strong>καί</strong></span> <span class='ocrx_word' id='word_1_389' title='bbox 2272 2757 2552 2829; x_wconf 80' lang='grc' dir='ltr'>βεϐαιῶσαι</span> <span class='ocrx_word' id='word_1_390' title='bbox 2578 2762 2667 2815; x_wconf 76' lang='grc' dir='ltr'><strong>τήν</strong></span> <span class='ocrx_word' id='word_1_391' title='bbox 2696 2757 2949 2815; x_wconf 72' lang='grc' dir='ltr'>καθολικὴν</span> <span class='ocrx_word' id='word_1_392' title='bbox 2968 2761 3139 2811; x_wconf 89' lang='grc' dir='ltr'>πίστιν</span> <span class='ocrx_word' id='word_1_393' title='bbox 3160 2754 3359 2829; x_wconf 73' lang='grc' dir='ltr'>σπουδῇ</span> <span class='ocrx_word' id='word_1_394' title='bbox 3385 2762 3475 2811; x_wconf 81' lang='grc' dir='ltr'>τοῦ</span> <span class='ocrx_word' id='word_1_395' title='bbox 3510 2777 3758 2833; x_wconf 69' lang='grc' dir='ltr'>χριστιαο</span> 
     </span>
    </p>
   </div>
   <div class='ocr_carea' id='block_1_58' title="bbox 2157 2850 3757 2927">
    <p class='ocr_par' dir='ltr' id='par_1_58' title="bbox 2157 2850 3757 2927">
     <span class='ocr_line' id='line_1_58' title="bbox 2157 2850 3757 2927; baseline 0.001 -22"><span class='ocrx_word' id='word_1_396' title='bbox 2157 2852 2429 2907; x_wconf 83' lang='grc' dir='ltr'>νικωτάτου</span> <span class='ocrx_word' id='word_1_397' title='bbox 2465 2850 2715 2921; x_wconf 85' lang='grc' dir='ltr'>βασιλέως</span> <span class='ocrx_word' id='word_1_398' title='bbox 2746 2852 3194 2927; x_wconf 85' lang='grc' dir='ltr'>συναθροισθεῖσαν</span> <span class='ocrx_word' id='word_1_399' title='bbox 3229 2853 3301 2911; x_wconf 83' lang='grc' dir='ltr'>εἰς</span> <span class='ocrx_word' id='word_1_400' title='bbox 3331 2853 3563 2925; x_wconf 76' lang='grc' dir='ltr'>ἀφορμὴν</span> <span class='ocrx_word' id='word_1_401' title='bbox 3604 2852 3757 2922; x_wconf 75' lang='grc' dir='ltr'>ἀμϐι·</span> 
     </span>
    </p>
   </div>
   <div class='ocr_carea' id='block_1_59' title="bbox 2157 2937 3759 3015">
    <p class='ocr_par' dir='ltr' id='par_1_59' title="bbox 2157 2937 3759 3015">
     <span class='ocr_line' id='line_1_59' title="bbox 2157 2937 3759 3015; baseline 0 -20"><span class='ocrx_word' id='word_1_402' title='bbox 2157 2944 2319 3003; x_wconf 88' lang='grc' dir='ltr'>τίονος</span> <span class='ocrx_word' id='word_1_403' title='bbox 2346 2941 2644 2999; x_wconf 81' lang='grc' dir='ltr'>ἑλκυσθῆναι</span> <span class='ocrx_word' id='word_1_404' title='bbox 2668 2942 2810 3013; x_wconf 85' lang='grc' dir='ltr'>παρὰ</span> <span class='ocrx_word' id='word_1_405' title='bbox 2838 2946 2955 3004; x_wconf 84' lang='grc' dir='ltr'><strong>σοῦ,</strong></span> <span class='ocrx_word' id='word_1_406' title='bbox 2980 2943 3062 2995; x_wconf 89' lang='grc' dir='ltr'>καὶ</span> <span class='ocrx_word' id='word_1_407' title='bbox 3082 2942 3153 2999; x_wconf 84' lang='grc' dir='ltr'>εἰς</span> <span class='ocrx_word' id='word_1_408' title='bbox 3175 2937 3466 2995; x_wconf 86' lang='grc' dir='ltr'>συνδυάσαι</span> <span class='ocrx_word' id='word_1_409' title='bbox 3496 2961 3578 2995; x_wconf 89' lang='grc' dir='ltr'>σοι</span> 
     </span>
    </p>
   </div>
   <div class='ocr_carea' id='block_1_60' title="bbox 463 3026 2051 3109">
    <p class='ocr_par' dir='ltr' id='par_1_60' title="bbox 463 3026 2051 3101">
     <span class='ocr_line' id='line_1_60' title="bbox 463 3026 2051 3101; baseline -0.003 -16"><span class='ocrx_word' id='word_1_410' title='bbox 463 3044 728 3085; x_wconf 91' lang='lat' dir='ltr'><strong>canonum</strong></span> <span class='ocrx_word' id='word_1_411' title='bbox 760 3046 857 3099; x_wconf 93' lang='lat' dir='ltr'><strong>per</strong></span> <span class='ocrx_word' id='word_1_412' title='bbox 885 3030 1144 3101; x_wconf 90' lang='lat' dir='ltr'><strong>Spiritum</strong></span> <span class='ocrx_word' id='word_1_413' title='bbox 1177 3028 1200 3068; x_wconf 68' lang='grc' dir='ltr'><strong><em>ἲ</em></strong></span> <span class='ocrx_word' id='word_1_414' title='bbox 1228 3045 1357 3085; x_wconf 84' lang='lat' dir='ltr'><strong>vere</strong></span> <span class='ocrx_word' id='word_1_415' title='bbox 1392 3036 1637 3084; x_wconf 90' lang='lat' dir='ltr'><strong>sanctum</strong></span> <span class='ocrx_word' id='word_1_416' title='bbox 1667 3028 1877 3099; x_wconf 78' lang='lat'><strong>1163</strong></span> <span class='ocrx_word' id='word_1_417' title='bbox 1919 3026 2051 3081; x_wconf 92' lang='lat' dir='ltr'><strong>ordi-</strong></span> 
     </span>
    </p>
   </div>
   <div class='ocr_carea' id='block_1_61' title="bbox 2159 3026 3761 3109">
    <p class='ocr_par' dir='ltr' id='par_1_61' title="bbox 2159 3031 3761 3109">
     <span class='ocr_line' id='line_1_61' title="bbox 2159 3031 3761 3109; baseline 0 -23"><span class='ocrx_word' id='word_1_418' title='bbox 2159 3036 2395 3095; x_wconf 78' lang='grc' dir='ltr'>κασθῆναι</span> <span class='ocrx_word' id='word_1_419' title='bbox 2415 3036 2640 3109; x_wconf 87' lang='grc' dir='ltr'>καθάπερ</span> <span class='ocrx_word' id='word_1_420' title='bbox 2672 3034 2728 3087; x_wconf 81' lang='grc' dir='ltr'><strong>ού</strong></span> <span class='ocrx_word' id='word_1_421' title='bbox 2761 3031 3038 3105; x_wconf 81' lang='grc' dir='ltr'>δυναμένου</span> <span class='ocrx_word' id='word_1_422' title='bbox 3064 3034 3415 3107; x_wconf 82' lang='grc' dir='ltr'>ἀνατραπῆναι</span> <span class='ocrx_word' id='word_1_423' title='bbox 3452 3039 3545 3087; x_wconf 87' lang='grc' dir='ltr'>τοῦ</span> <span class='ocrx_word' id='word_1_424' title='bbox 3581 3053 3761 3109; x_wconf 78' lang='grc' dir='ltr'>παρα-</span> 
     </span>
    </p>
   </div>
   <div class='ocr_carea' id='block_1_62' title="bbox 468 3119 2051 3198">
    <p class='ocr_par' dir='ltr' id='par_1_62' title="bbox 468 3119 2050 3194">
     <span class='ocr_line' id='line_1_62' title="bbox 468 3119 2050 3194; baseline -0.003 -16"><span class='ocrx_word' id='word_1_425' title='bbox 468 3131 594 3179; x_wconf 88' lang='lat' dir='ltr'><strong>nata</strong></span> <span class='ocrx_word' id='word_1_426' title='bbox 624 3124 860 3177; x_wconf 89' lang='lat' dir='ltr'><strong>conditio</strong></span> <span class='ocrx_word' id='word_1_427' title='bbox 884 3124 936 3178; x_wconf 91' lang='lat' dir='ltr'><strong>in</strong></span> <span class='ocrx_word' id='word_1_428' title='bbox 975 3123 1154 3194; x_wconf 89' lang='lat' dir='ltr'><strong>aliqua</strong></span> <span class='ocrx_word' id='word_1_429' title='bbox 1182 3123 1430 3193; x_wconf 85' lang='lat' dir='ltr'><strong>cuiquam</strong></span> <span class='ocrx_word' id='word_1_430' title='bbox 1477 3121 1547 3175; x_wconf 86' lang='lat' dir='ltr'><strong>sit</strong></span> <span class='ocrx_word' id='word_1_431' title='bbox 1593 3129 1746 3191; x_wconf 89' lang='lat' dir='ltr'><strong>parte</strong></span> <span class='ocrx_word' id='word_1_432' title='bbox 1782 3119 2050 3174; x_wconf 90' lang='lat' dir='ltr'><strong>solubilis.</strong></span> 
     </span>
    </p>
   </div>
   <div class='ocr_carea' id='block_1_63' title="bbox 2159 3119 3763 3198">
    <p class='ocr_par' dir='ltr' id='par_1_63' title="bbox 2159 3122 3763 3198">
     <span class='ocr_line' id='line_1_63' title="bbox 2159 3122 3763 3198; baseline 0.001 -21"><span class='ocrx_word' id='word_1_433' title='bbox 2159 3124 2320 3194; x_wconf 89' lang='grc' dir='ltr'>νόμως</span> <span class='ocrx_word' id='word_1_434' title='bbox 2335 3122 2569 3189; x_wconf 80' lang='grc' dir='ltr'>δόξαντος</span> <span class='ocrx_word' id='word_1_435' title='bbox 2581 3124 2799 3185; x_wconf 84' lang='grc' dir='ltr'>πολλοῖς’</span> <span class='ocrx_word' id='word_1_436' title='bbox 2825 3124 2945 3177; x_wconf 81' lang='grc' dir='ltr'>ἀλλὰ</span> <span class='ocrx_word' id='word_1_437' title='bbox 2964 3125 3163 3197; x_wconf 81' lang='grc' dir='ltr'>κᾲκείνη</span> <span class='ocrx_word' id='word_1_438' title='bbox 3189 3125 3219 3181; x_wconf 85' lang='grc' dir='ltr'>ἡ</span> <span class='ocrx_word' id='word_1_439' title='bbox 3235 3130 3335 3177; x_wconf 84' lang='grc' dir='ltr'>τῶν</span> <span class='ocrx_word' id='word_1_440' title='bbox 3354 3126 3402 3176; x_wconf 84' lang='grc' dir='ltr'>ἐν</span> <span class='ocrx_word' id='word_1_441' title='bbox 3418 3125 3600 3198; x_wconf 80' lang='grc' dir='ltr'>Νικαίᾳ</span> <span class='ocrx_word' id='word_1_442' title='bbox 3618 3145 3763 3179; x_wconf 74' lang='grc' dir='ltr'>κανο-</span> 
     </span>
    </p>
   </div>
   <div class='ocr_carea' id='block_1_64' title="bbox 463 3196 2051 3294">
    <p class='ocr_par' dir='ltr' id='par_1_64' title="bbox 463 3211 2051 3294">
     <span class='ocr_line' id='line_1_64' title="bbox 463 3211 2051 3294; baseline -0.002 -26"><span class='ocrx_word' id='word_1_443' title='bbox 463 3211 622 3268; x_wconf 82' lang='lat' dir='ltr'><strong>Nulla</strong></span> <span class='ocrx_word' id='word_1_444' title='bbox 645 3213 863 3267; x_wconf 89' lang='lat' dir='ltr'><strong>sibimet</strong></span> <span class='ocrx_word' id='word_1_445' title='bbox 880 3213 946 3268; x_wconf 91' lang='lat' dir='ltr'><strong>de</strong></span> <span class='ocrx_word' id='word_1_446' title='bbox 976 3212 1423 3294; x_wconf 77' lang='lat' dir='ltr'><strong>multiplicatione</strong></span> <span class='ocrx_word' id='word_1_447' title='bbox 1440 3213 1871 3282; x_wconf 81' lang='lat' dir='ltr'><strong>congregationis</strong></span> <span class='ocrx_word' id='word_1_448' title='bbox 1892 3225 2051 3283; x_wconf 86' lang='lat' dir='ltr'><strong>syno-</strong></span> 
     </span>
    </p>
   </div>
   <div class='ocr_carea' id='block_1_65' title="bbox 2159 3196 3766 3294">
    <p class='ocr_par' dir='ltr' id='par_1_65' title="bbox 2160 3210 3766 3286">
     <span class='ocr_line' id='line_1_65' title="bbox 2160 3210 3766 3286; baseline -0.003 -15"><span class='ocrx_word' id='word_1_449' title='bbox 2160 3217 2425 3271; x_wconf 85' lang='grc' dir='ltr'>νισθέντων</span> <span class='ocrx_word' id='word_1_450' title='bbox 2446 3216 2662 3269; x_wconf 83' lang='grc' dir='ltr'>κανόνων</span> <span class='ocrx_word' id='word_1_451' title='bbox 2688 3212 2773 3269; x_wconf 80' lang='grc' dir='ltr'><strong>διὰ</strong></span> <span class='ocrx_word' id='word_1_452' title='bbox 2792 3220 2884 3268; x_wconf 84' lang='grc' dir='ltr'>τοῦ</span> <span class='ocrx_word' id='word_1_453' title='bbox 2906 3212 3050 3286; x_wconf 70' lang='grc' dir='ltr'>ἁγίου</span> <span class='ocrx_word' id='word_1_454' title='bbox 3314 3214 3508 3274; x_wconf 82' lang='grc' dir='ltr'>άληθῶς</span> <span class='ocrx_word' id='word_1_455' title='bbox 3530 3216 3766 3285; x_wconf 66' lang='grc' dir='ltr'>πνεύμαο</span> 
     </span>
    </p>
   </div>
   <div class='ocr_carea' id='block_1_66' title="bbox 464 3288 2051 3382">
    <p class='ocr_par' dir='ltr' id='par_1_66' title="bbox 464 3288 2051 3375">
     <span class='ocr_line' id='line_1_66' title="bbox 464 3288 2051 3375; baseline 0.001 -17"><span class='ocrx_word' id='word_1_456' title='bbox 464 3304 607 3360; x_wconf 90' lang='lat' dir='ltr'><strong>dalia</strong></span> <span class='ocrx_word' id='word_1_457' title='bbox 634 3306 857 3360; x_wconf 89' lang='lat' dir='ltr'><strong>concilia</strong></span> <span class='ocrx_word' id='word_1_458' title='bbox 880 3288 1440 3375; x_wconf 6' lang='lat' dir='ltr'><strong>blandiantur,ineque</strong></span> <span class='ocrx_word' id='word_1_459' title='bbox 1466 3306 1721 3360; x_wconf 86' lang='lat' dir='ltr'><strong>trecentis</strong></span> <span class='ocrx_word' id='word_1_460' title='bbox 1750 3305 1855 3359; x_wconf 90' lang='lat' dir='ltr'><strong>illis</strong></span> <span class='ocrx_word' id='word_1_461' title='bbox 1871 3304 2051 3359; x_wconf 91' lang='lat' dir='ltr'><strong>decem</strong></span> 
     </span>
    </p>
   </div>
   <div class='ocr_carea' id='block_1_67' title="bbox 2159 3288 3766 3382">
    <p class='ocr_par' dir='ltr' id='par_1_67' title="bbox 2163 3302 3766 3382">
     <span class='ocr_line' id='line_1_67' title="bbox 2163 3302 3766 3382; baseline -0.001 -20"><span class='ocrx_word' id='word_1_462' title='bbox 2163 3328 2248 3368; x_wconf 87' lang='grc' dir='ltr'><strong>τος</strong></span> <span class='ocrx_word' id='word_1_463' title='bbox 2267 3305 2585 3368; x_wconf 81' lang='grc' dir='ltr'>διατύπωσις</span> <span class='ocrx_word' id='word_1_464' title='bbox 2606 3305 2655 3361; x_wconf 78' lang='grc' dir='ltr'><strong>ἕν</strong></span> <span class='ocrx_word' id='word_1_465' title='bbox 2675 3328 2773 3362; x_wconf 89' lang='grc' dir='ltr'>τινι</span> <span class='ocrx_word' id='word_1_466' title='bbox 2794 3307 2937 3382; x_wconf 84' lang='grc' dir='ltr'>μέρει</span> <span class='ocrx_word' id='word_1_467' title='bbox 2956 3308 3087 3360; x_wconf 85' lang='grc' dir='ltr'>τισὶν</span> <span class='ocrx_word' id='word_1_468' title='bbox 3114 3302 3188 3363; x_wconf 79' lang='grc' dir='ltr'>εἴη</span> <span class='ocrx_word' id='word_1_469' title='bbox 3210 3305 3481 3361; x_wconf 83' lang='grc' dir='ltr'>ἁναλυτέα’</span> <span class='ocrx_word' id='word_1_470' title='bbox 3508 3305 3766 3379; x_wconf 77' lang='grc' dir='ltr'><strong>μηδαμῶς</strong></span> 
     </span>
    </p>
   </div>
   <div class='ocr_carea' id='block_1_68' title="bbox 466 3395 2051 3475">
    <p class='ocr_par' dir='ltr' id='par_1_68' title="bbox 466 3398 2051 3469">
     <span class='ocr_line' id='line_1_68' title="bbox 466 3398 2051 3469; baseline 0.002 -18"><span class='ocrx_word' id='word_1_471' title='bbox 466 3405 634 3468; x_wconf 89' lang='lat' dir='ltr'><strong>atque</strong></span> <span class='ocrx_word' id='word_1_472' title='bbox 662 3409 785 3453; x_wconf 89' lang='lat' dir='ltr'><strong>octo</strong></span> <span class='ocrx_word' id='word_1_473' title='bbox 824 3399 1090 3469; x_wconf 81' lang='lat' dir='ltr'><strong>episcOpis</strong></span> <span class='ocrx_word' id='word_1_474' title='bbox 1132 3398 1525 3469; x_wconf 85' lang='lat' dir='ltr'><strong>quantumlibet</strong></span> <span class='ocrx_word' id='word_1_475' title='bbox 1569 3398 1838 3468; x_wconf 90' lang='lat' dir='ltr'><strong>copiosior</strong></span> <span class='ocrx_word' id='word_1_476' title='bbox 1868 3413 2051 3454; x_wconf 89' lang='lat' dir='ltr'><strong>nume-</strong></span> 
     </span>
    </p>
   </div>
   <div class='ocr_carea' id='block_1_69' title="bbox 2159 3395 3763 3475">
    <p class='ocr_par' dir='ltr' id='par_1_69' title="bbox 2164 3395 3763 3475">
     <span class='ocr_line' id='line_1_69' title="bbox 2164 3395 3763 3475; baseline 0.001 -22"><span class='ocrx_word' id='word_1_477' title='bbox 2164 3399 2185 3429; x_wconf 78' lang='grc'><strong><em>⁸</em></strong></span> <span class='ocrx_word' id='word_1_478' title='bbox 2210 3398 2374 3472; x_wconf 84' lang='grc' dir='ltr'>ἐαυτῷ</span> <span class='ocrx_word' id='word_1_479' title='bbox 2408 3401 2463 3453; x_wconf 83' lang='grc' dir='ltr'><strong>ἐκ</strong></span> <span class='ocrx_word' id='word_1_480' title='bbox 2493 3406 2583 3455; x_wconf 82' lang='grc' dir='ltr'>τοῦ</span> <span class='ocrx_word' id='word_1_481' title='bbox 2614 3400 2926 3469; x_wconf 69' lang='grc' dir='ltr'>συνηγμένου</span> <span class='ocrx_word' id='word_1_482' title='bbox 2960 3397 3181 3457; x_wconf 81' lang='grc' dir='ltr'>πλήθους</span> <span class='ocrx_word' id='word_1_483' title='bbox 3210 3395 3469 3452; x_wconf 82' lang='grc' dir='ltr'>συνοδικὸν</span> <span class='ocrx_word' id='word_1_484' title='bbox 3493 3397 3763 3475; x_wconf 83' lang='grc' dir='ltr'>συνέδριον</span> 
     </span>
    </p>
   </div>
   <div class='ocr_carea' id='block_1_70' title="bbox 462 3491 2054 3563">
    <p class='ocr_par' dir='ltr' id='par_1_70' title="bbox 462 3491 2054 3563">
     <span class='ocr_line' id='line_1_70' title="bbox 462 3491 2054 3563; baseline 0.001 -18"><span class='ocrx_word' id='word_1_485' title='bbox 462 3505 558 3545; x_wconf 89' lang='lat' dir='ltr'><strong>rus</strong></span> <span class='ocrx_word' id='word_1_486' title='bbox 585 3491 925 3553; x_wconf 77' lang='lat' dir='ltr'><strong>sacerdotum</strong></span> <span class='ocrx_word' id='word_1_487' title='bbox 964 3493 1049 3547; x_wconf 86' lang='lat' dir='ltr'><strong>vel</strong></span> <span class='ocrx_word' id='word_1_488' title='bbox 1080 3505 1396 3561; x_wconf 87' lang='lat' dir='ltr'><strong>comparare</strong></span> <span class='ocrx_word' id='word_1_489' title='bbox 1435 3506 1495 3546; x_wconf 90' lang='lat' dir='ltr'><strong>se</strong></span> <span class='ocrx_word' id='word_1_490' title='bbox 1533 3491 1749 3560; x_wconf 88' lang='lat' dir='ltr'><strong>audeat,</strong></span> <span class='ocrx_word' id='word_1_491' title='bbox 1795 3493 1880 3549; x_wconf 86' lang='lat' dir='ltr'><strong>vel</strong></span> <span class='ocrx_word' id='word_1_492' title='bbox 1912 3508 2054 3563; x_wconf 68' lang='lat' dir='ltr'><strong>pra:-</strong></span> 
     </span>
    </p>
   </div>
   <div class='ocr_carea' id='block_1_71' title="bbox 462 3583 2058 3657">
    <p class='ocr_par' dir='ltr' id='par_1_71' title="bbox 462 3583 2058 3657">
     <span class='ocr_line' id='line_1_71' title="bbox 462 3583 2058 3657; baseline 0.002 -18"><span class='ocrx_word' id='word_1_493' title='bbox 462 3583 636 3653; x_wconf 84' lang='lat' dir='ltr'><strong>l‘erre;</strong></span> <span class='ocrx_word' id='word_1_494' title='bbox 663 3601 784 3640; x_wconf 89' lang='lat' dir='ltr'><strong>cum</strong></span> <span class='ocrx_word' id='word_1_495' title='bbox 819 3594 969 3642; x_wconf 88' lang='lat' dir='ltr'><strong>tanto</strong></span> <span class='ocrx_word' id='word_1_496' title='bbox 996 3585 1250 3641; x_wconf 90' lang='lat' dir='ltr'><strong>divinitus</strong></span> <span class='ocrx_word' id='word_1_497' title='bbox 1287 3584 1565 3657; x_wconf 90' lang='lat' dir='ltr'><strong>privilegio</strong></span> <span class='ocrx_word' id='word_1_498' title='bbox 1611 3584 1828 3641; x_wconf 63' lang='lat' dir='ltr'><strong>Nicaena</strong></span> <span class='ocrx_word' id='word_1_499' title='bbox 1863 3586 1935 3642; x_wconf 91' lang='lat' dir='ltr'><strong>sit</strong></span> <span class='ocrx_word' id='word_1_500' title='bbox 1968 3602 2058 3657; x_wconf 84' lang='lat' dir='ltr'><strong>sy-</strong></span> 
     </span>
    </p>
   </div>
   <div class='ocr_carea' id='block_1_72' title="bbox 461 3677 2055 3750">
    <p class='ocr_par' dir='ltr' id='par_1_72' title="bbox 461 3677 2055 3750">
     <span class='ocr_line' id='line_1_72' title="bbox 461 3677 2055 3750; baseline 0.001 -18"><span class='ocrx_word' id='word_1_501' title='bbox 461 3677 635 3735; x_wconf 90' lang='lat' dir='ltr'><strong>nodus</strong></span> <span class='ocrx_word' id='word_1_502' title='bbox 666 3687 1002 3745; x_wconf 88' lang='lat' dir='ltr'><strong>consecrata,</strong></span> <span class='ocrx_word' id='word_1_503' title='bbox 1026 3686 1087 3733; x_wconf 90' lang='lat' dir='ltr'><strong>ut</strong></span> <span class='ocrx_word' id='word_1_504' title='bbox 1105 3678 1220 3734; x_wconf 87' lang='lat' dir='ltr'><strong>sive</strong></span> <span class='ocrx_word' id='word_1_505' title='bbox 1243 3694 1335 3749; x_wconf 90' lang='lat' dir='ltr'><strong>per</strong></span> <span class='ocrx_word' id='word_1_506' title='bbox 1357 3680 1658 3749; x_wconf 87' lang='lat' dir='ltr'><strong>pauciores,</strong></span> <span class='ocrx_word' id='word_1_507' title='bbox 1682 3678 1798 3735; x_wconf 85' lang='lat' dir='ltr'><strong>sive</strong></span> <span class='ocrx_word' id='word_1_508' title='bbox 1819 3693 1916 3750; x_wconf 91' lang='lat' dir='ltr'><strong>per</strong></span> <span class='ocrx_word' id='word_1_509' title='bbox 1938 3680 2055 3750; x_wconf 90' lang='lat' dir='ltr'><strong>plu-</strong></span> 
     </span>
    </p>
   </div>
   <div class='ocr_carea' id='block_1_73' title="bbox 461 3771 2053 3844">
    <p class='ocr_par' dir='ltr' id='par_1_73' title="bbox 461 3771 2053 3844">
     <span class='ocr_line' id='line_1_73' title="bbox 461 3771 2053 3844; baseline 0.003 -19"><span class='ocrx_word' id='word_1_510' title='bbox 461 3785 549 3826; x_wconf 89' lang='lat' dir='ltr'><strong>res</strong></span> <span class='ocrx_word' id='word_1_511' title='bbox 590 3771 955 3827; x_wconf 88' lang='lat' dir='ltr'><strong>ecclesiastica</strong></span> <span class='ocrx_word' id='word_1_512' title='bbox 1002 3771 1203 3843; x_wconf 88' lang='lat' dir='ltr'><strong>judicia</strong></span> <span class='ocrx_word' id='word_1_513' title='bbox 1246 3773 1619 3841; x_wconf 91' lang='lat' dir='ltr'><strong>celebrentur,</strong></span> <span class='ocrx_word' id='word_1_514' title='bbox 1660 3774 1805 3828; x_wconf 91' lang='lat' dir='ltr'><strong>omni</strong></span> <span class='ocrx_word' id='word_1_515' title='bbox 1841 3775 2053 3844; x_wconf 91' lang='lat' dir='ltr'><strong>penitus</strong></span> 
     </span>
    </p>
   </div>
   <div class='ocr_carea' id='block_1_74' title="bbox 468 3861 2054 3934">
    <p class='ocr_par' dir='ltr' id='par_1_74' title="bbox 468 3861 2054 3934">
     <span class='ocr_line' id='line_1_74' title="bbox 468 3861 2054 3934; baseline 0.004 -20"><span class='ocrx_word' id='word_1_516' title='bbox 468 3862 789 3915; x_wconf 87' lang='lat' dir='ltr'><strong>auctoritate</strong></span> <span class='ocrx_word' id='word_1_517' title='bbox 819 3861 893 3917; x_wconf 88' lang='lat' dir='ltr'><strong>sit</strong></span> <span class='ocrx_word' id='word_1_518' title='bbox 930 3876 1181 3929; x_wconf 85' lang='lat' dir='ltr'><strong>vacuum,</strong></span> <span class='ocrx_word' id='word_1_519' title='bbox 1221 3861 1479 3934; x_wconf 89' lang='lat' dir='ltr'><strong>quidquid</strong></span> <span class='ocrx_word' id='word_1_520' title='bbox 1522 3863 1592 3920; x_wconf 90' lang='lat' dir='ltr'><strong>ab</strong></span> <span class='ocrx_word' id='word_1_521' title='bbox 1630 3864 1846 3920; x_wconf 88' lang='lat' dir='ltr'><strong>illorum</strong></span> <span class='ocrx_word' id='word_1_522' title='bbox 1890 3863 2054 3920; x_wconf 80' lang='lat' dir='ltr'><strong>fuerit</strong></span> 
     </span>
    </p>
   </div>
   <div class='ocr_carea' id='block_1_75' title="bbox 461 3954 1157 4010">
    <p class='ocr_par' dir='ltr' id='par_1_75' title="bbox 461 3954 1157 4010">
     <span class='ocr_line' id='line_1_75' title="bbox 461 3954 1157 4010; baseline 0.001 -2"><span class='ocrx_word' id='word_1_523' title='bbox 461 3954 844 4009; x_wconf 80' lang='lat' dir='ltr'><strong>constitutione</strong></span> <span class='ocrx_word' id='word_1_524' title='bbox 864 3956 1157 4010; x_wconf 89' lang='lat' dir='ltr'><strong>diversum.</strong></span> 
     </span>
    </p>
   </div>
   <div class='ocr_carea' id='block_1_76' title="bbox 530 4046 2049 4121">
    <p class='ocr_par' dir='ltr' id='par_1_76' title="bbox 530 4046 2049 4121">
     <span class='ocr_line' id='line_1_76' title="bbox 530 4046 2049 4121; baseline 0.003 -18"><span class='ocrx_word' id='word_1_525' title='bbox 530 4048 660 4103; x_wconf 76' lang='lat' dir='ltr'><strong>CAP.</strong></span> <span class='ocrx_word' id='word_1_526' title='bbox 686 4046 772 4101; x_wconf 88' lang='lat' dir='ltr'><strong>Ill.</strong></span> <span class='ocrx_word' id='word_1_527' title='bbox 795 4078 867 4088; x_wconf 89' lang='lat'><strong>—</strong></span> <span class='ocrx_word' id='word_1_528' title='bbox 900 4046 1069 4103; x_wconf 87' lang='lat' dir='ltr'><strong>Nimis</strong></span> <span class='ocrx_word' id='word_1_529' title='bbox 1109 4063 1239 4120; x_wconf 89' lang='lat' dir='ltr'><strong>ergo</strong></span> <span class='ocrx_word' id='word_1_530' title='bbox 1269 4048 1387 4105; x_wconf 84' lang='lat' dir='ltr'><strong>haec</strong></span> <span class='ocrx_word' id='word_1_531' title='bbox 1432 4051 1698 4121; x_wconf 86' lang='lat' dir='ltr'><strong>improba,</strong></span> <span class='ocrx_word' id='word_1_532' title='bbox 1730 4052 1893 4108; x_wconf 90' lang='lat' dir='ltr'><strong>nimis</strong></span> <span class='ocrx_word' id='word_1_533' title='bbox 1921 4062 2049 4108; x_wconf 91' lang='lat' dir='ltr'><strong>sunt</strong></span> 
     </span>
    </p>
   </div>
   <div class='ocr_carea' id='block_1_77' title="bbox 460 4143 2047 4213">
    <p class='ocr_par' dir='ltr' id='par_1_77' title="bbox 460 4143 2047 4213">
     <span class='ocr_line' id='line_1_77' title="bbox 460 4143 2047 4213; baseline 0.003 -16"><span class='ocrx_word' id='word_1_534' title='bbox 460 4158 646 4212; x_wconf 88' lang='lat' dir='ltr'><strong>prava,</strong></span> <span class='ocrx_word' id='word_1_535' title='bbox 669 4158 787 4213; x_wconf 69' lang='lat' dir='ltr'><strong>quae</strong></span> <span class='ocrx_word' id='word_1_536' title='bbox 818 4143 1200 4198; x_wconf 86' lang='lat' dir='ltr'><strong>sacratissimis</strong></span> <span class='ocrx_word' id='word_1_537' title='bbox 1222 4144 1520 4199; x_wconf 89' lang='lat' dir='ltr'><strong>canonibus</strong></span> <span class='ocrx_word' id='word_1_538' title='bbox 1553 4146 1896 4200; x_wconf 87' lang='lat' dir='ltr'><strong>inveniuntur</strong></span> <span class='ocrx_word' id='word_1_539' title='bbox 1924 4161 2047 4202; x_wconf 90' lang='lat' dir='ltr'><strong>esse</strong></span> 
     </span>
    </p>
   </div>
   <div class='ocr_carea' id='block_1_78' title="bbox 459 4234 2045 4307">
    <p class='ocr_par' dir='ltr' id='par_1_78' title="bbox 459 4234 2045 4307">
     <span class='ocr_line' id='line_1_78' title="bbox 459 4234 2045 4307; baseline 0.001 -18"><span class='ocrx_word' id='word_1_540' title='bbox 459 4235 745 4289; x_wconf 89' lang='lat' dir='ltr'><strong>contraria.</strong></span> <span class='ocrx_word' id='word_1_541' title='bbox 778 4234 835 4289; x_wconf 87' lang='lat' dir='ltr'><strong>in</strong></span> <span class='ocrx_word' id='word_1_542' title='bbox 857 4234 1021 4288; x_wconf 90' lang='lat' dir='ltr'><strong>totius</strong></span> <span class='ocrx_word' id='word_1_543' title='bbox 1046 4234 1300 4288; x_wconf 59' lang='lat' dir='ltr'><strong>Ecclesia:</strong></span> <span class='ocrx_word' id='word_1_544' title='bbox 1327 4235 1786 4303; x_wconf 88' lang='lat' dir='ltr'><strong>perturbationem</strong></span> <span class='ocrx_word' id='word_1_545' title='bbox 1812 4236 2045 4307; x_wconf 89' lang='lat' dir='ltr'><strong>superba</strong></span> 
     </span>
    </p>
   </div>
   <div class='ocr_carea' id='block_1_79' title="bbox 459 4321 2051 4401">
    <p class='ocr_par' dir='ltr' id='par_1_79' title="bbox 459 4325 2047 4400">
     <span class='ocr_line' id='line_1_79' title="bbox 459 4325 2047 4400; baseline 0.002 -19"><span class='ocrx_word' id='word_1_546' title='bbox 459 4326 575 4381; x_wconf 83' lang='lat' dir='ltr'><strong>haec</strong></span> <span class='ocrx_word' id='word_1_547' title='bbox 607 4326 777 4381; x_wconf 88' lang='lat' dir='ltr'><strong>tendit</strong></span> <span class='ocrx_word' id='word_1_548' title='bbox 804 4326 986 4391; x_wconf 88' lang='lat' dir='ltr'><strong>elatio,</strong></span> <span class='ocrx_word' id='word_1_549' title='bbox 1016 4341 1135 4395; x_wconf 63' lang='lat' dir='ltr'><strong>quas</strong></span> <span class='ocrx_word' id='word_1_550' title='bbox 1160 4325 1231 4380; x_wconf 89' lang='lat' dir='ltr'><strong>ita</strong></span> <span class='ocrx_word' id='word_1_551' title='bbox 1263 4326 1407 4380; x_wconf 88' lang='lat' dir='ltr'><strong>abuti</strong></span> <span class='ocrx_word' id='word_1_552' title='bbox 1427 4327 1595 4383; x_wconf 91' lang='lat' dir='ltr'><strong>voluit</strong></span> <span class='ocrx_word' id='word_1_553' title='bbox 1620 4328 1850 4384; x_wconf 91' lang='lat' dir='ltr'><strong>concilio</strong></span> <span class='ocrx_word' id='word_1_554' title='bbox 1881 4344 2047 4400; x_wconf 83' lang='lat' dir='ltr'><strong>syno-</strong></span> 
     </span>
    </p>
   </div>
   <div class='ocr_carea' id='block_1_80' title="bbox 2159 4321 3756 4401">
    <p class='ocr_par' dir='ltr' id='par_1_80' title="bbox 2159 4321 3756 4401">
     <span class='ocr_line' id='line_1_80' title="bbox 2159 4321 3756 4401; baseline -0.004 -20"><span class='ocrx_word' id='word_1_555' title='bbox 2159 4327 2243 4387; x_wconf 67' lang='lat' dir='ltr'><strong>Mor</strong></span> <span class='ocrx_word' id='word_1_556' title='bbox 2269 4368 2284 4392; x_wconf 83' lang='lat'><strong>,</strong></span> <span class='ocrx_word' id='word_1_557' title='bbox 2334 4328 2445 4386; x_wconf 77' lang='grc' dir='ltr'>ἣτις</span> <span class='ocrx_word' id='word_1_558' title='bbox 2494 4324 2655 4385; x_wconf 74' lang='grc' dir='ltr'>οὕτως</span> <span class='ocrx_word' id='word_1_559' title='bbox 2701 4324 3109 4401; x_wconf 80' lang='grc' dir='ltr'>ἀποχρήσασθαι</span> <span class='ocrx_word' id='word_1_560' title='bbox 3156 4323 3360 4381; x_wconf 80' lang='grc' dir='ltr'>ἠθέλησε</span> <span class='ocrx_word' id='word_1_561' title='bbox 3406 4331 3471 4395; x_wconf 74' lang='grc' dir='ltr'>τῇ</span> <span class='ocrx_word' id='word_1_562' title='bbox 3516 4321 3756 4396; x_wconf 69' lang='grc' dir='ltr'>συνόδῳ,</span> 
     </span>
    </p>
   </div>
   <div class='ocr_carea' id='block_1_81' title="bbox 2162 3490 3763 3568">
    <p class='ocr_par' dir='ltr' id='par_1_81' title="bbox 2162 3490 3763 3568">
     <span class='ocr_line' id='line_1_81' title="bbox 2162 3490 3763 3568; baseline 0 -21"><span class='ocrx_word' id='word_1_563' title='bbox 2162 3494 2424 3568; x_wconf 74' lang='grc' dir='ltr'><strong>ἀπατήσῃ,</strong></span> <span class='ocrx_word' id='word_1_564' title='bbox 2449 3496 2575 3564; x_wconf 83' lang='grc' dir='ltr'>μήτε</span> <span class='ocrx_word' id='word_1_565' title='bbox 2596 3500 2695 3546; x_wconf 84' lang='grc' dir='ltr'><strong>τῶν</strong></span> <span class='ocrx_word' id='word_1_566' title='bbox 2723 3493 3020 3565; x_wconf 85' lang='grc' dir='ltr'>τριακοσίων</span> <span class='ocrx_word' id='word_1_567' title='bbox 3046 3490 3295 3546; x_wconf 86' lang='grc' dir='ltr'>δεκαοκτώ</span> <span class='ocrx_word' id='word_1_568' title='bbox 3318 3490 3610 3546; x_wconf 74' lang='grc' dir='ltr'>ἐπισκόπων</span> <span class='ocrx_word' id='word_1_569' title='bbox 3634 3491 3763 3555; x_wconf 81' lang='grc' dir='ltr'>ὅσος</span> 
     </span>
    </p>
   </div>
   <div class='ocr_carea' id='block_1_82' title="bbox 2161 3582 3765 3663">
    <p class='ocr_par' dir='ltr' id='par_1_82' title="bbox 2161 3582 3765 3663">
     <span class='ocr_line' id='line_1_82' title="bbox 2161 3582 3765 3663; baseline 0 -23"><span class='ocrx_word' id='word_1_570' title='bbox 2161 3583 2348 3644; x_wconf 81' lang='grc' dir='ltr'>δήποτε</span> <span class='ocrx_word' id='word_1_571' title='bbox 2380 3586 2586 3663; x_wconf 81' lang='grc' dir='ltr'>ἀριθμὸς</span> <span class='ocrx_word' id='word_1_572' title='bbox 2616 3586 2787 3660; x_wconf 79' lang='grc' dir='ltr'>ἱερέων</span> <span class='ocrx_word' id='word_1_573' title='bbox 2812 3584 2846 3642; x_wconf 74' lang='grc' dir='ltr'><em>ἥ</em></span> <span class='ocrx_word' id='word_1_574' title='bbox 2872 3592 3147 3659; x_wconf 69' lang='grc' dir='ltr'>συγκρῖναι</span> <span class='ocrx_word' id='word_1_575' title='bbox 3176 3584 3352 3638; x_wconf 77' lang='grc' dir='ltr'>ἑαυτὸν</span> <span class='ocrx_word' id='word_1_576' title='bbox 3382 3582 3403 3614; x_wconf 78' lang='grc'><strong><em>⁸</em></strong></span> <span class='ocrx_word' id='word_1_577' title='bbox 3427 3584 3701 3656; x_wconf 73' lang='grc' dir='ltr'>τολμήσω,</span> <span class='ocrx_word' id='word_1_578' title='bbox 3730 3584 3765 3647; x_wconf 69' lang='grc' dir='ltr'><strong><em>ἦ</em></strong></span> 
     </span>
    </p>
   </div>
   <div class='ocr_carea' id='block_1_83' title="bbox 2159 3677 3765 3757">
    <p class='ocr_par' dir='ltr' id='par_1_83' title="bbox 2159 3677 3765 3757">
     <span class='ocr_line' id='line_1_83' title="bbox 2159 3677 3765 3757; baseline -0.002 -22"><span class='ocrx_word' id='word_1_579' title='bbox 2159 3685 2449 3757; x_wconf 87' lang='grc' dir='ltr'>προκρῖναι·</span> <span class='ocrx_word' id='word_1_580' title='bbox 2476 3677 2625 3734; x_wconf 82' lang='grc' dir='ltr'>ὁπότε</span> <span class='ocrx_word' id='word_1_581' title='bbox 2650 3678 2877 3750; x_wconf 79' lang='grc' dir='ltr'>τοσαύτῃ</span> <span class='ocrx_word' id='word_1_582' title='bbox 2898 3683 3025 3732; x_wconf 83' lang='grc' dir='ltr'>Θεοῦ</span> <span class='ocrx_word' id='word_1_583' title='bbox 3048 3678 3232 3750; x_wconf 84' lang='grc' dir='ltr'>χάριτι</span> <span class='ocrx_word' id='word_1_584' title='bbox 3260 3679 3289 3734; x_wconf 80' lang='grc' dir='ltr'>ἡ</span> <span class='ocrx_word' id='word_1_585' title='bbox 3320 3677 3368 3729; x_wconf 88' lang='grc' dir='ltr'><strong>ἐν</strong></span> <span class='ocrx_word' id='word_1_586' title='bbox 3394 3681 3572 3753; x_wconf 74' lang='grc' dir='ltr'>Νικαίᾳ</span> <span class='ocrx_word' id='word_1_587' title='bbox 3601 3678 3765 3731; x_wconf 78' lang='grc' dir='ltr'>σύνο-</span> 
     </span>
    </p>
   </div>
   <div class='ocr_carea' id='block_1_84' title="bbox 2158 3767 3762 3850">
    <p class='ocr_par' dir='ltr' id='par_1_84' title="bbox 2158 3767 3762 3850">
     <span class='ocr_line' id='line_1_84' title="bbox 2158 3767 3762 3850; baseline 0 -23"><span class='ocrx_word' id='word_1_588' title='bbox 2158 3770 2244 3831; x_wconf 85' lang='grc' dir='ltr'><strong>δος</strong></span> <span class='ocrx_word' id='word_1_589' title='bbox 2294 3772 2661 3850; x_wconf 76' lang='grc' dir='ltr'>συνηθροίσθη,</span> <span class='ocrx_word' id='word_1_590' title='bbox 2713 3772 2846 3824; x_wconf 82' lang='grc' dir='ltr'>ὥστε</span> <span class='ocrx_word' id='word_1_591' title='bbox 2904 3767 3003 3825; x_wconf 77' lang='grc' dir='ltr'>εἴτε</span> <span class='ocrx_word' id='word_1_592' title='bbox 3058 3767 3122 3824; x_wconf 80' lang='grc' dir='ltr'><strong>δι’</strong></span> <span class='ocrx_word' id='word_1_593' title='bbox 3154 3769 3473 3835; x_wconf 80' lang='grc' dir='ltr'>ἐλασσόνων,</span> <span class='ocrx_word' id='word_1_594' title='bbox 3518 3767 3620 3825; x_wconf 78' lang='grc' dir='ltr'>εἴτε</span> <span class='ocrx_word' id='word_1_595' title='bbox 3672 3769 3762 3828; x_wconf 73' lang='grc' dir='ltr'><strong>διὰ</strong></span> 
     </span>
    </p>
   </div>
   <div class='ocr_carea' id='block_1_85' title="bbox 2156 3860 3762 3938">
    <p class='ocr_par' dir='ltr' id='par_1_85' title="bbox 2156 3860 3762 3938">
     <span class='ocr_line' id='line_1_85' title="bbox 2156 3860 3762 3938; baseline -0.001 -19"><span class='ocrx_word' id='word_1_596' title='bbox 2156 3864 2394 3919; x_wconf 86' lang='grc' dir='ltr'>πλειόνων</span> <span class='ocrx_word' id='word_1_597' title='bbox 2425 3864 2816 3922; x_wconf 85' lang='grc' dir='ltr'>ἐκκλησιαστικὰ</span> <span class='ocrx_word' id='word_1_598' title='bbox 2840 3862 3196 3935; x_wconf 70' lang='grc' dir='ltr'>συγκροτηθείη</span> <span class='ocrx_word' id='word_1_599' title='bbox 3227 3860 3555 3938; x_wconf 82' lang='grc' dir='ltr'>δικαστήρια,</span> <span class='ocrx_word' id='word_1_600' title='bbox 3578 3864 3762 3926; x_wconf 75' lang='grc' dir='ltr'>πάσης</span> 
     </span>
    </p>
   </div>
   <div class='ocr_carea' id='block_1_86' title="bbox 2155 3950 3762 4032">
    <p class='ocr_par' dir='ltr' id='par_1_86' title="bbox 2155 3950 3762 4032">
     <span class='ocr_line' id='line_1_86' title="bbox 2155 3950 3762 4032; baseline -0.001 -19"><span class='ocrx_word' id='word_1_601' title='bbox 2155 3960 2440 4032; x_wconf 83' lang='grc' dir='ltr'>στερεῖσθαι</span> <span class='ocrx_word' id='word_1_602' title='bbox 2483 3957 2742 4015; x_wconf 78' lang='grc' dir='ltr'>αὐθεντίας</span> <span class='ocrx_word' id='word_1_603' title='bbox 2788 3961 2891 4010; x_wconf 81' lang='grc' dir='ltr'><strong>πᾶν</strong></span> <span class='ocrx_word' id='word_1_604' title='bbox 2934 3953 3012 4010; x_wconf 85' lang='grc' dir='ltr'><strong>ότι</strong></span> <span class='ocrx_word' id='word_1_605' title='bbox 3061 3950 3119 4008; x_wconf 83' lang='grc' dir='ltr'>ἂν</span> <span class='ocrx_word' id='word_1_606' title='bbox 3161 3956 3415 4014; x_wconf 87' lang='grc' dir='ltr'>τυπωθείη</span> <span class='ocrx_word' id='word_1_607' title='bbox 3552 3958 3762 4011; x_wconf 71' lang='grc' dir='ltr'>ἐκείνων</span> 
     </span>
    </p>
   </div>
   <div class='ocr_carea' id='block_1_87' title="bbox 2154 4044 3762 4120">
    <p class='ocr_par' dir='ltr' id='par_1_87' title="bbox 2154 4044 3762 4120">
     <span class='ocr_line' id='line_1_87' title="bbox 2154 4044 3762 4120; baseline -0.001 -16"><span class='ocrx_word' id='word_1_608' title='bbox 2154 4048 2470 4105; x_wconf 79' lang='grc' dir='ltr'>διατυπώσει</span> <span class='ocrx_word' id='word_1_609' title='bbox 2526 4050 2916 4119; x_wconf 82' lang='grc' dir='ltr'>ἐναντιούμενον.</span> <span class='ocrx_word' id='word_1_610' title='bbox 2950 4044 3105 4119; x_wconf 60' lang='grc' dir='ltr'><strong>’Λγοιν</strong></span> <span class='ocrx_word' id='word_1_611' title='bbox 3146 4048 3312 4101; x_wconf 84' lang='grc' dir='ltr'>τοίνυν</span> <span class='ocrx_word' id='word_1_612' title='bbox 3360 4046 3558 4113; x_wconf 80' lang='grc' dir='ltr'>ἀναιδῆ,</span> <span class='ocrx_word' id='word_1_613' title='bbox 3623 4045 3762 4120; x_wconf 73' lang='grc' dir='ltr'>ἄγαν</span> 
     </span>
    </p>
   </div>
   <div class='ocr_carea' id='block_1_88' title="bbox 2151 4141 3761 4217">
    <p class='ocr_par' dir='ltr' id='par_1_88' title="bbox 2151 4141 3761 4217">
     <span class='ocr_line' id='line_1_88' title="bbox 2151 4141 3761 4217; baseline -0.004 -18"><span class='ocrx_word' id='word_1_614' title='bbox 2151 4144 2312 4217; x_wconf 72' lang='grc' dir='ltr'>φαῦλα</span> <span class='ocrx_word' id='word_1_615' title='bbox 2339 4144 2597 4215; x_wconf 68' lang='grc' dir='ltr'>τυγχάνει</span> <span class='ocrx_word' id='word_1_616' title='bbox 2623 4144 2688 4197; x_wconf 82' lang='grc' dir='ltr'><strong>τά</strong></span> <span class='ocrx_word' id='word_1_617' title='bbox 2714 4149 2822 4200; x_wconf 83' lang='grc' dir='ltr'>τοῖς</span> <span class='ocrx_word' id='word_1_618' title='bbox 2848 4143 2995 4201; x_wconf 80' lang='grc' dir='ltr'>θείοις</span> <span class='ocrx_word' id='word_1_619' title='bbox 3038 4141 3241 4195; x_wconf 80' lang='grc' dir='ltr'>κανόσιν</span> <span class='ocrx_word' id='word_1_620' title='bbox 3271 4141 3644 4213; x_wconf 78' lang='grc' dir='ltr'>ἐναντιούμενοι⁶</span> <span class='ocrx_word' id='word_1_621' title='bbox 3677 4144 3761 4201; x_wconf 79' lang='grc' dir='ltr'>εἰς</span> 
     </span>
    </p>
   </div>
   <div class='ocr_carea' id='block_1_89' title="bbox 2148 4231 3761 4309">
    <p class='ocr_par' dir='ltr' id='par_1_89' title="bbox 2148 4231 3761 4309">
     <span class='ocr_line' id='line_1_89' title="bbox 2148 4231 3761 4309; baseline -0.003 -19"><span class='ocrx_word' id='word_1_622' title='bbox 2148 4237 2385 4309; x_wconf 83' lang='grc' dir='ltr'>τάραχον</span> <span class='ocrx_word' id='word_1_623' title='bbox 2447 4235 2620 4293; x_wconf 83' lang='grc' dir='ltr'>πάσης</span> <span class='ocrx_word' id='word_1_624' title='bbox 2677 4232 2934 4291; x_wconf 81' lang='grc' dir='ltr'>ἐκκλησίας</span> <span class='ocrx_word' id='word_1_625' title='bbox 2986 4234 3016 4290; x_wconf 78' lang='grc' dir='ltr'>ἡ</span> <span class='ocrx_word' id='word_1_626' title='bbox 3064 4237 3305 4309; x_wconf 81' lang='grc' dir='ltr'>παροῦσα</span> <span class='ocrx_word' id='word_1_627' title='bbox 3355 4233 3505 4285; x_wconf 81' lang='grc' dir='ltr'>τείνει</span> <span class='ocrx_word' id='word_1_628' title='bbox 3554 4231 3761 4307; x_wconf 77' lang='grc' dir='ltr'>ὕπερο-</span> 
     </span>
    </p>
   </div>
   <div class='ocr_carea' id='block_1_90' title="bbox 529 4456 3757 4533">
    <p class='ocr_par' dir='ltr' id='par_1_90' title="bbox 529 4456 3757 4533">
     <span class='ocr_line' id='line_1_90' title="bbox 529 4456 3757 4533; baseline -0.002 -13"><span class='ocrx_word' id='word_1_629' title='bbox 529 4476 557 4504; x_wconf 78' lang='grc' dir='ltr'>ι</span> <span class='ocrx_word' id='word_1_630' title='bbox 583 4465 851 4533; x_wconf 89' lang='lat' dir='ltr'><strong>Principia</strong></span> <span class='ocrx_word' id='word_1_631' title='bbox 882 4481 984 4517; x_wconf 88' lang='lat' dir='ltr'><strong>non</strong></span> <span class='ocrx_word' id='word_1_632' title='bbox 1012 4463 1275 4533; x_wconf 77' lang='lat' dir='ltr'><strong>inculpata</strong></span> <span class='ocrx_word' id='word_1_633' title='bbox 1303 4463 1553 4519; x_wconf 90' lang='lat' dir='ltr'><strong>dicuntur</strong></span> <span class='ocrx_word' id='word_1_634' title='bbox 1580 4466 1649 4519; x_wconf 91' lang='lat' dir='ltr'><strong>ob</strong></span> <span class='ocrx_word' id='word_1_635' title='bbox 1678 4465 2044 4522; x_wconf 90' lang='lat' dir='ltr'><strong>ordinatorem</strong></span> <span class='ocrx_word' id='word_1_636' title='bbox 2074 4471 2125 4529; x_wconf 91' lang='lat' dir='ltr'><strong>D</strong></span> <span class='ocrx_word' id='word_1_637' title='bbox 2154 4463 2224 4520; x_wconf 64' lang='grc'>24</span> <span class='ocrx_word' id='word_1_638' title='bbox 2278 4462 2384 4517; x_wconf 65' lang='grc' dir='ltr'><strong>ἀεὶ.</strong></span> <span class='ocrx_word' id='word_1_639' title='bbox 2432 4460 2775 4533; x_wconf 85' lang='lat' dir='ltr'><strong>Praetulimus</strong></span> <span class='ocrx_word' id='word_1_640' title='bbox 2820 4459 3103 4533; x_wconf 78' lang='lat' dir='ltr'><strong>lectionem</strong></span> <span class='ocrx_word' id='word_1_641' title='bbox 3139 4460 3410 4533; x_wconf 62' lang='lat' dir='ltr'><strong>vulgatam</strong></span> <span class='ocrx_word' id='word_1_642' title='bbox 3444 4456 3757 4533; x_wconf 61' lang='lat' dir='ltr'><strong>Concilior.</strong></span> 
     </span>
    </p>
   </div>
   <div class='ocr_carea' id='block_1_91' title="bbox 456 4528 3759 4608">
    <p class='ocr_par' dir='ltr' id='par_1_91' title="bbox 456 4528 3759 4608">
     <span class='ocr_line' id='line_1_91' title="bbox 456 4528 3759 4608; baseline -0.001 -17"><span class='ocrx_word' id='word_1_643' title='bbox 456 4528 904 4608; x_wconf 60' lang='lat' dir='ltr'><strong>Dioscornm&#39;,_qui</strong></span> <span class='ocrx_word' id='word_1_644' title='bbox 926 4534 984 4608; x_wconf 63' lang='grc' dir='ltr'><strong>5ἶ</strong></span> <span class='ocrx_word' id='word_1_645' title='bbox 1003 4528 1311 4608; x_wconf 79' lang='lat' dir='ltr'><strong>Flavianum</strong></span> <span class='ocrx_word' id='word_1_646' title='bbox 1332 4536 1724 4608; x_wconf 77' lang='lat' dir='ltr'><strong>deposueratet</strong></span> <span class='ocrx_word' id='word_1_647' title='bbox 1745 4535 2043 4608; x_wconf 87' lang='lat' dir='ltr'><strong>Eutychem</strong></span> <span class='ocrx_word' id='word_1_648' title='bbox 2076 4528 2087 4529; x_wconf 24' lang='grc' dir='ltr'><strong>ί</strong></span> <span class='ocrx_word' id='word_1_649' title='bbox 2152 4552 2269 4605; x_wconf 77' lang='lat' dir='ltr'><strong>quae</strong></span> <span class='ocrx_word' id='word_1_650' title='bbox 2283 4536 2429 4589; x_wconf 89' lang='lat' dir='ltr'><strong>estin</strong></span> <span class='ocrx_word' id='word_1_651' title='bbox 2451 4533 2683 4608; x_wconf 75' lang='lat' dir='ltr'><strong>Ratisp.,</strong></span> <span class='ocrx_word' id='word_1_652' title='bbox 2709 4532 3022 4608; x_wconf 61' lang='lat' dir='ltr'><strong>itttttrisque</strong></span> <span class='ocrx_word' id='word_1_653' title='bbox 3040 4531 3211 4599; x_wconf 88' lang='lat' dir='ltr'><strong>Hisp.,</strong></span> <span class='ocrx_word' id='word_1_654' title='bbox 3232 4528 3282 4584; x_wconf 85' lang='lat' dir='ltr'><strong>in</strong></span> <span class='ocrx_word' id='word_1_655' title='bbox 3310 4529 3428 4585; x_wconf 80' lang='lat' dir='ltr'><strong>Vat.</strong></span> <span class='ocrx_word' id='word_1_656' title='bbox 3449 4528 3576 4608; x_wconf 76' lang='lat' dir='ltr'><strong>Isid.</strong></span> <span class='ocrx_word' id='word_1_657' title='bbox 3605 4544 3659 4608; x_wconf 88' lang='lat' dir='ltr'><strong>e_t</strong></span> <span class='ocrx_word' id='word_1_658' title='bbox 3692 4531 3759 4587; x_wconf 79' lang='lat' dir='ltr'><strong>in</strong></span> 
     </span>
    </p>
   </div>
   <div class='ocr_carea' id='block_1_92' title="bbox 456 4600 3767 4731">
    <p class='ocr_par' dir='ltr' id='par_1_92' title="bbox 456 4600 3767 4731">
     <span class='ocr_line' id='line_1_92' title="bbox 456 4600 3767 4681; baseline -0.002 -18"><span class='ocrx_word' id='word_1_659' title='bbox 456 4615 755 4675; x_wconf 84' lang='lat' dir='ltr'><strong>receperat.</strong></span> <span class='ocrx_word' id='word_1_660' title='bbox 778 4600 913 4659; x_wconf 80' lang='lat' dir='ltr'><strong>Vide</strong></span> <span class='ocrx_word' id='word_1_661' title='bbox 937 4604 1085 4674; x_wconf 88' lang='lat' dir='ltr'><strong>plura</strong></span> <span class='ocrx_word' id='word_1_662' title='bbox 1103 4604 1240 4673; x_wconf 89' lang='lat' dir='ltr'><strong>apud</strong></span> <span class='ocrx_word' id='word_1_663' title='bbox 1258 4600 1456 4670; x_wconf 76' lang='lat' dir='ltr'><strong>Quesn.</strong></span> <span class='ocrx_word' id='word_1_664' title='bbox 1484 4614 1596 4658; x_wconf 92' lang='lat' dir='ltr'><strong>not.</strong></span> <span class='ocrx_word' id='word_1_665' title='bbox 1632 4605 1685 4661; x_wconf 81' lang='grc'><strong>1.</strong></span> <span class='ocrx_word' id='word_1_666' title='bbox 1834 4600 1870 4660; x_wconf 80' lang='grc'><strong>.’</strong></span> <span class='ocrx_word' id='word_1_667' title='bbox 2146 4600 2277 4661; x_wconf 84' lang='lat' dir='ltr'><strong>mss.</strong></span> <span class='ocrx_word' id='word_1_668' title='bbox 2307 4608 2521 4660; x_wconf 91' lang='lat' dir='ltr'><strong>collect.</strong></span> <span class='ocrx_word' id='word_1_669' title='bbox 2552 4600 2619 4657; x_wconf 13' lang='lat' dir='ltr'><strong>lli</strong></span> <span class='ocrx_word' id='word_1_670' title='bbox 2647 4618 2708 4656; x_wconf 89' lang='lat' dir='ltr'><strong>ac</strong></span> <span class='ocrx_word' id='word_1_671' title='bbox 2743 4603 2833 4656; x_wconf 68' lang='lat' dir='ltr'><strong>2i.</strong></span> <span class='ocrx_word' id='word_1_672' title='bbox 2886 4600 3049 4655; x_wconf 87' lang='lat' dir='ltr'><strong>Paulo</strong></span> <span class='ocrx_word' id='word_1_673' title='bbox 3080 4614 3205 4655; x_wconf 84' lang='lat' dir='ltr'><strong>ante</strong></span> <span class='ocrx_word' id='word_1_674' title='bbox 3227 4616 3323 4681; x_wconf 81' lang='lat' dir='ltr'><strong>pro</strong></span> <span class='ocrx_word' id='word_1_675' title='bbox 3362 4602 3767 4657; x_wconf 67' lang='lat' dir='ltr'><strong>canna-entiam</strong></span> 
     </span>
     <span class='ocr_line' id='line_1_93' title="bbox 526 4672 3765 4731; baseline -0.002 0"><span class='ocrx_word' id='word_1_676' title='bbox 526 4674 556 4713; x_wconf 68' lang='grc' dir='ltr'><strong>ι’</strong></span> <span class='ocrx_word' id='word_1_677' title='bbox 589 4676 869 4731; x_wconf 82' lang='lat' dir='ltr'><strong>Anatolius</strong></span> <span class='ocrx_word' id='word_1_678' title='bbox 896 4676 1101 4730; x_wconf 86' lang='lat' dir='ltr'><strong>scilicet</strong></span> <span class='ocrx_word' id='word_1_679' title='bbox 1140 4675 1481 4729; x_wconf 84' lang='lat' dir='ltr'><strong>ordinaverat</strong></span> <span class='ocrx_word' id='word_1_680' title='bbox 1522 4676 1807 4731; x_wconf 81' lang='lat' dir='ltr'><strong>Maximum</strong></span> <span class='ocrx_word' id='word_1_681' title='bbox 1837 4678 1889 4731; x_wconf 94' lang='lat' dir='ltr'><strong>in</strong></span> <span class='ocrx_word' id='word_1_682' title='bbox 1938 4682 2044 4731; x_wconf 78' lang='lat' dir='ltr'><strong>An-</strong></span> <span class='ocrx_word' id='word_1_683' title='bbox 2146 4680 2198 4731; x_wconf 90' lang='lat' dir='ltr'><strong>in</strong></span> <span class='ocrx_word' id='word_1_684' title='bbox 2226 4678 2429 4731; x_wconf 77' lang='lat' dir='ltr'><strong>Ratisn.</strong></span> <span class='ocrx_word' id='word_1_685' title='bbox 2461 4686 2514 4729; x_wconf 90' lang='lat' dir='ltr'><strong>et</strong></span> <span class='ocrx_word' id='word_1_686' title='bbox 2553 4674 2727 4731; x_wconf 84' lang='lat' dir='ltr'><strong>Grim.</strong></span> <span class='ocrx_word' id='word_1_687' title='bbox 2767 4673 2996 4731; x_wconf 80' lang='lat' dir='ltr'><strong>aliisque</strong></span> <span class='ocrx_word' id='word_1_688' title='bbox 3043 4673 3315 4726; x_wconf 78' lang='lat' dir='ltr'><strong>nonnullis</strong></span> <span class='ocrx_word' id='word_1_689' title='bbox 3351 4672 3509 4727; x_wconf 91' lang='lat' dir='ltr'><strong>codd.</strong></span> <span class='ocrx_word' id='word_1_690' title='bbox 3551 4672 3765 4726; x_wconf 70' lang='lat' dir='ltr'><strong>conhi-</strong></span> 
     </span>
    </p>
   </div>
   <div class='ocr_carea' id='block_1_93' title="bbox 456 4676 3765 4823">
    <p class='ocr_par' dir='ltr' id='par_1_93' title="bbox 456 4676 3765 4823">
     <span class='ocr_line' id='line_1_94' title="bbox 526 4676 3765 4745; baseline -0.002 -14"><span class='ocrx_word' id='word_1_691' title='bbox 526 4676 556 4713; x_wconf 68' lang='grc' dir='ltr'><strong>ι’</strong></span> <span class='ocrx_word' id='word_1_692' title='bbox 589 4676 869 4731; x_wconf 82' lang='lat' dir='ltr'><strong>Anatolius</strong></span> <span class='ocrx_word' id='word_1_693' title='bbox 896 4676 1101 4730; x_wconf 89' lang='lat' dir='ltr'><strong>scilicet</strong></span> <span class='ocrx_word' id='word_1_694' title='bbox 1140 4676 1481 4729; x_wconf 84' lang='lat' dir='ltr'><strong>ordinaverat</strong></span> <span class='ocrx_word' id='word_1_695' title='bbox 1522 4676 1807 4731; x_wconf 81' lang='lat' dir='ltr'><strong>Maximum</strong></span> <span class='ocrx_word' id='word_1_696' title='bbox 1837 4678 1889 4732; x_wconf 93' lang='lat' dir='ltr'><strong>in</strong></span> <span class='ocrx_word' id='word_1_697' title='bbox 1938 4682 2044 4732; x_wconf 78' lang='lat' dir='ltr'><strong>An-</strong></span> <span class='ocrx_word' id='word_1_698' title='bbox 2146 4680 2198 4731; x_wconf 90' lang='lat' dir='ltr'><strong>in</strong></span> <span class='ocrx_word' id='word_1_699' title='bbox 2226 4678 2429 4745; x_wconf 77' lang='lat' dir='ltr'><strong>Ratisp.</strong></span> <span class='ocrx_word' id='word_1_700' title='bbox 2461 4686 2514 4729; x_wconf 90' lang='lat' dir='ltr'><strong>et</strong></span> <span class='ocrx_word' id='word_1_701' title='bbox 2553 4676 2727 4731; x_wconf 84' lang='lat' dir='ltr'><strong>Grim.</strong></span> <span class='ocrx_word' id='word_1_702' title='bbox 2767 4676 2996 4741; x_wconf 89' lang='lat' dir='ltr'><strong>aliisque</strong></span> <span class='ocrx_word' id='word_1_703' title='bbox 3043 4676 3315 4726; x_wconf 88' lang='lat' dir='ltr'><strong>nonnullis</strong></span> <span class='ocrx_word' id='word_1_704' title='bbox 3351 4676 3509 4727; x_wconf 90' lang='lat' dir='ltr'><strong>codd.</strong></span> <span class='ocrx_word' id='word_1_705' title='bbox 3551 4676 3765 4726; x_wconf 71' lang='lat' dir='ltr'><strong>conhi-</strong></span> 
     </span>
     <span class='ocr_line' id='line_1_95' title="bbox 456 4741 3761 4823; baseline -0.001 -21"><span class='ocrx_word' id='word_1_706' title='bbox 456 4746 704 4823; x_wconf 80' lang='lat' dir='ltr'><strong>tiochena</strong></span> <span class='ocrx_word' id='word_1_707' title='bbox 759 4747 905 4814; x_wconf 87' lang='lat' dir='ltr'><strong>sede,</strong></span> <span class='ocrx_word' id='word_1_708' title='bbox 956 4762 1075 4823; x_wconf 73' lang='lat' dir='ltr'><strong>qure</strong></span> <span class='ocrx_word' id='word_1_709' title='bbox 1109 4760 1229 4800; x_wconf 88' lang='lat' dir='ltr'><strong>cum</strong></span> <span class='ocrx_word' id='word_1_710' title='bbox 1271 4747 2037 4823; x_wconf 60' lang='lat' dir='ltr'><strong>ad__Cor_istantinOpolitanum</strong></span> <span class='ocrx_word' id='word_1_711' title='bbox 2144 4747 2401 4823; x_wconf 83' lang='lat' dir='ltr'><strong>_bent_iam;</strong></span> <span class='ocrx_word' id='word_1_712' title='bbox 2430 4746 2690 4823; x_wconf 78' lang='lat' dir='ltr'><strong>Vailicell.</strong></span> <span class='ocrx_word' id='word_1_713' title='bbox 2736 4743 2957 4823; x_wconf 75' lang='lat' dir='ltr'><strong>et_apud</strong></span> <span class='ocrx_word' id='word_1_714' title='bbox 3006 4741 3761 4823; x_wconf 16' lang='lat' dir='ltr'><strong>facundumﬂoh‘ibentiam.</strong></span> 
     </span>
    </p>
   </div>
   <div class='ocr_carea' id='block_1_94' title="bbox 456 4812 3771 4889">
    <p class='ocr_par' dir='ltr' id='par_1_94' title="bbox 456 4812 3771 4889">
     <span class='ocr_line' id='line_1_96' title="bbox 456 4812 3771 4889; baseline -0.002 -16"><span class='ocrx_word' id='word_1_715' title='bbox 456 4819 766 4886; x_wconf 89' lang='lat' dir='ltr'><strong>episcopum</strong></span> <span class='ocrx_word' id='word_1_716' title='bbox 791 4812 897 4889; x_wconf 78' lang='lat' dir='ltr'><strong>non</strong></span> <span class='ocrx_word' id='word_1_717' title='bbox 924 4812 1236 4889; x_wconf 81' lang='lat' dir='ltr'><strong>pertineret,</strong></span> <span class='ocrx_word' id='word_1_718' title='bbox 1263 4816 1533 4889; x_wconf 71' lang='lat' dir='ltr'><strong>ordinatio</strong></span> <span class='ocrx_word' id='word_1_719' title='bbox 1558 4812 1824 4885; x_wconf 83' lang='lat' dir='ltr'><strong>ejusmodi</strong></span> <span class='ocrx_word' id='word_1_720' title='bbox 1866 4834 2036 4874; x_wconf 86' lang='lat' dir='ltr'><strong>cano-</strong></span> <span class='ocrx_word' id='word_1_721' title='bbox 2143 4819 2311 4873; x_wconf 89' lang='lat' dir='ltr'><strong>Paulo</strong></span> <span class='ocrx_word' id='word_1_722' title='bbox 2356 4812 2473 4889; x_wconf 86' lang='lat' dir='ltr'><strong>post</strong></span> <span class='ocrx_word' id='word_1_723' title='bbox 2495 4819 2601 4871; x_wconf 90' lang='lat' dir='ltr'><strong>duo</strong></span> <span class='ocrx_word' id='word_1_724' title='bbox 2630 4830 2761 4871; x_wconf 91' lang='lat' dir='ltr'><strong>mss.</strong></span> <span class='ocrx_word' id='word_1_725' title='bbox 2794 4814 2916 4870; x_wconf 81' lang='lat' dir='ltr'><strong>Vat.</strong></span> <span class='ocrx_word' id='word_1_726' title='bbox 2949 4814 3161 4872; x_wconf 91' lang='lat' dir='ltr'><strong>collect.</strong></span> <span class='ocrx_word' id='word_1_727' title='bbox 3190 4812 3254 4867; x_wconf 72' lang='lat' dir='ltr'><strong>2i</strong></span> <span class='ocrx_word' id='word_1_728' title='bbox 3276 4856 3292 4882; x_wconf 93' lang='lat'><strong>,</strong></span> <span class='ocrx_word' id='word_1_729' title='bbox 3328 4813 3487 4869; x_wconf 75' lang='lat' dir='ltr'><strong>voluit</strong></span> <span class='ocrx_word' id='word_1_730' title='bbox 3512 4828 3607 4883; x_wconf 84' lang='lat' dir='ltr'><strong>pro</strong></span> <span class='ocrx_word' id='word_1_731' title='bbox 3652 4830 3771 4870; x_wconf 67' lang='lat' dir='ltr'><strong>to-</strong></span> 
     </span>
    </p>
   </div>
   <div class='ocr_carea' id='block_1_95' title="bbox 454 4887 2315 4958">
    <p class='ocr_par' dir='ltr' id='par_1_95' title="bbox 454 4887 2315 4958">
     <span class='ocr_line' id='line_1_97' title="bbox 454 4887 2315 4958; baseline 0.001 -15"><span class='ocrx_word' id='word_1_732' title='bbox 454 4889 591 4944; x_wconf 71' lang='lat' dir='ltr'><strong>nica:</strong></span> <span class='ocrx_word' id='word_1_733' title='bbox 615 4889 815 4958; x_wconf 65' lang='lat' dir='ltr'><strong>regula:</strong></span> <span class='ocrx_word' id='word_1_734' title='bbox 838 4887 1241 4943; x_wconf 87' lang='lat' dir='ltr'><strong>adversabatur.</strong></span> <span class='ocrx_word' id='word_1_735' title='bbox 1281 4887 1504 4957; x_wconf 69' lang='lat' dir='ltr'><strong>Regula:</strong></span> <span class='ocrx_word' id='word_1_736' title='bbox 1535 4898 1714 4943; x_wconf 90' lang='lat' dir='ltr'><strong>autem</strong></span> <span class='ocrx_word' id='word_1_737' title='bbox 1763 4895 2036 4946; x_wconf 62' lang='lat' dir='ltr'><strong>canonica:</strong></span> <span class='ocrx_word' id='word_1_738' title='bbox 2141 4890 2315 4944; x_wconf 80' lang='lat' dir='ltr'><strong>luerit.</strong></span> 
     </span>
    </p>
   </div>
   <div class='ocr_carea' id='block_1_96' title="bbox 452 4958 2035 5030">
    <p class='ocr_par' dir='ltr' id='par_1_96' title="bbox 452 4958 2035 5030">
     <span class='ocr_line' id='line_1_98' title="bbox 452 4958 2035 5030; baseline 0.002 -16"><span class='ocrx_word' id='word_1_739' title='bbox 452 4959 672 5014; x_wconf 89' lang='lat' dir='ltr'><strong>nomine</strong></span> <span class='ocrx_word' id='word_1_740' title='bbox 710 4960 824 5013; x_wconf 88' lang='lat' dir='ltr'><strong>sive</strong></span> <span class='ocrx_word' id='word_1_741' title='bbox 860 4958 1497 5030; x_wconf 78' lang='lat' dir='ltr'><strong>intelliganturcanones</strong></span> <span class='ocrx_word' id='word_1_742' title='bbox 1541 4959 1768 5023; x_wconf 73' lang='lat' dir='ltr'><strong>Nicaeni,</strong></span> <span class='ocrx_word' id='word_1_743' title='bbox 1801 4961 1889 5030; x_wconf 92' lang='lat' dir='ltr'><strong>qui</strong></span> <span class='ocrx_word' id='word_1_744' title='bbox 1938 4977 2035 5017; x_wconf 87' lang='lat' dir='ltr'><strong>sua</strong></span> 
     </span>
    </p>
   </div>
   <div class='ocr_carea' id='block_1_97' title="bbox 452 5028 2033 5099">
    <p class='ocr_par' dir='ltr' id='par_1_97' title="bbox 452 5028 2033 5099">
     <span class='ocr_line' id='line_1_99' title="bbox 452 5028 2033 5099; baseline 0.003 -16"><span class='ocrx_word' id='word_1_745' title='bbox 452 5030 728 5099; x_wconf 89' lang='lat' dir='ltr'><strong>quibusvis</strong></span> <span class='ocrx_word' id='word_1_746' title='bbox 774 5028 1065 5099; x_wconf 83' lang='lat' dir='ltr'><strong>provinciis</strong></span> <span class='ocrx_word' id='word_1_747' title='bbox 1103 5028 1379 5098; x_wconf 89' lang='lat' dir='ltr'><strong>privilegia</strong></span> <span class='ocrx_word' id='word_1_748' title='bbox 1429 5032 1634 5084; x_wconf 87' lang='lat' dir='ltr'><strong>servari</strong></span> <span class='ocrx_word' id='word_1_749' title='bbox 1677 5028 1888 5098; x_wconf 75' lang='lat' dir='ltr'><strong>iubent,</strong></span> <span class='ocrx_word' id='word_1_750' title='bbox 1918 5033 2033 5088; x_wconf 90' lang='lat' dir='ltr'><strong>sive</strong></span> 
     </span>
    </p>
   </div>
   <div class='ocr_carea' id='block_1_98' title="bbox 450 5100 2027 5171">
    <p class='ocr_par' dir='ltr' id='par_1_98' title="bbox 450 5100 2027 5171">
     <span class='ocr_line' id='line_1_100' title="bbox 450 5100 2027 5171; baseline 0.002 -18"><span class='ocrx_word' id='word_1_751' title='bbox 450 5100 540 5154; x_wconf 89' lang='lat' dir='ltr'><strong>alii</strong></span> <span class='ocrx_word' id='word_1_752' title='bbox 565 5102 885 5171; x_wconf 88' lang='lat' dir='ltr'><strong>quicumque</strong></span> <span class='ocrx_word' id='word_1_753' title='bbox 902 5109 1271 5171; x_wconf 82' lang='lat' dir='ltr'><strong>canones,_aut</strong></span> <span class='ocrx_word' id='word_1_754' title='bbox 1290 5101 1619 5155; x_wconf 88' lang='lat' dir='ltr'><strong>consuetudo</strong></span> <span class='ocrx_word' id='word_1_755' title='bbox 1644 5101 2027 5169; x_wconf 85' lang='lat' dir='ltr'><strong>Ecclesiarnm,</strong></span> 
     </span>
    </p>
   </div>
   <div class='ocr_carea' id='block_1_99' title="bbox 448 5168 2031 5242">
    <p class='ocr_par' dir='ltr' id='par_1_99' title="bbox 448 5168 2031 5242">
     <span class='ocr_line' id='line_1_101' title="bbox 448 5168 2031 5242; baseline 0.003 -17"><span class='ocrx_word' id='word_1_756' title='bbox 448 5171 517 5242; x_wconf 78' lang='lat' dir='ltr'><strong>de</strong></span> <span class='ocrx_word' id='word_1_757' title='bbox 540 5168 641 5240; x_wconf 83' lang='lat' dir='ltr'><strong>qua</strong></span> <span class='ocrx_word' id='word_1_758' title='bbox 662 5168 979 5239; x_wconf 53' lang='lat' dir='ltr'><strong>Ques&#39;nellus</strong></span> <span class='ocrx_word' id='word_1_759' title='bbox 1018 5178 1140 5223; x_wconf 86' lang='lat' dir='ltr'><strong>nota</strong></span> <span class='ocrx_word' id='word_1_760' title='bbox 1161 5168 1217 5236; x_wconf 76' lang='lat'><strong>2,</strong></span> <span class='ocrx_word' id='word_1_761' title='bbox 1252 5186 1437 5240; x_wconf 89' lang='lat' dir='ltr'><strong>parum</strong></span> <span class='ocrx_word' id='word_1_762' title='bbox 1472 5176 1658 5242; x_wconf 77' lang='lat' dir='ltr'><strong>refert.</strong></span> <span class='ocrx_word' id='word_1_763' title='bbox 1706 5173 1871 5228; x_wconf 89' lang='lat' dir='ltr'><strong>Paulo</strong></span> <span class='ocrx_word' id='word_1_764' title='bbox 1908 5168 2031 5242; x_wconf 89' lang='lat' dir='ltr'><strong>post</strong></span> 
     </span>
    </p>
   </div>
   <div class='ocr_carea' id='block_1_100' title="bbox 446 5240 2022 5316">
    <p class='ocr_par' dir='ltr' id='par_1_100' title="bbox 446 5240 2022 5316">
     <span class='ocr_line' id='line_1_102' title="bbox 446 5240 2022 5316; baseline 0.002 -20"><span class='ocrx_word' id='word_1_765' title='bbox 446 5240 568 5296; x_wconf 86' lang='lat' dir='ltr'><strong>loco</strong></span> <span class='ocrx_word' id='word_1_766' title='bbox 591 5244 885 5316; x_wconf 70' lang='lat' dir='ltr'><strong>prolapsam</strong></span> <span class='ocrx_word' id='word_1_767' title='bbox 902 5241 1198 5316; x_wconf 62' lang='lat' dir='ltr'><strong>Yindeiion.</strong></span> <span class='ocrx_word' id='word_1_768' title='bbox 1225 5242 1436 5316; x_wconf 81' lang='lat' dir='ltr'><strong>collect.</strong></span> <span class='ocrx_word' id='word_1_769' title='bbox 1461 5242 1493 5295; x_wconf 83' lang='lat'><strong>5</strong></span> <span class='ocrx_word' id='word_1_770' title='bbox 1513 5252 1571 5316; x_wconf 80' lang='lat' dir='ltr'><strong>et</strong></span> <span class='ocrx_word' id='word_1_771' title='bbox 1599 5241 1882 5316; x_wconf 65' lang='lat' dir='ltr'><strong>Yallicell.,</strong></span> <span class='ocrx_word' id='word_1_772' title='bbox 1908 5240 2022 5316; x_wconf 65' lang='lat' dir='ltr'><strong>pro-</strong></span> 
     </span>
    </p>
   </div>
   <div class='ocr_carea' id='block_1_101' title="bbox 448 5311 1996 5382">
    <p class='ocr_par' dir='ltr' id='par_1_101' title="bbox 448 5311 1996 5382">
     <span class='ocr_line' id='line_1_103' title="bbox 448 5311 1996 5382; baseline 0.004 -17"><span class='ocrx_word' id='word_1_773' title='bbox 448 5327 688 5382; x_wconf 78' lang='lat' dir='ltr'><strong>gressam.</strong></span> <span class='ocrx_word' id='word_1_774' title='bbox 714 5312 845 5367; x_wconf 88' lang='lat' dir='ltr'><strong>Dein</strong></span> <span class='ocrx_word' id='word_1_775' title='bbox 871 5312 1008 5367; x_wconf 89' lang='lat' dir='ltr'><strong>idem</strong></span> <span class='ocrx_word' id='word_1_776' title='bbox 1032 5311 1319 5379; x_wconf 82' lang='lat' dir='ltr'><strong>Vallicell.,</strong></span> <span class='ocrx_word' id='word_1_777' title='bbox 1346 5314 1570 5380; x_wconf 81' lang='lat' dir='ltr'><strong>conaris,</strong></span> <span class='ocrx_word' id='word_1_778' title='bbox 1594 5311 1752 5378; x_wconf 83' lang='lat' dir='ltr'><strong>forte,</strong></span> <span class='ocrx_word' id='word_1_779' title='bbox 1778 5311 1996 5371; x_wconf 80' lang='lat' dir='ltr'><strong>coneris.</strong></span> 
     </span>
    </p>
   </div>
   <div class='ocr_carea' id='block_1_102' title="bbox 520 5382 2025 5455">
    <p class='ocr_par' dir='ltr' id='par_1_102' title="bbox 520 5382 2025 5455">
     <span class='ocr_line' id='line_1_104' title="bbox 520 5382 2025 5455; baseline 0.001 -16"><span class='ocrx_word' id='word_1_780' title='bbox 520 5393 542 5422; x_wconf 73' lang='grc' dir='ltr'><strong><em>ο</em></strong></span> <span class='ocrx_word' id='word_1_781' title='bbox 567 5382 866 5439; x_wconf 72' lang='lat' dir='ltr'><strong>‘I&#39;indcbon.</strong></span> <span class='ocrx_word' id='word_1_782' title='bbox 902 5384 1077 5453; x_wconf 83' lang='lat' dir='ltr'><strong>Hisp.,</strong></span> <span class='ocrx_word' id='word_1_783' title='bbox 1123 5399 1239 5437; x_wconf 89' lang='lat' dir='ltr'><strong>cum</strong></span> <span class='ocrx_word' id='word_1_784' title='bbox 1272 5385 1551 5438; x_wconf 75' lang='lat' dir='ltr'><strong>secundum</strong></span> <span class='ocrx_word' id='word_1_785' title='bbox 1579 5385 1787 5439; x_wconf 79' lang='lat' dir='ltr'><strong>honoris</strong></span> <span class='ocrx_word' id='word_1_786' title='bbox 1824 5387 2025 5455; x_wconf 81' lang='lat' dir='ltr'><strong>privile-</strong></span> 
     </span>
    </p>
   </div>
   <div class='ocr_carea' id='block_1_103' title="bbox 428 5454 2023 5528">
    <p class='ocr_par' dir='ltr' id='par_1_103' title="bbox 428 5454 2023 5528">
     <span class='ocr_line' id='line_1_105' title="bbox 428 5454 2023 5528; baseline 0.003 -22"><span class='ocrx_word' id='word_1_787' title='bbox 428 5454 749 5528; x_wconf 12' lang='lat' dir='ltr'><strong>~gium.rVat.</strong></span> <span class='ocrx_word' id='word_1_788' title='bbox 794 5455 945 5528; x_wconf 82' lang='lat' dir='ltr'><strong>Hisp.</strong></span> <span class='ocrx_word' id='word_1_789' title='bbox 974 5454 1355 5528; x_wconf 75' lang='lat' dir='ltr'><strong>et_alius_vat.</strong></span> <span class='ocrx_word' id='word_1_790' title='bbox 1398 5457 1610 5511; x_wconf 90' lang='lat' dir='ltr'><strong>collect.</strong></span> <span class='ocrx_word' id='word_1_791' title='bbox 1640 5455 1723 5522; x_wconf 84' lang='lat' dir='ltr'><strong>ll,</strong></span> <span class='ocrx_word' id='word_1_792' title='bbox 1746 5454 1846 5528; x_wconf 89' lang='lat' dir='ltr'><strong>quo</strong></span> <span class='ocrx_word' id='word_1_793' title='bbox 1871 5474 2023 5511; x_wconf 82' lang='lat' dir='ltr'><strong>suum</strong></span> 
     </span>
    </p>
   </div>
   <div class='ocr_carea' id='block_1_104' title="bbox 442 5525 2023 5598">
    <p class='ocr_par' dir='ltr' id='par_1_104' title="bbox 442 5525 2023 5598">
     <span class='ocr_line' id='line_1_106' title="bbox 442 5525 2023 5598; baseline 0.003 -21"><span class='ocrx_word' id='word_1_794' title='bbox 442 5527 649 5578; x_wconf 74' lang='lat' dir='ltr'><strong>honoris</strong></span> <span class='ocrx_word' id='word_1_795' title='bbox 670 5526 1009 5598; x_wconf 80' lang='lat' dir='ltr'><strong>privilegium.</strong></span> <span class='ocrx_word' id='word_1_796' title='bbox 1032 5525 1157 5582; x_wconf 79' lang='lat' dir='ltr'><strong>Vat.</strong></span> <span class='ocrx_word' id='word_1_797' title='bbox 1199 5525 1350 5595; x_wconf 87' lang='lat' dir='ltr'><strong>lsid.,</strong></span> <span class='ocrx_word' id='word_1_798' title='bbox 1392 5544 1493 5598; x_wconf 85' lang='lat' dir='ltr'><strong>quo</strong></span> <span class='ocrx_word' id='word_1_799' title='bbox 1521 5543 1671 5582; x_wconf 75' lang='lat' dir='ltr'><strong>suum</strong></span> <span class='ocrx_word' id='word_1_800' title='bbox 1692 5525 1902 5581; x_wconf 73' lang='lat' dir='ltr'><strong>secundi</strong></span> <span class='ocrx_word' id='word_1_801' title='bbox 1929 5529 2023 5582; x_wconf 82' lang='lat' dir='ltr'><strong>lto-</strong></span> 
     </span>
    </p>
   </div>
   <div class='ocr_carea' id='block_1_105' title="bbox 442 5595 2079 5667">
    <p class='ocr_par' dir='ltr' id='par_1_105' title="bbox 442 5595 2079 5667">
     <span class='ocr_line' id='line_1_107' title="bbox 442 5595 2079 5667; baseline 0.008 -21"><span class='ocrx_word' id='word_1_802' title='bbox 442 5598 579 5667; x_wconf 75' lang='lat' dir='ltr'><strong>noris</strong></span> <span class='ocrx_word' id='word_1_803' title='bbox 600 5595 937 5667; x_wconf 78' lang='lat' dir='ltr'><strong>privilegium.</strong></span> <span class='ocrx_word' id='word_1_804' title='bbox 1404 5595 1413 5598; x_wconf 59' lang='grc'><em>”</em></span> <span class='ocrx_word' id='word_1_805' title='bbox 2064 5595 2079 5613; x_wconf 77' lang='grc'><strong><em>⁸</em></strong></span> 
     </span>
    </p>
   </div>
   <div class='ocr_carea' id='block_1_106' title="bbox 507 5662 2013 5742">
    <p class='ocr_par' dir='ltr' id='par_1_106' title="bbox 507 5662 2013 5742">
     <span class='ocr_line' id='line_1_108' title="bbox 507 5662 2013 5742; baseline 0.005 -23"><span class='ocrx_word' id='word_1_806' title='bbox 507 5662 534 5701; x_wconf 70' lang='grc' dir='ltr'><strong>ἀ</strong></span> <span class='ocrx_word' id='word_1_807' title='bbox 576 5662 815 5742; x_wconf 63' lang='grc' dir='ltr'>ιὶοιὶερξ,</span> <span class='ocrx_word' id='word_1_808' title='bbox 858 5671 1177 5742; x_wconf 69' lang='grc' dir='ltr'>ρνιευειιὶνεε.</span> <span class='ocrx_word' id='word_1_809' title='bbox 1220 5671 1341 5727; x_wconf 88' lang='lat' dir='ltr'><strong>Mss.</strong></span> <span class='ocrx_word' id='word_1_810' title='bbox 1390 5671 1511 5724; x_wconf 81' lang='lat' dir='ltr'><strong>Vat.</strong></span> <span class='ocrx_word' id='word_1_811' title='bbox 1567 5670 1721 5742; x_wconf 85' lang='lat' dir='ltr'><strong>llisp.</strong></span> <span class='ocrx_word' id='word_1_812' title='bbox 1764 5683 1820 5728; x_wconf 90' lang='lat' dir='ltr'><strong>et</strong></span> <span class='ocrx_word' id='word_1_813' title='bbox 1858 5671 2013 5741; x_wconf 87' lang='lat' dir='ltr'><strong>Isid.,</strong></span> 
     </span>
    </p>
   </div>
   <div class='ocr_carea' id='block_1_107' title="bbox 442 5732 1619 5811">
    <p class='ocr_par' dir='ltr' id='par_1_107' title="bbox 442 5732 1619 5811">
     <span class='ocr_line' id='line_1_109' title="bbox 442 5732 1619 5811; baseline 0.003 -20"><span class='ocrx_word' id='word_1_814' title='bbox 442 5732 892 5811; x_wconf 23' lang='lat' dir='ltr'><strong>Graea‘ver—sione</strong></span> <span class='ocrx_word' id='word_1_815' title='bbox 930 5741 1275 5809; x_wconf 67' lang='lat' dir='ltr'><strong>suifragante,</strong></span> <span class='ocrx_word' id='word_1_816' title='bbox 1312 5744 1619 5811; x_wconf 73' lang='lat' dir='ltr'><strong>prwvenisti.</strong></span> 
     </span>
    </p>
   </div>
   <div class='ocr_carea' id='block_1_108' title="bbox 564 5806 2015 5873">
    <p class='ocr_par' dir='ltr' id='par_1_108' title="bbox 564 5806 2015 5873">
     <span class='ocr_line' id='line_1_110' title="bbox 564 5806 2015 5873; baseline 0.004 -10"><span class='ocrx_word' id='word_1_817' title='bbox 564 5806 707 5863; x_wconf 73' lang='grc' dir='ltr'><strong>Ε(ιὶιὶ</strong></span> <span class='ocrx_word' id='word_1_818' title='bbox 723 5808 915 5865; x_wconf 81' lang='lat' dir='ltr'><strong>Leonis</strong></span> <span class='ocrx_word' id='word_1_819' title='bbox 936 5820 990 5867; x_wconf 86' lang='lat' dir='ltr'><strong>et</strong></span> <span class='ocrx_word' id='word_1_820' title='bbox 1023 5806 1459 5870; x_wconf 51' lang='lat' dir='ltr'><strong>Siéltardttsbnnt</strong></span> <span class='ocrx_word' id='word_1_821' title='bbox 1483 5831 1612 5869; x_wconf 79' lang='lat' dir='ltr'><strong>mss.</strong></span> <span class='ocrx_word' id='word_1_822' title='bbox 1644 5813 1853 5871; x_wconf 65' lang='lat' dir='ltr'><strong>collem.</strong></span> <span class='ocrx_word' id='word_1_823' title='bbox 1894 5816 1927 5873; x_wconf 84' lang='lat'>5</span> <span class='ocrx_word' id='word_1_824' title='bbox 1962 5825 2015 5871; x_wconf 90' lang='lat' dir='ltr'><strong>et</strong></span> 
     </span>
    </p>
   </div>
   <div class='ocr_carea' id='block_1_109' title="bbox 2214 4955 3767 5025">
    <p class='ocr_par' dir='ltr' id='par_1_109' title="bbox 2214 4955 3767 5025">
     <span class='ocr_line' id='line_1_111' title="bbox 2214 4955 3767 5025; baseline -0.002 -11"><span class='ocrx_word' id='word_1_825' title='bbox 2214 4959 2235 4997; x_wconf 71' lang='grc' dir='ltr'><em>τ</em></span> <span class='ocrx_word' id='word_1_826' title='bbox 2265 4960 2381 5014; x_wconf 87' lang='lat' dir='ltr'><strong>Vat.</strong></span> <span class='ocrx_word' id='word_1_827' title='bbox 2407 4958 2619 5014; x_wconf 79' lang='lat' dir='ltr'><strong>collect.</strong></span> <span class='ocrx_word' id='word_1_828' title='bbox 2646 4958 2734 5021; x_wconf 86' lang='lat' dir='ltr'><strong>ll,</strong></span> <span class='ocrx_word' id='word_1_829' title='bbox 2758 4955 2958 5013; x_wconf 90' lang='lat' dir='ltr'><strong>omittit</strong></span> <span class='ocrx_word' id='word_1_830' title='bbox 2986 4972 3119 5010; x_wconf 86' lang='lat' dir='ltr'><strong>vere.</strong></span> <span class='ocrx_word' id='word_1_831' title='bbox 3153 4955 3281 5011; x_wconf 89' lang='lat' dir='ltr'><strong>Post</strong></span> <span class='ocrx_word' id='word_1_832' title='bbox 3309 4971 3474 5025; x_wconf 83' lang='lat' dir='ltr'><strong>pauca</strong></span> <span class='ocrx_word' id='word_1_833' title='bbox 3498 4969 3594 5025; x_wconf 87' lang='lat' dir='ltr'><strong>pro</strong></span> <span class='ocrx_word' id='word_1_834' title='bbox 3620 4959 3767 5011; x_wconf 75' lang='lat' dir='ltr'><strong>cui-</strong></span> 
     </span>
    </p>
   </div>
   <div class='ocr_carea' id='block_1_110' title="bbox 2136 5024 3773 5099">
    <p class='ocr_par' dir='ltr' id='par_1_110' title="bbox 2136 5024 3773 5099">
     <span class='ocr_line' id='line_1_112' title="bbox 2136 5024 3773 5099; baseline -0.001 -15"><span class='ocrx_word' id='word_1_835' title='bbox 2136 5048 2290 5099; x_wconf 85' lang='lat' dir='ltr'><strong>quam</strong></span> <span class='ocrx_word' id='word_1_836' title='bbox 2321 5030 2449 5085; x_wconf 90' lang='lat' dir='ltr'><strong>editi</strong></span> <span class='ocrx_word' id='word_1_837' title='bbox 2473 5028 2675 5097; x_wconf 85' lang='lat' dir='ltr'><strong>antiqui</strong></span> <span class='ocrx_word' id='word_1_838' title='bbox 2706 5043 2826 5082; x_wconf 87' lang='lat' dir='ltr'><strong>cum</strong></span> <span class='ocrx_word' id='word_1_839' title='bbox 2850 5029 3084 5098; x_wconf 88' lang='lat' dir='ltr'><strong>quinque</strong></span> <span class='ocrx_word' id='word_1_840' title='bbox 3118 5024 3321 5099; x_wconf 77' lang='lat' dir='ltr'><strong>nostris</strong></span> <span class='ocrx_word' id='word_1_841' title='bbox 3339 5025 3495 5081; x_wconf 85' lang='lat' dir='ltr'><strong>codd.</strong></span> <span class='ocrx_word' id='word_1_842' title='bbox 3523 5024 3773 5099; x_wconf 48' lang='lat' dir='ltr'><strong>habent</strong></span> 
     </span>
    </p>
   </div>
   <div class='ocr_carea' id='block_1_111' title="bbox 2136 5095 3770 5172">
    <p class='ocr_par' dir='ltr' id='par_1_111' title="bbox 2136 5095 3770 5172">
     <span class='ocr_line' id='line_1_113' title="bbox 2136 5095 3770 5172; baseline -0.002 -18"><span class='ocrx_word' id='word_1_843' title='bbox 2136 5095 2401 5172; x_wconf 74' lang='lat' dir='ltr'><strong>umquam.</strong></span> <span class='ocrx_word' id='word_1_844' title='bbox 2432 5106 2499 5154; x_wconf 84' lang='lat' dir='ltr'><strong>At</strong></span> <span class='ocrx_word' id='word_1_845' title='bbox 2523 5095 2759 5172; x_wconf 73' lang='lat' dir='ltr'><strong>potiores</strong></span> <span class='ocrx_word' id='word_1_846' title='bbox 2782 5095 2904 5153; x_wconf 85' lang='lat' dir='ltr'><strong>libri</strong></span> <span class='ocrx_word' id='word_1_847' title='bbox 2939 5100 3150 5172; x_wconf 79' lang='lat' dir='ltr'><strong>utrique</strong></span> <span class='ocrx_word' id='word_1_848' title='bbox 3190 5098 3517 5172; x_wconf 80' lang='lat' dir='ltr'><strong>Vin_d_ebon.,</strong></span> <span class='ocrx_word' id='word_1_849' title='bbox 3543 5095 3770 5172; x_wconf 64' lang='lat' dir='ltr'><strong>Yalii-</strong></span> 
     </span>
    </p>
   </div>
   <div class='ocr_carea' id='block_1_112' title="bbox 2136 5166 3780 5239">
    <p class='ocr_par' dir='ltr' id='par_1_112' title="bbox 2136 5166 3780 5239">
     <span class='ocr_line' id='line_1_114' title="bbox 2136 5166 3780 5239; baseline -0.001 -14"><span class='ocrx_word' id='word_1_850' title='bbox 2136 5166 2284 5239; x_wconf 51' lang='lat' dir='ltr'><strong>celll,</strong></span> <span class='ocrx_word' id='word_1_851' title='bbox 2315 5166 2546 5236; x_wconf 56' lang='lat' dir='ltr'><strong>Ratispf.</strong></span> <span class='ocrx_word' id='word_1_852' title='bbox 2573 5170 2740 5226; x_wconf 90' lang='lat' dir='ltr'><strong>Grim.</strong></span> <span class='ocrx_word' id='word_1_853' title='bbox 2771 5178 2828 5224; x_wconf 90' lang='lat' dir='ltr'><strong>et</strong></span> <span class='ocrx_word' id='word_1_854' title='bbox 2869 5184 2998 5223; x_wconf 91' lang='lat' dir='ltr'><strong>mss.</strong></span> <span class='ocrx_word' id='word_1_855' title='bbox 3031 5166 3241 5224; x_wconf 82' lang='lat' dir='ltr'><strong>collect.</strong></span> <span class='ocrx_word' id='word_1_856' title='bbox 3278 5169 3369 5234; x_wconf 63' lang='grc' dir='ltr'><strong>Ἦν,</strong></span> <span class='ocrx_word' id='word_1_857' title='bbox 3394 5183 3510 5222; x_wconf 89' lang='lat' dir='ltr'><strong>cum</strong></span> <span class='ocrx_word' id='word_1_858' title='bbox 3546 5166 3780 5233; x_wconf 69' lang='lat' dir='ltr'><strong>Ques-</strong></span> 
     </span>
    </p>
   </div>
   <div class='ocr_carea' id='block_1_113' title="bbox 2138 5239 3780 5311">
    <p class='ocr_par' dir='ltr' id='par_1_113' title="bbox 2138 5239 3780 5311">
     <span class='ocr_line' id='line_1_115' title="bbox 2138 5239 3780 5311; baseline 0 -16"><span class='ocrx_word' id='word_1_859' title='bbox 2138 5244 2282 5298; x_wconf 86' lang='lat' dir='ltr'><strong>nello</strong></span> <span class='ocrx_word' id='word_1_860' title='bbox 2304 5242 2637 5298; x_wconf 88' lang='lat' dir='ltr'><strong>etSichardo</strong></span> <span class='ocrx_word' id='word_1_861' title='bbox 2667 5242 2921 5311; x_wconf 82' lang='lat' dir='ltr'><strong>cuiquam.</strong></span> <span class='ocrx_word' id='word_1_862' title='bbox 2960 5242 3085 5295; x_wconf 88' lang='lat' dir='ltr'><strong>Dein</strong></span> <span class='ocrx_word' id='word_1_863' title='bbox 3118 5254 3214 5308; x_wconf 91' lang='lat' dir='ltr'><strong>pro</strong></span> <span class='ocrx_word' id='word_1_864' title='bbox 3245 5239 3476 5295; x_wconf 79' lang='lat' dir='ltr'><strong>solubilis</strong></span> <span class='ocrx_word' id='word_1_865' title='bbox 3503 5241 3780 5311; x_wconf 82' lang='lat' dir='ltr'><strong>utrique</strong></span> 
     </span>
    </p>
   </div>
   <div class='ocr_carea' id='block_1_114' title="bbox 2130 5311 3214 5385">
    <p class='ocr_par' dir='ltr' id='par_1_114' title="bbox 2130 5311 3214 5385">
     <span class='ocr_line' id='line_1_116' title="bbox 2130 5311 3214 5385; baseline -0.004 -16"><span class='ocrx_word' id='word_1_866' title='bbox 2130 5313 2282 5385; x_wconf 71' lang='lat' dir='ltr'><strong>Hisp.</strong></span> <span class='ocrx_word' id='word_1_867' title='bbox 2314 5314 2459 5378; x_wconf 84' lang='lat' dir='ltr'><strong>Vat.,</strong></span> <span class='ocrx_word' id='word_1_868' title='bbox 2491 5313 2619 5367; x_wconf 87' lang='lat' dir='ltr'><strong>Isid.</strong></span> <span class='ocrx_word' id='word_1_869' title='bbox 2642 5320 2697 5366; x_wconf 92' lang='lat' dir='ltr'><strong>et</strong></span> <span class='ocrx_word' id='word_1_870' title='bbox 2717 5311 2877 5365; x_wconf 88' lang='lat' dir='ltr'><strong>Barb.</strong></span> <span class='ocrx_word' id='word_1_871' title='bbox 2907 5311 3214 5385; x_wconf 67' lang='lat' dir='ltr'><strong>resolubilis.</strong></span> 
     </span>
    </p>
   </div>
   <div class='ocr_carea' id='block_1_115' title="bbox 2205 5377 3781 5452">
    <p class='ocr_par' dir='ltr' id='par_1_115' title="bbox 2205 5377 3781 5452">
     <span class='ocr_line' id='line_1_117' title="bbox 2205 5377 3781 5452; baseline 0 -14"><span class='ocrx_word' id='word_1_872' title='bbox 2205 5377 2403 5439; x_wconf 67' lang='lat' dir='ltr'><strong>&quot;Hanc</strong></span> <span class='ocrx_word' id='word_1_873' title='bbox 2449 5385 2786 5452; x_wconf 88' lang='lat' dir='ltr'><strong>particulam,</strong></span> <span class='ocrx_word' id='word_1_874' title='bbox 2851 5391 3037 5449; x_wconf 89' lang='lat' dir='ltr'><strong>utpote</strong></span> <span class='ocrx_word' id='word_1_875' title='bbox 3084 5381 3491 5447; x_wconf 84' lang='lat' dir='ltr'><strong>redundantem,</strong></span> <span class='ocrx_word' id='word_1_876' title='bbox 3541 5377 3722 5438; x_wconf 85' lang='lat' dir='ltr'><strong>dele</strong></span> <span class='ocrx_word' id='word_1_877' title='bbox 3756 5397 3781 5449; x_wconf 89' lang='lat'><strong>;</strong></span> 
     </span>
    </p>
   </div>
   <div class='ocr_carea' id='block_1_116' title="bbox 2128 5452 3245 5523">
    <p class='ocr_par' dir='ltr' id='par_1_116' title="bbox 2128 5452 3245 5523">
     <span class='ocr_line' id='line_1_118' title="bbox 2128 5452 3245 5523; baseline -0.005 -11"><span class='ocrx_word' id='word_1_878' title='bbox 2128 5456 2325 5512; x_wconf 87' lang='lat' dir='ltr'><strong>deinde</strong></span> <span class='ocrx_word' id='word_1_879' title='bbox 2356 5456 2543 5523; x_wconf 83' lang='lat' dir='ltr'><strong>supple</strong></span> <span class='ocrx_word' id='word_1_880' title='bbox 2573 5458 2620 5516; x_wconf 84' lang='grc' dir='ltr'><strong>ή,</strong></span> <span class='ocrx_word' id='word_1_881' title='bbox 2652 5464 2743 5508; x_wconf 87' lang='lat' dir='ltr'><strong>aut</strong></span> <span class='ocrx_word' id='word_1_882' title='bbox 2773 5453 2901 5523; x_wconf 88' lang='lat' dir='ltr'><strong>qttid</strong></span> <span class='ocrx_word' id='word_1_883' title='bbox 2922 5452 3245 5523; x_wconf 70' lang='lat' dir='ltr'><strong>ltujusmodi.</strong></span> 
     </span>
    </p>
   </div>
   <div class='ocr_carea' id='block_1_117' title="bbox 2201 5521 3583 5597">
    <p class='ocr_par' dir='ltr' id='par_1_117' title="bbox 2201 5521 3583 5597">
     <span class='ocr_line' id='line_1_119' title="bbox 2201 5521 3583 5597; baseline -0.001 -18"><span class='ocrx_word' id='word_1_884' title='bbox 2201 5529 2221 5558; x_wconf 86' lang='grc'>¹</span> <span class='ocrx_word' id='word_1_885' title='bbox 2256 5521 2526 5597; x_wconf 46' lang='grc' dir='ltr'>Προειιιλο</span> <span class='ocrx_word' id='word_1_886' title='bbox 2557 5521 2927 5595; x_wconf 54' lang='grc' dir='ltr'>οιὶίμιὶάζουιιι</span> <span class='ocrx_word' id='word_1_887' title='bbox 2948 5521 3087 5592; x_wconf 80' lang='grc' dir='ltr'>ὅταν,</span> <span class='ocrx_word' id='word_1_888' title='bbox 3114 5533 3205 5580; x_wconf 88' lang='lat' dir='ltr'><strong>aut</strong></span> <span class='ocrx_word' id='word_1_889' title='bbox 3225 5525 3356 5597; x_wconf 86' lang='lat' dir='ltr'><strong>quid</strong></span> <span class='ocrx_word' id='word_1_890' title='bbox 3379 5522 3583 5582; x_wconf 86' lang='lat' dir='ltr'><strong>simile.</strong></span> 
     </span>
    </p>
   </div>
   <div class='ocr_carea' id='block_1_118' title="bbox 2199 5594 2610 5669">
    <p class='ocr_par' dir='ltr' id='par_1_118' title="bbox 2199 5594 2610 5669">
     <span class='ocr_line' id='line_1_120' title="bbox 2199 5594 2610 5669; baseline -0.005 -18"><span class='ocrx_word' id='word_1_891' title='bbox 2199 5597 2219 5627; x_wconf 83' lang='grc'>³</span> <span class='ocrx_word' id='word_1_892' title='bbox 2242 5598 2425 5663; x_wconf 84' lang='lat' dir='ltr'><strong>Forte,</strong></span> <span class='ocrx_word' id='word_1_893' title='bbox 2452 5594 2610 5669; x_wconf 76' lang='grc' dir='ltr'>ᾧπερ.</span> 
     </span>
    </p>
   </div>
   <div class='ocr_carea' id='block_1_119' title="bbox 2191 5618 2709 5731">
    <p class='ocr_par' dir='ltr' id='par_1_119' title="bbox 2191 5618 2709 5731">
     <span class='ocr_line' id='line_1_121' title="bbox 2199 5618 2610 5669; baseline -0.005 -18"><span class='ocrx_word' id='word_1_894' title='bbox 2199 5618 2219 5627; x_wconf 70' lang='grc' dir='ltr'><strong>ν</strong></span> <span class='ocrx_word' id='word_1_895' title='bbox 2242 5618 2425 5663; x_wconf 84' lang='lat' dir='ltr'><strong>rorte,</strong></span> <span class='ocrx_word' id='word_1_896' title='bbox 2452 5618 2557 5669; x_wconf 77' lang='grc' dir='ltr'>ῳπι</span> <span class='ocrx_word' id='word_1_897' title='bbox 2602 5640 2610 5649; x_wconf 94' lang='grc'>.</span> 
     </span>
     <span class='ocr_line' id='line_1_122' title="bbox 2191 5618 2709 5731; baseline 0.004 -9"><span class='ocrx_word' id='word_1_898' title='bbox 2191 5668 2217 5701; x_wconf 71' lang='grc'><strong>’⁵</strong></span> <span class='ocrx_word' id='word_1_899' title='bbox 2250 5670 2427 5731; x_wconf 82' lang='lat' dir='ltr'><strong>Forte,</strong></span> <span class='ocrx_word' id='word_1_900' title='bbox 2453 5618 2709 5725; x_wconf 55' lang='lat' dir='ltr'><strong>a’zrrofs&#39;ast.</strong></span> 
     </span>
    </p>
   </div>
   <div class='ocr_carea' id='block_1_120' title="bbox 2194 5741 2572 5807">
    <p class='ocr_par' dir='ltr' id='par_1_120' title="bbox 2194 5741 2572 5807">
     <span class='ocr_line' id='line_1_123' title="bbox 2194 5741 2572 5807; baseline 0.005 -14"><span class='ocrx_word' id='word_1_901' title='bbox 2194 5741 2216 5773; x_wconf 78' lang='grc'><strong><em>⁸</em></strong></span> <span class='ocrx_word' id='word_1_902' title='bbox 2243 5742 2393 5807; x_wconf 49' lang='lat' dir='ltr'><strong>Lnga,</strong></span> <span class='ocrx_word' id='word_1_903' title='bbox 2421 5743 2572 5795; x_wconf 83' lang='grc' dir='ltr'>ἑαυτό</span> 
     </span>
    </p>
   </div>
   <div class='ocr_carea' id='block_1_121' title="bbox 2195 5813 2697 5887">
    <p class='ocr_par' dir='ltr' id='par_1_121' title="bbox 2195 5813 2697 5887">
     <span class='ocr_line' id='line_1_124' title="bbox 2195 5813 2697 5887; baseline -0.004 -18"><span class='ocrx_word' id='word_1_904' title='bbox 2195 5814 2215 5844; x_wconf 71' lang='grc'>⁸</span> <span class='ocrx_word' id='word_1_905' title='bbox 2242 5813 2422 5883; x_wconf 76' lang='lat' dir='ltr'><strong>Forte,</strong></span> <span class='ocrx_word' id='word_1_906' title='bbox 2452 5814 2679 5887; x_wconf 73' lang='grc' dir='ltr'>τολμήσῃ</span> <span class='ocrx_word' id='word_1_907' title='bbox 2696 5864 2697 5867; x_wconf 45' lang='grc' dir='ltr'><strong>η</strong></span> 
     </span>
    </p>
   </div>
  </div>
