4072 6358
313 362 449 423 1005

1698 356 2034 418 EPISTOLA
2070 354 2203 415 CVI.

3447 352 3580 417 1006

311 479 441 546 dali,
459 486 517 534 ut
538 478 733 535 fratres
760 494 815 533 tn
839 476 962 534 udei
986 475 1357 533 tantummodo
1390 485 1417 514 α
1443 476 1659 548 negotio
1684 492 1892 533 convo-
1921 535 1927 550 ,

2025 478 2131 532 ἰστε
2194 475 2317 535 τοὺς
2374 471 2615 545 ἀδελφοὺς
2670 472 2791 534 τοὺς
2837 476 2933 534 τῆς
2978 480 3203 556 πίστεως
3235 471 3376 528 ἕνεκα
3427 474 3583 544 μόνης

308 581 482 635 catos,
522 580 579 626 et
600 569 628 609 δ
651 570 963 626 deﬁnitione
990 569 1107 639 ejus
1127 582 1323 632 causae,
1348 583 1466 639 qua:
1491 577 1606 624 erat
1635 569 1891 635 curanda,

309 664 642 735 perfunctos,
693 663 758 718 ad
808 662 1248 719 consentiendum
1272 661 1395 730 sibi,
1421 671 1514 718 aut
1553 661 1896 734 depravando

313 759 643 824 traduceret,
668 768 759 814 aut
786 758 1037 813 terrendo
1059 757 1428 826 compelleret.
1455 758 1583 812 Inde
1623 759 1765 813 enim
1792 760 1898 812 {ra-

309 864 421 909 tres
453 855 620 908 nostri
668 853 734 907 ab
780 854 1069 921 apostolica
1112 853 1240 907 sede
1280 852 1491 917 directi,
1521 853 1609 922 qui
1636 852 1749 906 vice
1778 866 1895 907 mea

311 946 522 1017 synodo
568 946 967 1015 praesidebant,
1000 946 1350 1015 probabiliter
1389 954 1550 1013 atque
1586 953 1897 999 constanter

311 1036 513 1091 illicitis
539 1048 560 1076 ε
589 1038 809 1092 ausibus
831 1040 1174 1107 obstiterunt,
1206 1048 1389 1107 aperte
1420 1040 1797 1104 reclamantes,
1829 1053 1897 1093 ne

311 1138 500 1183 contra
530 1130 764 1183 instituta
788 1130 985 1184 Nicmni
1016 1131 1253 1193 concilii,
1285 1129 1630 1199 praesumptio
1654 1130 1897 1199 reprobus

314 1221 569 1275 novitatis
591 1232 916 1292 assurgeret.
952 1221 1061 1275 Nec
1091 1230 1267 1290 potest
1306 1222 1371 1275 de
1413 1237 1598 1277 eorum
1627 1222 1900 1276 contradi-

310 1314 492 1369 ctione
515 1314 767 1379 dubitari,
800 1316 864 1369 de
905 1314 1099 1386 quibus
1125 1316 1174 1369 in
1200 1315 1423 1385 epistola
1458 1323 1544 1368 tua
1574 1316 1734 1369 etiam
1786 1315 1900 1384 ipse

312 1407 683 1474 conqueret-is,
713 1406 853 1475 quod
878 1406 1156 1460 conatibus
1204 1406 1309 1461 tuis
1354 1407 1620 1460 voluerint
1657 1407 1898 1463 obviare.

312 1498 369 1554 ln
389 1515 498 1569 quo
521 1500 732 1570 quidem
764 1502 983 1555 multum
1019 1502 1144 1557 illos
1166 1503 1295 1556 mihi
1321 1503 1435 1556 [nec
1458 1502 1740 1557 scribendo
1761 1516 1903 1555 com-

314 1594 565 1659 mendas,
596 1593 692 1647 sed
732 1592 1100 1664 temetipsum,
1132 1594 1274 1666 quod
1303 1597 1381 1650 eis
1411 1611 1603 1666 parere
1644 1596 1900 1660 nolueris,

314 1687 441 1742 dum
466 1687 649 1742 illicita
685 1688 925 1754 moliris,
964 1703 1204 1755 accusas,
1255 1690 1526 1760 superﬂue
1571 1704 1681 1745 non
1710 1703 1904 1743 conce-

316 1779 493 1835 denda
529 1776 557 1816 ἀ
582 1792 858 1850 appetens,
884 1790 939 1836 et
978 1782 1324 1837 insalubriter
1354 1782 1447 1837 tibi
1468 1782 1739 1836 contraria
1776 1795 1906 1835 con-

1999 568 2393 640 συγκληθέντας,
2424 566 2798 638 πληρώσαντάς
2841 586 2896 622 τε
2921 562 3077 641 ῖᾶπερ
3104 567 3290 622 τούτου
3320 566 3459 620 ἕνεκα
3488 573 3581 621 τοῦ

1998 660 2184 736 μέρους
2210 660 2564 737 φροπισθῆναι
2593 657 2813 733 ὤφειλεν,
2843 659 2915 721 εἰς
2940 659 2999 714 τὸ
3028 660 3318 714 συναινέσαι
3350 660 3367 690 ³
3399 660 3585 720 ἑαυτῆς
3654 684 3657 687 ι

1996 760 2060 827 τῇ
2088 754 2261 826 ἀπάτῃ
2287 754 2498 827 ὑπάγειν
2517 794 2529 815 .
2572 752 2603 812 ἦ
2633 753 2769 827 φόϐῳ
2798 754 3095 808 συνελάσαι.
3127 751 3369 809 Ἐντεῦθεν
3399 757 3497 828 γάρ
3538 755 3587 809 οἰ

1998 846 2197 919 ἀδελφοί
2224 847 2269 901 οἱ
2298 849 2533 919 ἡμέτεροι
2557 850 2703 920 παρὰ
2744 854 2834 901 τοῦ
2864 848 3199 902 ἀποστολικοῦ
3241 849 3414 923 θρόνου
3456 851 3585 903 ἀπο·

2000 937 2286 997 σταλέντες,
2314 938 2488 997 οἵτινες
2518 940 2569 991 ἐν
2595 946 2658 1008 τῇ
2691 936 2887 1008 συνόδῳ
2918 938 3253 1013 ἐτοποτήρουν
3282 940 3407 1011 ἐμοὶ,
3451 938 3587 994 εὐδοο

1999 1032 2177 1102 κίμως,
2209 1034 2295 1084 καί
2312 1035 2552 1104 γενναίως
2570 1039 2675 1091 τοῖς
2696 1031 3006 1107 παρανόμοις
3028 1032 3316 1101 τολμήμασι
3344 1035 3589 1093 ἀντέστη-

2000 1144 2118 1188 σαν,
2150 1132 2372 1200 φανερῶς
2402 1126 2639 1196 βοῶντες,
2675 1129 2744 1197 μή
2772 1147 2849 1184 τις
2874 1126 3005 1180 κατά
3042 1132 3138 1179 τῶν
3168 1126 3212 1178 ἐν
3240 1130 3414 1201 Νικκίᾳ
3443 1127 3590 1182 navo.

2000 1236 2096 1268 νων
2126 1216 2455 1290 ἐπιχείρησις
2485 1214 2690 1275 ἀναιδὴς
2719 1217 3044 1280 ἐξανασταίη·
3075 1215 3177 1268 ἀλλ’
3201 1215 3315 1270 οὐδέ
3344 1216 3592 1289 ἀμφιϐἀλε

2001 1308 2139 1362 λεται
2167 1308 2426 1366 ἀντιϐῆναι
2455 1311 2663 1371 αὐτοὺς,
2689 1304 2881 1363 οἷστισι
2905 1312 2983 1362 καί
3011 1310 3163 1367 αὐτὸς
3192 1310 3241 1361 ἐν
3271 1318 3379 1369 τοῖς
3403 1310 3593 1365 ἐαυτοῦ

2003 1401 2269 1475 ’γράμμασι
2298 1401 2484 1473 μέμφῃ.
2519 1398 2596 1455 ὅτι
2623 1399 2683 1458 δὴ
2709 1409 2829 1462 ταῖς
2860 1409 2975 1461 σαῖς
3004 1402 3397 1476 ἐπιχειρήσεσι-ιν
3419 1404 3594 1462 ἠθέλη-

2004 1514 2102 1547 σαν
2125 1496 2399 1553 ἀντιϐἦναι.
2430 1497 2515 1547 Καὶ
2541 1496 2653 1551 ἐμοὶ
2675 1498 2762 1568 μέν
2792 1490 2874 1548 οὖν
2900 1498 3034 1550 πάνυ
3066 1498 3249 1556 αὐτοὺς
3278 1504 3446 1551 ταῦτα
3471 1500 3596 1573 ’γρά-

2004 1607 2107 1659 φων
2134 1590 2430 1657 παρατίθης’
2463 1588 2613 1641 αὐτοῦ
2644 1586 2697 1642 δέ
2718 1630 2731 1650 ,
2765 1585 2844 1642 ὅτι
2889 1609 2987 1660 περ
3027 1590 3198 1649 αὐτοῖς
3249 1592 3599 1665 πειθαρχήσαι

2008 1684 2098 1735 οὐκ
2128 1684 2354 1753 ἠνέσχου
2378 1684 2647 1758 παράνομα
2674 1683 2971 1755 ἐπιχειρῶν.
2997 1692 3313 1760 κατηγορεῖς,
3347 1692 3600 1761 περιττῶς

2007 1772 2072 1825 τά
2101 1774 2460 1848 ἀσυγχσῖιρητα
2492 1774 2755 1848 ἁρπάζων,
2787 1776 2809 1806 ¹
2839 1776 3070 1846 ἀθέσμως
3100 1778 3352 1847 ἐπιθυμῶν
3384 1777 3597 1841 ἐκείνων,

316 1875 627 1944 cupiscens,
658 1890 775 1941 qua:
806 1876 1010 1930 nullum
1054 1892 1306 1947 umquam
1360 1883 1615 1945 poterunt
1656 1883 1899 1929 nostrum

2025 1861 2157 1918 Ξτινα
2179 1864 2384 1937 οὐδεμιᾷ
2405 1867 2577 1940 ἀπάτῃ
2594 1865 2896 1926 δυνήσονται
2910 1869 3153 1947 ἡμετέραν
3175 1865 3207 1921 ἕ
3208 1888 3326 1940 χειν
3341 1865 3363 1899 ³
3378 1869 3602 1924 σύνεσιν.

318 1966 569 2023 obtinere
596 1967 806 2039 1165
830 1982 1178 2023 consensum.
1204 1968 1360 2023 Absit
1385 1968 1525 2022 enim
1563 1982 1592 2019 a
1632 1967 1908 2020 conscien-

322 2059 396 2112 tia
421 2074 543 2113 mea
565 2068 622 2112 ut
646 2069 748 2112 tam
774 2074 934 2128 prava
957 2061 1223 2130 cupiditas
1274 2060 1410 2115 meis
1455 2060 1647 2115 studiis
1689 2060 1911 2128 adjuve-

323 2160 434 2221 tur,
463 2166 527 2207 ac
569 2166 678 2207 non
722 2151 901 2222 pctius
932 2163 987 2209 et
1017 2168 1137 2209 meo
1180 2161 1235 2208 et
1283 2154 1523 2209 omnium
1557 2154 1646 2223 qui
1677 2169 1781 2209 non
1806 2152 1911 2209 alta

324 2244 564 2313 sapiunt,
590 2242 684 2298 sed
718 2242 1010 2300 humilibus
1031 2245 1392 2311 consentiunt,
1418 2260 1583 2315 Opere
1604 2246 1911 2301 subruatur.

398 2335 532 2390 Car.
560 2333 650 2390 1V.
674 2365 745 2377 —
768 2335 948 2392 Sancti
976 2336 1050 2392 illi
1075 2346 1129 2393 et
1147 2338 1484 2393 venerabiles
1514 2338 1719 2407 Patres,
1751 2338 1840 2408 qui
1862 2338 1915 2393 in

327 2428 465 2484 urbe
491 2428 728 2497 Nicaena,
760 2429 1023 2500 sacrilego
1042 2430 1172 2485 Ario
1200 2444 1321 2485 cum
1343 2445 1438 2485 sua
1466 2430 1738 2500 impietate
1767 2430 1919 2486 dam-

331 2531 483 2583 nato,
524 2534 805 2575 mansuras
845 2536 1016 2592 usque
1050 2524 1104 2576 in
1136 2521 1297 2577 ﬁnem
1338 2522 1525 2577 mundi
1562 2522 1708 2593 leges
1747 2522 1920 2577 eccle-

332 2612 673 2668 siasticorum
700 2628 963 2669 canonum
984 2614 1362 2683 condiderunt,
1394 2625 1448 2671 et
1486 2616 1627 2685 apud
1662 2630 1761 2671 nos
1786 2627 1841 2672 et
1864 2616 1919 2671 in

334 2715 451 2762 toto
487 2708 618 2763 orbe
644 2716 905 2762 terrarum
945 2708 997 2763 in
1034 2708 1145 2763 suis
1182 2709 1653 2765 constitutionibus
1695 2710 1919 2777 vivunt;

335 2807 394 2853 et
416 2799 459 2852 si
486 2798 613 2869 quid
647 2807 671 2836 ε
694 2814 919 2869 usquam
955 2800 1113 2856 aliter
1137 2816 1297 2871 quam
1337 2802 1414 2856 illi
1454 2811 1691 2857 statuere
1721 2817 1924 2871 praesu-

337 2890 523 2959 mitur,
548 2892 665 2945 sine
683 2894 1026 2948 cunctatione
1048 2902 1321 2961 cassatur;
1354 2903 1412 2949 ut
1438 2891 1460 2933 ί
1489 2910 1609 2964 quae
1638 2894 1705 2949 ad
1730 2910 1921 2965 perpe-

338 2990 486 3035 tuam
513 2981 796 3037 utilitatem
822 2985 1145 3052 generaliter
1164 2987 1404 3041 instituta
1430 2996 1575 3053 sunt,
1603 2988 1753 3042 nulla
1778 3003 1922 3044 com-

338 3074 639 3130 mutatione
653 3077 954 3144 varientur;
988 3094 1085 3133 nec
1106 3078 1173 3133 ad
1195 3080 1455 3149 privatum
1482 3082 1760 3136 trahantur
1779 3096 1928 3137 com-

338 3166 585 3230 modum,
620 3182 740 3238 qua:
780 3168 845 3223 ad
877 3169 1077 3226 bonum
1114 3182 1241 3226 sunt
1280 3187 1564 3229 commune
1594 3175 1840 3244 praeﬁxa:
1874 3183 1929 3231 et

2261 1955 2492 2011 ’Δπέστω
2534 1959 2633 2033 γάρ
2662 1965 2755 2019 τῆς
2796 1960 3043 2034 ἡμετέρας
3071 1958 3435 2020 συνειδήσεως,
3471 1961 3605 2016 ὥστε

2015 2054 2108 2108 τήν
2134 2049 2296 2111 οὕτως
2324 2052 2513 2123 φαύλην
2533 2052 2798 2123 ἐπιθυμίαν
2822 2052 2966 2123 ἐμαῖς
2995 2051 3253 2113 σπουδαῖς
3278 2054 3603 2125 βοηθηθῆναι,

2017 2146 2104 2196 καί
2148 2144 2275 2214 οὐχὶ
2320 2145 2505 2215 μᾶλλον
2550 2149 2635 2200 καί
2683 2146 2839 2217 ἐμοῦ,
2866 2148 2954 2199 καί
2998 2147 3197 2200 πάντων
3232 2153 3331 2202 τῶν
3362 2144 3384 2176 ⁸
3413 2145 3609 2219 μεγάλα

2017 2236 2353 2309 φρονούντων,
2406 2237 2531 2292 ἀλλά
2566 2238 2811 2303 ταπεινὰ,
2846 2236 3047 2314 σπουδῇ
3096 2240 3518 2311 καταχωσθῆναι.
3552 2239 3611 2293 Οἱ

2021 2325 2156 2398 ἅγιοι
2186 2328 2375 2387 ἐκεῖνοι.
2410 2332 2493 2383 καί
2538 2332 2722 2385 σεπτοὶ
2756 2330 2999 2405 πατέρες,
3031 2331 3209 2390 οἵτινες
3235 2332 3285 2385 ἐν
3324 2339 3387 2405 τῇ
3417 2334 3610 2385 Νικέων

2022 2421 2161 2477 πόλει
2190 2429 2281 2476 τοῦ
2314 2420 2578 2498 ίεροσύλου
2609 2422 2804 2498 Ἀρείου
2834 2425 2966 2493 μετά
2993 2431 3085 2484 τῆς
3124 2421 3255 2484 ἰδίας
3302 2421 3612 2484 δυσσεϐείας

2024 2516 2401 2589 κατακριθέντπ
2428 2516 2615 2586 νόμους
2646 2515 3024 2580 διαιωνίζοντας
3052 2523 3151 2571 τῶν
3178 2515 3612 2574 ἐκκλησιαστικῶν

2025 2605 2197 2663 ἔθεντο
2231 2608 2464 2673 κανόνων,
2494 2612 2577 2662 καί
2600 2608 2891 2684 παρ’ἡμῖν,
2920 2611 3007 2663 καί
3036 2609 3084 2661 ἐν
3122 2610 3277 2663 παντὶ
3317 2615 3389 2677 τῷ
3438 2608 3613 2680 κόσμῳ

2024 2710 2136 2763 ταῖς
2174 2700 2323 2763 ἰδίαις
2348 2700 2606 2767 διατάξεσι
2648 2706 2794 2767 ζῶσι,
2827 2705 2909 2756 καί
2946 2699 3067 2758 εἴτι
3104 2705 3228 2758 ποτέ
3260 2698 3443 2768 ἄλλως,
3481 2702 3614 2778 ἤπερ

2028 2798 2174 2851 αὐτοὶ
2216 2793 2502 2860 ἐτνῖπωσαν,
2528 2796 2896 2871 ἐπιχειρηθείη,
2930 2792 3049 2850 ἄνευ
3093 2796 3393 2869 ἀμφιϐολίας
3424 2816 3617 2871 καταρ-

2030 2897 2213 2965 γεῖται,
2244 2890 2264 2920 ⁸
2289 2893 2373 2945 καί
2400 2888 2539 2949 ὅπως
2568 2887 2792 2963 μηδεμιᾷ
2835 2890 3077 2965 ἐναλλαγῇ
3102 2890 3420 2969 παραϐαθείη
3451 2892 3517 2943 τὰ
3547 2892 3619 2949 εἰς

2028 2984 2223 3043 διηνεκῆ
2254 2983 2275 3014 ⁶
2311 2985 2696 3059 χρησιμώτατα
2741 2992 2948 3057 γενικῶς
2992 2986 3320 3039 ωπωθὲντα·
3366 2987 3493 3055 μήτε
3542 2984 3615 3042 είς

2027 3076 2186 3133 ἐδικὸν
2231 3077 2495 3137 ἐλκυσθείη
2541 3076 2728 3133 δίκαιον
2753 3118 2767 3141 ,
2800 3076 2951 3133 ἅτινα
2991 3078 3063 3137 εἰς
3105 3082 3263 3137 κοινὴν
3306 3076 3618 3132 λυσιτέλειαν

2030 3172 2339 3227 τετύπωται·
2374 3171 2623 3243 μενόντων
2647 3192 2701 3226 τε
2730 3176 2830 3227 τῶν
2856 3167 3005 3246 ὅρων,
3035 3168 3123 3231 οὓς
3164 3170 3409 3233 ἐπήξαντο
3438 3170 3483 3221 oi
3516 3190 3619 3222 πα-

342 3261 689 3317 manentibus
752 3264 1022 3330 terminis,
1078 3279 1215 3336 quos
1244 3268 1641 3322 constituerunt
1702 3267 1919 3339 Patres,

2025 3267 2200 3343 τέρες,
2241 3262 2419 3335 μηδείς
2453 3266 2584 3319 κατά
2620 3261 2815 3319 δικαίου
2862 3262 3122 3339 ἀλλοτρίου
3168 3260 3316 3316 ﬂeor
3364 3261 3470 3316 ἀλλ’
3487 3258 3621 3320 ἐντὸς

342 3365 370 3402 ε
402 3372 561 3410 nemo
594 3356 645 3410 in
685 3356 772 3426 jus
803 3358 985 3413 tendat
1016 3359 1286 3427 alienum;
1326 3362 1421 3418 scd
1464 3363 1601 3417 intra
1632 3362 1765 3419 ﬁnes
1802 3379 1929 3434 pro-

344 3449 494 3519 prios
537 3460 701 3519 atque
734 3451 1021 3519 legitimos,
1056 3462 1212 3521 prout
1242 3454 1363 3523 quis
1396 3455 1627 3511 valuerit
1654 3458 1705 3511 in
1749 3456 1929 3511 latitu-

345 3542 471 3597 dine
493 3556 553 3597 se
575 3541 856 3597 charitatis
881 3554 1158 3611 exerceat;
1178 3547 1334 3615 cujus
1355 3548 1483 3603 satis
1510 3549 1703 3603 uberes
1724 3548 1930 3605 fructus

346 3632 972 3704 Constantinopolitanus
1018 3646 1199 3708 potest
1234 3638 1461 3693 antistes
1517 3641 1831 3710 acquirere.
1884 3640 1930 3696 si

348 3727 518 3797 magis
567 3728 885 3782 humilitatis
922 3729 1125 3784 virtute
1173 3730 1391 3801 nitatur,
1446 3746 1605 3801 quam
1642 3731 1690 3787 si
1741 3732 1931 3803 spiritu

354 3819 666 3875 ambitionis
694 3818 723 3857 ιι
751 3821 986 3876 inﬂetur.

423 3910 551 3967 (ΖΑΡ.
602 3911 667 3966 ν.
706 3942 779 3955 --
814 3912 963 3980 Noli,
1008 3914 1193 3981 frater,
1226 3914 1386 3969 altum
1432 3932 1631 3987 sapere,
1681 3916 1769 3970 sed
1818 3916 1938 3969 time

356 4004 531 4074 (Rom.
564 4021 642 4071 xu,
668 4004 785 4073 20),
818 4004 1318 4063 etChristianorum
1348 4008 1647 4078 principum
1671 4008 1940 4077 piissitnas

354 4110 512 4152 aures
553 4098 814 4166 improbis
848 4098 1193 4167 petitionibus
1237 4099 1536 4167 inquietare
1565 4100 1784 4165 desiste,
1822 4100 1941 4169 qui-

358 4188 456 4243 bus
485 4202 689 4245 certum
734 4191 904 4245 habeo
934 4191 1196 4247 modestia
1220 4201 1271 4247 te
1300 4192 1469 4262 magis
1508 4208 1666 4262 quam
1704 4191 1939 4247 elatione

359 4282 702 4351 placiturum.
742 4283 1085 4339 Persuasioni
1129 4285 1271 4339 enim
1310 4293 1414 4338 tua:
1443 4285 1495 4338 in
1533 4285 1682 4339 nullo
1729 4288 1941 4354 penitus

363 4372 686 4445 suffragatur
713 4374 1065 4445 quorumdam
1096 4375 1471 4447 episcoporum
1514 4384 1638 4431 ante
1667 4376 1943 4447 sexaginta

440 4720 467 4747 ι
493 4708 616 4763 Vat.
638 4708 847 4764 collect.
879 4705 951 4760 94
976 4716 1031 4762 et
1051 4708 1359 4773 Sichardus,
1386 4709 1665 4779 negotium.

439 4780 467 4819 ι’
494 4780 626 4836 Cod.
658 4779 831 4835 Grim.
863 4779 1002 4842 apud
1037 4783 1236 4845 Quesn.
1277 4788 1389 4832 not.
1423 4778 1477 4843 3,
1510 4780 1806 4848 deﬁnitione
1839 4778 1951 4849 ejus

362 4868 536 4906 causa:
564 4853 794 4904 curanda
822 4850 1133 4920 perfunctos.
1164 4851 1315 4919 Apud
1350 4850 1619 4918 Pelagium
1651 4851 1700 4903 in
1726 4849 1953 4919 epistola

363 4925 430 4978 ad
466 4924 669 4975 Heliam
696 4932 751 4976 et
778 4930 911 4974 alios
957 4922 1123 4993 Istria:
1152 4928 1455 4989 epISCOpos.
1493 4920 1817 4989 Deﬁnitionis
1842 4923 1953 4993 ejus

363 5010 527 5047 causa
557 5009 669 5063 qua:
691 5002 798 5045 erat
820 4992 1071 5061 curanda,
1102 5001 1403 5060 pertractos.
1432 4993 1631 5045 Omnes
1660 4994 1827 5046 nostri
1864 4992 1955 5046 de-

361 5080 488 5117 cem
513 5079 565 5117 et
588 5075 792 5131 septem
819 5062 1080 5117 variarum
1111 5064 1487 5117 collectionnm
1533 5062 1746 5116 codices
1769 5062 1955 5131 vulga-

365 5151 480 5186 tam
512 5136 797 5189 lectionem
824 5134 1135 5200 prmferunt,
1172 5148 1329 5202 quam
1366 5132 1523 5186 etiam
1557 5133 1879 5200 Quesnellus
1904 5135 1953 5187 in

362 5204 493 5258 aliis
533 5206 645 5258 suis
692 5203 1229 5275 Codictbusireperit.
1275 5202 1371 5256 Hic
1416 5206 1564 5275 locus
1613 5207 1666 5258 in
1712 5204 1957 5258 Sicbardi

366 5276 623 5338 exemplo
655 5274 940 5327 omittitur.
984 5274 1107 5327 Mox
1142 5274 1441 5327 Vindebon.
1468 5274 1615 5343 Hist).
1651 5274 1795 5329 delet
1838 5275 1953 5329 sibi.
2031 5297 2043 5312 ο

446 5355 472 5383 ε
504 5344 707 5415 Ratisp.
736 5345 934 5398 omittit
961 5346 1189 5397 ausibus.
1220 5344 1280 5397 Et
1303 5345 1457 5411 paulo
1481 5357 1597 5409 post
1628 5347 1766 5399 idem
1790 5346 1959 5399 codex

370 5432 496 5469 cum
526 5431 656 5469 mss.
716 5415 1013 5468 Vindebon.
1049 5416 1260 5468 collect.
1306 5416 1339 5468 5
1390 5428 1441 5468 et
1474 5416 1733 5469 Vallicell.
1780 5417 1956 5481 habet,

371 5496 558 5539 contra
582 5496 773 5541 statuta
797 5485 1029 5538 .Vt'ca'na.
1057 5487 1181 5540 Mss'.
1212 5486 1425 5539 collect.
1448 5487 1516 5540 Ἡ
1536 5502 1654 5540 cum
1677 5486 1960 5551 Sichardo,

370 5568 558 5611 contra
581 5558 813 5611 inuitata
860 5556 1094 5611 Nicama.
1124 5555 1425 5610 Vindelmn.
1462 5558 1633 5625 llisp.,
1667 5570 1845 5610 contra
1886 5558 1965 5610 in-

372 5631 559 5685 stituta
590 5629 821 5695 Merene,
854 5640 1106 5697 corrupte
1135 5644 1232 5698 pro
1262 5627 1514 5693 Nicazna;
1559 5645 1678 5699 qum
1704 5627 1839 5684 forte
1872 5643 1965 5682 ve-

372 5702 492 5757 rior
524 5703 701 5755 lectio.

447 5771 475 5809 ἀ
504 5775 633 5826 Cod.
658 5773 855 5839 Grim.,
886 5775 1101 5847 appetis,
1134 5783 1179 5827 et
1210 5772 1469 5847 insalubre
1492 5772 1964 5847 contraria_concu-

374 5845 558 5917 piem.
593 5853 691 5904 Sex
740 5851 903 5904 noStri
954 5843 1112 5903 codd.
1138 5863 1257 5901 cum
1296 5846 1485 5900 Greece
1530 5854 1675 5899 textu
1718 5843 1965 5902 similiter

2030 3360 2222 3414 οἰκείων
2263 3359 2350 3412 καί
2393 3358 2615 3429 νομίμων
2660 3353 2811 3433 ὅρων,
2845 3356 3013 3416 καθῶς
3044 3348 3103 3409 ἀν
3140 3354 3357 3415 ἕκαστος
3395 3354 3619 3425 ἰσχύσῃ,

2032 3454 2106 3514 εἰς
2133 3452 2323 3512 πλάτος
2350 3453 2551 3525 ἀγάπης
2581 3450 2760 3505 ἑαυτὸν
2787 3450 3119 3524 ἐκγυμνάσει,
3150 3450 3210 3509 ἧς
3235 3468 3367 3508 τινος
3397 3446 3626 3509 εὐθαλεῖς

2032 3545 2262 3619 καρποὺς
2292 3542 2317 3597 ὁ
2350 3542 2921 3603 Κωνσταντινουπόλεως
2962 3542 3237 3601 ἐπίσκοπος
3268 3539 3481 3596 δύναται
3523 3562 3623 3595 πο·-

2034 3640 2295 3713 ρίσασθαι,
2328 3638 2373 3690 εί
2394 3636 2577 3707 μᾶλλον
2617 3644 2710 3696 τῆς
2748 3636 3215 3709 ταπεινοφροσύνης
3264 3635 3421 3711 ἀρετῇ
3464 3654 3629 3689 σπου-

2038 3726 2213 3792 δάσει,
2238 3727 2370 3800 ἤπερ
2410 3735 2483 3798 τῷ
2516 3736 2609 3787 τῆς
2648 3727 2936 3800 ἀμϐιτίονος
2970 3728 3224 3796 πνεύματι
3253 3728 3513 3800 φυσηθείη.
3550 3732 3628 3785 Μή

2040 3821 2226 3893 βούλου
2267 3817 2323 3874 δέ
2367 3817 2543 3892 ἀδελφέ
2590 3819 2848 3894 ὑπέρογκα
2889 3826 3106 3895 φρονεῖν,
3151 3816 3255 3871 ἀλλ’
3280 3817 3513 3873 εὐλαϐοῦ.
3546 3821 3631 3871 καὶ

2041 3914 2133 3974 τὰς
2169 3919 2267 3966 τῶν
2316 3918 2631 3988 χριστιανῶν
2661 3911 2909 3981 βασιλέων
2936 3911 3164 3968 εὐσεϐεῖς
3195 3911 3344 3971 ἀκοὰς
3376 3908 3633 3965 ἀναιδέσιν

2043 4006 2306 4063 αἰτήσεσιν
2326 4004 2665 4078 παρενοχλεῖν
2690 4001 2959 4071 ἀπὸσχου,
2984 3998 3196 4055 οἷστισιν
3222 4000 3633 4073 ὁμολογουμένως

2046 4097 2327 4166 ἓπὶσταμεν
2379 4096 2617 4167 ἐπιεικείᾳ
2666 4114 2723 4147 σε
2774 4093 2955 4162 μᾶλλον
2994 4090 3023 4151 ἦ
3065 4091 3323 4167 ὑπεροψίᾳ
3366 4092 3631 4166 ἀρέσοντα“

2044 4195 2107 4263 τῇ
2153 4188 2249 4263 γὰρ
2291 4188 2463 4259 γνώμῃ
2504 4192 2564 4260 τῇ
2609 4192 2674 4260 σῇ
2720 4181 2983 4238 κατόὐδέν
3029 4184 3373 4254 συμϐάλλεται
3418 4185 3449 4240 ἡ
3493 4183 3635 4257 παρά

2045 4303 2192 4337 τινων
2232 4280 2519 4336 ἐπισκόπων
2556 4280 2657 4354 πρὸ
2700 4278 2952 4343 ἐξήκοντα,
2982 4279 3051 4337 ὡς
3092 4285 3204 4349 φῆς,
3231 4278 3470 4330 ἐνιαυτῶν
3503 4296 3637 4349 γενο-

2047 4376 2169 4446 μὲνη
2206 4377 2497 4449 συγγραφή,
2526 4374 2613 4427 καὶ
2641 4369 2877 4428 οὐδέποτε
2905 4370 3047 4443 παρά
3071 4377 3171 4426 τῶν
3206 4368 3638 4447 προηγησαμένων

1974 4708 2030 4770 D
2053 4706 2307 4763 omittunt
2328 4704 2436 4757 tibi.

2132 4788 2155 4814 ε
2186 4777 2353 4841 Alias,
2384 4788 2647 4842 umquam.

2133 4845 2154 4885 τ
2178 4847 2269 4912 25’,
2302 4863 2390 4916 qu.
2428 4846 2479 4906 1,
2513 4846 2640 4916 Qua;
2665 4842 2738 4916 ad
2765 4850 3088 4916 perpetuam.

2132 4928 2157 4965 ις
2196 4913 2561 4971 νοιζοοιιθοι.
2615 4914 2708 4978 24,
2754 4913 2924 4967 Nemo
2957 4913 3165 4966 invadat
3202 4913 3445 4967 alienum.
3492 4916 3646 4983 Apud

2061 4989 2381 5046 Sichardum
2427 4999 2479 5040 et
2519 4986 2799 5040 Merlinutn
2850 4985 3129 5046 similiter;
3164 4987 3335 5038 Solum
3371 5001 3466 5051 pro
3502 5003 3645 5037 mmo

2061 5061 2261 5115 habent
2284 5076 2405 5113 non.
2437 5057 2553 5114 Vat.
2579 5056 2751 5123 llisp.,
2775 5072 2921 5109 nemo
2943 5060 3147 5109 danmet
3168 5056 3412 5109 alienum.
3449 5056 3502 5109 In
3527 5056 3645 5110 Vat.

2060 5131 2185 5186 lsid.
2213 5143 2441 5199 utraque
2473 5128 2889 5198 lectiojungitur
2914 5131 2993 5183 sic
3019 5146 3031 5181 :
3067 5126 3233 5181 Nemo
3265 5128 3419 5197 injus
3450 5128 3644 5198 tendat,

2061 5213 2212 5256 ataue
2240 5205 2444 5256 damnet
2468 5201 2715 5253 alienum.

2152 5219 2212 5255 ue
2240 5219 2444 5256 aamnet
2468 5219 2715 5253 attenttm.

2117 5219 2161 5311 ιζ’
2196 5272 2493 5326 Vindebon.
2528 5271 2700 5337 Hisp..
2730 5268 2991 5339 impletur.
3035 5267 3391 5325 Emendatum
3438 5269 3491 5322 in
3528 5267 3645 5326 Vat.

2062 5343 2217 5413 Hisp.
2250 5359 2313 5397 ac
2336 5342 2487 5406 I~id.,
2510 5341 2804 5411 impleatur.

2139 5416 2156 5446 ¹
2183 5414 2336 5468 Ιλριῑ..
2362 5414 2544 5468 ἐαυτῆ.

2226 5430 2336 5483 93.,
2362 5430 2544 5485 ἑαυτῇ.

2137 5487 2157 5517 ²
2183 5487 2335 5555 Leg.,
2362 5488 2446 5539 καὶ
2472 5485 2730 5554 ἀθέσμως.

2138 5556 2159 5587 ³
2190 5555 2295 5619 Leu
2306 5599 2318 5610 .
2330 5598 2342 5613 .
2377 5560 2681 5612 συναίνεσιν.

2138 5626 2161 5658 ⁸
2184 5627 2385 5697 Sttpple
2407 5629 2485 5681 οὐ.

2144 5699 2166 5772 ἕ
2200 5693 2321 5752 nec
2358 5698 2665 5772 ennjunctio
2700 5694 3000 5767 superﬂuit,
3042 5693 3276 5772 ideoque
3304 5694 3657 5763 eiiminanda,

2142 5771 2163 5803 ⁸
2192 5772 2348 5843 1.63.,
2376 5770 2766 5848 χρησιμότητα.
