4042 6350
408 322 544 399 too-1

1504 327 1561 385 s.
1606 325 1850 384 LEONIS
1890 314 2109 390 uacui
2145 328 2522 388 Episrom.

3547 320 3687 382 ιοῡο

410 450 509 521 (ut
539 456 566 486 ι
602 445 817 519 jactas)
860 454 1030 498 annos
1067 444 1204 495 tacta
1250 437 1573 508 conscriptio
1614 436 1642 477 δ
1677 455 2024 517 ηυῐγιιμιεηιιη

2142 470 2186 516 ε,
2202 450 2274 509 εἰς
2287 455 2470 521 γνῶσιν
2485 451 2577 503 τοῦ
2595 443 2931 499 ἁποστολικοῦ
2950 436 3121 520 θρόνου
3138 442 3441 515 πεμφθεῖσα,
3458 438 3586 515 ᾗτινι
3596 448 3690 503 τήν

318 594 327 617 ,_
410 555 516 611 que
536 554 564 592 ιι
583 532 1070 609 praedecessoribus
1092 532 1196 586 tuis
1212 530 1278 585 ad
1298 530 1606 602 apostolicae
1623 532 1767 594 sedis
1788 539 1995 611 1167

324 634 327 635 ⁷
410 633 727 689 transmissa
766 629 1032 694 notitiam,
1064 627 1150 682 cui
1189 627 1257 681 ab
1306 624 1458 681 initio
1499 628 1584 688 sui
1629 636 1865 702 cadum,
1901 634 1999 687 du-

413 724 647 793 dumque
676 722 929 792 collapsa:
952 734 1072 774 sera
1090 733 1232 773 nunc
1259 728 1313 773 et
1335 720 1542 779 inutilia
1565 725 1832 795 subjicere
1856 735 1877 763 ε
1898 723 2002 778 ful-

414 816 644 870 cimenta
682 813 917 878 voluisti,
949 812 1215 873 eliciendo
1249 833 1277 871 a
1322 817 1577 872 fratribus
1606 819 1838 884 speciem
1874 830 2003 870 con-

415 907 702 973 sensioniS,
727 923 884 976 quam
908 908 1002 967 tibi
1031 929 1085 966 ιιι
1109 928 1260 967 suam
1285 911 1540 980 iniuriam
1575 909 1896 965 verecundia
1922 909 2002 963 fa-

413 1000 577 1075 tigata
605 1000 897 1075 praeberet.
927 1005 1194 1058 Memento
1215 1004 1341 1073 quid
1368 1004 1624 1057 Dominus
1645 1002 1693 1055 ei
1725 1002 1811 1069 qui
1843 1016 2006 1055 unum

417 1098 486 1153 de
514 1097 717 1167 pusillis
734 1094 760 1133 ἀ
777 1096 1591 1151 scandalizaveritcomminetur
1609 1078 1827 1165 (Matth.
1854 1108 2004 1159 mn,

423 1190 490 1256 6;
525 1188 693 1243 Marc.
724 1204 802 1255 ιχ,
825 1187 939 1258 41),
972 1201 1027 1244 et
1060 1190 1331 1253 sapienter
1363 1186 1597 1257 intellige
1626 1186 1783 1256 quale
1812 1184 1883 1239 sit
1917 1184 2009 1238 Dei

418 1285 678 1356 judicium
718 1284 1014 1349 subiturus,
1047 1284 1137 1353 qui
1177 1291 1256 1336 tot
1294 1281 1570 1346 Ecclesiis,
1602 1289 1680 1335 tot
1720 1277 2013 1333 sacerdoti-

422 1379 525 1434 bus
554 1377 865 1432 scandalum
899 1375 1095 1460 inierre
1137 1392 1240 1428 non
1273 1376 1481 1429 metuit.
1520 1373 1715 1428 Fateor
1754 1374 1895 1428 enim
1938 1371 2011 1426 ita

424 1487 514 1527 me
541 1470 831 1526 dilectione
860 1468 1122 1522 universa:
1152 1466 1503 1521 fraternitatis
1529 1466 1811 1534 obstringi,
1844 1472 1901 1519 ut
1921 1480 2014 1519 ue-

425 1561 559 1615 mini
593 1575 813 1629 prorsus
845 1559 898 1612 in
925 1558 1004 1611 his
1049 1572 1169 1626 quae
1195 1567 1385 1612 contra
1420 1573 1479 1612 se
1523 1559 1693 1627 poscit
1728 1558 2011 1622 as.~entiar,

426 1654 712 1724 possisque
740 1651 1020 1707 evidenter
1048 1664 1339 1719 agnoscere
1378 1666 1467 1705 me
1499 1651 1771 1705 dilectioni
1795 1660 1896 1705 tua:
1923 1650 2017 1705 be-

430 1747 625 1803 nevolo
651 1746 831 1799 animo
860 1746 1153 1808 contraire,
1186 1751 1245 1797 ut
1278 1748 1492 1799 saniore
1531 1744 1761 1798 consilio
1793 1743 1861 1796 ab
1903 1743 2017 1796 uni-

2349 545 2522 615 ἀρχήν
2570 540 2907 609 ἀνυποστάτῳ
2944 541 3028 592 καὶ
3063 538 3306 612 ὀλισθηρᾷ
3349 536 3693 613 τυγχανούσῃ

2105 633 2338 711 βραδέως
2365 640 2453 688 νῦν
2494 636 2579 688 καί
2608 635 2879 705 άχρίστως
2918 630 3196 685 ὑποϐαλεῖν
3244 628 3524 689 ἠϐουλήθης
3567 643 3697 687 στη-

2104 731 2350 804 ρίγματα,
2383 729 2527 802 παρά
2560 734 2659 783 τῶν
2690 728 2818 798 ἐμῶν
2845 723 3063 796 ἀδελφῶν
3107 731 3297 795 σχῆμα
3341 721 3698 787 συναινέσεως,

2106 823 2280 880 ἥντινά
2320 842 2401 875 σοι
2432 823 2497 880 είς
2536 821 2553 850 ¹
2584 824 2676 879 σήν
2720 819 2867 894 ὕϐριν
2896 823 2985 878 τήν
3011 818 3030 848 ¹
3057 817 3383 890 σχυλθεῖσαν
3408 813 3535 869 αἰδῶ
3558 833 3702 889 παρ-

2108 915 2387 986 εσχηκίναι
2415 911 2436 943 ³
2468 916 2725 985 γινώσκει·
2762 912 3014 969 Μνὴσθητι
3049 912 3101 964 τί
3140 907 3166 963 ὁ
3205 904 3465 967 Δεσπότης
3504 913 3579 976 τῷ
3614 906 3707 961 ἕνα

2108 1016 2208 1063 τῶν
2237 1013 2424 1083 μικρῶν
2451 1008 2644 1060 τούτων
2675 1002 3056 1068 σκανδαλίζοντι
3101 1000 3326 1065 ἀπειλεῖ,
3358 1001 3445 1053 καί
3474 1002 3706 1055 συνετῶς

2111 1099 2291 1156 νόησον
2337 1098 2506 1152 ὁποῖον
2548 1095 2623 1153 εἴη
2656 1103 2747 1152 τοῦ
2794 1101 2925 1151 Θεοῦ
2964 1092 3293 1167 δικαστήριον
3339 1089 3708 1146 ὖπεισελευσό·

2112 1212 2257 1261 μενος
2280 1189 2304 1244 ὁ
2328 1189 2606 1248 τοσαύταις
2630 1189 2937 1248 ἐκκλησίαις,
2962 1183 3231 1244 τοσούτοις
3254 1184 3446 1262 ἱερεῦσι
3477 1179 3709 1237 σκάνδα-

2111 1282 2191 1336 λον
2215 1282 2447 1351 ἐμϐαλεῐν
2467 1287 2535 1351 μή
2552 1280 2802 1353 φοϐηθείς.
2822 1278 3082 1351 Ὀμολογῶ
3098 1278 3196 1353 γὰρ
3217 1277 3435 1347 ἐμαυτόν
3462 1274 3628 1335 οὕτως

2119 1375 2293 1447 ἀγάπῃ
2320 1374 2492 1433 πάσης
2518 1381 2609 1432 τῆς
2639 1371 2965 1442 ἀδελφότητος
2991 1370 3326 1440 συνέχεσθαι,
3362 1370 3496 1423 ὥστε
3531 1364 3712 1438 μηδενί

2116 1470 2280 1525 πάντη
2308 1468 2473 1522 αὐτῶν
2504 1467 2552 1518 ἐν
2581 1468 2801 1529 τούτοις,
2835 1462 2969 1539 ἅπερ
3001 1462 3305 1519 καθ’ἐαυτῶν
3331 1462 3556 1525 αἰτοῦσι,
3585 1478 3716 1513 συνυ

2117 1561 2359 1616 τίθεσθαι.
2393 1563 2587 1629 Δυνήση
2616 1556 2669 1612 δὲ
2700 1559 2991 1632 σαφέστερα
3017 1564 3202 1627 γνῶναι
3232 1556 3320 1624 ἐμὲ
3346 1560 3409 1628 τῇ
3436 1560 3506 1627 σῇ
3535 1552 3714 1623 ἀγάπῃ

2119 1653 2377 1709 καλοτελεῖ
2399 1651 2553 1723 ψυχῇ
2584 1650 2903 1715 ἀντιϐαίνειν,
2938 1647 3075 1707 ὅπως
3107 1642 3165 1701 ἂν
3194 1647 3333 1719 ὑγιεῖ
3354 1646 3589 1717 λογισμῷ
3610 1644 3717 1698 ἀπό

2120 1748 2294 1807 πάσης
2322 1753 2413 1805 τῆς
2442 1746 2861 1803 inlucido-riui;
2903 1749 3146 1818 ταραχῆς
3198 1739 3413 1795 σεαυτόν
3459 1739 3716 1810 ἑπίσχῃςη

430 1839 660 1895 versatis
688 1846 740 1892 te
792 1836 1048 1891 Ecclesia:
1100 1835 1503 1902 perturbatione
1552 1836 1850 1890 contineas.
1900 1833 2017 1889 Non

2138 1843 2194 1897 ιή
2220 1837 2587 1913 παρασπαθείη
2625 1844 2725 1891 τῶν
2757 1837 3102 1911 ἐπαρχιωτῶν
3130 1835 3195 1887 τὰ
3222 1830 3408 1886 δίκαια·
3452 1833 3578 1901 μήτε
3616 1835 3722 1883 τῶν

429 1930 805 1987 convellantur
846 1927 1252 1997 provincialium
1293 1930 1409 1995 jura
1456 1937 1479 1964 ε
1523 1927 1868 1997 primatuum,
1920 1941 2019 1981 nec

429 2025 721 2095 privilegiis
775 2021 1066 2092 antiquitus
1114 2022 1370 2074 institutis
1423 2021 1822 2088 metropolitani
1871 2019 2018 2074 frau-

430 2115 628 2171 dentur
649 2113 937 2168 antistites.
968 2112 1109 2167 Nihil
1135 2112 1511 2167 Alexandrinre
1541 2112 1652 2167 sedi
1682 2114 1820 2181 ejus,
1860 2128 2017 2181 quam

430 2222 529 2277 per
558 2214 804 2261 sanctum
832 2205 1069 2260 Marcum
1096 2204 1485 2273 evangelistam
1517 2203 1662 2258 beati
1696 2203 1837 2258 Petri
1862 2202 2021 2257 disci-

430 2301 616 2370 pulum
638 2298 855 2366 meruit,
887 2305 1071 2368 pereat
1092 2297 1402 2367 dignitatis;
1428 2311 1526 2351 nec
1550 2296 1806 2350 Dioscoro
1830 2296 2021 2366 impie-

430 2394 559 2448 tatis
598 2408 709 2447 sua:
756 2390 1048 2460 pertinacia
1088 2399 1399 2456 corruente,
1441 2387 1696 2458 Splendor
1726 2397 1887 2441 tantae
1926 2387 2025 2442 Ec-

434 2485 617 2541 clesiae
652 2482 889 2538 tenebris
921 2482 1235 2537 obscuretur
1265 2480 1479 2535 alienis.
1513 2478 1847 2534 Antiochena
1887 2493 2023 2549 quo-

434 2594 542 2651 que
570 2578 830 2642 Ecclesia,
862 2577 915 2630 in
944 2591 1046 2646 qua
1077 2575 1309 2644 primum
1353 2574 1683 2643 praedicante
1705 2573 1863 2627 beato
1894 2587 2026 2640 apo-

434 2672 577 2729 stolo
622 2672 804 2735 Petro,
857 2666 878 2707 ί
920 2669 1285 2723 Chrisuanum
1315 2682 1515 2722 nomen
1556 2678 1800 2722 exortum
1830 2678 1933 2733 est,
1973 2667 2026 2722 in

432 2777 673 2838 paterna:
698 2762 1097 2819 constitutionis
1129 2762 1317 2816 ordine
1339 2771 1667 2831 perseveret,
1702 2770 1758 2816 et
1783 2762 1834 2815 in
1858 2761 2028 2831 gradu

434 2860 596 2914 tertio
646 2856 906 2912 collocata
942 2869 1233 2921 numquam
1283 2862 1309 2900 ε
1358 2868 1418 2908 se
1456 2852 1549 2906 ﬁat
1593 2852 1836 2907 inferior.
1870 2853 2027 2909 Aliud

435 2952 580 3008 enim
614 2956 741 3004 sunt
765 2949 939 3014 sedes,
980 2948 1191 3018 1169
1218 2946 1359 3000 aliud
1398 2945 1779 3016 praesidentes;
1823 2954 1878 3002 et
1913 2961 2028 3002 ma-

437 3056 574 3113 gnus
611 3041 899 3110 unicuique
939 3039 1111 3093 honor
1140 3047 1222 3092 est
1255 3038 1539 3108 integritas
1577 3053 1693 3093 sua.
1728 3038 1859 3107 Quae
1906 3054 2027 3094 cum

435 3135 496 3187 in
526 3134 859 3204 quibuslibet
887 3132 1020 3187 locis
1063 3131 1282 3201 prOpria
1322 3139 1639 3186 ornamenta
1677 3147 1783 3187 non
1817 3132 2029 3204 perdat,

2124 1932 2347 2006 ἀρχῆθεν
2384 1929 2744 2001 τετυπωμένων
2786 1930 3067 2003 προνομίων
3091 1925 3138 1978 οἱ
3176 1922 3547 1998 μητροπολίται
3587 1924 3725 1975 ἀπο·

2124 2025 2405 2099 στερηθεῖεν
2450 2024 2721 2077 ἐπίσκοποι
2759 2018 2781 2050 ’⁵
2811 2020 2937 2093 μηδέ
2987 2040 3090 2075 που
3136 2015 3498 2093 Ἀλεξανδρέων
3541 2015 3722 2092 Θρὸνου

2124 2126 2216 2178 τῆς
2244 2125 2413 2189 τιμῆς,
2443 2113 2495 2175 ἧς
2530 2136 2664 2173 τινος
2702 2112 2790 2168 διὰ
2825 2120 2918 2168 τοῦ
2957 2113 3101 2184 ἁγίου
3140 2112 3345 2185 Μάρκου
3384 2115 3478 2163 τοῦ
3514 2110 3723 2179 etiarns-

2123 2211 2299 2265 λιστοῦ
2321 2214 2412 2262 τοῦ
2442 2208 2665 2279 μαθητοῦ
2694 2212 2785 2260 τοῦ
2819 2204 2962 2278 ἁγίου
3001 2205 3187 2275 Πέτρου
3235 2202 3444 2267 ἠξιώθη,
3477 2197 3725 2274 παραπό-

2126 2304 2293 2359 ληται·
2324 2304 2447 2371 μήτε
2491 2298 2576 2354 διὰ
2620 2298 2894 2373 Διόσκορον
2923 2296 3006 2352 διὰ
3034 2302 3125 2357 τὴν
3156 2295 3439 2366 ἰταμότητα
3465 2300 3557 2354 τῆς
3586 2288 3724 2352 ἰδίας

2128 2394 2433 2453 δυσσεϐείας
2470 2392 2716 2457 πεσόντα,
2741 2393 2798 2447 τό
2846 2399 2947 2465 φῶς
2995 2398 3086 2451 τῆς
3130 2386 3386 2448 τοσαύτης
3429 2386 3723 2444 Ἐκκλησίας

2130 2486 2295 2557 σκότῳ
2341 2487 2586 2559 ἀλλοτρίῳ
2630 2486 2975 2559 ἁμαυρωθείη.
3014 2485 3099 2536 καί
3129 2484 3159 2540 ἡ
3186 2480 3491 2549 Ἀντιοχέων
3534 2477 3725 2548 ὁμοίως

2130 2578 2417 2640 Ἐκκλησία,
2451 2579 2500 2630 ἐν
2542 2573 2571 2651 ᾖ
2609 2576 2667 2632 τό
2711 2583 2912 2649 πρῶτον
2956 2572 3283 2633 διδάσκοντος
3330 2577 3422 2627 τοῦ
3467 2590 3726 2645 μακαριω·

2130 2673 2283 2727 τάτου
2313 2669 2591 2725 ἀποστόλου
2623 2671 2814 2742 Πέτρου
2842 2668 2901 2723 τὸ
2924 2667 2945 2699 ³
2966 2674 3053 2722 τοῦ
3076 2671 3297 2742 Χριστοῦ
3323 2660 3483 2736 ὄνομα
3506 2663 3726 2739 ἤρξατο,

2131 2766 2183 2819 ἐν
2210 2772 2273 2838 τῇ
2312 2769 2411 2818 τῶν
2441 2763 2676 2838 πατέρων
2707 2760 3022 2816 διατυπώσει
3064 2759 3430 2834 παραμενέτω,
3460 2753 3548 2810 καί
3576 2756 3623 2808 ἓν
3653 2761 3729 2826 τῷ

2131 2859 2286 2933 τρίτῳ
2342 2856 2521 2929 βαθμῷ
2585 2854 2875 2932 ἰδρὺνθεῖσα
2932 2858 3127 2926 μήποτε
3181 2851 3202 2881 ⁸
3249 2850 3454 2911 ἑαυτοῖς
3521 2849 3729 2923 γένηται

2391 2948 2640 3002 ἑλάσσων’
2690 2947 2709 2977 ⁷
2754 2943 2872 3001 ἄλλο
2922 2947 3023 3020 γάρ
3071 2946 3181 2998 ἐστι
3233 2941 3426 3018 θρόνος,
3474 2942 3563 2995 καί
3608 2936 3732 2993 ἄλλο

2132 3038 2505 3117 προκαθιδρία,
2558 3044 2639 3094 καὶ
2689 3039 2881 3113 μεγάλη
2936 3038 3155 3092 ἑκάστου
3203 3039 3326 3105 τιμή
3376 3035 3514 3089 ἐστιν
3561 3035 3592 3091 ἡ
3625 3029 3733 3088 ἰδία

2134 3137 2437 3212 καθαρότης,
2470 3136 2578 3196 ἥτις
2610 3134 2763 3190 ὁπότε
2797 3135 2845 3187 ἐν
2875 3133 2996 3192 οἵοις
3026 3130 3214 3189 δήποτε
3254 3129 3434 3189 τόποις
3474 3126 3563 3183 τόν
3601 3123 3735 3179 ἴδιον

437 3235 640 3297 quanto
661 3224 831 3295 magis
854 3224 907 3278 in
941 3221 1552 3291 Constantinopolitana:
1592 3224 1741 3277 urbis
1779 3222 2024 3293 magniﬁ-

2138 3230 2287 3286 τόπον
2329 3231 2419 3283 οὐκ
2462 3227 2733 3285 ἀπόλλυσι,
2765 3225 2911 3297 πόσῳ
2942 3224 3124 3295 μᾶλλον
3152 3224 3201 3277 ἐν
3227 3229 3289 3297 τῇ
3319 3234 3734 3275 Κωνσταντινου-

439 3319 617 3373 centia
634 3325 812 3385 potest
832 3329 953 3369 esse
976 3314 1229 3383 gloriosa,
1253 3314 1298 3367 si
1323 3329 1417 3382 per
1434 3314 1830 3368 observantiam
1854 3321 2022 3382 tuam,

440 3406 471 3444 ιι
500 3417 554 3461 et
574 3406 942 3462 defensionem
974 3406 1179 3474 paterni
1210 3419 1466 3476 canones,
1493 3413 1550 3461 et
1568 3405 1872 3476 exemplum
1903 3421 2028 3476 pro—

438 3500 624 3556 bitatis
650 3499 804 3554 multi
836 3498 1069 3554 habeant
1094 3497 1439 3553 sacerdotes?

514 3649 541 3677 ι
571 3636 851 3692 Anatolius
895 3634 951 3688 in
988 3632 1149 3703 epist.
1195 3632 1323 3705 iOi,
1360 3648 1480 3703 cap.
1506 3632 1568 3705 74,
1615 3649 1705 3703 per
1738 3636 2027 3705 sexaginta,

442 3710 633 3779 inquit,
658 3716 705 3779 et
735 3705 1056 3777 septuaginta
1078 3720 1260 3779 annos.
1283 3704 1474 3779 Verius
1504 3704 1795 3779 liticentius
1816 3704 2034 3775 aposto-

443 3774 560 3837 lica}:
598 3778 743 3833 sedis
786 3774 989 3845 iegat'us
1020 3787 1125 3829 act.
1160 3774 1225 3828 16
1269 3774 1460 3827 concil.
1505 3774 2034 3831 Chalcedonﬁocto-

440 3854 588 3920 ginta
617 3863 787 3902 annos
819 3847 1130 3920 recensuit:
1170 3846 1377 3899 Accedit
1404 3846 1472 3898 ad
1498 3848 1790 3920 cumulum,
1836 3848 2030 3915 inquit,

439 3918 579 3993 quod
608 3928 947 3974 trecentorum
985 3919 1243 3993 decem_et
1273 3924 1385 3969 octo
1406 3918 1864 3993 constitutionibus
1892 3929 2031 3993 past-

441 3989 648 4062 positis,
676 3998 880 4062 centum
909 3989 1300 4062 quinquaginta,
1330 3989 1415 4055 qui
1444 3990 1496 4041 in
1527 3989 1788 4062 synodicis
1819 3991 2032 4044 canoni-

441 4059 534 4118 bus
562 4079 661 4116 non
684 4060 952 4126 habentur,
981 4059 1285 4111 mentionem
1315 4068 1510 4113 tantum
1535 4060 1710 4129 fecisse
1732 4071 2035 4129 noscuntur,

442 4151 557 4205 qua:
580 4134 759 4205 dicunt
782 4141 899 4205 ante
917 4131 1171 4200 octoginta
1195 4146 1353 4205 prope
1374 4146 1533 4205 annos
1559 4133 1833 4205 constituta
1857 4134 2034 4202 fuisse.

515 4204 542 4242 δ
573 4204 704 4260 Mira
745 4202 795 4256 in
824 4201 924 4254 hoc
949 4210 1093 4253 textu
1117 4201 1359 4254 codicum
1390 4202 1639 4254 varietas.
1682 4201 1910 4270 tuniqu
1948 4219 2037 4257 nec

442 4290 686 4346 umquam
726 4290 773 4346 Aa,
814 4270 1268 4346 prtedecessorib_us
1308 4272 1405 4325 tuis
1448 4272 1514 4325 ad
1560 4272 1855 4343 apostolicae
1902 4274 2036 4327 sedis

443 4342 599 4399 missa
629 4344 829 4398 notitia.
868 4342 1167 4396 Vindebnn.
1203 4342 1374 4410 Hisp.,
1408 4358 1499 4394 nec
1528 4359 1768 4409 umquam
1794 4346 2037 4411 quoniam

443 4433 476 4469 a
510 4414 964 4487 prtedscessoribus
1006 4417 1107 4466 tuis
1142 4412 1537 4487 adupostolica
1575 4417 1691 4467 sede
1737 4417 2038 4469 transmissa

444 4484 644 4540 notitia.
682 4487 797 4538 Vat.
846 4486 996 4554 Htsp.
1042 4494 1096 4537 et
1142 4484 1293 4549 lsid.,
1342 4501 1431 4537 nec
1476 4501 1715 4552 umquam
1748 4489 1865 4555 jant
1908 4486 2037 4554 (pro

444 4559 685 4623 quoniam
710 4558 806 4625 )...
839 4555 907 4608 ad
933 4556 1266 4626 apostolicam
1296 4556 1464 4607 sedem
1490 4556 1791 4608 transmissa
1832 4558 2033 4610 notitia.

445 4628 581 4681 Cod.
606 4627 774 4681 Grim.
808 4625 1058 4693 corrupte
1085 4626 1222 4694 apud
1261 4625 1463 4691 Quesn.
1494 4638 1607 4679 not.
1651 4626 1707 4693 4,
1741 4643 1853 4680 cunt
1883 4644 2037 4696 quam

444 4717 477 4751 a
510 4698 987 4768 prcedecessoribus,
1030 4705 1135 4749 etc.
1174 4696 1378 4748 Thuan.
1411 4712 1568 4762 unus,
1614 4713 1728 4750 Cum
1774 4700 1979 4764 quando
2004 4716 2035 4751 α

446 4767 901 4840 pt'redecessoribus
924 4768 1022 4840 tu_is
1044 4768 1267 4840 audieris
1289 4767 1357 4818 ad
1382 4770 1715 4835 apostolicam
1739 4770 2036 4840 dudumque

447 4838 636 4894 sedem.
688 4838 801 4891 Duo
830 4840 915 4890 alii
954 4838 1197 4909 Tliuanei
1230 4840 1412 4891 ultima
1457 4840 1618 4891 verba
1666 4840 1742 4893 sic
1780 4839 2030 4909 efferunt,

446 4910 517 4964 ad
552 4909 884 4979 apostolicam
922 4908 1092 4960 sedem
1144 4914 1441 4962 transmissa
1473 4910 1675 4964 notitia.
1729 4911 2029 4967 Vintlebon.

446 4982 657 5036 collect.
687 4980 739 5045 5,
774 4994 835 5032 ne
864 4994 979 5051 cunt
1014 4981 1217 5047 quando
1257 4997 1287 5031 a
1313 4982 1785 5050 prwdecessoribus,
1819 4993 1947 5051 etc.,
1978 4993 2035 5039 ut

446 5054 499 5106 in
531 5061 697 5107 textu.
735 5053 845 5103 Duo
875 5049 1089 5103 collect.
1117 5053 1208 5114 21,
1242 5067 1359 5103 cum
1384 5054 1607 5119 quadam
1641 5070 1671 5106 a
1694 5049 2033 5118 prwdecesso-

446 5124 587 5177 ribus
612 5124 712 5175 tuis
740 5121 806 5174 ad
837 5118 1171 5190 apostolicam
1196 5122 1366 5175 sedent
1396 5118 1695 5177 transmissa
1720 5125 1916 5178 notitia.
1936 5126 2032 5180 Se-

444 5196 662 5263 quentia
692 5204 866 5246 tamen
890 5200 1171 5263 contextus
1190 5196 1351 5246 verba
1377 5193 1571 5246 editam
1603 5194 1886 5249 lectionem
1912 5198 2029 5252 aliis

446 5262 740 5330 (iudicibus,
761 5265 1059 5333 praesertim
1095 5262 1439 5336 Vallicellano
1460 5275 1513 5318 et
1540 5266 1723 5320 Graeca
1758 5269 2028 5336 versione,

444 5337 797 5405 approbatam
822 5336 1175 5389 coitiirmant:
1203 5333 1410 5389 Caduca
1425 5336 1592 5404 enim,
1618 5338 1910 5406 dudumque
1924 5333 2033 5392 col;

445 5407 593 5480 lapsa
614 5408 939 5480 conscriptio,
962 5406 1675 5480 (lonstatttinnpolitanorum
1704 5411 1915 5463 Patrum
1936 5425 2035 5480 pro

446 5477 577 5535 sedc
604 5479 710 5533 ΟΡ.
733 5477 1007 5532 deoretum
1031 5477 1358 5547 intelligitur,
1381 5480 1520 5547 quod
1543 5481 1754 5545 quidem
1779 5477 2033 5537 Roma—na)

446 5550 564 5606 sedi
587 5561 711 5604 ante
729 5550 829 5603 hoc
845 5562 1054 5619 tempus
1076 5552 1312 5619 ignotum
1339 5549 1641 5605 t'uisseatibi
1658 5554 2027 5608 ostendemus.

524 5631 546 5660 ε
582 5621 806 5693 Utrique
837 5621 1237 5690 Hisp.,Merlin.
1265 5629 1320 5675 et
1342 5622 1629 5677 Sichardus
1652 5639 1772 5675 cum
1801 5626 2031 5693 antiquis

448 5691 643 5765 pronis
669 5692 1027 5765 coitionibus,
1046 5699 1287 5761 tunicata.
1323 5693 1448 5748 Post
1475 5706 1643 5764 pauca
1666 5709 1762 5765 pro
1783 5695 1888 5761 tibi,
1913 5691 2029 5755 Vat.

449 5761 677 5844 "ise-.9!
698 5762 823 5844 lsid-
856 5778 979 5844 οιιιιι
1009 5764 1241 5844 “aliae.
1261 5765 1378 5844 iiii-

521 5829 545 5870 ιι
585 5833 878 5891 Vindebou.
908 5833 1057 5902 Hisp.
1089 5829 1235 5893 addit
1253 5835 1378 5899 illis.

2134 3322 2351 3378 πολιτῶν
2396 3319 2535 3375 πόλει
2576 3317 2803 3383 ἐπίδοξος
2849 3316 3058 3372 δύναται
3092 3310 3219 3370 εἶναι
3245 3316 3266 3346 ⁸
3303 3316 3334 3372 ἡ
3370 3311 3735 3385 μεγαλειότης“

2140 3416 2160 3447 ⁹
2192 3416 2223 3472 ἡ
2252 3412 2337 3468 διὰ
2363 3422 2455 3473 τῆς
2484 3419 2580 3473 σῆς
2610 3410 3008 3485 παραφυλακῆς,
3037 3411 3125 3463 καί
3168 3404 3470 3467 ἐκδικήσεως
3500 3406 3601 3459 οἵτε
3632 3426 3740 3458 πας

2142 3508 2308 3579 τρικοὶ
2350 3500 2569 3571 κανόνες,
2599 3507 2687 3557 καί
2725 3501 2901 3557 πολλοὶ
2947 3503 3099 3576 ἱερεῖς
3141 3496 3431 3572 ὑπόδειγμα
3455 3496 3500 3528 ¹⁰
3539 3494 3734 3567 ἔχομεν

2211 3649 2238 3722 ξ’
2272 3639 2361 3722 Sic
2381 3653 2573 3695 omnes
2595 3636 2832 3703 codices,
2857 3644 3085 3706 excepto
3114 3633 3495 3717 Siphardiano,
3534 3633 3591 3688 in
3620 3647 3737 3704 quo

2140 3721 2444 3779 primatum.

2214 3781 2234 3820 τ
2267 3782 2569 3838 Vindebon.
2599 3781 2819 3837 collect.
2842 3780 2877 3836 5
2900 3787 2951 3834 et
2976 3776 3264 3845 Vallicell.,
3296 3775 3734 3841 Christianorum,

2139 3852 2275 3908 forte
2298 3854 2509 3908 melius.
2534 3854 2835 3921 Respicitur
2854 3850 2985 3905 illud
3003 3848 3261 3921 Actorum
3289 3863 3427 3921 cap.
3450 3845 3735 3921 x5136,

2138 3935 2193 3977 ut
2223 3915 2700 3996 cognominaremur
2736 3924 2970 3996 primunt
2988 3920 3274 3996 Antiochiae
3302 3915 3547 3996 discipuli
3582 3915 3739 3996 Clari-

2140 3989 2329 4061 stiani;
2379 3997 2467 4051 ubi
2514 4008 2688 4050 tamen
2723 3989 2771 4048 id
2806 4008 2909 4047 non
2940 3992 3122 4058 Petro,
3166 3991 3262 4045 sed
3300 3990 3467 4044 Paulo
3490 4003 3555 4043 ac
3606 3989 3740 4061 Bar-

2145 4058 2743 4136 nabas-praedicantibus
2770 4065 3043 4118 tribuitur.
3066 4063 3208 4116 Idem
3241 4075 3372 4136 v_e_ro
3402 4058 3741 4136 S.__pon_ti|'ex

2145 4131 2379 4193 mentem
2412 4154 2559 4192 suam
2592 4139 2722 4192 satis
2742 4136 3033 4205 explicavit
3064 4148 3229 4205 serto.
3260 4131 3352 4193 89..
3376 4146 3427 4205 c:
3460 4131 3516 4196 5,
3549 4131 3640 4185 ubi
3664 4134 3743 4205 de

2146 4209 2330 4280 Petro,
2356 4209 2447 4280 qui
2479 4200 2869 4280 Antiochenam
2902 4208 3081 4280 sedem
3115 4200 3526 4280 inStituit,__Jam_
3546 4204 3740 4280 Antio-

2145 4274 2389 4345 chenam;
2410 4281 2598 4351 inquit,
2633 4278 3058 4351 Erclesiant,_ubi
3086 4278 3309 4348 primum
3336 4274 3621 4330 Christiani
3642 4289 3743 4329 no-

2145 4352 2299 4404 minis
2320 4349 2543 4421 dignitas
2571 4360 2641 4406 est
2666 4362 2800 4414 orta,
2832 4349 3156 4421 fundaveras.

2221 4431 2245 4469 ε
2279 4415 2397 4476 γεεί
2433 4424 2583 4490 Hisp.
2611 4433 2666 4476 et
2693 4415 3035 4476 Isim—delent
3062 4435 3137 4473 se.
3165 4418 3286 4473 Mox
3313 4415 3550 4487 Batisp.,
3583 4416 3742 4485 infir-

2148 4492 2276 4545 mior
2306 4510 2400 4559 pro
2429 4495 2665 4559 inferior.

2218 4562 2245 4599 ιι
2287 4563 2417 4618 Cod.
2449 4563 2617 4634 Grim:
2645 4564 2782 4634 apud
2814 4565 3015 4631 Quesn.
3040 4572 3153 4617 not.
3185 4561 3239 4625 6,
3268 4570 3322 4616 et
3351 4559 3741 4634 mss.eollect.

2144 4632 2205 4688 24
2222 4676 2237 4701 ,
2261 4650 2381 4689 cum
2405 4636 2564 4690 editis
2587 4632 2819 4702 concil.,
2849 4645 2897 4689 et
2920 4635 3262 4705 defensionem
3296 4632 3497 4705 paterni
3521 4633 3750 4705 canonis

2063 4725 2115 4785 D
2145 4707 2429 4785 exemplum
2459 4708 2729 4785 probitatis
2758 4708 2903 4760 multi
2943 4703 3161 4785 habeant
3188 4704 3499 4785 sacerdotes.
3525 4703 3744 4757 Praetu-

2142 4778 2300 4832 limus
2332 4778 2557 4833 altorum
2581 4781 2827 4834 codicum
2854 4788 2910 4833 et
2936 4778 3205 4833 editorum
3255 4777 3543 4899 lectioneﬁm
3567 4816 3581 4839 ,
3604 4788 3749 4854 Iqua

3329 4861 3469 4899 sumi
3512 4861 3620 4899 cari

3329 4861 3620 4916 Signtncart

2212 4983 2227 5013 ³
2256 4981 2409 5052 Leg.,
2441 4984 2519 5047 ἣν,
2553 4982 2633 5036 vel
2665 4988 2810 5054 σφήν.

2210 5055 2229 5084 ³
2261 5055 2412 5121 Lv'g.,
2437 5055 2755 5109 σκυλθεῐσαν.

2164 5180 2173 5195 ,
2257 5123 2440 5200 forte,
2470 5130 2789 5200 γινώσκεται.

2210 5192 2233 5270 ξ
2256 5196 2409 5270 1:93.,
2443 5192 2568 5270 μηδὲ
2594 5219 2645 5253 τι
2667 5203 2780 5259 τοῦ,
2810 5204 2916 5251 etc.

2214 5265 2460 5343 ξξθιιῑιθ,Δ
2489 5276 2586 5323 τῶν
2611 5276 2945 5343 Χριστιανῶν.

2213 5336 2233 5367 ⁸
2254 5336 2408 5407 Leg.,
2439 5340 2645 5399 ἑαυτῆς.

2211 5409 2232 5440 "
2260 5400 2626 5480 Hzﬁc'quidem
2648 5410 2715 5464 ab
2740 5410 3058 5480 interprete,
3084 5406 3182 5463 sed
3209 5406 3390 5463 minus
3411 5406 3563 5463 bene.
3589 5400 3760 5461 Vide

2141 5481 2341 5536 Leonis
2374 5492 2594 5535 textum.

2211 5552 2232 5583 ⁸
2264 5555 2328 5606 Et
2359 5554 2457 5605 hut:
2493 5568 2802 5621 perperam;
2833 5561 3044 5608 vertere
3078 5551 3361 5609 debuerat.
3410 5553 3458 5605 ἐν
3497 5555 3765 5621 τῇλιίωνο

2139 5619 2620 5715 σεαντινουπολιτῶν
2647 5624 2837 5689 πόλεως
2883 5625 3227 5700 μεγαλειότητι
3254 5621 3485 5691 ἐπίδοξος
3518 5619 3773 5682 δύναται

2140 5717 2287 5753 urat.

2211 5767 2233 5799 ⁹
2263 5768 2414 5838 Leg.,
2443 5770 2506 5824 εἰ.

2215 5838 2258 5872 ⁸⁰
2284 5837 2471 5910 Furio,
2499 5837 2700 5915 ἔχοιεν,
