4072 6358
340 404 479 467 ιοον

1706 400 2040 459 EPISTULA
2077 402 2234 459 CVII.

3475 428 3616 489 1010

404 522 538 580 Cn.
569 519 661 577 Vl.
683 546 759 563 -
783 518 910 577 Haec
939 527 1034 578 tibi
1064 530 1311 577 scribens
1332 559 1347 587 ,
1377 517 1573 585 frater,
1604 519 1660 576 in
1689 518 1916 577 Domino

2023 522 2348 594 ἁγαθότητος¹
2361 528 2531 584 ταῦτά
2546 548 2629 585 σοι
2648 532 2842 607 γράφω,
2857 532 3055 606 ἀδελφέ,
3073 536 3122 590 ἐν
3139 545 3210 610 τῷ
3222 538 3452 616 Δεσπὸτῃ
3473 546 3614 617 ἡμῶν

336 620 535 675 hortor
559 629 624 671 ac
653 629 849 671 moneo
878 623 955 679 ut,
1006 614 1251 684 deposito
1279 614 1585 670 ambitionis
1617 615 1884 671 desiderio
1902 656 1916 683 ,

333 712 527 783 spiritu
574 710 751 781 potius
777 712 984 764 ferveas
1011 707 1320 773 charitatis,
1352 708 1574 778 ejusque
1611 710 1917 775 virtutibus,

332 803 627 862 secundum
649 802 948 859 doctrinam
971 802 1322 871 apostolicam
1348 842 1362 866 ,
1393 801 1739 871 prolicienter
1761 815 1921 857 orne-

331 899 433 953 ris.
464 897 559 951 Est
582 896 726 950 enim
752 895 951 966 patiens
974 904 1022 948 et
1050 892 1288 965 benigna.
1311 903 1357 947 et
1381 910 1481 948 non
1508 894 1801 962 aemulatur,
1817 911 1921 949 non

332 990 443 1061 agit
492 1003 791 1060 perperam,
824 1002 927 1040 non
955 986 1204 1057 inﬂatur,
1235 1001 1338 1041 non
1381 992 1453 1041 est
1482 986 1780 1053 ambitiosa,
1819 1002 1923 1042 non

330 1082 517 1151 qucrit
544 1096 661 1151 qua:
683 1094 777 1135 sua
805 1087 926 1134 sunt
957 1078 1001 1151 (l
1030 1077 1153 1133 Cor.
1176 1094 1296 1144 xm,
1317 1076 1398 1149 4).
1426 1077 1582 1135 Unde
1612 1080 1658 1133 si
1687 1078 1921 1135 Charitas

333 1189 443 1229 non
473 1172 668 1245 quaerit
696 1171 942 1243 propria,
977 1179 1235 1241 quantum
1283 1182 1503 1241 peccat,
1544 1172 1633 1242 qui
1663 1173 1920 1243 concupi-

330 1267 438 1324 scit
460 1266 640 1323 aliena
666 1264 691 1317 τ
718 1266 761 1320 Α
788 1263 983 1334 quibus
1024 1263 1148 1318 volo
1187 1269 1246 1318 ut
1273 1271 1323 1318 te
1351 1278 1572 1334 prorsus
1619 1264 1918 1332 abstineas,

334 1371 656 1427 memorque
680 1354 757 1410 sis
784 1354 904 1425 ejus
928 1354 1211 1409 sententiae
1238 1369 1357 1423 quae
1379 1352 1508 1409 dicit
1534 1372 1546 1407 :
1571 1353 1710 1409 Tene
1733 1363 1759 1392 α
1784 1354 1921 1425 quod

330 1454 510 1523 habes,
536 1470 600 1508 ne
623 1452 762 1507 alius
790 1451 1010 1523 accipiat
1041 1466 1283 1505 coronam
1310 1462 1454 1504 tuam
1489 1450 1673 1521 (Apoc.
1700 1466 1782 1515 ιιι,
1808 1450 1918 1521 11).

329 1544 466 1601 Nam
495 1544 541 1600 si
570 1544 885 1599 inconcessa
914 1541 1214 1613 qumsieris,
1248 1542 1365 1611 ipse
1392 1539 1422 1580 ιι
1452 1552 1504 1595 te
1529 1551 1622 1597 tuo
1652 1556 1816 1611 opere
1840 1552 1922 1596 at-

328 1652 438 1708 que
454 1636 659 1706 judicio
681 1634 1005 1690 universalis
1027 1634 1285 1689 Ecclesiae
1308 1648 1440 1703 pace
1461 1634 1714 1704 privabis.
1736 1633 1923 1689 Frater

330 1738 515 1783 autem
547 1737 602 1784 et
623 1729 978 1797 coepiscopus
1021 1738 1207 1782 noster
1232 1727 1499 1783 Lucianus
1522 1768 1535 1790 ,
1577 1736 1631 1782 et
1659 1727 1796 1783 filius
1825 1744 1921 1784 no-

327 1830 442 1876 ster
467 1821 697 1876 Basilius
717 1820 1001 1888 diaconus,
1022 1826 1281 1887 quantum
1306 1820 1359 1874 in
1382 1820 1509 1889 ipsis
1534 1819 1655 1883 fuit,
1680 1821 1920 1876 studiose

2019 618 2451 694 προτρεπόμενος,
2468 625 2559 676 Καὶ
2578 623 2964 695 ὑπομιμνήσκω,
2986 624 3123 688 ὅπως
3144 630 3383 702 ἀφέμενος
3405 643 3496 696 τῆς·
3510 639 3615 696 ἐπι.

2020 711 2201 772 θυμίας
2223 721 2315 773 τῆς
2344 715 2651 787 ὰμϐιτίονος,
2684 720 2935 790 πνεύματι
2958 721 3144 789 μᾶλλον
3167 724 3296 787 ζέοις
3324 724 3612 797 διαθέσεως,

2021 807 2104 860 καὶ
2123 813 2235 866 ταῖς
2250 808 2457 881 ἀρεταῖς
2477 812 2669 872 ταύτης
2692 816 2827 868 κατά
2846 820 2935 872 τήν
2956 814 3285 873 διδασκαλίαν
3297 826 3386 879 τήν
3402 824 3613 879 ἀποστο-

2020 899 2159 960 λικήν
2177 900 2454 963 λυσιτελῶς
2475 908 2793 977 κοσμηθείης”
2814 905 2953 963 ἔστιν
2970 910 3273 976 ἀνεξίκακος,
3306 918 3391 969 καὶ
3408 918 3612 973 καλοθεο
3694 900 3697 905 ί

2021 993 2129 1058 λής,
2153 998 2237 1049 καὶ
2257 996 2344 1049 οὐκ
2369 996 2614 1070 ἑριστικὴ.
2642 997 2754 1053 οὐδέ
2770 999 2987 1078 πράττει
3002 1007 3161 1073 μάτην
3177 1049 3189 1069 ,
3216 1004 3332 1061 οὐδὲ
3353 1008 3610 1081 ὀγκοῦται,

2023 1083 2133 1140 οὐδὲ
2149 1086 2503 1154 άμϐιτιονεύει’
2518 1087 2630 1143 οὐδέ
2647 1093 2809 1158 ζητεῖ,
2829 1090 2961 1165 ἅπερ
2979 1092 3165 1156 ἑαυτῆς
3177 1092 3286 1151 ἴδιά
3298 1100 3453 1154 ἐστιν.
3467 1098 3613 1158 Ὀθεν

2024 1177 2040 1207 ¹
2056 1179 2085 1235 ἡ
2105 1178 2276 1249 ἀγάπη
2298 1180 2356 1231 οὐ
2387 1183 2530 1243 ζητεῖ
2557 1182 2622 1235 τά
2646 1180 2785 1240 ἴδια.
2814 1185 2979 1241 πόσον
3006 1184 3285 1262 ἁμαρτάνει
3310 1190 3334 1245 ὁ
3357 1192 3611 1265 ἐπιθυμῶν

2021 1277 2121 1325 τῶν
2138 1271 2405 1347 ἀλλοτρίων
2420 1288 2433 1335 ;
2449 1269 2513 1325 ὧν
2526 1273 2646 1326 θέλω
2658 1274 3198 1347 πάντγιῖκιαὰποσχῃς,
3216 1282 3295 1334 καὶ
3315 1279 3462 1352 ἔχοις
3483 1287 3612 1340 κατὰ

2022 1369 2136 1416 νοῦν
2159 1364 2349 1421 ταύτην
2378 1367 2469 1423 τήν
2494 1368 2713 1438 γνώμην,
2743 1370 3228 1446 πτᾎζθτροαέκορεύει,
3262 1373 3456 1443 Κάτεχε
3486 1371 3611 1447 ὅπερ

2022 1453 2187 1525 ἔχεις,
2220 1463 2289 1527 μή
2320 1452 2466 1517 ἄλλος
2516 1456 2719 1523 δέξηται
2754 1482 2838 1516 τον
2879 1482 2967 1515 σον
3005 1471 3268 1536 στέφανον.
3312 1468 3401 1519 Καὶ
3437 1469 3535 1544 γάρ
3568 1470 3613 1522 εἰ

2022 1547 2042 1576 ³
2072 1552 2141 1617 μή
2170 1549 2236 1601 τά
2276 1553 2716 1622 συγκεχωρημένα
2760 1556 3061 1616 ζητήσειας,
3094 1555 3243 1613 αὐτὸς
3287 1559 3501 1612 σεαυτὸν
3537 1565 3612 1627 τῷ

2023 1648 2099 1713 σῷ
2140 1639 2272 1715 ἔργῳ
2293 1686 2305 1709 ,
2338 1646 2423 1697 καὶ
2449 1650 2512 1718 τῇ
2554 1653 2619 1719 σῇ
2648 1647 2811 1720 κρίσει
2838 1656 2929 1707 τῆς·
2972 1649 3167 1723 εἰρήνης
3195 1647 3367 1708 πάσης
3406 1658 3498 1710 τῆς
3525 1652 3611 1703 ἐκέ

2023 1735 2232 1795 κλησίας
2281 1738 2712 1812 ἀποστερήσειας.
2766 1749 2819 1791 Ὁ
2862 1738 3068 1812 ἀδελφὸς
3112 1743 3193 1793 καὶ
3233 1743 3608 1803 συνεπίσκοπος

2024 1827 2161 1895 ἡμῶν
2206 1827 2476 1886 Λουκιανὸς
2499 1867 2510 1889 ,
2549 1830 2633 1881 καὶ
2661 1827 2686 1881 ὁ
2716 1829 2833 1898 ἐμὸς
2874 1830 2985 1888 υἱὸς
3012 1828 3037 1882 ὁ
3068 1828 3292 1890 διάκονος
3336 1832 3609 1897 Βασίλειος,

327 1913 415 1969 his
450 1925 472 1953 ο
500 1930 622 1985 qua:
645 1914 957 1984 iniunxeras
984 1914 1219 1980 affuere;
1253 1913 1349 1969 sed
1378 1914 1574 1969 actioni
1613 1930 1801 1969 eorum
1829 1916 1915 1984 ju-

2022 1913 2143 1971 ὅσον
2190 1917 2249 1971 τὸ
2308 1918 2649 1982 κατάὺτοὺς,
2682 1918 3063 1976 σπουδαιότατα
3108 1924 3172 1976 τά
3220 1920 3609 1996 ἐγχειρισθὲντα

325 2003 475 2059 stitia
522 2004 737 2075 negavit
782 2004 1055 2061 effectum.
1104 2005 1234 2059 Data
1264 2001 1293 2041 ἀ
1327 2004 1611 2059 undecimo
1655 2003 1911 2062 kalendas

325 2094 493 2163 Junii,
522 2095 825 2153 Herculano
850 2097 967 2151 viro
989 2095 1289 2153 clarissimo
1327 2094 1567 2151 consule.
1878 2096 1880 2099 ’

718 2306 926 2378 1171
970 2304 1305 2362 EPISTOLA
1329 2315 1353 2343 θ
1375 2304 1529 2360 CVII.

653 2414 723 2453 AD
758 2414 1016 2453 JULIANUM
1055 2412 1295 2453 COENSEH
1334 2412 1646 2453 EPISCOPUI.

325 2491 601 2547 SYNOPSIS.
643 2520 715 2532 --
752 2491 792 2546 Ι.
833 2491 1039 2546 Nicazni
1069 2492 1272 2545 concilii
1309 2492 1586 2545 auctoritas
1625 2492 1801 2559 quanti
1830 2494 1914 2555 fa-

402 2564 582 2616 cienda
602 2564 688 2617 sit.
713 2593 784 2604 —-
811 2563 875 2619 ll.
899 2562 1169 2617 lulianum
1187 2564 1356 2632 arguit
1373 2564 1510 2629 quod
1540 2562 1778 2615 Anatolio
1801 2560 1913 2615 ΟΡ.

401 2634 591 2703 faveat.
628 2664 698 2674 —
735 2634 822 2689 Ill.
857 2633 1048 2689 Contra
1076 2635 1376 2687 universalis
1415 2632 1661 2686 Ecclesia?
1690 2642 1910 2699 statum,

398 2706 511 2758 sine
534 2714 682 2759 reatu
727 2707 995 2775 utriusque
1023 2707 1251 2769 ipsorum
1270 2745 1285 2766 ,
1319 2719 1408 2767 nec
1454 2704 1548 2758 sibi
1573 2705 1727 2757 licere
1757 2702 1913 2773 quid-

399 2792 555 2844 quam
584 2777 880 2841 concedere,
901 2793 991 2830 nec
1013 2778 1058 2829 ei
1083 2776 1324 2829 obtinere.

588 2855 701 2912 Leo
729 2871 863 2928 papa
894 2855 1119 2912 Juuauo
1157 2854 1351 2910 Coensi
1383 2855 1656 2925 episcopo.

402 2956 429 2996 ε
451 2946 587 3003 Cum
616 2947 987 3019 frequentibus
1022 2946 1408 3015 experimentis
1450 2930 1753 3015 probaverit
1780 2945 1915 3002 dile-

326 3038 440 3095 ctio
461 3050 551 3096 tua
585 3054 745 3111 quam
788 3039 1056 3095 constanti
1086 3038 1297 3109 ﬁxaque
1338 3038 1617 3109 proposito
1645 3034 1674 3073 ιι
1703 3046 1916 3092 sancto-

327 3150 452 3188 rum
476 3134 813 3189 Niczenorum
842 3148 1110 3189 canonqu
1134 3143 1328 3187 statuta
1354 3132 1674 3197 custodiam,
1695 3130 1912 3186 dissolvi

326 3242 526 3283 omnes
557 3226 949 3283 ecclesia-ticas
980 3226 1194 3296 regulas
1232 3226 1524 3289 :estimans,
1552 3224 1596 3278 si
1625 3224 1913 3295 quidquam

326 3333 395 3373 ex
449 3317 540 3372 illa
584 3326 924 3373 sacrosancta
974 3318 1190 3373 Patrum
1241 3318 1624 3373 constitutione
1655 3318 1912 3383 violetur,

327 3409 503 3466 miror
537 3411 657 3465 talia
688 3422 740 3467 te
768 3427 866 3481 per
904 3410 1125 3466 fratrem
1156 3421 1210 3467 et
1252 3411 1630 3481 coepiscopum
1670 3418 1912 3465 nostrum

328 3502 630 3559 Lucianum
666 3505 875 3576 1172
908 3504 1138 3574 dirigere
1181 3504 1380 3574 scripta
1423 3503 1690 3573 potuisse,
1722 3502 1914 3574 quibus

2019 2006 2283 2073 διήνυσαν,
2322 2009 2447 2064 άλλά
2488 2017 2551 2084 τῇ
2596 2012 2775 2086 πράξει
2824 2013 2993 2065 αὐτῶν
3031 2014 3087 2067 τὸ
3135 2012 3279 2088 ἔργον
3325 2016 3381 2068 τὸ
3419 2013 3609 2069 δίκαιον

2020 2103 2295 2174 ἠρνήσατο.
2329 2099 2499 2159 Ἐδόθη
2542 2102 2645 2176 πρὸ
2687 2100 2863 2156 ἕνδεκα
2898 2102 3155 2159 καλανδῶν
3198 2110 3440 2160 Ἰουννὶων
3463 2107 3608 2163 ὐπα-

2022 2193 2159 2252 τείας
2188 2189 2513 2265 Ἐρκουλάνου
2543 2198 2641 2247 τοῦ
2668 2194 3052 2269 λαμπροτάτου.

2024 2310 2225 2368 status,
2258 2303 2344 2357 vel
2371 2304 2647 2359 suadendo
2678 2305 2925 2376 impellas
2948 2350 2962 2374 ,
2993 2307 3077 2363 vel
3107 2308 3460 2378 supplicando
3501 2318 3609 2365 tra~

2022 2394 2209 2449 ducas.
2241 2394 2431 2450 Frater
2469 2397 2612 2451 enim
2637 2406 2691 2452 et
2718 2398 3069 2468 coepiscopus
3093 2409 3276 2455 noster
3300 2399 3607 2468 Anatolius,

2020 2488 2065 2543 si
2096 2489 2272 2542 divina
2299 2488 2558 2544 beneficia
2583 2500 2638 2545 et
2668 2491 2771 2544 mei
2801 2490 3003 2545 favoris
3024 2507 3304 2547 assensum
3336 2494 3607 2561 sapienter

2020 2579 2293 2650 intelligit,
2316 2580 2446 2634 satis
2474 2581 2547 2635 illi
2576 2578 2602 2617 ¹ί
2628 2580 2828 2636 sufficit
2856 2582 3159 2639 obtinuisse
3188 2584 3330 2654 quod
3361 2599 3606 2640 summus

2020 2675 2243 2730 antistes
2272 2675 2338 2729 de
2385 2675 2590 2731 honore
2630 2676 2968 2746 episcopatus
3000 2675 3082 2730 sui
3106 2678 3304 2745 gratias
3330 2677 3442 2733 Deo
3468 2678 3607 2733 refe-

2022 2776 2124 2837 rat,
2150 2780 2201 2822 ct
2227 2782 2288 2822 se
2317 2766 2385 2822 ab
2416 2769 2720 2822 illicitorum
2754 2770 3043 2838 cupiditate
3073 2770 3377 2835 contineat;
3406 2781 3461 2825 et
3488 2771 3607 2840 qui.

2020 2873 2251 2929 cumque
2280 2858 2428 2913 illum
2460 2860 2764 2929 specialiter
2808 2861 3056 2930 diligunt,
3091 2861 3185 2915 tali
3233 2876 3353 2916 eum
3400 2861 3601 2918 debent

2018 2953 2343 3008 confirmare
2398 2953 2664 3019 consilio;
2720 2963 2777 3007 ut
2826 2954 3177 3022 impossibilia
3232 2953 3451 3009 omnino
3497 2971 3605 3011 non

2018 3053 2243 3112 quierat,
2277 3053 2331 3097 et
2356 3042 2457 3097 sibi
2482 3043 2602 3097 talia
2633 3044 3063 3112 concupiscendo
3094 3059 3197 3099 non
3230 3055 3454 3101 noceat:
3478 3045 3604 3118 quia

2023 3133 2044 3173 ι
2079 3134 2239 3190 nullis
2265 3135 2406 3204 apud
2439 3151 2527 3190 me
2558 3135 2868 3205 patrociniis
2900 3137 2970 3190 ita
3005 3136 3204 3205 poterit
3226 3138 3464 3207 adjuvari
3487 3179 3502 3204 ,
3545 3148 3607 3194 ut

2018 3228 2103 3282 his
2134 3244 2254 3295 quae
2282 3230 2536 3297 postulat,
2565 3228 2768 3282 calcata
2802 3228 3018 3281 Patrum
3050 3230 3453 3295 constitutione,
3484 3244 3606 3287 con-

2019 3322 2267 3377 sentiam.
2300 3320 2630 3377 Rescribens
2659 3324 2837 3391 itaque
2868 3321 2933 3376 ad
2960 3323 3217 3391 epistolas
3245 3332 3386 3387 tuas,
3416 3338 3516 3393 pro
3540 3339 3605 3379 ea

2018 3430 2119 3486 qua
2150 3414 2315 3485 diligo
2344 3415 2662 3482 affectione,
2696 3426 2751 3497 te,
2774 3430 2967 3470 moneo
3008 3427 3061 3469 ut
3089 3417 3262 3485 major
3298 3417 3437 3486 apud
3466 3428 3517 3473 te
3536 3418 3607 3473 sit

2018 3506 2343 3561 universalis
2368 3507 2622 3561 Ecclesia:
2644 3515 2834 3573 status,
2858 3507 3209 3562 saluberrima
3238 3509 3367 3563 olim
3399 3519 3453 3563 et
3481 3523 3606 3564 vera

327 3598 381 3652 in
408 3608 614 3653 tantum
640 3613 738 3668 pro
764 3599 1003 3668 appetitu
1031 3614 1188 3654 nevae
1220 3597 1236 3636 ί
1279 3599 1721 3669 transgressionis
1753 3599 1918 3652 inter-
1943 3609 1989 3673 ο
2022 3601 2360 3656 ordinatione
2390 3600 2626 3655 munitus
2648 3645 2661 3669 ,
2695 3617 2854 3669 quam
2882 3610 2922 3638 ω
2948 3609 3007 3655 ut
3038 3603 3088 3655 in
3138 3602 3451 3672 cujusquam
3483 3619 3607 3674 gra-

328 3690 515 3754 venis,
547 3699 605 3745 ut
633 3691 728 3745 tibi
757 3702 911 3760 putes
940 3690 1141 3760 aliquid
1183 3691 1415 3761 speciale
1446 3691 1836 3761 praestandum,
1869 3692 1916 3747 si

329 3783 415 3837 bis
446 3782 461 3835 i
502 3799 622 3854 qua:
653 3785 835 3840 illicite
856 3786 1312 3854 concupiscuntur
1334 3801 1596 3841 annuero.
1621 3789 1918 3853 Quantum-

329 3875 467 3931 libet
510 3886 688 3931 autem
720 3886 771 3932 te
801 3877 1085 3933 affectione
1132 3879 1494 3948 complectar,
1543 3877 1689 3931 nullo
1737 3886 1916 3933 tamen

328 3966 494 4024 modo
513 3969 716 4038 poteris
735 3968 982 4025 obtinere
1003 3979 1062 4024 ut
1082 3984 1170 4025 me
1189 3971 1241 4025 in
1268 3969 1539 4026 excidium
1562 3968 1916 4025 ecclesiastici

327 4127 624 4198 significari
652 4128 864 4184 videtur
893 4144 987 4198 per
1029 4129 1256 4183 Anatolii
1288 4128 1684 4184 observantiam
1723 4128 1835 4183 fore
1856 4138 1914 4182 ut

328 4211 383 4252 et
416 4200 624 4264 paterni
655 4214 890 4254 caurmes
912 4242 927 4263 ,
960 4200 1008 4253 id
1041 4210 1120 4255 est
1166 4201 1399 4266 Nicazni,
1432 4200 1828 4262 defensionem,
1862 4208 1916 4253 et

327 4269 487 4324 multi
512 4272 817 4326 sacerdotes
849 4270 1127 4338 probitatis
1148 4272 1451 4336 exemplum
1490 4272 1741 4328 habeant.
1766 4269 1915 4324 Gras-

327 4354 391 4393 ca
424 4342 587 4395 etiam
612 4343 977 4411 interpretatio
1000 4344 1200 4411 paterni
1221 4359 1439 4395 canones
1460 4342 1701 4395 exhibet.

407 4421 437 4480 ἓ
461 4413 587 4468 Mss.
620 4414 829 4467 collect.
857 4411 928 4466 94
949 4423 1001 4467 et
1031 4412 1341 4479 Sichardus,
1375 4414 1512 4480 quod
1542 4420 1699 4466 tenes.

406 4479 439 4520 δ
466 4482 631 4554 iidem
662 4484 819 4539 codd.
845 4482 1025 4538 delent
1045 4495 1110 4537 te.
1139 4483 1201 4537 Et
1225 4485 1370 4545 dein,
1398 4483 1695 4554 privaberis.

407 4564 432 4591 ε
466 4553 765 4609 Vindebou.
806 4554 955 4622 llisp.
996 4569 1115 4606 cum
1144 4556 1378 4618 quinque
1400 4553 1523 4607 aliis
1554 4554 1709 4607 codd.
1738 4560 1794 4608 et
1817 4567 1914 4607 an-

328 4624 595 4697 tiquiores
618 4626 899 4697 editiones,
929 4641 1043 4692 qua:
1071 4626 1143 4679 eis
1164 4626 1484 4697 injunxeras.

404 4691 433 4731 δ
464 4696 626 4750 Solus
660 4696 782 4753 cod.
809 4691 1110 4750 Viudebnn.
1147 4691 1359 4749 coilect.
1387 4695 1449 4762 5,
1480 4712 1552 4749 xii
1583 4693 1689 4749 kal.
1709 4735 1723 4757 ,
1756 4702 1817 4749 ut
1844 4694 1917 4749 si-

327 4765 540 4821 militer
568 4767 714 4821 solus
733 4766 977 4821 eamdem
1001 4766 1140 4820 diem
1174 4768 1404 4835 signavit
1436 4768 1485 4820 in
1511 4768 1669 4835 epist.
1702 4765 1823 4820 104.

407 4846 434 4872 ε
464 4838 613 4890 Alias
639 4838 727 4892 8f.
760 4839 890 4903 Qua:
918 4849 1096 4891 autem
1121 4845 1277 4892 antea
1311 4838 1411 4892 107
1433 4848 1580 4902 erat,
1614 4852 1756 4891 nunc
1790 4835 1916 4891 1⁵56.

325 4908 547 4975 Scripta
576 4908 648 4961 ‘22
674 4909 796 4963 Maii
827 4926 912 4962 an.
936 4907 1065 4964 452.

408 4977 430 5016 ί
466 4978 739 5033 ϐριειτάιις
771 4979 989 5033 Vossius
1021 4979 1073 5032 in
1121 4978 1267 5033 calce
1310 4993 1539 5050 operum
1579 4977 1635 5034 S.
1670 4978 1915 5050 Gregorii

326 5050 721 5120 Thaumaturgi
762 5050 1046 5119 Moguntina
1067 5064 1155 5102 an.
1192 5049 1350 5113 1604,
1396 5056 1599 5120 primus
1628 5050 1765 5104 lianc
1805 5051 1918 5117 epi-

325 5123 528 5175 stolam
560 5119 726 5175 edidit
748 5139 777 5175 e
808 5136 908 5176 ms.
942 5122 1077 5175 libro
1100 5120 1388 5174 cardinalis
1423 5119 1598 5175 Sirleti
1619 5164 1632 5185 ,
1667 5136 1825 5190 quem
1850 5136 1917 5174 ex

325 5194 563 5247 aliarum
592 5192 939 5259 epistolarum
980 5191 1175 5246 exinde
1203 5193 1467 5246 editarum
1496 5193 1779 5262 complexu
1808 5192 1920 5245 col-

328 5265 552 5333 ligimus
579 5263 741 5317 fuisse
770 5266 1014 5317 codicem
1060 5262 1272 5317 collem.
1320 5261 1391 5315 25
1418 5306 1430 5327 ,
1483 5261 1653 5331 qualis
1684 5273 1766 5317 est
1796 5262 1913 5314 Vat.

328 5334 518 5390 Ottob.
550 5333 674 5390 297.
708 5334 1029 5402 Quesnellus
1057 5336 1299 5387 eamdem
1334 5334 1537 5386 invenit
1569 5334 1619 5386 in
1652 5333 1920 5389 Grimaui-

328 5421 430 5472 co;
466 5417 805 5488 nos.praeter
827 5405 1101 5461 laudatum
1132 5404 1448 5460 Vaticanum
1478 5404 1639 5459 etiam
1682 5406 1735 5459 in
1768 5404 1919 5458 Rati-

327 5491 613 5532 snonensr.
688 5524 693 5527 _

439 5494 469 5529 n
544 5492 570 5531 s
599 5517 613 5530 .
688 5524 693 5527 _

359 5492 435 5595 p2
460 5492 781 5615 ﬁgelsnellus
802 5547 940 5603 hanc
967 5548 1228 5617 integram
1254 5555 1309 5603 et
1334 5560 1516 5603 veram
1544 5547 1829 5603 lectionem
1852 5561 1919 5601 ex

330 5634 442 5674 ms.
475 5619 785 5674 Grimanico
817 5621 977 5686 eruit,
1012 5634 1238 5687 eamque
1262 5633 1362 5673 nos
1392 5620 1591 5687 pariter
1628 5620 1680 5673 in
1708 5618 1915 5688 Ratisp.

330 5706 400 5745 ac
430 5690 485 5744 in
522 5690 638 5745 Vat.
667 5688 849 5745 Ottob.
880 5690 1200 5761 reperimus.
1232 5688 1546 5744 Autcriores
1574 5705 1701 5761 vero
1726 5689 1917 5743 editio-

332 5776 438 5816 nes
464 5770 587 5829 post
626 5761 907 5827 Vossium,
941 5763 1155 5817 omissis
1179 5770 1407 5831 quatuor
1438 5760 1623 5830 primis
1667 5761 1914 5825 vocibus,

332 5844 387 5904 et
422 5830 633 5904 duabus
658 5832 778 5886 aliis
819 5849 920 5886 non
943 5834 1146 5904 ignorat
1178 5830 1414 5896 insertis,
1446 5834 1521 5885 sic
1559 5832 1912 5904 inchoabant:

332 5899 565 5959 Dilectio
596 5914 682 5957 tua
706 5920 804 5959 non
839 5899 1037 5973 ignoi'at
1061 5921 1213 5975 quam
1242 5905 1517 5971 constanti,
1547 5911 1649 5959 etc.
1684 5902 1815 5959 Cod.
1846 5911 1917 5957 ta.

1944 4948 1997 5008 D

2022 3694 2149 3747 tiam
2173 3707 2237 3747 ea
2266 3708 2293 3745 a
2325 3708 2411 3747 me
2441 3693 2572 3747 velis
2602 3691 2897 3763 postulare,
2926 3707 3047 3762 quae
3076 3693 3194 3749 sine
3222 3703 3369 3748 reatu
3402 3695 3607 3751 utrius-

2022 3802 2127 3857 que
2173 3796 2450 3853 nostrum,
2483 3801 2584 3840 nec
2633 3787 2764 3839 mihi
2813 3786 3142 3853 concedere,
3175 3802 3275 3842 nec
3312 3788 3407 3842 tibi
3449 3787 3609 3842 liceat

2021 3879 2286 3933 obtinere.
2313 3879 2433 3932 Dat.
2463 3895 2517 3933 χι
2546 3876 2761 3933 kalend.
2784 3877 2994 3947 Junias,
3026 3879 3329 3935 Herculauo
3352 3881 3471 3935 viro
3497 3881 3609 3937 cla-

2021 3971 2235 4026 rissimo
2262 3970 2502 4025 consule.

2022 4144 2144 4184 men
2196 4129 2373 4183 Vossii
2424 4130 2782 4185 Ottoboniano
2837 4131 3026 4186 similis
3084 4146 3266 4187 veram
3318 4134 3605 4191 lectionem

2024 4200 2323 4270 praetulisse
2351 4202 2635 4273 credimus.
2673 4202 2778 4256 Sed
2809 4217 2930 4255 cum
2962 4202 3052 4256 ille
3088 4203 3304 4273 legisset
3330 4222 3479 4272 quem
3510 4222 3607 4267 pro

2022 4288 2167 4335 cum,
2201 4279 2431 4340 quatuor
2476 4272 2557 4341 pri
2584 4289 2676 4325 ras
2705 4287 2863 4325 voces
2903 4274 3057 4327 titulo
3103 4272 3300 4341 adjecit
3331 4277 3447 4329 sic:
3500 4274 3605 4330 Leo

2021 4360 2155 4415 papa
2176 4342 2392 4395 Juliano
2422 4343 2678 4415 episcopo,
2697 4359 2843 4412 quem
2875 4344 3221 4414 frequentibus
3254 4347 3611 4415 experimentis

2024 4413 2354 4481 probaverat;
2397 4423 2449 4466 et
2490 4414 2745 4467 inclinans
2784 4416 3063 4482 epistolam
3099 4430 3126 4466 a
3170 4413 3346 4469 verbis
3395 4417 3609 4473 Dilectio

2025 4493 2134 4557 tua,
2164 4493 2217 4536 ut
2241 4498 2457 4537 sensum
2486 4486 2782 4557 perficeret
2804 4485 3007 4538 addidit
3030 4502 3127 4539 non
3170 4487 3393 4557 ignorat.
3426 4490 3613 4542 Poste-

2022 4554 2195 4629 riores
2223 4566 2398 4629 autem
2432 4555 2667 4629 editores
2697 4554 3015 4629 deleverunt
3057 4554 3209 4611 tituli
3236 4558 3430 4625 verba,
3462 4575 3612 4629 quem

2023 4625 2369 4696 frequentibus
2390 4627 2743 4686 experimentis
2768 4626 3087 4696 probaverat.

2094 4692 2124 4731 1i
2150 4694 2377 4762 Ratisp..
2408 4713 2698 4750 sacrorum.

2101 4764 2116 4803 ί
2151 4767 2287 4821 Editi
2310 4770 2510 4845 antiqui
2542 4784 2613 4845 «ιιιΔ
2635 4768 2754 4821 cod.
2775 4768 2983 4845 Sirleti,
3008 4768 3293 4845 litterarum
3308 4774 3611 4845 gressionis,

2022 4835 2347 4911 intexm,et
2369 4840 2419 4893 in
2453 4840 2710 4911 margine.
2736 4841 2853 4911 iAI.,
2877 4835 3330 4911 transgressionis:
3348 4860 3509 4909 quam
3534 4835 3608 4901 le;

2022 4908 2253 4961 etionem
2285 4909 2601 4975 Quesnellus
2624 4926 2685 4962 ex
2720 4910 2963 4962 Grimau.
2996 4908 3245 4973 inseruit,
3278 4925 3331 4968 et
3365 4908 3463 4967 nos
3486 4931 3609 4970 eum

2026 4981 2302 5047 ltatispon.
2336 4983 2671 5035 retinuimns.
2704 4980 2825 5035 Vat.
2859 4982 3039 5036 Ollnb.
3083 4983 3365 5039 lectionem
3412 4986 3615 5041 codicis

2021 5049 2205 5104 Sirleti
2232 5052 2462 5118 prmf‘ert,
2497 5054 2632 5105 adeo
2665 5052 2749 5105 hic
2776 5052 3018 5120 ejusdem
3048 5054 3385 5109 collectionis
3415 5056 3535 5110 fuit.

2096 5120 2109 5169 i
2153 5122 2206 5174 In
2239 5123 2423 5176 iisdem
2456 5123 2780 5177 editionibus
2804 5124 3067 5192 antiquis,
3102 5127 3187 5193 qui
3210 5127 3389 5180 illicite
3416 5142 3611 5180 concu-

2023 5191 2237 5259 piscunt.
2267 5193 2462 5260 Grim.,
2494 5194 2695 5263 Ratisp.
2726 5203 2779 5247 et
2809 5191 3135 5250 VatﬁOttob.
3167 5208 3223 5249 ut
3251 5200 3299 5250 in
3337 5208 3523 5263 textu;
3555 5204 3610 5251 et

2022 5265 2194 5316 solum
2219 5266 2337 5317 dua:
2365 5280 2524 5318 voces
2546 5266 2596 5317 iu
2620 5266 2741 5317 cod.
2774 5264 2891 5317 Vat.
2924 5266 3108 5321 Ottob.
3136 5267 3292 5321 simili
3316 5284 3417 5321 ms.
3451 5268 3604 5325 card.

2024 5332 2205 5388 Sirleti
2229 5335 2552 5389 abbreviattn
2582 5353 2612 5402 q
2637 5346 2691 5388 et
2722 5339 3088 5406 concupiscunt
3120 5338 3337 5393 errandi
3368 5340 3612 5394 occasio-

2025 5420 2145 5457 nem
2178 5406 2389 5459 dedisse
2419 5408 2690 5459 videntur.

2101 5474 2124 5549 ξι
2156 5475 2567 5549 Vul_g._antiqui,
2602 5476 2877 5549 sitﬂ'ecerit.
2918 5478 3038 5532 Vat.
3065 5478 3269 5545 Ottob.,
3311 5481 3575 5549 sufﬁceret.

2101 5546 2285 5671 IlCod.
2319 5547 2501 5604 Sirleti
2526 5558 2579 5604 et
2610 5548 2728 5602 Vat.
2759 5550 2938 5603 Ottob.
2983 5564 3103 5603 cum
3136 5546 3571 5619 antiquis'editis
3592 5590 3607 5613 ,

2143 5635 2219 5671 us.

2027 5635 2219 5672 nuuus.

2096 5698 2135 5725 ω
2168 5688 2373 5764 liatisp.
2405 5689 2604 5746 omittit
2631 5699 2686 5746 ut
2709 5700 2763 5747 et
2788 5710 2819 5744 a
2846 5708 2954 5758 me;
2977 5691 3315 5751 additautem
3340 5710 3419 5762 ea,
3449 5705 3610 5764 quam

2027 5776 2210 5816 vocem
2240 5762 2577 5817 inserendam
2602 5764 2941 5818 credidimus.

2102 5834 2116 5863 ¹
2146 5832 2298 5902 Leg.,
2332 5837 2394 5888 εἰ.

2097 5906 2116 5936 ’
2144 5902 2284 5973 Lege
2313 5906 2506 5975 potius,
2539 5907 2599 5961 τιὶ
2624 5911 2713 5971 μή.
