4072 6358
504 440 631 502 l0“

856 554 1066 625 1173
1109 550 1435 606 ttPnS'l‘OLA
1475 560 1501 587 τι
1538 550 1719 605 CVIII.

635 626 663 665 ι’
702 641 771 681 sn
806 640 1126 679 'rneooonuu
1163 639 1585 679 FOROJULIBNSEI
1628 637 1933 678 εριεοορωί.

498 730 522 759 ε
561 716 829 773 SYNOPSIS.
860 744 934 756 —-
959 714 999 768 l.
1024 712 1447 786 Unumquemque
1469 716 1760 786 episcopum
1790 714 1861 766 ad
1891 724 2078 768 metro-

565 790 854 856 politanum
884 790 936 840 in
966 788 1135 841 dubiis
1156 785 1416 841 recurrere
1441 785 1649 840 debere.
1672 817 1743 828 —
1772 785 1838 841 ll.
1869 787 2079 854 Duplex.

562 876 671 912 esse
708 860 902 928 peccati
929 858 1249 924 remedium;
1282 871 1329 913 et
1353 860 1464 928 quis
1488 859 1917 912 reconciliationis
1948 861 2076 912 ordo

563 945 668 983 esse
690 930 887 985 debeat.
920 959 990 969 —
1011 929 1098 983 ΙΙΙ.
1134 928 1493 995 Pwnitentem,
1520 930 1609 998 qui
1636 942 1753 983 ante
1778 930 2078 983 reconcilia-

563 1003 749 1073 tionem
777 1003 996 1067 decedit,
1023 1003 1342 1056 reconciliari
1387 1011 1502 1073 post
1533 1012 1744 1055 mortem
1774 1017 1874 1053 non
1902 1017 2073 1070 posse.

562 1102 632 1112 —
660 1072 746 1127 IV.
778 1073 986 1127 Nemini
1013 1074 1066 1126 in
1083 1076 1320 1128 extremis
1343 1072 1510 1142 posito
1534 1082 1581 1127 et
1610 1074 2076 1127 reconciliationem

563 1147 747 1217 petenti
773 1161 884 1198 eam
902 1160 1007 1199 esse
1028 1144 1397 1217 denegandam.
1418 1175 1494 1186 -——
1516 1144 1589 1217 V_._
1610 1144 1776 1211 Quam
1794 1144 2077 1217 periculose

562 1215 615 1268 in
659 1216 814 1284 ﬁnem
856 1215 1168 1284 poenitentia
1193 1226 1499 1270 reservatur.
1539 1215 1749 1270 Nemini
1784 1232 1875 1286 per
1927 1216 2077 1285 signa

562 1289 789 1355 poscenti
820 1291 1109 1355 negandum
1148 1303 1254 1341 esse
1275 1330 1290 1350 ,
1326 1287 1600 1340 observatis
1634 1289 1769 1340 circa
1811 1295 2080 1350 apostatos

562 1360 825 1412 canonicis
875 1358 1083 1429 regulis.
1128 1387 1202 1399 —
1244 1358 1333 1413 Vl.
1389 1356 1456 1413 Ut
1508 1374 1626 1412 cum
1681 1358 2076 1427 metropolitano

562 1446 807 1498 responsa
837 1431 905 1483 ad
943 1429 1368 1484 consultationem
1397 1430 1753 1483 communicet.

529 1540 555 1581 ἀ
595 1543 708 1599 Ι.ιο
733 1545 1017 1615 episcopus
1046 1544 1338 1601 Tnnonono
1369 1544 1737 1615 Foroiuliensi
1765 1546 2042 1615 episcopo.

564 1656 694 1713 Car.
730 1658 769 1711 I.
800 1687 872 1698 —
912 1658 1303 1714 Sollicitudinis
1346 1661 1561 1731 quidem
1605 1669 1708 1715 tua:
1747 1670 1771 1699 ο
1819 1660 1908 1716 hic
1947 1662 2082 1717 ordo

492 1763 619 1806 esse
650 1751 945 1815 debuerat,
985 1761 1043 1805 ut
1091 1767 1213 1806 cum
1260 1754 1674 1823 metropolitano
1709 1761 1803 1809 tuo
1836 1755 2081 1823 primitus

497 1840 521 1880 ¹
546 1844 613 1898 de
628 1858 694 1897 eo
720 1843 858 1913 quod
878 1844 1225 1914 quaerendum
1251 1859 1373 1900 esse
1395 1845 1678 1901 videbatur
1693 1845 1989 1913 conferres,
2019 1862 2082 1901 ac

1598 439 1655 496 S.
1698 435 1938 495 LEONIS
1978 435 2191 495 MAGNI
2229 434 2613 493 EPISTOLE.

3620 418 3776 503 “una

2107 548 2446 612 AEcclesiae
2514 548 2729 604 tradidit
2777 559 3129 621 potestatem,
3175 561 3231 608 ut
3282 560 3339 609 et
3386 548 3775 611 confitentibus

2183 652 2212 682 ιι
2239 645 2501 700 actionem
2537 647 2863 714 paenitentia:
2888 646 3098 712 darent,
3131 654 3185 702 et
3216 647 3435 703 eosdem
3466 648 3665 703 salubri
3684 663 3776 703 sa-

2183 734 2489 792 tisfactione
2520 746 2809 807 purgatos,
2839 739 2905 792 ad
2943 739 3378 794 communionem
3407 750 3777 795 sacramento-

2182 846 2300 885 rum
2354 846 2451 901 per
2490 830 2710 900 januam
2752 832 3216 886 reconciliationis
3259 831 3626 887 admitterent.
3673 830 3776 887 Cui

2183 923 2367 995 utique
2393 926 2543 994 operi
2568 933 2592 961 ο
2617 923 3014 980 incessabiliter
3049 927 3163 995 ipse
3188 925 3435 981 Salvator
3460 926 3772 991 intervenit,

2183 1005 2285 1076 nec
2324 1036 2574 1090 umquam
2620 1020 2688 1075 ab
2718 1020 2802 1075 his
2824 1020 2977 1074 abest
3018 1036 3137 1091 quae
3168 1019 3430 1074 ministris
3473 1023 3586 1075 suis
3624 1035 3779 1074 exse-

2183 1114 2393 1185 quenda
2446 1113 2747 1180 commisit,
2780 1113 2967 1170 dicens
3002 1131 3015 1166 :
3058 1113 3191 1168 Ecce
3233 1130 3326 1183 ego
3366 1114 3623 1167 vobiscum
3662 1130 3778 1167 sum

2185 1210 2417 1263 omnibus
2474 1208 2652 1263 diebus
2703 1226 2860 1279 usque
2919 1207 2989 1261 ad
3041 1209 3529 1262 consummationem
3598 1207 3779 1261 saeculi

2185 1302 2401 1375 (Matth.
2432 1319 2626 1370 xxvm,
2672 1303 2766 1373 20)
2818 1321 2831 1356 :
2877 1311 2933 1356 ut
2962 1302 3007 1356 si
3035 1302 3160 1367 quid
3193 1318 3289 1372 per
3328 1301 3642 1356 servitutem
3674 1314 3779 1352 no-

2185 1409 2351 1451 strain
2380 1395 2523 1451 bono
2545 1395 2737 1448 ordine
2760 1404 2810 1447 et
2859 1404 2886 1442 Ρ
2911 1393 3229 1463 gratulando
3272 1393 3526 1460 impletur
3559 1390 3774 1455 eﬂ‘ectu,

2186 1506 2291 1544 non
2310 1490 2645 1560 ambigamus
2664 1504 2757 1555 per
2771 1486 3027 1557 Spiritum
3045 1497 3287 1542 sanctum
3308 1486 3472 1540 fuisse
3486 1486 3770 1540 donatum.

2256 1581 2384 1638 CAP.
2412 1581 2501 1636 III.
2526 1612 2598 1623 —
2625 1581 2681 1638 Si
2703 1592 2881 1636 autem
2905 1579 3098 1652 aliquis
3126 1594 3312 1634 eorum
3338 1593 3435 1648 pro
3456 1578 3647 1649 quibus
3671 1577 3780 1631 Do-

2187 1673 2336 1728 mino
2383 1674 2783 1744 supplicamus,
2828 1690 3166 1745 quocumque
3213 1671 3545 1743 interceptus
3589 1669 3779 1724 obsta-

2187 1766 2333 1833 culo,
2364 1783 2392 1820 a
2424 1782 2647 1822 munere
2674 1766 3017 1837 indulgentiae
3048 1767 3327 1836 prtesentis
3354 1778 3382 1817 τι
3405 1768 3693 1833 exciderit,
3724 1775 3783 1822 et

2190 1860 2499 1930 priusquam
2542 1858 2607 1912 ad
2634 1861 2924 1913 constituta
2954 1858 3194 1913 remedia
3225 1860 3529 1928 perveniat,
3566 1868 3783 1927 tempo-

493 1937 539 1991 si
569 1937 619 1991 id
642 1938 785 2007 quod
808 1937 1089 2009 ignorabat
1108 1938 1326 1992 dilectio
1353 1947 1441 1993 tua
1458 1949 1483 1987 Β
1505 1941 1664 1995 etiam
1691 1940 1805 2010 ipse
1828 1943 2080 2007 nesciret,

2208 1952 2358 2004 -alem
2388 1952 2547 2003 vitam
2573 1950 2800 2004 humana
2822 1950 3135 2004 conditione
3159 1950 3377 2015 finierit,
3396 1952 3533 2020 quod
3556 1965 3785 2006 manens

493 2029 689 2084 instrui
723 2047 817 2085 vos
849 2034 1048 2100 pariter
1072 2028 1101 2068 ιι
1132 2033 1430 2101 posceretis
1465 2051 1477 2086 :
1510 2035 1633 2102 quia
1662 2034 1715 2088 in
1747 2033 1922 2089 causis
1962 2050 2082 2104 qua:

494 2124 561 2175 ad
617 2123 924 2191 generalem
985 2124 1381 2179 observantiam
1437 2126 1707 2194 pertinent
1768 2124 1785 2163 ί
1844 2128 2081 2182 omnium

494 2214 708 2269 Domini
755 2216 1131 2280 sacerdotum,
1176 2215 1310 2270 nihil
1350 2217 1468 2271 sine
1506 2216 1820 2286 primatibus
1870 2226 2085 2288 Oportet

496 2306 713 2373 inquiri.
744 2306 955 2377 1174.
981 2305 995 2355 i
1031 2307 1136 2362 Sed
1165 2316 1222 2361 ut
1243 2310 1623 2377 qucquomodo
1652 2311 1944 2363 instruatur
1971 2327 2084 2364 am-

495 2394 725 2467 biguitas
755 2399 1084 2451 consulentis
1103 2440 1119 2463 ,
1149 2400 1274 2469 quid
1308 2400 1375 2454 de
1417 2402 1790 2469 pmniteutium
1822 2410 1967 2457 statu
1996 2417 2085 2457 ec-

494 2488 797 2542 clesiastica
828 2489 1021 2544 haheat
1050 2491 1232 2559 regula
1262 2506 1368 2545 non
1398 2492 1605 2547 tacebo.

564 2581 697 2635 CAP.
721 2581 781 2636 II.
804 2612 877 2623 —
896 2581 919 2620 ιι
949 2583 1218 2653 Multiplex
1238 2584 1607 2639 misericordia
1628 2585 1723 2639 Dei
1746 2585 1814 2639 ita
1847 2586 2085 2656 lapsibus

497 2672 749 2727 subvenit
775 2676 1041 2741 humanis,
1064 2684 1120 2731 ut
1144 2691 1247 2732 nou
1266 2678 1438 2731 solum
1461 2693 1552 2745 per
1569 2678 1817 2745 baptismi
1836 2682 2084 2747 gratiam,

499 2764 595 2819 sed
636 2766 795 2820 etiam
842 2784 936 2836 per
971 2770 1302 2837 pmnitentiaa
1332 2770 1654 2823 medicinam
1684 2786 1808 2837 spes
1837 2780 1957 2823 Vita:
2000 2784 2088 2824 re-

499 2866 719 2925 paretur
744 2867 983 2926 attumne,
1020 2856 1035 2896 ι
1071 2867 1127 2913 ut
1153 2860 1240 2927 qui
1266 2850 1691 2930 regenerationis
1721 2864 1857 2914 dona
1891 2862 2088 2917 violas-

500 2960 640 3011 sent,
680 2952 899 3021 proprio
924 2967 981 3005 se
1006 2953 1210 3021 judicio
1237 2954 1688 3017 eoudeumantes,
1720 2955 1783 3008 ad
1816 2956 2091 3008 remissio-

499 3053 623 3103 nem
672 3044 956 3097 criminum
1002 3046 1350 3114 pervenirent
1382 3064 1395 3099 :
1432 3047 1510 3100 sic
1536 3046 1730 3100 divinae
1757 3055 1797 3083 ω
1836 3047 2091 3103 bonitatis

502 3140 768 3208 prmsidiis
797 3142 1082 3207 ordinatis,
1118 3150 1176 3196 ut
1210 3142 1537 3212 indulgentia
1569 3144 1660 3198 Dei
1692 3145 1794 3197 nisi
1818 3143 2090 3212 supplica-

505 3232 739 3288 tionibus
757 3237 1098 3290 sacerdotum
1126 3248 1356 3306 nequeat
1377 3237 1629 3293 obtineri.
1657 3237 1920 3292 Mediator
1949 3239 2089 3292 enim

2185 2042 2239 2097 in
2272 2056 2501 2110 corpore
2527 2051 2548 2078 τ
2587 2057 2693 2095 non
2727 2042 2950 2112 recepit,
2976 2048 3230 2112 consequi
3264 2052 3459 2098 exutus
3482 2060 3641 2099 carne
3670 2059 3782 2099 non

2185 2134 2401 2205 poterit.
2438 2132 2547 2188 Nec
2601 2148 2823 2187 necesse
2860 2142 2943 2188 est
2983 2149 3081 2187 nos
3108 2150 3297 2189 eorum
3328 2136 3416 2204 qui
3448 2135 3523 2190 sic
3550 2136 3788 2191 obierint

2185 2227 2374 2282 merita
2411 2236 2669 2295 actusque
2700 2226 3002 2293 discutere,
3044 2241 3166 2279 cum
3206 2227 3467 2281 Dominus
3498 2228 3641 2283 Deus
3677 2244 3785 2283 no-

2187 2331 2320 2383 ster,
2363 2320 2515 2388 cujus
2548 2320 2758 2390 1175
2785 2318 2991 2388 judicia
3040 2328 3315 2388 nequeunt
3351 2322 3742 2391 comprehendi
3772 2364 3789 2387 ,

2186 2411 2331 2482 quod
2366 2420 2387 2448 ³
2421 2412 2755 2465 sacerdmale
2785 2410 3138 2465 ministerium
3172 2411 3398 2481 implere
3426 2429 3532 2467 non
3576 2415 3791 2483 potuit.

2186 2519 2300 2560 sua:
2340 2503 2565 2572 iustitia:
2604 2504 2968 2557 reservaverit
3019 2519 3031 2555 :
3066 2503 3137 2556 ita
3170 2512 3491 2573 potestatem
3523 2520 3677 2561 suam
3718 2505 3793 2561 ti-

2188 2598 2321 2651 meri
2348 2597 2554 2663 volens,
2587 2606 2644 2649 ut
2671 2596 2759 2649 hic
2793 2598 2811 2633 ί
2847 2604 3023 2650 terror
3046 2597 3301 2649 omnibus
3328 2598 3532 2665 prosit,
3564 2600 3791 2667 etquod

2188 2690 2511 2759 quibusdam
2566 2688 2766 2752 tepidis
2815 2696 2905 2741 aut
2935 2687 3328 2756 negligentibus
3353 2689 3576 2752 accidit,
3624 2706 3795 2744 nemo

2192 2798 2299 2837 non
2337 2789 2560 2836 metuat.
2603 2781 2826 2836 Multum
2860 2780 3005 2834 enim
3041 2780 3174 2833 utile
3199 2794 3260 2834 ac
3298 2782 3660 2834 necessarium
3704 2791 3797 2836 est

2192 2886 2247 2931 ut
2278 2883 2622 2944 peccatorum
2658 2883 2840 2927 reatus
2872 2881 2996 2927 ante
3024 2872 3271 2927 ultimum
3299 2871 3439 2931 diem
3466 2874 3797 2929 sacerdotali

2194 2966 2583 3035 supplicatione
2610 2966 2869 3019 solvatur.

2264 3058 2393 3113 (tu.
2422 3058 2509 3110 IV.
2533 3087 2603 3098 —
2623 3065 2650 3094 ιι
2676 3056 2768 3111 His
2790 3069 2967 3114 autem
2988 3057 3079 3128 qui
3104 3058 3155 3111 in
3180 3063 3425 3124 tempore
3447 3057 3800 3113 necessitatis

2194 3157 2253 3205 et
2282 3150 2334 3203 in
2382 3149 2605 3218 periculi
2632 3151 2872 3217 urgentis
2902 3150 3150 3204 instantia
3188 3150 3493 3219 prmsidium
3527 3152 3801 3219 preuiten-

2198 3240 2285 3294 tite
2327 3250 2383 3295 et
2427 3257 2550 3294 mox
2592 3243 3043 3297 reconciliationis
3089 3243 3405 3310 implorant,
3440 3257 3537 3297 nec
3577 3242 3802 3297 satisfa-

504 3325 606 3382 Dei
628 3337 679 3383 et
702 3327 982 3383 hominum
1008 3330 1168 3385 homo
1186 3331 1434 3386 Christus
1455 3329 1611 3386 .lesus
1636 3330 1773 3385 hanc
1791 3332 2096 3400 praepositis
2122 3320 2169 3384 C
2200 3334 2309 3388 ctio
2351 3332 2722 3388 interdicenda
2753 3342 2836 3389 est
2856 3375 2870 3400 ,
2904 3351 3001 3391 nec
3038 3335 3408 3389 reconciliatio
3432 3334 3753 3404 deneganda
3784 3352 3799 3388 :

582 3537 609 3568 ³·
635 3530 783 3585 Alias
812 3528 899 3585 85.
934 3530 1063 3596 Ome
1095 3540 1272 3586 autem
1310 3538 1468 3587 antea
1500 3530 1602 3587 108
1627 3539 1766 3601 erat,
1796 3547 1935 3588 nunc
1964 3531 2091 3589 157.

507 3599 718 3667 Scripta
746 3605 799 3655 11
835 3604 979 3657 Junii
1007 3618 1096 3658 an.
1120 3604 1247 3658 452.

581 3670 608 3745 If
639 3674 730 3726 Est
754 3675 865 3745 hanc
881 3672 1104 3741 epistola
1125 3677 1175 3728 in
1202 3674 1560 3729 mss.collect.
1578 3674 1681 3729 5et
1699 3675 1751 3733 8.
1770 3676 1919 3745 Hisp.
1939 3676 2089 3745 Isid.,

509 3751 565 3797 et
596 3742 674 3796 bis
710 3746 757 3796 in
790 3742 910 3799 Vat.
937 3745 1071 3801 5791
1102 3747 1313 3800 collect.
1339 3746 1427 3809 11,
1456 3748 1578 3801 item
1609 3746 1660 3799 in
1687 3748 1845 3801 codd.
1870 3742 2088 3803 collect.

512 3812 579 3885 υ.
606 3822 661 3867 et
688 3814 757 3868 9.0
793 3831 957 3883 usque
987 3818 1047 3868 ad
1078 3816 1169 3870 24.
1199 3816 1465 3871 Praeterea
1497 3821 1544 3869 in
1576 3818 1786 3871 duobus
1815 3820 2096 3885 peculiari-

510 3884 610 3938 bus
650 3901 779 3939 mss.
825 3886 941 3940 Vat.
977 3888 1116 3943 1545
1145 3898 1200 3943 et
1226 3890 1345 3944 Vat.
1392 3889 1521 3951 Reg.
1556 3888 1680 3943 612.
1728 3888 1782 3942 In
1818 3884 1951 3941 mss.
2001 3907 2097 3943 an-

512 3955 674 4020 tiqum
704 3957 913 4011 collect.
940 3960 971 4012 8
1000 3974 1096 4012 nec
1124 3974 1227 4011 non
1254 3960 1307 4012 in
1335 3975 1435 4011 ms.
1461 3962 1714 4013 ()ttohon.
1743 3960 1844 4013 297
1879 3962 2091 4015 collect.

510 4025 582 4101 25
613 4028 695 4101 hic
732 4028 916 4101 titulus
948 4030 1137 4096 legitur
1169 4046 1184 4084 :
1226 4030 1287 4084 S.
1320 4030 1504 4083 Leonis
1534 4046 1683 4101 papa:
1710 4032 1772 4083 de
1807 4034 2098 4101 ptenitentia

510 4097 935 4219 adr'l‘lieodorum
958 4104 1250 4172 episcopum
1275 4097 1588 4155 Galliensein
1610 4102 1671 4155 de
1693 4097 1895 4155 civitate
1924 4100 2097 4157 Foro-

510 4184 567 4219 iu
595 4184 739 4219 tensi.

538 4184 739 4222 αιιεηδι.

509 4187 893 4293 ³ωοέείιιῖιίειιηιιει
919 4240 1130 4295 collect.
1151 4242 1185 4296 5
1211 4257 1328 4309 cap.
1362 4242 1431 4299 70
1458 4260 1472 4296 :
1498 4240 1806 4297 Constitutio
1834 4244 1903 4296 ad
1926 4244 2097 4298 Theo—

510 4308 1042 4385 dorum_epis_copum
1066 4308 1507 4385 iForojuliensem
1568 4332 1721 4385 super
1792 4318 2101 4383 paenitentia

511 4378 1006 4458 st_otu._ln'collect.
1040 4384 1189 4458 Hisp.
1223 4378 1246 4437 ἶ
1272 4383 1337 4439 Ut
1368 4384 1448 4439 his
1476 4385 1563 4455 qui
1592 4378 1643 4438 in
1676 4378 1813 4439 exitu
1846 4398 1964 4441 sunt
1997 4404 2102 4458 pae-

512 4452 731 4526 nitentia
756 4463 805 4507 et
844 4456 1131 4526 communio
1164 4472 1262 4509 non
1294 4452 1526 4526 negetur.

586 4519 617 4601 (ἦ
628 4521 710 4601 ¹1η
729 4540 885 4601 __mss_.
920 4525 1216 4601 c_oIIect.__8,
1250 4519 1518 4601 Leo'papa
1550 4527 1821 4585 Theodoro
1864 4530 2102 4601 episcopo

515 4591 670 4669 Gallo
718 4590 1088 4669 Forojuliensi.
1124 4596 1244 4669 Vat.
1288 4590 1428 4654 5845
1456 4590 1715 4669 ejusdem
1768 4590 2104 4656 collectiouis

514 4664 666 4717 addit
696 4664 933 4719 salutem.
970 4666 1023 4719 In
1055 4684 1157 4723 ms.
1185 4664 1729 4727 Viudebonfcollect.
1762 4671 1825 4729 5.
1861 4671 2107 4726 Dilectis-

517 4736 647 4788 simo
696 4738 844 4805 fratri
874 4736 1145 4792 Theodoro
1178 4742 1416 4811 episcopo
1454 4740 1806 4814 Forojuliensi
1845 4742 1949 4796 Leo
1990 4745 2100 4812 epi-

517 4820 722 4874 scapus.

596 4884 618 4911 α
650 4875 766 4952 Vat.
816 4877 963 4952 llisp.
1002 4889 1055 4934 et
1082 4879 1234 4945 Μὰ..
1258 4882 1351 4935 iste
1376 4883 1523 4936 ordo.
1562 4884 1701 4940 Editi
1731 4895 1853 4941 ante
1891 4885 2095 4952 Quesn.

519 4961 640 5000 cum
674 4945 791 5000 Vat.
820 4950 1029 5003 collect.
1058 4953 1145 5013 ll,
1176 4954 1218 5005 is
1247 4955 1393 5007 ordo.

596 5015 616 5052 τ
655 5017 769 5094 Duo
786 5033 918 5094 mss.
932 5023 1143 5094 collem.
1166 5023 1225 5076 2t
1255 5025 1505 5078 omittunt
1528 5026 1592 5079 de
1605 5044 1687 5080 eo.
1706 5028 1872 5093 Alias,
1897 5028 1958 5080 de
1982 5027 2097 5081 hoc.

546 5158 556 5168 _
596 5086 882 5168 {plrique
907 5092 1053 5168 Ilisp.
1094 5108 1213 5168 cum
1249 5094 1367 5148 Vat.
1399 5096 1522 5148 Isid.
1554 5097 1734 5152 dolent
1761 5086 1934 5152 etiam.
1978 5098 2100 5152 Val-

522 5156 687 5238 licelllx.
719 5175 806 5210 an.
915 5156 1127 5217 collect.
1156 5166 1209 5231 8,
1244 5169 1394 5219 etiam
1436 5168 1543 5238 ipse
1574 5170 1761 5224 diceret
1789 5186 1840 5222 se
1885 5171 2097 5224 nescire.

593 5227 620 5263 ιι
644 5228 985 5310 Quesuellus,
1013 5227 1296 5300 posceritis.
1330 5240 1403 5291 lux
1436 5227 1529 5292 s'ex
1570 5243 1765 5294 nostris
1788 5257 1915 5293 tnss.
1952 5251 2100 5294 \cte-

523 5312 636 5379 rem
652 5302 1160 5379 lectionem,quam
1189 5318 1466 5361 contextus
1489 5312 1673 5379 exigit,
1705 5328 1846 5365 revoc
1867 5311 2089 5365 avimus.

603 5366 619 5404 ί
652 5369 823 5425 Voces
850 5366 1078 5427 omnium
1108 5377 1313 5431 Domini
1350 5366 1673 5434 sacerdotum
1698 5384 1953 5437 omittunt
1993 5392 2101 5436 tres

526 5438 797 5522 Quesiielli
828 5445 1146 5522 codiies,_et
1174 5452 1386 5519 utrique
1426 5454 1593 5505 nostri
1638 5452 1787 5522 Hisp.
1822 5470 1944 5509 cuin
1983 5453 2103 5507 aliis

526 5521 915 5595 quatuor__mss.
933 5515 1114 5595 “Paulo
1137 5515 1420 5595 post,__—sine
1441 5522 1655 5589 primote
1680 5515 1773 5577 suo
1801 5526 1851 5579 iu
1874 5534 2105 5595 quatuor

527 5596 659 5638 mss.
689 5584 900 5638 collect.
930 5587 990 5652 8;
1021 5584 1155 5641 forte
1183 5591 1393 5645 melius.

606 5654 620 5702 t
665 5653 785 5736 Va_t.
827 5658 1040 5736 collect.
1089 5662 1147 5714 Η
1187 5674 1418 5736 utroque
1445 5661 1670 5718 diversae
1723 5665 1849 5721 licet
1884 5665 2107 5736 originis

528 5726 779 5806 Oxcinplo
818 5741 833 5779 :
860 5726 1286 5806 .Sedquomodo
1317 5726 1603 5787 instruatur
1635 5736 1941 5806 ambiguitas
1969 5726 2105 5790 con-

530 5798 767 5879 sulentis,
792 5797 1159 5879 ttel_quide_tc.
1183 5805 1289 5858 Sed
1308 5806 1662 5876 quoquomodo
1683 5797 1840 5863 estin
1863 5811 2102 5879 utrisque

532 5863 684 5932 Hist).
715 5878 766 5921 et
792 5865 841 5918 iit
879 5870 993 5925 Vol.
1028 5874 1151 5929 Isid.

606 5934 636 5974 ι
664 5938 738 5991 De
770 5938 961 5995 Posuit.
992 5942 1117 5998 dist.
1154 5947 1205 6011 ‘I,
1239 5944 1529 6016 Multiplex,
1557 5963 1608 6006 c.
1635 5949 1725 6006 49.

2272 3532 2292 3573 1
2343 3534 2647 3591 Vindehon.
2704 3536 2919 3590 collect.
2982 3538 3047 3601 5,
3091 3536 3211 3591 Vat.
3266 3536 3417 3602 ilisp.
3449 3546 3502 3590 et
3557 3535 3800 3592 Vercell.

2196 3606 2409 3661 collect.
2433 3610 2464 3660 8
2491 3625 2609 3660 com
2637 3607 2860 3660 Merlino
2882 3608 3092 3661 collect.
3123 3609 3207 3672 12,
3232 3618 3278 3659 et
3301 3610 3411 3675 qui.
3436 3609 3574 3676 Mox,
3597 3609 3805 3663 donum

2196 3677 2249 3731 iu
2280 3679 2401 3732 Vat.
2425 3679 2637 3732 collo-et.
2672 3680 2728 3733 11
2767 3688 2821 3733 et
2854 3681 2902 3731 in
2936 3680 3090 3733 editis
3118 3690 3242 3732 ante
3272 3680 3474 3742 Quesn.

2269 3758 2309 3785 ιη
2343 3748 2461 3802 Vat.
2496 3750 2645 3818 Hisp.
2680 3749 2880 3805 etlsid.
2914 3764 3035 3805 cum
3065 3752 3235 3805 tribus
3266 3752 3387 3805 aliis
3420 3766 3576 3816 mss.,
3611 3751 3805 3805 volun-

2196 3820 2336 3875 tatis.

2269 3899 2297 3927 η
2348 3890 2511 3945 Iidem
2557 3892 2793 3960 quinque
2837 3892 3090 3955 codices,
3134 3892 3436 3957 pcenitentiat
3474 3894 3803 3949 sanctionem

2200 3963 2398 4016 darent.
2429 3963 2480 4015 Id
2500 3962 2745 4017 derivare
2764 3964 2978 4019 videtur
3006 3980 3071 4018 ex
3102 3967 3382 4018 arbitraria
3414 3964 3805 4019 emendatione

2201 4034 2449 4107 lectionis
2484 4038 2759 4107 mendosae
2792 4036 3091 4089 Vindehou.
3138 4036 3314 4101 Hisp.,
3348 4037 3651 4107 rogationem
3678 4052 3803 4107 pro

2201 4106 2471 4158 actionem.
2501 4105 2640 4171 Mox,
2661 4116 2705 4159 et
2731 4108 2905 4160 eadem
2932 4107 3127 4161 salubri
3151 4105 3560 4173 sanctiﬁcatione
3581 4109 3635 4160 in
3656 4106 3805 4161 duo-

2201 4174 2301 4229 bus
2335 4192 2461 4231 mss.
2494 4176 2611 4232 Vat.
2643 4178 2853 4231 collect.
2889 4179 2978 4231 2|.

2275 4255 2299 4283 ο
2336 4247 2447 4301 Vox
2474 4249 2839 4302 incessabiliter
2879 4250 2930 4303 in
2983 4247 3285 4302 Vindebnn.
3317 4247 3525 4305 collect.
3571 4248 3606 4300 5
3650 4247 3809 4302 desi-

2201 4316 2443 4373 deratur.
2472 4319 2789 4373 Sirmondus
2814 4320 2865 4373 in
2896 4335 3064 4385 marg.
3103 4336 3115 4371 :
3148 4320 3259 4382 AL,
3303 4321 3633 4374 incessanter.
3667 4319 3811 4375 Post

2204 4403 2391 4458 paucii,
2425 4404 2544 4442 cum
2569 4389 2618 4443 in
2650 4390 2953 4445 Viudehon.
2988 4390 3161 4454 Ilisn.,
3186 4390 3384 4447 desint.
3408 4408 3518 4451 qua:
3548 4392 3810 4444 ministris

2202 4461 2309 4514 suis
2335 4462 2655 4529 exsequenda
2679 4464 2929 4515 commisit
2953 4462 3145 4525 dicens,
3172 4462 3224 4515 iu
3256 4460 3376 4513 Vat.
3407 4462 3554 4527 Hisp.
3584 4471 3640 4514 et
3666 4462 3805 4515 Isid.

2203 4546 2268 4586 ac
2306 4532 2476 4585 tribus
2503 4534 2625 4585 aliis
2651 4533 2775 4587 inde
2800 4533 3296 4600 proﬁciscentibus,
3334 4541 3388 4583 ut
3414 4547 3607 4585 sensus
3634 4548 3718 4599 pet
3742 4534 3814 4585 Ii-

2203 4611 2437 4665 ceretur,
2468 4606 2723 4673 scriptum
2757 4606 2851 4657 fuit
2877 4620 2891 4659 :
2918 4603 3029 4657 Nec
3056 4620 3299 4673 umquam
3319 4602 3382 4655 ab
3410 4603 3471 4656 iis
3490 4603 3651 4669 obest,
3676 4606 3814 4673 qui-

2203 4673 2295 4726 bus
2321 4674 2393 4724 ait
2423 4688 2441 4725 :
2470 4672 2603 4726 Ecce
2632 4676 2911 4738 vobiscum,
2943 4688 3050 4727 etc.

2275 4754 2302 4792 Ρ
2339 4742 2561 4808 Utrique
2591 4746 2745 4799 codd.
2783 4748 2933 4814 Ili~p.
2965 4746 3083 4799 Vat.
3124 4744 3249 4799 Ιςίιί.
3298 4760 3417 4797 cum
3468 4745 3639 4797 tribus
3673 4746 3818 4800 aliis

2128 4838 2183 4898 Ι)
2206 4829 2341 4868 mss.
2364 4826 2417 4868 et
2440 4814 2763 4898 Sirntoudus
2786 4816 2835 4869 in
2863 4819 3122 4898 margine.
3144 4825 3291 4898 grato
3312 4817 3371 4868 int
3387 4816 3555 4897 pietur
3580 4814 3819 4898 affectu;

2206 4895 2263 4940 et
2311 4901 2436 4939 mox
2467 4886 2521 4939 in
2559 4887 2748 4941 iisdem
2786 4890 2942 4941 codd.
2990 4896 3115 4941 ante
3141 4886 3365 4941 verbum
3397 4887 3556 4954 fuisse
3580 4889 3820 4941 additur

2203 4958 2369 5009 nobis.

2280 5038 2304 5076 (ι
2333 5027 2500 5091 Alias,
2532 5029 2801 5083 excesserit
2841 5029 2892 5082 in
2927 5027 3115 5082 iisdem
3148 5043 3303 5091 mss.,
3337 5035 3560 5095 excepto
3589 5027 3821 5083 Vinde-

2204 5098 2331 5153 bon.
2368 5100 2515 5166 Hisp.
2552 5100 2706 5163 Dein,
2738 5102 3014 5167 perveniret
3053 5098 3106 5152 in
3131 5104 3370 5169 utrisque
3397 5098 3692 5153 Vindebon.
3752 5111 3821 5155 et

2206 5169 2257 5223 in
2286 5170 2409 5223 aliis
2437 5186 2501 5223 ex
2529 5172 2741 5225 collect.
2778 5171 2925 5241 llisp.
2960 5170 3236 5239 proiectis.

2282 5250 2301 5277 τ
2323 5241 2665 5310 Antiquiores
2689 5244 2828 5312 vulg.
2847 5239 2968 5297 c‘um
2990 5242 3110 5299 Vat.
3133 5242 3346 5297 collect.
3373 5239 3434 5293 11
3457 5239 3630 5310 primo
3651 5240 3819 5309 loco,

2204 5328 2305 5365 non
2336 5314 2598 5379 receperit.

2282 5391 2303 5418 ⁸
2330 5382 2576 5450 Quinque
2599 5384 2780 5449 codd.,
2810 5384 3160 5447 sacerdotum;
3182 5394 3235 5439 et
3257 5384 3312 5447 in
3340 5390 3569 5451 quatuor
3583 5397 3654 5439 ex
3688 5385 3821 5449 his,

2206 5453 2419 5526 implere
2456 5455 2791 5509 ministerium
2832 5472 2934 5509 non
2972 5457 3129 5519 sinit;
3176 5457 3228 5509 in
3261 5455 3560 5510 Vindebon.
3618 5455 3824 5526 l‘lisp.,

2208 5539 2311 5577 non
2355 5525 2557 5580 sinebit.

2285 5596 2304 5631 ί
2340 5596 2661 5660 Quesuellus
2693 5612 2813 5651 cum
2854 5606 3037 5651 nostro
3076 5596 3377 5651 Vindebon.
3411 5597 3583 5665 Hisp.,
3632 5613 3825 5655 error.

2210 5664 2459 5721 Veterem
2480 5669 2761 5721 lcetionem
2781 5684 2843 5722 ex
2869 5684 3057 5723 novem
3086 5670 3284 5722 nostris
3306 5669 3459 5723 codd.
3486 5664 3710 5723 Collect.
3750 5670 3825 5735 5,

2212 5737 2266 5801 8,
2300 5738 2388 5801 ll,
2420 5738 2482 5792 21
2519 5754 2579 5792 ac
2614 5738 2728 5793 Vat.
2759 5740 2908 5809 Hisp.
2940 5748 2994 5793 et
3017 5740 3170 5805 Isid.,
3201 5740 3561 5794 revocavimus.

2283 5811 2420 5884 “__Ile
2448 5809 2639 5884 Poenit.
2664 5811 2789 5864 dist.
2819 5816 2867 5877 t,
2898 5811 3195 5884 ttultiptex,
3227 5826 3351 5881 cap.
3376 5810 3470 5877 49;
3491 5821 3548 5867 et
3574 5809 3672 5877 26,
3699 5827 3827 5884 qu.

2213 5877 2267 5945 6,
2294 5878 2392 5934 His
2420 5882 2507 5950 qui
2536 5891 2778 5952 tempore,
2806 5897 2853 5937 c.
2886 5882 2970 5937 10.
