4072 6358
361 296 507 357 1018

1756 285 2085 345 EPISTOLA
2122 286 2259 344 CIX.

3504 294 3649 355 1οη

358 412 484 484 quia
521 407 908 467 misericordire
938 407 1032 463 Dei
1059 419 1161 462 nec
1198 417 1482 461 mensuras
1510 414 1808 474 possumus
1854 418 1955 473 po-
1980 406 2035 468 Λ
2060 403 2401 475 aegritudinis
2436 397 2519 461 ita
2538 404 2741 460 fuerint
2764 404 3057 477 aggravati,
3084 412 3141 461 ut
3165 406 3306 477 quod
3332 408 3493 479 paulo
3524 422 3652 471 ante

359 519 515 574 nere,
544 516 647 558 nec
670 507 911 571 tempora
936 499 1181 563 deﬁnire,
1205 496 1346 567 apud
1368 511 1526 566 quem
1554 495 1727 550 nullas
1744 496 1954 566 patitur

358 595 533 652 venia:
568 608 752 649 moras
792 601 819 630 ι
845 606 973 647 vera
1012 589 1329 655 conversio,
1383 588 1597 644 dicente
1627 586 1832 657 Spiritu
1858 585 1959 642 Dei

358 706 459 763 per
488 687 809 761 prophetam
840 704 853 741 :
883 683 1015 741 Cum
1041 700 1311 739 conversus
1334 682 1670 754 ingemueris,
1702 690 1822 735 tunc
1851 681 1960 735 sal-

357 801 455 839 uus
484 783 585 838 aris
612 780 746 855 (Isai
795 795 938 845 xxx,
969 780 1059 845 15,
1096 794 1198 833 sec.
1236 776 1438 847 LXI).
1476 776 1543 830 Et
1573 774 1700 829 alibi
1735 791 1747 827 :
1781 772 1878 827 Dic
1905 782 1959 828 tu

356 876 651 947 iniquitates
699 883 812 928 tuas
842 873 1007 941 prior,
1054 880 1111 925 ut
1143 870 1444 942 justiﬁceris
1475 866 1635 939 (Isai.
1666 880 1794 921 sun
1821 906 1835 930 ,
1863 864 1955 932 26,

357 983 461 1022 sec.
491 964 689 1035 LXX).
725 967 792 1021 Et
820 966 1013 1020 iterum
1048 981 1062 1019 :
1095 964 1229 1031 Quia
1267 963 1407 1036 apud
1437 961 1712 1016 Dominum
1757 958 1959 1013 miseri-

357 1060 541 1116 cordia
569 1070 663 1123 ast,
689 1070 738 1113 at
762 1060 970 1129 copiosa
988 1058 1130 1130 apud
1157 1074 1273 1112 eum
1300 1057 1581 1128 redemptio
1613 1053 1734 1126 (Ps.
1762 1069 1953 1121 cxxtx,

357 1152 442 1223 7).
472 1151 535 1208 in
587 1151 963 1222 dispensandis
993 1152 1172 1222 itaque
1204 1149 1301 1204 Dei
1330 1148 1489 1204 donis
1539 1164 1645 1202 non
1694 1148 1956 1202 debemus

356 1258 486 1301 eSse
520 1244 803 1314 difﬁciles,
854 1258 955 1300 nec
993 1248 1358 1299 accusantium
1384 1257 1445 1297 se
1486 1242 1760 1314 lacrymas
1790 1240 1957 1311 gemi-

354 1346 556 1408 tusque
580 1337 874 1408 negligere,
899 1352 1020 1393 cum
1044 1338 1215 1408 ipsam
1236 1335 1265 1375 δ
1293 1335 1589 1406 paenitendi
1613 1333 1955 1390 aﬂectionem

358 1448 434 1491 ex
482 1433 582 1489 Dei
630 1435 918 1489 credamus
967 1433 1320 1503 inspiratione
1363 1440 1715 1501 conceptam,
1744 1428 1957 1485 dicente

352 1525 626 1596 lpostolo
659 1549 673 1584 :
726 1525 812 1581 Ne
840 1528 973 1596 forte
1013 1526 1095 1581 dat
1138 1526 1244 1581 illis
1283 1524 1422 1579 Deus
1463 1524 1852 1596 paenitentiam,
1899 1529 1956 1575 ut

346 1606 659 1689 ‘resipiscant
685 1636 715 1672 α
742 1618 936 1674 diaboli
966 1618 1197 1690 laqueis,
1244 1635 1275 1672 a
1304 1634 1403 1688 quo
1436 1626 1459 1656 ο
1492 1615 1682 1687 captivi
1722 1623 1955 1669 tenentur

356 1712 428 1766 ad
455 1712 617 1781 ipsius
644 1712 954 1766 voluntatem
988 1710 1057 1783 (il
1092 1709 1225 1765 Tim.
1249 1725 1309 1777 ll,
1333 1708 1449 1780 25).

430 1802 560 1859 CAP.
590 1802 655 1858 V.
681 1833 750 1844 —-
771 1802 927 1860 Unde
947 1811 1164 1873 Oportet
1184 1815 1622 1872 unumquemque
1641 1797 1669 1838 δ
1692 1798 1947 1855 Christia-
1976 1802 2027 1864 Β

342 1882 489 1949 num
522 1895 868 1949 conscientiae
915 1909 1027 1949 suta
1061 1896 1259 1951 habere
1290 1894 1549 1964 judicium
1571 1935 1588 1959 ,
1634 1908 1702 1947 ne
1738 1893 1951 1964 1176

355 1989 603 2043 converti
633 1989 697 2041 ad
729 1987 898 2043 Deum
931 1988 998 2043 de
1025 1989 1115 2044 die
1144 1992 1196 2043 in
1220 1988 1362 2043 diem
1394 1988 1637 2051 differat,
1673 2002 1773 2043 nec
1796 1989 1954 2042 satis-

356 2079 611 2135 factionis
650 2080 753 2136 sibi
794 2090 1005 2151 tempus
1049 2081 1102 2136 in
1148 2081 1254 2137 ﬁne
1283 2081 1406 2137 vitae
1438 2098 1554 2137 sua:
1604 2084 1893 2136 constituat
1938 2099 1953 2135 :

359 2182 386 2211 ο
414 2173 537 2245 quia
562 2175 868 2245 periculose
901 2174 1000 2230 hac
1021 2190 1081 2230 se
1102 2176 1409 2231 conditione
1441 2175 1704 2246 fragilitas
1727 2183 1783 2229 et
1810 2177 1957 2246 igno-

354 2268 530 2322 rantia
559 2267 792 2322 humana
837 2268 1144 2335 concludit,
1184 2279 1244 2323 ut
1281 2270 1347 2323 ad
1379 2284 1667 2339 paucarum
1703 2270 1953 2324 horarum

353 2372 419 2416 se
448 2371 690 2417 reservet
710 2362 1009 2430 incertum;
1036 2373 1091 2419 et
1111 2378 1231 2418 cum
1257 2364 1428 2433 possit
1468 2365 1708 2433 pleniore
1746 2365 1958 2420 satisfa-

353 2450 540 2509 ctione
572 2453 970 2526 indulgentiam
1021 2458 1349 2526 promereri,
1382 2456 1526 2513 illius
1560 2459 1817 2527 temporis
1857 2473 1955 2513 an-

353 2549 559 2617 gustias
588 2549 768 2620 eligat,
800 2549 821 2588 ί
856 2565 964 2621 quo
988 2551 1073 2605 vix
1099 2551 1339 2606 inveniat
1367 2552 1599 2621 spatium
1628 2552 1710 2606 vel
1736 2551 1953 2608 confes-

352 2640 440 2695 sio
468 2641 803 2711 paaniteutis,
824 2643 910 2698 vel
930 2644 1296 2699 reconciliatio
1320 2643 1637 2699 sacerdotis.
1676 2653 1702 2691 ε
1725 2642 1945 2713 Verum,

350 2732 563 2807 utdixi,
590 2735 751 2789 etiam
776 2734 961 2790 talium
1000 2736 1311 2792 necessitati
1338 2737 1408 2791 ita
1449 2736 1815 2791 auxiliandum
1842 2745 1947 2804 est,

350 2822 385 2863 ιι
410 2837 467 2881 ιιι
496 2836 549 2883 et
570 2828 712 2883 actio
735 2828 841 2886 illis
862 2830 1217 2900 paenitentiae,
1247 2840 1302 2885 et
1329 2830 1724 2887 communionis
1748 2832 1948 2901 gratia,

352 2920 402 2975 si
433 2935 578 2988 eam,
601 2924 764 3001 etiam
788 2924 990 2979 amisso
1008 2926 1155 2981 vocis
1182 2924 1384 2992 ofﬁcio,
1408 2941 1505 2996 per
1535 2924 1731 2980 indicia
1755 2925 1954 2996 integri

353 3025 551 3067 sensus
602 3014 904 3083 postulant,
949 3031 1059 3073 non
1098 3028 1344 3088 negetur.
1391 3018 1463 3074 At
1508 3016 1555 3074 si
1601 3016 1620 3055 ί
1668 3017 1849 3089 aliqua
1898 3018 1952 3074 vi

2062 501 2382 569 poscebant,
2408 499 2507 556 sub
2536 499 2821 570 praesentia
2864 500 3159 555 sacerdotis
3187 500 3492 571 signiﬁcare
3542 521 3648 561 non

2061 593 2301 660 valeant,
2337 593 2641 647 testimonia
2666 593 2746 647 eis
2772 592 3008 647 ﬁdelium
3038 594 3505 650 circumstantium
3534 612 3654 669 pro-

2059 685 2219 741 desse
2254 685 2560 751 debebunt,
2596 696 2654 739 ut
2682 686 2844 740 simul
2874 695 2927 741 et
2954 688 3285 756 pcenitentiae
3323 698 3378 743 et
3406 692 3655 748 reconci-

2060 775 2297 833 liationis
2340 776 2664 832 beneﬁcium
2712 788 3154 849 consequantur;
3204 790 3420 836 servata
3471 791 3652 841 tamen

2059 868 2245 937 regula
2287 883 2550 923 canonum
2588 880 2935 937 paternorum
2975 871 3117 926 circa
3158 887 3349 928 eorum
3388 890 3652 945 personas
3708 942 3711 949 λ

2062 962 2080 1013 l
2128 963 2218 1034 qui
2251 962 2305 1018 in
2342 962 2509 1019 Deum
2537 979 2566 1017 a
2601 964 2703 1019 ﬁde
2731 965 3060 1021 discedendo
3087 976 3393 1035 peccarunt.

2129 1059 2261 1115 Car.
2287 1058 2379 1116 VI.
2401 1090 2476 1103 -—
2506 1061 2631 1116 llam
2658 1070 2857 1127 autem,
2888 1058 2917 1099 ¹ι
2946 1061 3135 1127 frater,
3168 1078 3288 1133 quae
3312 1065 3377 1118 ad
3422 1065 3655 1119 interro-

2054 1155 2329 1224 gationem
2366 1153 2674 1209 dilectionis
2714 1162 2819 1209 tua:
2853 1152 2975 1209 ideo
3020 1156 3310 1223 respondi,
3346 1171 3412 1211 ne
3451 1157 3652 1226 aliquid

2059 1248 2388 1304 contrarium
2420 1248 2521 1304 sub
2560 1248 2874 1318 ignorantia:
2913 1232 3263 1303 excusatione
3297 1246 3315 1286 1
3345 1259 3649 1317 gereretur,

2052 1342 2113 1400 'in
2142 1342 2543 1410 metropolitani
2573 1346 2645 1397 tui
2691 1344 2933 1397 notitiam
2964 1342 3132 1397 facies
3158 1342 3446 1412 pervenire
3475 1358 3490 1397 :
3520 1352 3579 1395 ut
3606 1342 3652 1395 si

2058 1436 2148 1507 qui
2181 1436 2319 1491 forte
2366 1444 2495 1490 sunt
2522 1437 2747 1491 fratrum
2788 1436 2878 1504 qui
2907 1434 2976 1489 de
3019 1434 3104 1488 his
3149 1445 3303 1489 antea
3346 1433 3653 1502 putaverint

2056 1531 2469 1600 ambigendum,
2527 1544 2621 1599 per
2672 1531 2846 1600 ipsum
2886 1529 2954 1583 de
3012 1529 3261 1583 omnibus
3313 1543 3435 1598 qua:
3478 1526 3543 1581 ad
3602 1536 3653 1580 te

2057 1624 2257 1689 scripta
2288 1631 2417 1676 sunt
2445 1622 2799 1677 instruantur.
2828 1631 2869 1659 ιη
2894 1622 3022 1676 Data
3050 1637 3108 1676 ιιι
3148 1620 3271 1676 idus
3293 1619 3466 1685 Junii,
3518 1618 3652 1673 iler-

2057 1716 2250 1771 culano
2275 1714 2392 1771 viro
2419 1716 2743 1770 clarissimo.

2442 1831 2645 1900 1177
2689 1828 3015 1884 EPISTOLA
3058 1838 3085 1865 ’³
3122 1826 3259 1884 CIX.

2346 1937 2410 1974 AD
2452 1936 2707 1975 JULIANUM
2757 1936 3046 1975 EPISCOPUM
3100 1935 3363 1975 COENSEII.

2261 2009 2415 2065 Nunc
2443 2012 2665 2081 primum
2692 2011 2831 2062 edita
2862 2026 2888 2063 e
2917 2027 3011 2063 ms.
3050 2010 3431 2078 Ratisponensi.

2056 2104 2330 2161 SYNOPSIS.
2364 2135 2437 2144 —
2464 2103 2505 2157 Ι.
2553 2102 2629 2156 De
2676 2100 3069 2156 Pala’stinormtt
3100 2102 3463 2155 monarhm‘um
3490 2101 3653 2156 turbis

2131 2188 2179 2232 at
2212 2177 2493 2240 violentiis,
2534 2177 2713 2242 quibus
2762 2174 3041 2227 ca'holicos
3089 2173 3435 2242 exagitabant,
3491 2190 3550 2226 ac
3596 2175 3653 2227 in

2134 2248 2515 2319 Eutycltianam
2529 2246 2773 2319 [imresint
2801 2262 3067 2299 assensum
3101 2244 3485 2319 extorquebant,
3530 2261 3653 2313 que-

2134 2315 2286 2377 ritur.
2320 2350 2393 2359 —
2420 2318 2481 2371 ll.
2521 2317 2622 2370 Eos
2652 2318 2713 2370 ab
2756 2319 3060 2383 imperatore
3096 2315 3425 2377 cohibendos,
3458 2324 3505 2367 et
3538 2331 3653 2379 per-

2134 2392 2324 2445 tinaces
2347 2392 2401 2443 in
2432 2388 2671 2443 exsilium
2704 2388 2983 2456 pellendos.
3020 2416 3093 2427 —
3134 2385 3218 2441 ΙΙΙ.
3272 2385 3557 2451 Epistolam
3586 2386 3651 2441 S.

2131 2462 2403 2516 Athanasii
2428 2461 2495 2513 ad
2526 2458 2815 2527 Epictetum
2843 2460 3031 2512 eisdem
3076 2458 3649 2525 opponendam’mittit.

2129 2533 2315 2588 --lV.
2365 2533 2442 2586 De
2486 2530 2725 2586 Juvenali
2776 2532 3012 2599 episcopo
3062 2527 3541 2592 Hierosolymorum
3589 2527 3652 2581 ab

2129 2606 2318 2661 eisdem
2348 2604 2518 2674 pulso,
2548 2612 2598 2657 et
2619 2602 2682 2655 tle
2708 2600 2814 2655 alio
2835 2602 2879 2653 ai
2903 2602 3203 2671 subrogato.

2431 2715 2545 2771 Lso
2575 2728 2711 2785 papa
2733 2712 2963 2769 Juumo
2990 2711 3265 2783 episcopo.

2130 2830 2261 2887 Car.
2294 2831 2337 2888 l.
2368 2858 2438 2870 —
2476 2827 2675 2886 Gravia
2701 2834 2846 2894 sunt,
2869 2834 2928 2882 et
2965 2840 3073 2881 non
3098 2840 3264 2897 parvo
3296 2831 3529 2881 maerore
3559 2824 3648 2881 lu-

2059 2924 2253 2995 genda,
2284 2936 2408 2993 quae
2454 2930 2478 2957 °
2511 2920 2767 2977 falsorum
2807 2918 3193 2974 monachorum
3241 2917 3426 2973 turbas
3454 2916 3650 2973 frater-

2058 3018 2201 3072 nitas
2250 3024 2339 3070 tua
2377 3023 2693 3084 perpetrare
2735 3012 3023 3083 signiﬁcat,
3052 3010 3296 3081 Eutyche
3355 3009 3524 3080 impio
3554 3024 3650 3080 per

432 3243 790 3319 {Vindebon.
818 3247 969 3319 Hisp.
998 3262 1121 3303 cum
1152 3248 1274 3304 aliis
1298 3260 1530 3319 quatuor
1552 3264 1684 3305 mss.
1708 3247 1953 3319 ejusdem
1984 3246 2032 3313 C
2060 3247 2253 3305 Melior
2280 3248 2390 3303 visa
2420 3255 2504 3303 est
2532 3247 2693 3319 lectio
2730 3245 3090 3319 antiquiorum
3120 3242 3414 3319 editionum
3434 3284 3449 3309 ,
3485 3259 3647 3319 quam

352 3315 581 3391 originis
604 3315 957 3391 omittitvera.
976 3319 1095 3375 Vat.
1118 3315 1332 3375 collect.
1360 3323 1420 3375 ll
1450 3321 1503 3376 in
1521 3315 1752 3391 utroque
1770 3336 1954 3376 exem-

352 3387 525 3463 ιιιιιιὶὲ
550 3400 603 3463 et
621 3388 960 3463 Quesnellus
988 3392 1037 3443 in
1069 3393 1327 3459 margine,
1361 3410 1480 3447 vara
1508 3387 1785 3463 confessio.

430 3456 658 3540 b'Codd.
674 3460 895 3540 _Vat:-et
924 3456 1430 3540 Vallicellicollert.
1455 3464 1530 3540 _8_,_
1547 3456 1851 3540 ptiuitentiae
1870 3463 1952 3534 af-

357 3532 654 3613 fectionem.
673 3532 771 3613 bis.
792 3532 911 3613 Vat.
946 3534 1163 3613 collect.
1184 3535 1387 3613 2icﬂum
1402 3532 1563 3613 editis
1581 3535 1762 3613 an_teQ
1784 3532 1947 3599 iesn.,

418 3618 529 3656 sum
554 3605 900 3665 panitentiam
916 3622 977 3659 ea:
998 3603 1115 3671 Dei,
1143 3616 1249 3661 etc.
1275 3608 1465 3662 Ceteri
1489 3608 1659 3662 nostri
1684 3618 1738 3661 et
1761 3621 1952 3661 omnes

449 3676 638 3728 esnelli
667 3676 825 3729 Codd.
858 3684 915 3729 ut
944 3678 993 3730 in
1030 3688 1205 3731 textu.

438 3756 459 3783 ε
492 3742 795 3818 Vindebon.
825 3748 1041 3803 collect.
1075 3750 1107 3803 5
1133 3760 1186 3803 et
1224 3749 1424 3817 Quesn.
1466 3747 1520 3803 in
1552 3764 1746 3811 marg,
1792 3749 1947 3818 rapti.

360 3813 482 3889 Mox
510 3815 812 3889 Vindebon.
855 3819 1029 3887 Hisp..
1064 3821 1117 3872 in
1142 3813 1303 3886 ipsius
1330 3821 1607 3874 voluntate.
1642 3818 1759 3873 Vat.
1794 3813 1947 3889 Hisp.

352 3898 419 3942 et
446 3887 599 3951 lsid.,
632 3890 684 3941 in
709 3890 872 3955 ipsius
899 3893 1231 3945 uoluntatem.

432 3957 459 3994 ἀ
489 3958 711 4027 Utrique
744 3960 895 4028 Hisp.
943 3972 996 4016 et
1027 3962 1145 4015 Vat.
1198 3962 1324 4017 lsid.
1358 3961 1539 4015 delent
1578 3959 1947 4014 Christianum.

438 4039 460 4065 ε
496 4029 793 4086 Vindebon.
844 4034 989 4101 llisp.
1031 4048 1284 4100 corrupte
1326 4050 1339 4085 :
1386 4032 1545 4096 Quam
1587 4037 1869 4102 periculose
1898 4048 1951 4085 se

356 4100 655 4170 ignorantia
677 4104 902 4157 humana
925 4100 1208 4167 Concludit,
1230 4115 1282 4157 ut
1310 4104 1376 4156 ad
1398 4100 1678 4172 paucarum
1703 4101 1951 4156 horarum

352 4174 586 4243 spatium
623 4190 675 4228 se
705 4187 917 4230 reservet
951 4176 1220 4229 incertum.
1258 4176 1512 4229 Eamdent
1552 4173 1836 4228 lectionem
1866 4190 1951 4228 re-

355 4256 622 4315 ceperunt
652 4246 847 4315 vulgati
884 4257 1009 4301 ante
1037 4246 1267 4314 Quesn.,
1297 4246 1494 4300 omissa
1539 4256 1742 4298 tantum
1777 4246 1950 4312 primo

352 4314 481 4369 loco
510 4330 646 4372 voce
696 4314 769 4371 se.
804 4317 1249 4372 Emendationem
1286 4333 1313 4369 a
1350 4317 1639 4384 Quesnello
1677 4317 1950 4372 inductam

352 4387 532 4445 nostri
568 4388 731 4442 codd.
766 4389 979 4443 collect.
1007 4390 1063 4454 5,
1104 4390 1138 4445 8
1167 4401 1222 4446 et
1251 4388 1345 4456 24,
1377 4405 1439 4444 ac
1473 4389 1591 4443 Vat.
1618 4389 1837 4445 collect.
1882 4391 1944 4445 11

352 4458 602 4513 secundo
624 4459 743 4513 loco
773 4461 1093 4528 approbant.

435 4527 455 4567 ί
487 4529 789 4588 Vindebon.
813 4527 1047 4588 collect.
1089 4532 1123 4587 5
1166 4540 1221 4587 et
1249 4529 1515 4586 Vallicell.
1544 4529 1755 4585 collect.
1792 4529 1850 4595 8,
1896 4530 1949 4584 in

350 4615 477 4669 quo.

430 4682 457 4719 8
474 4671 782 4744 Vindebon.
806 4673 983 4744 llisp.,
1011 4673 1098 4729 Ita
1117 4690 1237 4744 ergo
1261 4673 1415 4726 etiam
1445 4668 1631 4744 talium
1660 4671 1950 4744 necessitgti

351 4742 721 4798 auxiliandum
770 4755 864 4800 est.
904 4741 1026 4800 Vat.
1075 4741 1288 4801 collect.
1331 4745 1392 4797 11
1430 4742 1606 4811 primo
1634 4744 1751 4796 loco
1802 4757 1817 4795 :
1863 4741 1951 4796 Ita

351 4831 480 4884 ergo
504 4816 881 4871 necessitatibus
910 4816 1093 4871 talium
1121 4816 1479 4870 auxiliandum
1508 4823 1601 4867 est.
1648 4811 1768 4867 Vat.
1793 4812 1948 4883 llisp.

349 4898 414 4941 et
444 4884 570 4939 lsid.
604 4902 724 4941 cum
756 4888 965 4944 duobus
990 4889 1203 4944 collect.
1243 4886 1311 4942 2i
1354 4904 1367 4941 :
1399 4884 1486 4938 Ita
1516 4901 1633 4955 ergo
1663 4886 1951 4940 necessitati

348 4956 720 5011 auxiliandum
748 4967 840 5013 est.
922 5000 923 5003 η

433 5025 460 5064 δ
490 5028 631 5082 Editi
667 5040 791 5084 ante
826 5031 1051 5099 Quesn.,
1084 5038 1138 5083 ut
1184 5045 1274 5083 nec
1313 5027 1447 5082 actio
1485 5026 1591 5081 illis
1619 5026 1946 5097 paenitentiaa,

349 5113 449 5174 nec
471 5102 840 5174 communionis
867 5104 1035 5174 gratia
1064 5100 1359 5174 denegatur,
1387 5101 1431 5153 si
1458 5100 1731 5174 cantatiam
1751 5100 1935 5153 omisso

346 5169 422 5222 ab
445 5171 523 5225 eis
550 5174 685 5224 uocis
710 5169 893 5241 oﬂcio',
926 5187 1014 5241 per
1041 5169 1284 5225 indicium
1314 5170 1496 5241 integri
1520 5186 1695 5241 sensus
1712 5186 1935 5238 quaerere

344 5239 771 5307 comprobantur.
798 5239 945 5308 Quod
962 5244 1007 5297 si
1024 5243 1220 5311 aliqua,
1242 5252 1346 5297 etc.
1376 5239 1542 5297 Paulo
1562 5239 1837 5294 dissimilis
1852 5250 1937 5295 est

348 5311 523 5366 lectio
540 5313 591 5366 in
611 5313 849 5383 utrisque
862 5314 1039 5381 llisp.,
1065 5314 1121 5368 in
1155 5314 1271 5369 Vat.
1300 5312 1429 5369 lsid.
1448 5321 1499 5368 et
1522 5314 1574 5366 in
1598 5312 1705 5366 alio
1721 5312 1933 5366 collect.

350 5383 422 5436 11
453 5384 627 5449 primo
654 5384 793 5451 loco,
813 5400 913 5441 nec
943 5400 1050 5440 non
1083 5387 1135 5439 in
1156 5400 1286 5439 mss.
1318 5385 1526 5440 collect.
1545 5383 1638 5437 2i.
1657 5383 1935 5437 Postrema

350 5455 559 5526 Verba,
598 5472 690 5525 per
734 5458 982 5511 indicium
1016 5457 1203 5526 integri
1232 5473 1410 5512 sensus
1437 5469 1661 5524 quwrera
1703 5472 1939 5526 compro-

338 5524 560 5592 bantur,
587 5524 836 5597 leguntur
862 5529 1024 5584 etiam
1046 5528 1099 5583 in
1120 5524 1374 5597 exemplo
1399 5526 1841 5582 Merliuicollect.
1869 5525 1939 5579 l2

347 5597 486 5652 etin
518 5598 632 5654 Vat.
655 5600 866 5655 collect.
891 5598 982 5654 24.
1009 5601 1317 5655 Lectionem
1337 5609 1511 5654 textus
1535 5597 1699 5653 codd.
1722 5599 1938 5653 collect.

349 5668 390 5723 8
418 5676 471 5724 et
498 5669 617 5726 Vat.
641 5672 855 5728 collect.
880 5672 942 5727 11
973 5671 1210 5728 secundo
1232 5671 1352 5726 loco
1374 5670 1695 5741 praeferunt;
1722 5670 1942 5725 iisdem-

347 5754 463 5806 que
488 5742 695 5798 accedit
717 5743 1014 5799 Vindebon.
1049 5745 1262 5799 collect.
1288 5744 1339 5799 5.

384 5856 385 5861 η
434 5809 451 5849 λ
478 5811 680 5881 Quesn.
710 5831 830 5872 cum
860 5816 1177 5884 quibusdam
1220 5831 1372 5881 mss.,
1404 5815 1579 5882 aliqua
1613 5813 1935 5881 agritudine.

1974 4637 2029 4693 D

2060 3320 2386 3374 vetustiores
2416 3320 2576 3374 codd.
2610 3313 2917 3373 Vindebon.
2950 3315 3164 3373 collect.
3198 3314 3250 3369 5.
3284 3313 3407 3368 Vat.
3438 3313 3648 3371 et’Val~

2056 3389 2224 3446 licell.
2259 3392 2471 3445 collect.
2505 3391 2537 3445 8
2558 3404 2679 3443 cum
2705 3388 2823 3443 Vat.
2850 3388 3057 3443 collect.
3089 3387 3159 3441 24
3189 3384 3467 3440 exhibent.

2132 3461 2146 3513 i
2189 3462 2490 3516 Vindebon.
2540 3461 2692 3529 ilisp.
2722 3467 2776 3511 et
2803 3461 2910 3513 duo
2938 3458 3059 3513 Vat.
3086 3459 3297 3529 collect.
3350 3456 3439 3524 2i,
3465 3457 3552 3529 qui
3592 3458 3648 3511 in

2056 3533 2328 3587 Dominica
2358 3534 2480 3602 ﬁde.
2506 3528 2672 3587 Paulo
2692 3539 2818 3586 ante
2839 3531 2895 3584 in
2926 3529 3169 3598 utrisque
3200 3528 3354 3598 ilisp.
3385 3528 3648 3583 omittitur

2056 3617 2405 3673 paternorum.

2126 3674 2155 3713 ¹ί
2188 3676 2487 3731 Vindebon.
2521 3672 2731 3729 collect.
2766 3673 2819 3735 5,
2852 3674 3012 3739 frater
3038 3671 3355 3726 charissima.

2131 3744 2150 3784 ι
2185 3747 2357 3801 Codd.
2388 3747 2600 3802 collect.
2624 3750 2679 3810 8,
2703 3754 2984 3814 generetur.
3021 3744 3153 3797 Dein
3195 3743 3516 3796 innotescunt
3544 3754 3643 3811 pro

2053 3818 2369 3873 instruantur
2400 3820 2449 3871 in
2486 3817 2785 3870 Vindebon.
2819 3815 2969 3881 llisp.
3577 3851 3583 3857 .

2125 3899 2165 3927 ω
2194 3889 2493 3943 Vindebon.
2530 3888 2748 3943 collect.
2782 3886 2815 3939 5
2853 3895 2907 3940 et
2943 3884 3247 3953 exemplum
3276 3882 3485 3939 Merlini
3532 3883 3645 3937 col-

2053 3958 2178 4014 lect.
2236 3961 2303 4014 i2
2331 3960 2642 4014 chronicam
2689 3969 2867 4012 n0tam
2925 3952 3367 4022 praetermittunt.
3416 3952 3537 4009 Vat.
3588 3961 3644 4008 et

2055 4030 2313 4085 Vallicell.
2347 4033 2559 4085 Collect.
2590 4030 2643 4091 8.
2675 4044 2732 4083 ιιι
2760 4030 2877 4081 illus
2903 4026 3055 4092 Jan.,
3087 4028 3175 4079 ubi
3204 4024 3330 4079 Jan.
3370 4040 3467 4088 pro
3504 4024 3638 4079 Jun.

2054 4104 2208 4156 facile
2232 4103 2523 4168 subrepere
2547 4102 2736 4167 potuit.
2761 4099 3064 4152 Vindebon.
3090 4098 3265 4165 llisp.,
3282 4113 3339 4150 ιιι
3361 4094 3501 4157 Jul..
3522 4095 3640 4149 sine

2056 4177 2331 4227 notatione
2375 4174 2577 4226 iduum.
2620 4170 2772 4225 Hunc
2799 4170 3099 4233 defectum,
3138 4176 3197 4221 ut
3235 4168 3470 4231 videtur,
3519 4179 3640 4219 cor-

2054 4256 2258 4299 rectum
2294 4244 2390 4298 fuit
2411 4260 2477 4297 ex
2508 4244 2728 4296 arbitrio
2762 4243 2812 4295 in
2836 4240 2959 4295 Vat.
2992 4240 3142 4308 Hisp.
3177 4248 3229 4294 et
3256 4238 3379 4308 lsid.
3409 4236 3639 4308 aliisque

2052 4317 2210 4371 codd.
2230 4317 2352 4370 inde
2382 4315 2635 4382 profectis
2658 4312 2964 4377 scribendo,
2989 4328 3048 4366 ιιι
3069 4307 3175 4364 kal.
3198 4308 3310 4382 Jul.
3341 4307 3481 4382 Editi
3502 4322 3635 4382 cum

2054 4386 2177 4442 Vat.
2210 4388 2345 4443 579l
2383 4377 2618 4441 secundo
2652 4386 2790 4447 loco.
2814 4391 2869 4438 et
2897 4384 3003 4435 alio
3040 4382 3159 4437 Vat.
3198 4380 3410 4435 collect.
3451 4377 3550 4443 24,
3588 4394 3639 4432 tv

2052 4460 2168 4513 idus
2190 4457 2396 4512 Junius.
2418 4457 2755 4511 Praztulimus
2784 4470 2838 4509 ιιι
2866 4462 2919 4508 et
2942 4452 3150 4514 Junius.
3180 4467 3299 4507 cum
3330 4451 3382 4504 in
3415 4448 3498 4503 his
3527 4448 3639 4517 ple-

2054 4532 2207 4597 rique
2241 4528 2398 4585 codd.
2433 4535 2486 4582 et
2509 4527 2750 4596 potiores
2774 4525 3123 4597 collectioues
3150 4521 3491 4597 conveniant.
3525 4519 3637 4597 Ka-

2054 4591 2232 4654 lendas
2250 4610 2425 4653 autem
2458 4591 2791 4653 deseruimus
2813 4612 2877 4651 eo
2907 4597 3048 4665 quod
3073 4594 3406 4665 kalendarum
3434 4591 3638 4665 notatio

2055 4673 2278 4727 arbitrio
2300 4671 2501 4739 antiqui
2526 4670 2804 4737 scriptoris
2826 4668 2877 4721 in
2910 4661 3413 4739 memoratiscodd.
3437 4676 3512 4739 ex
3546 4661 3638 4716 tli-

2053 4744 2274 4809 Spanica
2298 4734 2614 4796 collectione
2632 4734 3072 4809 proveniantibus
3092 4736 3336 4809 suppleta
3363 4734 3635 4809 videatur.

2056 4805 2184 4869 Post
2219 4814 2563 4868 consularem
2597 4805 2775 4865 notam
2818 4811 2870 4862 in
2904 4808 3018 4861 Vat.
3054 4807 3189 4862 5791
3231 4805 3469 4860 secundo
3516 4805 3636 4857 loco

2056 4886 2172 4942 hinc
2191 4884 2577 4951 subjiciuntur:
2595 4880 2737 4935 Tunc
2754 4880 2887 4934 enim
2906 4877 3078 4947 plures
3094 4877 3160 4930 ad
3184 4877 3527 4951 paenitentiam
3544 4891 3637 4943 po-

2054 4965 2225 5011 terunt
2256 4946 2616 5027 provocari,“
2639 4952 2816 5027 populi
2845 4946 3186 5027 auribzts_non
3206 4946 3493 5027 publicetur
3511 4960 3638 5027 σομ-

2051 5014 2266 5083 δεὶεηιὶᾰ
2297 5014 2605 5094 conﬁtentis.
2639 5014 2773 5076 'Dat.
2805 5037 2842 5076 ιι
2866 5038 3027 5075 nonas
3057 5014 3269 5085 Martii;
3310 5032 3431 5087 quae
3471 5014 3636 5069 verba

2053 5114 2119 5154 ex
2152 5100 2258 5153 ﬁne
2280 5098 2438 5166 epist.
2466 5096 2567 5151 163
2588 5095 2653 5149 ad
2683 5094 2983 5163 ϐςιηιρθηοε
3006 5100 3217 5166 summa
3247 5098 3461 5166 ξυηίο-..
3492 5153 3535 5166 -.
3680 5126 3681 5129 ‘

2082 5178 2148 5296 si;
2172 5153 2489 5237 Quae'antea
2522 5176 2638 5223 erat
2666 5166 2792 5235 109,
2817 5153 2969 5218 hunc
2996 5153 3359 5228 l58ﬁScripta
3391 5156 3463 5210 25
3492 5153 3631 5210 Nov.

2043 5241 2171 5296 452.
3707 5242 3713 5255 ’

2118 5320 2142 5347 ο
2174 5311 2250 5367 De
2274 5306 2551 5365 monachis
2576 5306 2876 5361 Palmstinis
2901 5306 3154 5375 loquitur,
3188 5302 3277 5371 qui
3301 5300 3435 5375 duce
3454 5296 3638 5375 Theo:

2046 5382 2197 5437 dosio
2258 5384 2439 5437 statim
2495 5388 2617 5450 post
2675 5367 3169 5450 Clialcedouensem
3206 5367 3494 5450 :synodum
3533 5367 3638 5450 “ad

2046 5469 2171 5508 suos
2197 5468 2418 5508 reverso
2446 5439 2832 5521 Hierosolymis
2862 5451 3114 5516 primum,
3139 5439 3276 5521 dein
3308 5443 3362 5521 in
3391 5439 3635 5521 totanPa-

2048 5524 2254 5579 lwstina
2286 5525 2532 5593 ingentes
2564 5508 2753 5593 turbas
2780 5508 3110 5593 excitarunt.
3150 5514 3283 5593 Vide
3331 5514 3462 5593 imp.
3494 5508 3636 5592 Mar-

2045 5598 2185 5650 ciani
2208 5605 2259 5650 et
2286 5584 2583 5649 Pulcherim
2612 5591 2867 5660 Augusta:
2902 5588 3157 5657 epistolas
3186 5586 3283 5660 hac
3313 5584 3379 5660 de
3406 5599 3462 5637 re
3492 5585 3633 5660 scri-f

2047 5677 2187 5735 ptas,
2220 5682 2340 5737 qum
2387 5667 2627 5736 ejusdem
2677 5656 2866 5737 synodi
2919 5660 3087 5730 gestis
3142 5656 3517 5726 subjiciuntur,
3580 5657 3637 5709 et

2048 5733 2332 5809 Evagri'um
2365 5733 2457 5792 lib.
2488 5752 2553 5805 ll,
2588 5750 2637 5790 c.
2674 5733 2726 5787 5.
