  <div class='ocr_page' id='page_1' title='image "/cluster/home/n/w/nwhite01/storage/ocr_20150623/54/hvd.32044015471584/511.png"; bbox 0 0 4072 6358; ppageno 0'>
   <div class='ocr_carea' id='block_1_1' title="bbox 499 323 636 383">
    <p class='ocr_par' dir='ltr' id='par_1_1' title="bbox 499 323 636 383">
     <span class='ocr_line' id='line_1_1' title="bbox 499 323 636 383; baseline 0.029 -6"><span class='ocrx_word' id='word_1_1' title='bbox 499 323 636 383; x_wconf 69' lang='grc'><strong>1015</strong></span> 
     </span>
    </p>
   </div>
   <div class='ocr_carea' id='block_1_2' title="bbox 1633 315 2644 379">
    <p class='ocr_par' dir='ltr' id='par_1_2' title="bbox 1633 315 2644 379">
     <span class='ocr_line' id='line_1_2' title="bbox 1633 315 2644 379; baseline 0.004 -4"><span class='ocrx_word' id='word_1_2' title='bbox 1633 321 1689 375; x_wconf 88' lang='lat' dir='ltr'><strong>S.</strong></span> <span class='ocrx_word' id='word_1_3' title='bbox 1730 315 1974 375; x_wconf 87' lang='lat' dir='ltr'><strong>LEONIS</strong></span> <span class='ocrx_word' id='word_1_4' title='bbox 2013 316 2228 375; x_wconf 83' lang='lat' dir='ltr'><strong>MAGNI</strong></span> <span class='ocrx_word' id='word_1_5' title='bbox 2266 317 2644 379; x_wconf 69' lang='lat' dir='ltr'><strong>EPISTOLA‘J.</strong></span> 
     </span>
    </p>
   </div>
   <div class='ocr_carea' id='block_1_3' title="bbox 3636 316 3781 377">
    <p class='ocr_par' dir='ltr' id='par_1_3' title="bbox 3636 316 3781 377">
     <span class='ocr_line' id='line_1_3' title="bbox 3636 316 3781 377; baseline 0 0"><span class='ocrx_word' id='word_1_6' title='bbox 3636 316 3781 377; x_wconf 72' lang='grc'><strong>1016</strong></span> 
     </span>
    </p>
   </div>
   <div class='ocr_carea' id='block_1_4' title="bbox 491 414 3782 510">
    <p class='ocr_par' dir='ltr' id='par_1_4' title="bbox 491 414 3782 510">
     <span class='ocr_line' id='line_1_4' title="bbox 491 414 3782 510; baseline -0.001 -13"><span class='ocrx_word' id='word_1_7' title='bbox 491 442 843 510; x_wconf 76' lang='lat' dir='ltr'><strong>deceptorum</strong></span> <span class='ocrx_word' id='word_1_8' title='bbox 868 440 1101 494; x_wconf 90' lang='lat' dir='ltr'><strong>furorem</strong></span> <span class='ocrx_word' id='word_1_9' title='bbox 1122 436 1318 491; x_wconf 89' lang='lat' dir='ltr'><strong>bellum</strong></span> <span class='ocrx_word' id='word_1_10' title='bbox 1346 414 1673 505; x_wconf 82' lang='lat' dir='ltr'><strong>evangelicis</strong></span> <span class='ocrx_word' id='word_1_11' title='bbox 1690 442 1745 490; x_wconf 91' lang='lat' dir='ltr'><strong>et</strong></span> <span class='ocrx_word' id='word_1_12' title='bbox 1769 434 2079 505; x_wconf 82' lang='lat' dir='ltr'><strong>apostolicis</strong></span> <span class='ocrx_word' id='word_1_13' title='bbox 2105 434 2156 497; x_wconf 78' lang='grc' dir='ltr'>Α</span> <span class='ocrx_word' id='word_1_14' title='bbox 2183 436 2508 507; x_wconf 76' lang='lat' dir='ltr'><strong>percrebuit,</strong></span> <span class='ocrx_word' id='word_1_15' title='bbox 2562 435 2849 492; x_wconf 84' lang='lat' dir='ltr'><strong>rebellium</strong></span> <span class='ocrx_word' id='word_1_16' title='bbox 2892 434 3269 492; x_wconf 77' lang='lat' dir='ltr'><strong>haereticorum</strong></span> <span class='ocrx_word' id='word_1_17' title='bbox 3314 437 3416 491; x_wconf 84' lang='lat' dir='ltr'><strong>hac</strong></span> <span class='ocrx_word' id='word_1_18' title='bbox 3477 433 3782 494; x_wconf 83' lang='lat' dir='ltr'><strong>offendatur</strong></span> 
     </span>
    </p>
   </div>
   <div class='ocr_carea' id='block_1_5' title="bbox 498 526 2083 603">
    <p class='ocr_par' dir='ltr' id='par_1_5' title="bbox 498 526 2083 603">
     <span class='ocr_line' id='line_1_5' title="bbox 498 526 2083 603; baseline -0.003 -16"><span class='ocrx_word' id='word_1_19' title='bbox 498 530 971 603; x_wconf 68' lang='lat' dir='ltr'><strong>prmdicationibus</strong></span> <span class='ocrx_word' id='word_1_20' title='bbox 1003 528 1291 592; x_wconf 90' lang='lat' dir='ltr'><strong>infercnte,</strong></span> <span class='ocrx_word' id='word_1_21' title='bbox 1345 526 1711 597; x_wconf 90' lang='lat' dir='ltr'><strong>retorquendo</strong></span> <span class='ocrx_word' id='word_1_22' title='bbox 1739 527 1793 581; x_wconf 94' lang='lat' dir='ltr'><strong>in</strong></span> <span class='ocrx_word' id='word_1_23' title='bbox 1834 526 2001 598; x_wconf 88' lang='lat' dir='ltr'><strong>ipsius</strong></span> <span class='ocrx_word' id='word_1_24' title='bbox 2029 534 2083 582; x_wconf 88' lang='lat' dir='ltr'><strong>et</strong></span> 
     </span>
    </p>
   </div>
   <div class='ocr_carea' id='block_1_6' title="bbox 496 618 2086 690">
    <p class='ocr_par' dir='ltr' id='par_1_6' title="bbox 496 618 2086 690">
     <span class='ocr_line' id='line_1_6' title="bbox 496 618 2086 690; baseline -0.005 -11"><span class='ocrx_word' id='word_1_25' title='bbox 496 624 767 678; x_wconf 90' lang='lat' dir='ltr'><strong>sociorum</strong></span> <span class='ocrx_word' id='word_1_26' title='bbox 798 621 914 690; x_wconf 87' lang='lat' dir='ltr'><strong>ejus</strong></span> <span class='ocrx_word' id='word_1_27' title='bbox 964 620 1218 685; x_wconf 83' lang='lat' dir='ltr'><strong>exilium;</strong></span> <span class='ocrx_word' id='word_1_28' title='bbox 1250 618 1392 690; x_wconf 88' lang='lat' dir='ltr'><strong>quod</strong></span> <span class='ocrx_word' id='word_1_29' title='bbox 1431 618 1551 673; x_wconf 90' lang='lat' dir='ltr'><strong>ideo</strong></span> <span class='ocrx_word' id='word_1_30' title='bbox 1580 618 1823 673; x_wconf 71' lang='lat' dir='ltr'><strong>differtur</strong></span> <span class='ocrx_word' id='word_1_31' title='bbox 1850 632 1943 688; x_wconf 89' lang='lat' dir='ltr'><strong>per</strong></span> <span class='ocrx_word' id='word_1_32' title='bbox 1992 633 2086 687; x_wconf 88' lang='lat' dir='ltr'><strong>pa-</strong></span> 
     </span>
    </p>
   </div>
   <div class='ocr_carea' id='block_1_7' title="bbox 494 710 2086 781">
    <p class='ocr_par' dir='ltr' id='par_1_7' title="bbox 494 710 2086 781">
     <span class='ocr_line' id='line_1_7' title="bbox 494 710 2086 781; baseline -0.001 -12"><span class='ocrx_word' id='word_1_33' title='bbox 494 716 743 769; x_wconf 86' lang='lat' dir='ltr'><strong>tientiam</strong></span> <span class='ocrx_word' id='word_1_34' title='bbox 775 712 893 777; x_wconf 90' lang='lat' dir='ltr'><strong>Dei,</strong></span> <span class='ocrx_word' id='word_1_35' title='bbox 916 721 975 765; x_wconf 93' lang='lat' dir='ltr'><strong>ut</strong></span> <span class='ocrx_word' id='word_1_36' title='bbox 1004 712 1207 766; x_wconf 90' lang='lat' dir='ltr'><strong>inimici</strong></span> <span class='ocrx_word' id='word_1_37' title='bbox 1233 712 1411 767; x_wconf 89' lang='lat' dir='ltr'><strong>crucis</strong></span> <span class='ocrx_word' id='word_1_38' title='bbox 1452 711 1649 766; x_wconf 89' lang='lat' dir='ltr'><strong>Christi</strong></span> <span class='ocrx_word' id='word_1_39' title='bbox 1682 719 1937 781; x_wconf 90' lang='lat' dir='ltr'><strong>quantum</strong></span> <span class='ocrx_word' id='word_1_40' title='bbox 1969 710 2086 767; x_wconf 88' lang='lat' dir='ltr'><strong>dia-</strong></span> 
     </span>
    </p>
   </div>
   <div class='ocr_carea' id='block_1_8' title="bbox 498 801 2084 874">
    <p class='ocr_par' dir='ltr' id='par_1_8' title="bbox 498 801 2084 874">
     <span class='ocr_line' id='line_1_8' title="bbox 498 801 2084 874; baseline -0.003 -14"><span class='ocrx_word' id='word_1_41' title='bbox 498 805 626 860; x_wconf 90' lang='lat' dir='ltr'><strong>bolo</strong></span> <span class='ocrx_word' id='word_1_42' title='bbox 667 803 991 858; x_wconf 76' lang='lat' dir='ltr'><strong>famulentur</strong></span> <span class='ocrx_word' id='word_1_43' title='bbox 1023 811 1308 874; x_wconf 84' lang='lat' dir='ltr'><strong>appareat;</strong></span> <span class='ocrx_word' id='word_1_44' title='bbox 1356 801 1483 857; x_wconf 93' lang='lat' dir='ltr'><strong>dum</strong></span> <span class='ocrx_word' id='word_1_45' title='bbox 1542 801 1800 857; x_wconf 70' lang='lat' dir='ltr'><strong>haeretica</strong></span> <span class='ocrx_word' id='word_1_46' title='bbox 1846 801 2084 871; x_wconf 73' lang='lat' dir='ltr'><strong>pravitas</strong></span> 
     </span>
    </p>
   </div>
   <div class='ocr_carea' id='block_1_9' title="bbox 494 879 2085 970">
    <p class='ocr_par' dir='ltr' id='par_1_9' title="bbox 494 879 2085 970">
     <span class='ocr_line' id='line_1_9' title="bbox 494 879 2085 970; baseline -0.003 -16"><span class='ocrx_word' id='word_1_47' title='bbox 494 899 775 970; x_wconf 85' lang='lat' dir='ltr'><strong>antiquum</strong></span> <span class='ocrx_word' id='word_1_48' title='bbox 808 879 1053 953; x_wconf 75' lang='lat' dir='ltr'><strong>velamen</strong></span> <span class='ocrx_word' id='word_1_49' title='bbox 1086 912 1198 952; x_wconf 75' lang='lat' dir='ltr'><strong>sua:</strong></span> <span class='ocrx_word' id='word_1_50' title='bbox 1229 896 1588 953; x_wconf 86' lang='lat' dir='ltr'><strong>simulationis</strong></span> <span class='ocrx_word' id='word_1_51' title='bbox 1619 896 1907 959; x_wconf 86' lang='lat' dir='ltr'><strong>excedens,</strong></span> <span class='ocrx_word' id='word_1_52' title='bbox 1944 896 2085 950; x_wconf 90' lang='lat' dir='ltr'><strong>intra</strong></span> 
     </span>
    </p>
   </div>
   <div class='ocr_carea' id='block_1_10' title="bbox 493 988 2085 1060">
    <p class='ocr_par' dir='ltr' id='par_1_10' title="bbox 493 988 2085 1060">
     <span class='ocr_line' id='line_1_10' title="bbox 493 988 2085 1060; baseline -0.001 -17"><span class='ocrx_word' id='word_1_53' title='bbox 493 988 697 1043; x_wconf 90' lang='lat' dir='ltr'><strong>limites</strong></span> <span class='ocrx_word' id='word_1_54' title='bbox 753 988 1054 1060; x_wconf 85' lang='lat' dir='ltr'><strong>hypocrisis</strong></span> <span class='ocrx_word' id='word_1_55' title='bbox 1104 1004 1216 1043; x_wconf 73' lang='lat' dir='ltr'><strong>sure</strong></span> <span class='ocrx_word' id='word_1_56' title='bbox 1264 989 1543 1044; x_wconf 85' lang='lat' dir='ltr'><strong>continere</strong></span> <span class='ocrx_word' id='word_1_57' title='bbox 1587 1002 1647 1042; x_wconf 87' lang='lat' dir='ltr'><strong>se</strong></span> <span class='ocrx_word' id='word_1_58' title='bbox 1708 988 1939 1057; x_wconf 88' lang='lat' dir='ltr'><strong>amplius</strong></span> <span class='ocrx_word' id='word_1_59' title='bbox 1980 1001 2085 1042; x_wconf 91' lang='lat' dir='ltr'><strong>non</strong></span> 
     </span>
    </p>
   </div>
   <div class='ocr_carea' id='block_1_11' title="bbox 494 1082 2086 1155">
    <p class='ocr_par' dir='ltr' id='par_1_11' title="bbox 494 1082 2086 1155">
     <span class='ocr_line' id='line_1_11' title="bbox 494 1082 2086 1155; baseline -0.004 -15"><span class='ocrx_word' id='word_1_60' title='bbox 494 1092 695 1154; x_wconf 87' lang='lat' dir='ltr'><strong>potest,</strong></span> <span class='ocrx_word' id='word_1_61' title='bbox 748 1093 1048 1155; x_wconf 87' lang='lat' dir='ltr'><strong>totumque,</strong></span> <span class='ocrx_word' id='word_1_62' title='bbox 1080 1084 1221 1150; x_wconf 88' lang='lat' dir='ltr'><strong>quod</strong></span> <span class='ocrx_word' id='word_1_63' title='bbox 1262 1084 1353 1138; x_wconf 91' lang='lat' dir='ltr'><strong>diu</strong></span> <span class='ocrx_word' id='word_1_64' title='bbox 1402 1092 1630 1153; x_wconf 80' lang='lat' dir='ltr'><strong>texerat,</strong></span> <span class='ocrx_word' id='word_1_65' title='bbox 1686 1083 1833 1137; x_wconf 90' lang='lat' dir='ltr'><strong>virus</strong></span> <span class='ocrx_word' id='word_1_66' title='bbox 1877 1082 2086 1149; x_wconf 79' lang='lat' dir='ltr'><strong>elTudit,</strong></span> 
     </span>
    </p>
   </div>
   <div class='ocr_carea' id='block_1_12' title="bbox 434 1174 2088 1251">
    <p class='ocr_par' dir='ltr' id='par_1_12' title="bbox 434 1174 2088 1251">
     <span class='ocr_line' id='line_1_12' title="bbox 434 1174 2088 1251; baseline -0.002 -20"><span class='ocrx_word' id='word_1_67' title='bbox 434 1242 442 1251; x_wconf 29' lang='grc' dir='ltr'><strong><em>θ</em></strong></span> <span class='ocrx_word' id='word_1_68' title='bbox 497 1190 604 1231; x_wconf 91' lang='lat' dir='ltr'><strong>non</strong></span> <span class='ocrx_word' id='word_1_69' title='bbox 636 1176 810 1230; x_wconf 82' lang='lat' dir='ltr'><strong>Solum</strong></span> <span class='ocrx_word' id='word_1_70' title='bbox 843 1185 868 1213; x_wconf 72' lang='grc'>⁸</span> <span class='ocrx_word' id='word_1_71' title='bbox 909 1176 1049 1248; x_wconf 91' lang='lat' dir='ltr'><strong>stylo</strong></span> <span class='ocrx_word' id='word_1_72' title='bbox 1078 1175 1131 1229; x_wconf 91' lang='lat' dir='ltr'><strong>in</strong></span> <span class='ocrx_word' id='word_1_73' title='bbox 1163 1175 1453 1245; x_wconf 89' lang='lat' dir='ltr'><strong>discipulos</strong></span> <span class='ocrx_word' id='word_1_74' title='bbox 1498 1175 1760 1241; x_wconf 83' lang='lat' dir='ltr'><strong>veritatis,</strong></span> <span class='ocrx_word' id='word_1_75' title='bbox 1803 1174 1895 1230; x_wconf 89' lang='lat' dir='ltr'><strong>sed</strong></span> <span class='ocrx_word' id='word_1_76' title='bbox 1928 1174 2088 1229; x_wconf 90' lang='lat' dir='ltr'><strong>etiam</strong></span> 
     </span>
    </p>
   </div>
   <div class='ocr_carea' id='block_1_13' title="bbox 497 1267 2090 1337">
    <p class='ocr_par' dir='ltr' id='par_1_13' title="bbox 497 1267 2090 1337">
     <span class='ocr_line' id='line_1_13' title="bbox 497 1267 2090 1337; baseline -0.001 -14"><span class='ocrx_word' id='word_1_77' title='bbox 497 1268 527 1307; x_wconf 71' lang='grc' dir='ltr'><strong>ι’</strong></span> <span class='ocrx_word' id='word_1_78' title='bbox 559 1284 721 1323; x_wconf 91' lang='lat' dir='ltr'><strong>manu</strong></span> <span class='ocrx_word' id='word_1_79' title='bbox 753 1270 1002 1332; x_wconf 86' lang='lat' dir='ltr'><strong>saeviens,</strong></span> <span class='ocrx_word' id='word_1_80' title='bbox 1038 1279 1095 1323; x_wconf 91' lang='lat' dir='ltr'><strong>ut</strong></span> <span class='ocrx_word' id='word_1_81' title='bbox 1132 1284 1454 1324; x_wconf 89' lang='lat' dir='ltr'><strong>consensum</strong></span> <span class='ocrx_word' id='word_1_82' title='bbox 1486 1278 1577 1321; x_wconf 91' lang='lat' dir='ltr'><strong>aut</strong></span> <span class='ocrx_word' id='word_1_83' title='bbox 1616 1267 1976 1337; x_wconf 80' lang='lat' dir='ltr'><strong>simplicitatis</strong></span> <span class='ocrx_word' id='word_1_84' title='bbox 2009 1268 2090 1321; x_wconf 87' lang='lat' dir='ltr'><strong>in-</strong></span> 
     </span>
    </p>
   </div>
   <div class='ocr_carea' id='block_1_14' title="bbox 501 1358 2091 1433">
    <p class='ocr_par' dir='ltr' id='par_1_14' title="bbox 501 1358 2091 1433">
     <span class='ocr_line' id='line_1_14' title="bbox 501 1358 2091 1433; baseline -0.001 -15"><span class='ocrx_word' id='word_1_85' title='bbox 501 1364 694 1426; x_wconf 67' lang='lat' dir='ltr'><strong>doctae,</strong></span> <span class='ocrx_word' id='word_1_86' title='bbox 727 1372 819 1418; x_wconf 92' lang='lat' dir='ltr'><strong>aut</strong></span> <span class='ocrx_word' id='word_1_87' title='bbox 846 1363 1067 1433; x_wconf 62' lang='lat' dir='ltr'><strong>trepidae</strong></span> <span class='ocrx_word' id='word_1_88' title='bbox 1098 1362 1222 1418; x_wconf 90' lang='lat' dir='ltr'><strong>fidei</strong></span> <span class='ocrx_word' id='word_1_89' title='bbox 1270 1362 1537 1417; x_wconf 83' lang='lat' dir='ltr'><strong>violenter</strong></span> <span class='ocrx_word' id='word_1_90' title='bbox 1591 1367 1928 1429; x_wconf 83' lang='lat' dir='ltr'><strong>extorqueat.</strong></span> <span class='ocrx_word' id='word_1_91' title='bbox 1984 1358 2091 1416; x_wconf 90' lang='lat' dir='ltr'><strong>Sed</strong></span> 
     </span>
    </p>
   </div>
   <div class='ocr_carea' id='block_1_15' title="bbox 500 1455 2086 1519">
    <p class='ocr_par' dir='ltr' id='par_1_15' title="bbox 500 1455 2086 1519">
     <span class='ocr_line' id='line_1_15' title="bbox 500 1455 2086 1519; baseline -0.003 -8"><span class='ocrx_word' id='word_1_92' title='bbox 500 1473 606 1511; x_wconf 89' lang='lat' dir='ltr'><strong>non</strong></span> <span class='ocrx_word' id='word_1_93' title='bbox 641 1457 712 1512; x_wconf 90' lang='lat' dir='ltr'><strong>ita</strong></span> <span class='ocrx_word' id='word_1_94' title='bbox 743 1457 938 1510; x_wconf 77' lang='lat' dir='ltr'><strong>debent</strong></span> <span class='ocrx_word' id='word_1_95' title='bbox 970 1456 1061 1510; x_wconf 89' lang='lat' dir='ltr'><strong>filii</strong></span> <span class='ocrx_word' id='word_1_96' title='bbox 1106 1456 1240 1510; x_wconf 92' lang='lat' dir='ltr'><strong>lucis</strong></span> <span class='ocrx_word' id='word_1_97' title='bbox 1271 1456 1407 1510; x_wconf 90' lang='lat' dir='ltr'><strong>filios</strong></span> <span class='ocrx_word' id='word_1_98' title='bbox 1438 1465 1679 1510; x_wconf 86' lang='lat' dir='ltr'><strong>metuere</strong></span> <span class='ocrx_word' id='word_1_99' title='bbox 1709 1455 2086 1519; x_wconf 91' lang='lat' dir='ltr'><strong>tenebrarum,</strong></span> 
     </span>
    </p>
   </div>
   <div class='ocr_carea' id='block_1_16' title="bbox 499 1546 2093 1619">
    <p class='ocr_par' dir='ltr' id='par_1_16' title="bbox 499 1546 2093 1619">
     <span class='ocr_line' id='line_1_16' title="bbox 499 1546 2093 1619; baseline -0.002 -15"><span class='ocrx_word' id='word_1_100' title='bbox 499 1559 558 1604; x_wconf 89' lang='lat' dir='ltr'><strong>ut</strong></span> <span class='ocrx_word' id='word_1_101' title='bbox 582 1550 697 1603; x_wconf 88' lang='lat' dir='ltr'><strong>sani</strong></span> <span class='ocrx_word' id='word_1_102' title='bbox 729 1549 1026 1603; x_wconf 86' lang='lat' dir='ltr'><strong>furentibus</strong></span> <span class='ocrx_word' id='word_1_103' title='bbox 1053 1549 1413 1618; x_wconf 88' lang='lat' dir='ltr'><strong>acquiescant,</strong></span> <span class='ocrx_word' id='word_1_104' title='bbox 1454 1548 1668 1619; x_wconf 76' lang='lat'><strong>1178</strong></span> <span class='ocrx_word' id='word_1_105' title='bbox 1689 1554 1781 1601; x_wconf 91' lang='lat' dir='ltr'><strong>aut</strong></span> <span class='ocrx_word' id='word_1_106' title='bbox 1822 1546 2093 1601; x_wconf 72' lang='lat' dir='ltr'><strong>aestiment</strong></span> 
     </span>
    </p>
   </div>
   <div class='ocr_carea' id='block_1_17' title="bbox 502 1639 2093 1711">
    <p class='ocr_par' dir='ltr' id='par_1_17' title="bbox 502 1639 2093 1711">
     <span class='ocr_line' id='line_1_17' title="bbox 502 1639 2093 1711; baseline -0.001 -15"><span class='ocrx_word' id='word_1_107' title='bbox 502 1641 810 1711; x_wconf 89' lang='lat' dir='ltr'><strong>hujusmodi</strong></span> <span class='ocrx_word' id='word_1_108' title='bbox 840 1641 1155 1696; x_wconf 90' lang='lat' dir='ltr'><strong>hominibus</strong></span> <span class='ocrx_word' id='word_1_109' title='bbox 1176 1640 1374 1710; x_wconf 89' lang='lat' dir='ltr'><strong>aliquid</strong></span> <span class='ocrx_word' id='word_1_110' title='bbox 1404 1639 1771 1709; x_wconf 67' lang='lat' dir='ltr'><strong>prmstandum</strong></span> <span class='ocrx_word' id='word_1_111' title='bbox 1796 1652 1915 1693; x_wconf 89' lang='lat' dir='ltr'><strong>esse</strong></span> <span class='ocrx_word' id='word_1_112' title='bbox 1938 1654 2093 1694; x_wconf 81' lang='lat' dir='ltr'><strong>reve-</strong></span> 
     </span>
    </p>
   </div>
   <div class='ocr_carea' id='block_1_18' title="bbox 500 1732 2091 1804">
    <p class='ocr_par' dir='ltr' id='par_1_18' title="bbox 500 1732 2091 1804">
     <span class='ocr_line' id='line_1_18' title="bbox 500 1732 2091 1804; baseline -0.003 -13"><span class='ocrx_word' id='word_1_113' title='bbox 500 1736 709 1798; x_wconf 77' lang='lat' dir='ltr'><strong>rentim,</strong></span> <span class='ocrx_word' id='word_1_114' title='bbox 749 1735 838 1804; x_wconf 89' lang='lat' dir='ltr'><strong>qui</strong></span> <span class='ocrx_word' id='word_1_115' title='bbox 864 1734 909 1788; x_wconf 91' lang='lat' dir='ltr'><strong>si</strong></span> <span class='ocrx_word' id='word_1_116' title='bbox 938 1734 1116 1804; x_wconf 90' lang='lat' dir='ltr'><strong>perire</strong></span> <span class='ocrx_word' id='word_1_117' title='bbox 1151 1735 1356 1788; x_wconf 90' lang='lat' dir='ltr'><strong>malunt</strong></span> <span class='ocrx_word' id='word_1_118' title='bbox 1386 1749 1543 1803; x_wconf 91' lang='lat' dir='ltr'><strong>quam</strong></span> <span class='ocrx_word' id='word_1_119' title='bbox 1575 1732 1927 1800; x_wconf 89' lang='lat' dir='ltr'><strong>resipiscere,</strong></span> <span class='ocrx_word' id='word_1_120' title='bbox 1963 1746 2091 1802; x_wconf 89' lang='lat' dir='ltr'><strong>pro-</strong></span> 
     </span>
    </p>
   </div>
   <div class='ocr_carea' id='block_1_19' title="bbox 2190 527 3785 597">
    <p class='ocr_par' dir='ltr' id='par_1_19' title="bbox 2190 527 3785 597">
     <span class='ocr_line' id='line_1_19' title="bbox 2190 527 3785 597; baseline 0.001 -14"><span class='ocrx_word' id='word_1_121' title='bbox 2190 528 2434 592; x_wconf 85' lang='lat' dir='ltr'><strong>audacia.</strong></span> <span class='ocrx_word' id='word_1_122' title='bbox 2464 527 2729 597; x_wconf 84' lang='lat' dir='ltr'><strong>agendum</strong></span> <span class='ocrx_word' id='word_1_123' title='bbox 2770 537 2854 583; x_wconf 89' lang='lat' dir='ltr'><strong>est</strong></span> <span class='ocrx_word' id='word_1_124' title='bbox 2896 527 3037 597; x_wconf 91' lang='lat' dir='ltr'><strong>apud</strong></span> <span class='ocrx_word' id='word_1_125' title='bbox 3097 528 3264 596; x_wconf 88' lang='lat' dir='ltr'><strong>ipsius</strong></span> <span class='ocrx_word' id='word_1_126' title='bbox 3315 527 3679 594; x_wconf 89' lang='lat' dir='ltr'><strong>clementiam,</strong></span> <span class='ocrx_word' id='word_1_127' title='bbox 3720 536 3785 585; x_wconf 81' lang='lat' dir='ltr'><strong>ut</strong></span> 
     </span>
    </p>
   </div>
   <div class='ocr_carea' id='block_1_20' title="bbox 2190 619 3779 691">
    <p class='ocr_par' dir='ltr' id='par_1_20' title="bbox 2190 619 3779 691">
     <span class='ocr_line' id='line_1_20' title="bbox 2190 619 3779 691; baseline 0.001 -16"><span class='ocrx_word' id='word_1_128' title='bbox 2190 621 2498 676; x_wconf 88' lang='lat' dir='ltr'><strong>incentores</strong></span> <span class='ocrx_word' id='word_1_129' title='bbox 2527 621 2717 675; x_wconf 91' lang='lat' dir='ltr'><strong>harum</strong></span> <span class='ocrx_word' id='word_1_130' title='bbox 2758 619 3079 676; x_wconf 86' lang='lat' dir='ltr'><strong>seditionum</strong></span> <span class='ocrx_word' id='word_1_131' title='bbox 3117 620 3186 674; x_wconf 90' lang='lat' dir='ltr'><strong>ab</strong></span> <span class='ocrx_word' id='word_1_132' title='bbox 3238 619 3441 675; x_wconf 75' lang='lat' dir='ltr'><strong>insonis</strong></span> <span class='ocrx_word' id='word_1_133' title='bbox 3478 635 3779 691; x_wconf 87' lang='lat' dir='ltr'><strong>congrega-</strong></span> 
     </span>
    </p>
   </div>
   <div class='ocr_carea' id='block_1_21' title="bbox 2191 709 3783 782">
    <p class='ocr_par' dir='ltr' id='par_1_21' title="bbox 2191 709 3783 782">
     <span class='ocr_line' id='line_1_21' title="bbox 2191 709 3783 782; baseline -0.001 -14"><span class='ocrx_word' id='word_1_134' title='bbox 2191 712 2424 768; x_wconf 84' lang='lat' dir='ltr'><strong>tionibus</strong></span> <span class='ocrx_word' id='word_1_135' title='bbox 2466 722 2814 782; x_wconf 89' lang='lat' dir='ltr'><strong>separentur;</strong></span> <span class='ocrx_word' id='word_1_136' title='bbox 2846 727 2946 768; x_wconf 91' lang='lat' dir='ltr'><strong>nec</strong></span> <span class='ocrx_word' id='word_1_137' title='bbox 2993 720 3201 766; x_wconf 88' lang='lat' dir='ltr'><strong>tantum</strong></span> <span class='ocrx_word' id='word_1_138' title='bbox 3244 709 3517 782; x_wconf 77' lang='lat' dir='ltr'><strong>Eutychos</strong></span> <span class='ocrx_word' id='word_1_139' title='bbox 3563 722 3618 767; x_wconf 89' lang='lat' dir='ltr'><strong>et</strong></span> <span class='ocrx_word' id='word_1_140' title='bbox 3659 713 3783 767; x_wconf 86' lang='lat' dir='ltr'><strong>Dio-</strong></span> 
     </span>
    </p>
   </div>
   <div class='ocr_carea' id='block_1_22' title="bbox 2188 802 3783 874">
    <p class='ocr_par' dir='ltr' id='par_1_22' title="bbox 2188 802 3783 874">
     <span class='ocr_line' id='line_1_22' title="bbox 2188 802 3783 874; baseline 0 -15"><span class='ocrx_word' id='word_1_141' title='bbox 2188 818 2417 873; x_wconf 90' lang='lat' dir='ltr'><strong>scorus,</strong></span> <span class='ocrx_word' id='word_1_142' title='bbox 2464 804 2558 859; x_wconf 91' lang='lat' dir='ltr'><strong>sed</strong></span> <span class='ocrx_word' id='word_1_143' title='bbox 2606 804 2768 859; x_wconf 89' lang='lat' dir='ltr'><strong>etiam</strong></span> <span class='ocrx_word' id='word_1_144' title='bbox 2810 804 3134 874; x_wconf 88' lang='lat' dir='ltr'><strong>quicumque</strong></span> <span class='ocrx_word' id='word_1_145' title='bbox 3183 802 3475 858; x_wconf 86' lang='lat' dir='ltr'><strong>studiosius</strong></span> <span class='ocrx_word' id='word_1_146' title='bbox 3521 802 3783 859; x_wconf 78' lang='lat' dir='ltr'><strong>furiosam</strong></span> 
     </span>
    </p>
   </div>
   <div class='ocr_carea' id='block_1_23' title="bbox 2190 895 3783 966">
    <p class='ocr_par' dir='ltr' id='par_1_23' title="bbox 2190 895 3783 966">
     <span class='ocr_line' id='line_1_23' title="bbox 2190 895 3783 966; baseline -0.001 -16"><span class='ocrx_word' id='word_1_147' title='bbox 2190 895 2443 965; x_wconf 85' lang='lat' dir='ltr'><strong>adjuvant</strong></span> <span class='ocrx_word' id='word_1_148' title='bbox 2482 897 2816 966; x_wconf 83' lang='lat' dir='ltr'><strong>pravitatem,</strong></span> <span class='ocrx_word' id='word_1_149' title='bbox 2874 896 2927 950; x_wconf 92' lang='lat' dir='ltr'><strong>in</strong></span> <span class='ocrx_word' id='word_1_150' title='bbox 2977 895 3061 949; x_wconf 87' lang='lat' dir='ltr'><strong>bis</strong></span> <span class='ocrx_word' id='word_1_151' title='bbox 3104 895 3504 950; x_wconf 86' lang='lat' dir='ltr'><strong>constituantur</strong></span> <span class='ocrx_word' id='word_1_152' title='bbox 3535 895 3690 959; x_wconf 89' lang='lat' dir='ltr'><strong>locis,</strong></span> <span class='ocrx_word' id='word_1_153' title='bbox 3726 896 3783 949; x_wconf 90' lang='lat' dir='ltr'><strong>in</strong></span> 
     </span>
    </p>
   </div>
   <div class='ocr_carea' id='block_1_24' title="bbox 2190 988 3784 1059">
    <p class='ocr_par' dir='ltr' id='par_1_24' title="bbox 2190 988 3784 1059">
     <span class='ocr_line' id='line_1_24' title="bbox 2190 988 3784 1059; baseline 0.001 -16"><span class='ocrx_word' id='word_1_154' title='bbox 2190 990 2382 1058; x_wconf 88' lang='lat' dir='ltr'><strong>quibus</strong></span> <span class='ocrx_word' id='word_1_155' title='bbox 2414 989 2619 1044; x_wconf 90' lang='lat' dir='ltr'><strong>nullum</strong></span> <span class='ocrx_word' id='word_1_156' title='bbox 2650 1004 2772 1045; x_wconf 91' lang='lat' dir='ltr'><strong>cum</strong></span> <span class='ocrx_word' id='word_1_157' title='bbox 2804 989 2917 1044; x_wconf 88' lang='lat' dir='ltr'><strong>suis</strong></span> <span class='ocrx_word' id='word_1_158' title='bbox 2946 988 3109 1043; x_wconf 90' lang='lat' dir='ltr'><strong>sociis</strong></span> <span class='ocrx_word' id='word_1_159' title='bbox 3147 989 3604 1059; x_wconf 87' lang='lat' dir='ltr'><strong>blasphemiarum</strong></span> <span class='ocrx_word' id='word_1_160' title='bbox 3654 1004 3784 1059; x_wconf 83' lang='lat' dir='ltr'><strong>pos-</strong></span> 
     </span>
    </p>
   </div>
   <div class='ocr_carea' id='block_1_25' title="bbox 2190 1081 3786 1150">
    <p class='ocr_par' dir='ltr' id='par_1_25' title="bbox 2190 1081 3786 1150">
     <span class='ocr_line' id='line_1_25' title="bbox 2190 1081 3786 1150; baseline 0.001 -13"><span class='ocrx_word' id='word_1_161' title='bbox 2190 1081 2299 1137; x_wconf 88' lang='lat' dir='ltr'><strong>sint</strong></span> <span class='ocrx_word' id='word_1_162' title='bbox 2323 1081 2519 1137; x_wconf 89' lang='lat' dir='ltr'><strong>habere</strong></span> <span class='ocrx_word' id='word_1_163' title='bbox 2544 1082 2963 1137; x_wconf 91' lang='lat' dir='ltr'><strong>commercium:</strong></span> <span class='ocrx_word' id='word_1_164' title='bbox 2989 1083 3127 1137; x_wconf 88' lang='lat' dir='ltr'><strong>forte</strong></span> <span class='ocrx_word' id='word_1_165' title='bbox 3154 1083 3299 1138; x_wconf 91' lang='lat' dir='ltr'><strong>enim</strong></span> <span class='ocrx_word' id='word_1_166' title='bbox 3320 1084 3619 1150; x_wconf 88' lang='lat' dir='ltr'><strong>aliquorum</strong></span> <span class='ocrx_word' id='word_1_167' title='bbox 3650 1083 3786 1138; x_wconf 84' lang='lat' dir='ltr'><strong>sim-</strong></span> 
     </span>
    </p>
   </div>
   <div class='ocr_carea' id='block_1_26' title="bbox 2194 1172 3787 1243">
    <p class='ocr_par' dir='ltr' id='par_1_26' title="bbox 2194 1172 3787 1243">
     <span class='ocr_line' id='line_1_26' title="bbox 2194 1172 3787 1243; baseline 0.001 -16"><span class='ocrx_word' id='word_1_168' title='bbox 2194 1172 2404 1243; x_wconf 90' lang='lat' dir='ltr'><strong>plicitas</strong></span> <span class='ocrx_word' id='word_1_169' title='bbox 2431 1174 2529 1227; x_wconf 89' lang='lat' dir='ltr'><strong>hac</strong></span> <span class='ocrx_word' id='word_1_170' title='bbox 2559 1173 2811 1229; x_wconf 89' lang='lat' dir='ltr'><strong>medendi</strong></span> <span class='ocrx_word' id='word_1_171' title='bbox 2839 1176 3049 1229; x_wconf 90' lang='lat' dir='ltr'><strong>ratione</strong></span> <span class='ocrx_word' id='word_1_172' title='bbox 3077 1175 3372 1242; x_wconf 89' lang='lat' dir='ltr'><strong>curabitur,</strong></span> <span class='ocrx_word' id='word_1_173' title='bbox 3392 1184 3448 1231; x_wconf 91' lang='lat' dir='ltr'><strong>et</strong></span> <span class='ocrx_word' id='word_1_174' title='bbox 3474 1174 3541 1229; x_wconf 91' lang='lat' dir='ltr'><strong>ad</strong></span> <span class='ocrx_word' id='word_1_175' title='bbox 3575 1173 3787 1229; x_wconf 89' lang='lat' dir='ltr'><strong>incolu-</strong></span> 
     </span>
    </p>
   </div>
   <div class='ocr_carea' id='block_1_27' title="bbox 2192 1265 3788 1333">
    <p class='ocr_par' dir='ltr' id='par_1_27' title="bbox 2192 1265 3788 1333">
     <span class='ocr_line' id='line_1_27' title="bbox 2192 1265 3788 1333; baseline -0.001 -11"><span class='ocrx_word' id='word_1_176' title='bbox 2192 1267 2430 1322; x_wconf 91' lang='lat' dir='ltr'><strong>mitatem</strong></span> <span class='ocrx_word' id='word_1_177' title='bbox 2455 1266 2713 1320; x_wconf 90' lang='lat' dir='ltr'><strong>mentium</strong></span> <span class='ocrx_word' id='word_1_178' title='bbox 2746 1266 2954 1321; x_wconf 83' lang='lat' dir='ltr'><strong>facilius</strong></span> <span class='ocrx_word' id='word_1_179' title='bbox 2978 1267 3397 1333; x_wconf 87' lang='lat' dir='ltr'><strong>revocabuntur,</strong></span> <span class='ocrx_word' id='word_1_180' title='bbox 3430 1265 3476 1320; x_wconf 92' lang='lat' dir='ltr'><strong>si</strong></span> <span class='ocrx_word' id='word_1_181' title='bbox 3502 1266 3788 1322; x_wconf 83' lang='lat' dir='ltr'><strong>liberiores</strong></span> 
     </span>
    </p>
   </div>
   <div class='ocr_carea' id='block_1_28' title="bbox 2191 1357 3788 1429">
    <p class='ocr_par' dir='ltr' id='par_1_28' title="bbox 2191 1357 3788 1429">
     <span class='ocr_line' id='line_1_28' title="bbox 2191 1357 3788 1429; baseline -0.001 -17"><span class='ocrx_word' id='word_1_182' title='bbox 2191 1357 2477 1414; x_wconf 88' lang='lat' dir='ltr'><strong>fuerintab</strong></span> <span class='ocrx_word' id='word_1_183' title='bbox 2508 1358 2942 1428; x_wconf 86' lang='lat' dir='ltr'><strong>iustigationihus</strong></span> <span class='ocrx_word' id='word_1_184' title='bbox 2978 1358 3339 1428; x_wconf 89' lang='lat' dir='ltr'><strong>pestilentium</strong></span> <span class='ocrx_word' id='word_1_185' title='bbox 3378 1358 3788 1429; x_wconf 82' lang='lat' dir='ltr'><strong>magistrorum.</strong></span> 
     </span>
    </p>
   </div>
   <div class='ocr_carea' id='block_1_29' title="bbox 2262 1448 3790 1520">
    <p class='ocr_par' dir='ltr' id='par_1_29' title="bbox 2262 1448 3790 1520">
     <span class='ocr_line' id='line_1_29' title="bbox 2262 1448 3790 1520; baseline -0.003 -13"><span class='ocrx_word' id='word_1_186' title='bbox 2262 1452 2393 1507; x_wconf 63' lang='lat' dir='ltr'><strong>Car.</strong></span> <span class='ocrx_word' id='word_1_187' title='bbox 2425 1451 2515 1507; x_wconf 85' lang='lat' dir='ltr'><strong>Ill.</strong></span> <span class='ocrx_word' id='word_1_188' title='bbox 2532 1451 2689 1507; x_wconf 88' lang='lat' dir='ltr'><strong>—-Ne</strong></span> <span class='ocrx_word' id='word_1_189' title='bbox 2704 1462 2884 1506; x_wconf 88' lang='lat' dir='ltr'><strong>autem</strong></span> <span class='ocrx_word' id='word_1_190' title='bbox 2909 1451 2975 1505; x_wconf 92' lang='lat' dir='ltr'><strong>ad</strong></span> <span class='ocrx_word' id='word_1_191' title='bbox 3011 1450 3412 1506; x_wconf 87' lang='lat' dir='ltr'><strong>confirmandos</strong></span> <span class='ocrx_word' id='word_1_192' title='bbox 3433 1449 3642 1520; x_wconf 89' lang='lat' dir='ltr'><strong>piorum</strong></span> <span class='ocrx_word' id='word_1_193' title='bbox 3666 1448 3790 1504; x_wconf 85' lang='lat' dir='ltr'><strong>ani-</strong></span> 
     </span>
    </p>
   </div>
   <div class='ocr_carea' id='block_1_30' title="bbox 2193 1541 3792 1608">
    <p class='ocr_par' dir='ltr' id='par_1_30' title="bbox 2193 1541 3792 1608">
     <span class='ocr_line' id='line_1_30' title="bbox 2193 1541 3792 1608; baseline -0.001 -8"><span class='ocrx_word' id='word_1_194' title='bbox 2193 1560 2332 1608; x_wconf 85' lang='lat' dir='ltr'><strong>mos,</strong></span> <span class='ocrx_word' id='word_1_195' title='bbox 2359 1547 2439 1600; x_wconf 89' lang='lat' dir='ltr'><strong>vel</strong></span> <span class='ocrx_word' id='word_1_196' title='bbox 2466 1544 2531 1599; x_wconf 90' lang='lat' dir='ltr'><strong>ad</strong></span> <span class='ocrx_word' id='word_1_197' title='bbox 2555 1544 2835 1599; x_wconf 83' lang='lat' dir='ltr'><strong>haereticos</strong></span> <span class='ocrx_word' id='word_1_198' title='bbox 2861 1544 3219 1600; x_wconf 91' lang='lat' dir='ltr'><strong>confutandos</strong></span> <span class='ocrx_word' id='word_1_199' title='bbox 3248 1542 3554 1599; x_wconf 85' lang='lat' dir='ltr'><strong>necessaria</strong></span> <span class='ocrx_word' id='word_1_200' title='bbox 3584 1541 3792 1599; x_wconf 79' lang='lat' dir='ltr'><strong>autde-</strong></span> 
     </span>
    </p>
   </div>
   <div class='ocr_carea' id='block_1_31' title="bbox 2193 1633 3793 1706">
    <p class='ocr_par' dir='ltr' id='par_1_31' title="bbox 2193 1633 3793 1706">
     <span class='ocr_line' id='line_1_31' title="bbox 2193 1633 3793 1706; baseline -0.002 -14"><span class='ocrx_word' id='word_1_201' title='bbox 2193 1647 2355 1703; x_wconf 84' lang='lat' dir='ltr'><strong>esset,</strong></span> <span class='ocrx_word' id='word_1_202' title='bbox 2397 1646 2490 1691; x_wconf 92' lang='lat' dir='ltr'><strong>aut</strong></span> <span class='ocrx_word' id='word_1_203' title='bbox 2521 1638 2714 1692; x_wconf 80' lang='lat' dir='ltr'><strong>lateret</strong></span> <span class='ocrx_word' id='word_1_204' title='bbox 2746 1637 3049 1702; x_wconf 87' lang='lat' dir='ltr'><strong>instructio,</strong></span> <span class='ocrx_word' id='word_1_205' title='bbox 3075 1635 3197 1691; x_wconf 83' lang='lat' dir='ltr'><strong>misi</strong></span> <span class='ocrx_word' id='word_1_206' title='bbox 3223 1633 3248 1672; x_wconf 72' lang='grc' dir='ltr'><em>ά</em></span> <span class='ocrx_word' id='word_1_207' title='bbox 3276 1634 3555 1706; x_wconf 88' lang='lat' dir='ltr'><strong>epistolam</strong></span> <span class='ocrx_word' id='word_1_208' title='bbox 3585 1644 3793 1690; x_wconf 72' lang='lat' dir='ltr'><strong>sancta</strong></span> 
     </span>
    </p>
   </div>
   <div class='ocr_carea' id='block_1_32' title="bbox 2195 1727 3791 1799">
    <p class='ocr_par' dir='ltr' id='par_1_32' title="bbox 2195 1727 3791 1799">
     <span class='ocr_line' id='line_1_32' title="bbox 2195 1727 3791 1799; baseline -0.003 -14"><span class='ocrx_word' id='word_1_209' title='bbox 2195 1728 2470 1785; x_wconf 84' lang='lat' dir='ltr'><strong>memoriae</strong></span> <span class='ocrx_word' id='word_1_210' title='bbox 2497 1728 2773 1785; x_wconf 84' lang='lat' dir='ltr'><strong>Athanasii</strong></span> <span class='ocrx_word' id='word_1_211' title='bbox 2798 1728 3033 1799; x_wconf 89' lang='lat' dir='ltr'><strong>episcopi</strong></span> <span class='ocrx_word' id='word_1_212' title='bbox 3059 1728 3124 1783; x_wconf 90' lang='lat' dir='ltr'><strong>ad</strong></span> <span class='ocrx_word' id='word_1_213' title='bbox 3155 1727 3455 1798; x_wconf 85' lang='lat' dir='ltr'><strong>Epictetum</strong></span> <span class='ocrx_word' id='word_1_214' title='bbox 3475 1727 3791 1797; x_wconf 87' lang='lat' dir='ltr'><strong>episcopum</strong></span> 
     </span>
    </p>
   </div>
   <div class='ocr_carea' id='block_1_33' title="bbox 500 1817 3794 1897">
    <p class='ocr_par' dir='ltr' id='par_1_33' title="bbox 500 1817 3794 1897">
     <span class='ocr_line' id='line_1_33' title="bbox 500 1817 3794 1897; baseline -0.002 -16"><span class='ocrx_word' id='word_1_215' title='bbox 500 1827 835 1897; x_wconf 89' lang='lat' dir='ltr'><strong>spiciendttm</strong></span> <span class='ocrx_word' id='word_1_216' title='bbox 855 1835 939 1882; x_wconf 88' lang='lat' dir='ltr'><strong>est</strong></span> <span class='ocrx_word' id='word_1_217' title='bbox 980 1840 1047 1881; x_wconf 89' lang='lat' dir='ltr'><strong>ne</strong></span> <span class='ocrx_word' id='word_1_218' title='bbox 1075 1826 1392 1895; x_wconf 89' lang='lat' dir='ltr'><strong>impunitate</strong></span> <span class='ocrx_word' id='word_1_219' title='bbox 1421 1839 1515 1878; x_wconf 90' lang='lat' dir='ltr'><strong>sua</strong></span> <span class='ocrx_word' id='word_1_220' title='bbox 1552 1824 1711 1877; x_wconf 89' lang='lat' dir='ltr'><strong>latius</strong></span> <span class='ocrx_word' id='word_1_221' title='bbox 1761 1831 2012 1887; x_wconf 86' lang='lat' dir='ltr'><strong>noceant,</strong></span> <span class='ocrx_word' id='word_1_222' title='bbox 2038 1830 2093 1877; x_wconf 87' lang='lat' dir='ltr'><strong>et</strong></span> <span class='ocrx_word' id='word_1_223' title='bbox 2123 1817 2169 1877; x_wconf 91' lang='lat' dir='ltr'><strong>B</strong></span> <span class='ocrx_word' id='word_1_224' title='bbox 2200 1823 2399 1889; x_wconf 83' lang='lat' dir='ltr'><strong>datam,</strong></span> <span class='ocrx_word' id='word_1_225' title='bbox 2450 1822 2604 1891; x_wconf 89' lang='lat' dir='ltr'><strong>cujus</strong></span> <span class='ocrx_word' id='word_1_226' title='bbox 2642 1822 2965 1878; x_wconf 89' lang='lat' dir='ltr'><strong>testimoniis</strong></span> <span class='ocrx_word' id='word_1_227' title='bbox 2996 1829 3199 1876; x_wconf 74' lang='lat' dir='ltr'><strong>sancta:</strong></span> <span class='ocrx_word' id='word_1_228' title='bbox 3230 1819 3504 1875; x_wconf 76' lang='lat' dir='ltr'><strong>memorize</strong></span> <span class='ocrx_word' id='word_1_229' title='bbox 3553 1818 3794 1890; x_wconf 80' lang='lat' dir='ltr'><strong>Cyrillus</strong></span> 
     </span>
    </p>
   </div>
   <div class='ocr_carea' id='block_1_34' title="bbox 500 1916 2087 1990">
    <p class='ocr_par' dir='ltr' id='par_1_34' title="bbox 500 1916 2087 1990">
     <span class='ocr_line' id='line_1_34' title="bbox 500 1916 2087 1990; baseline -0.004 -15"><span class='ocrx_word' id='word_1_230' title='bbox 500 1921 557 1975; x_wconf 92' lang='lat' dir='ltr'><strong>in</strong></span> <span class='ocrx_word' id='word_1_231' title='bbox 591 1920 881 1976; x_wconf 91' lang='lat' dir='ltr'><strong>multorum</strong></span> <span class='ocrx_word' id='word_1_232' title='bbox 913 1920 1227 1990; x_wconf 86' lang='lat' dir='ltr'><strong>perniciem,</strong></span> <span class='ocrx_word' id='word_1_233' title='bbox 1278 1918 1405 1973; x_wconf 93' lang='lat' dir='ltr'><strong>dum</strong></span> <span class='ocrx_word' id='word_1_234' title='bbox 1437 1918 1529 1973; x_wconf 92' lang='lat' dir='ltr'><strong>diu</strong></span> <span class='ocrx_word' id='word_1_235' title='bbox 1569 1917 1863 1973; x_wconf 84' lang='lat' dir='ltr'><strong>tolerantur</strong></span> <span class='ocrx_word' id='word_1_236' title='bbox 1910 1916 2087 1971; x_wconf 89' lang='lat' dir='ltr'><strong>insur-</strong></span> 
     </span>
    </p>
   </div>
   <div class='ocr_carea' id='block_1_35' title="bbox 498 2023 645 2086">
    <p class='ocr_par' dir='ltr' id='par_1_35' title="bbox 498 2023 645 2086">
     <span class='ocr_line' id='line_1_35' title="bbox 498 2023 645 2086; baseline -0.007 -18"><span class='ocrx_word' id='word_1_237' title='bbox 498 2023 645 2086; x_wconf 88' lang='lat' dir='ltr'><strong>gant.</strong></span> 
     </span>
    </p>
   </div>
   <div class='ocr_carea' id='block_1_36' title="bbox 573 2102 2090 2175">
    <p class='ocr_par' dir='ltr' id='par_1_36' title="bbox 573 2102 2090 2175">
     <span class='ocr_line' id='line_1_36' title="bbox 573 2102 2090 2175; baseline -0.003 -13"><span class='ocrx_word' id='word_1_238' title='bbox 573 2107 703 2163; x_wconf 65' lang='lat' dir='ltr'><strong>Car.</strong></span> <span class='ocrx_word' id='word_1_239' title='bbox 734 2105 808 2163; x_wconf 84' lang='lat' dir='ltr'><strong>ll.</strong></span> <span class='ocrx_word' id='word_1_240' title='bbox 851 2134 921 2147; x_wconf 91' lang='lat'><strong>—-</strong></span> <span class='ocrx_word' id='word_1_241' title='bbox 965 2106 1081 2161; x_wconf 89' lang='lat' dir='ltr'><strong>Non</strong></span> <span class='ocrx_word' id='word_1_242' title='bbox 1112 2105 1302 2175; x_wconf 90' lang='lat' dir='ltr'><strong>ignoro</strong></span> <span class='ocrx_word' id='word_1_243' title='bbox 1328 2103 1454 2175; x_wconf 90' lang='lat' dir='ltr'><strong>quid</strong></span> <span class='ocrx_word' id='word_1_244' title='bbox 1496 2103 1775 2158; x_wconf 90' lang='lat' dir='ltr'><strong>charitatis</strong></span> <span class='ocrx_word' id='word_1_245' title='bbox 1804 2110 1857 2157; x_wconf 91' lang='lat' dir='ltr'><strong>et</strong></span> <span class='ocrx_word' id='word_1_246' title='bbox 1903 2102 2090 2172; x_wconf 71' lang='lat' dir='ltr'><strong>gratiae</strong></span> 
     </span>
    </p>
   </div>
   <div class='ocr_carea' id='block_1_37' title="bbox 501 2196 2089 2266">
    <p class='ocr_par' dir='ltr' id='par_1_37' title="bbox 501 2196 2089 2266">
     <span class='ocr_line' id='line_1_37' title="bbox 501 2196 2089 2266; baseline -0.004 -9"><span class='ocrx_word' id='word_1_247' title='bbox 501 2201 626 2257; x_wconf 84' lang='lat' dir='ltr'><strong>filiis</strong></span> <span class='ocrx_word' id='word_1_248' title='bbox 659 2202 855 2256; x_wconf 89' lang='lat' dir='ltr'><strong>nostris</strong></span> <span class='ocrx_word' id='word_1_249' title='bbox 885 2200 1083 2255; x_wconf 88' lang='lat' dir='ltr'><strong>sanctis</strong></span> <span class='ocrx_word' id='word_1_250' title='bbox 1112 2208 1165 2253; x_wconf 86' lang='lat' dir='ltr'><strong>et</strong></span> <span class='ocrx_word' id='word_1_251' title='bbox 1193 2198 1334 2253; x_wconf 92' lang='lat' dir='ltr'><strong>veris</strong></span> <span class='ocrx_word' id='word_1_252' title='bbox 1378 2197 1655 2252; x_wconf 79' lang='lat' dir='ltr'><strong>monachis</strong></span> <span class='ocrx_word' id='word_1_253' title='bbox 1678 2196 1957 2262; x_wconf 90' lang='lat' dir='ltr'><strong>debeatur,</strong></span> <span class='ocrx_word' id='word_1_254' title='bbox 1998 2196 2089 2266; x_wconf 92' lang='lat' dir='ltr'><strong>qui</strong></span> 
     </span>
    </p>
   </div>
   <div class='ocr_carea' id='block_1_38' title="bbox 498 2288 2088 2361">
    <p class='ocr_par' dir='ltr' id='par_1_38' title="bbox 498 2288 2088 2361">
     <span class='ocr_line' id='line_1_38' title="bbox 498 2288 2088 2361; baseline -0.001 -16"><span class='ocrx_word' id='word_1_255' title='bbox 498 2290 853 2361; x_wconf 80' lang='lat' dir='ltr'><strong>professionis</strong></span> <span class='ocrx_word' id='word_1_256' title='bbox 879 2306 990 2345; x_wconf 66' lang='lat' dir='ltr'><strong>suae</strong></span> <span class='ocrx_word' id='word_1_257' title='bbox 1020 2292 1338 2346; x_wconf 85' lang='lat' dir='ltr'><strong>modestiam</strong></span> <span class='ocrx_word' id='word_1_258' title='bbox 1372 2306 1476 2344; x_wconf 93' lang='lat' dir='ltr'><strong>non</strong></span> <span class='ocrx_word' id='word_1_259' title='bbox 1506 2288 1835 2357; x_wconf 87' lang='lat' dir='ltr'><strong>relinquunt,</strong></span> <span class='ocrx_word' id='word_1_260' title='bbox 1869 2297 1923 2341; x_wconf 91' lang='lat' dir='ltr'><strong>et</strong></span> <span class='ocrx_word' id='word_1_261' title='bbox 1947 2288 2088 2356; x_wconf 92' lang='lat' dir='ltr'><strong>quod</strong></span> 
     </span>
    </p>
   </div>
   <div class='ocr_carea' id='block_1_39' title="bbox 497 2378 2090 2452">
    <p class='ocr_par' dir='ltr' id='par_1_39' title="bbox 497 2378 2090 2452">
     <span class='ocr_line' id='line_1_39' title="bbox 497 2378 2090 2452; baseline 0.001 -18"><span class='ocrx_word' id='word_1_262' title='bbox 497 2385 776 2452; x_wconf 86' lang='lat' dir='ltr'><strong>proposito</strong></span> <span class='ocrx_word' id='word_1_263' title='bbox 827 2394 1110 2446; x_wconf 88' lang='lat' dir='ltr'><strong>voverunt,</strong></span> <span class='ocrx_word' id='word_1_264' title='bbox 1145 2384 1387 2437; x_wconf 88' lang='lat' dir='ltr'><strong>moribus</strong></span> <span class='ocrx_word' id='word_1_265' title='bbox 1427 2392 1813 2449; x_wconf 88' lang='lat' dir='ltr'><strong>exsequuntur.</strong></span> <span class='ocrx_word' id='word_1_266' title='bbox 1862 2378 2090 2448; x_wconf 86' lang='lat' dir='ltr'><strong>Superbi</strong></span> 
     </span>
    </p>
   </div>
   <div class='ocr_carea' id='block_1_40' title="bbox 499 2476 2092 2546">
    <p class='ocr_par' dir='ltr' id='par_1_40' title="bbox 499 2476 2092 2546">
     <span class='ocr_line' id='line_1_40' title="bbox 499 2476 2092 2546; baseline -0.002 -15"><span class='ocrx_word' id='word_1_267' title='bbox 499 2484 679 2531; x_wconf 87' lang='lat' dir='ltr'><strong>autem</strong></span> <span class='ocrx_word' id='word_1_268' title='bbox 712 2485 766 2529; x_wconf 90' lang='lat' dir='ltr'><strong>et</strong></span> <span class='ocrx_word' id='word_1_269' title='bbox 801 2476 1043 2544; x_wconf 85' lang='lat' dir='ltr'><strong>inquieti,</strong></span> <span class='ocrx_word' id='word_1_270' title='bbox 1095 2477 1187 2546; x_wconf 89' lang='lat' dir='ltr'><strong>qui</strong></span> <span class='ocrx_word' id='word_1_271' title='bbox 1218 2486 1239 2515; x_wconf 76' lang='grc' dir='ltr'>α</span> <span class='ocrx_word' id='word_1_272' title='bbox 1294 2476 1637 2530; x_wconf 88' lang='lat' dir='ltr'><strong>sacerdotum</strong></span> <span class='ocrx_word' id='word_1_273' title='bbox 1685 2485 1996 2544; x_wconf 88' lang='lat' dir='ltr'><strong>contemptu</strong></span> <span class='ocrx_word' id='word_1_274' title='bbox 2038 2483 2092 2529; x_wconf 88' lang='lat' dir='ltr'><strong>et</strong></span> 
     </span>
    </p>
   </div>
   <div class='ocr_carea' id='block_1_41' title="bbox 500 2566 2092 2637">
    <p class='ocr_par' dir='ltr' id='par_1_41' title="bbox 500 2566 2092 2637">
     <span class='ocr_line' id='line_1_41' title="bbox 500 2566 2092 2637; baseline 0 -16"><span class='ocrx_word' id='word_1_275' title='bbox 500 2566 712 2637; x_wconf 86' lang='lat' dir='ltr'><strong>injuriis</strong></span> <span class='ocrx_word' id='word_1_276' title='bbox 738 2567 1057 2635; x_wconf 79' lang='lat' dir='ltr'><strong>gloriantur,</strong></span> <span class='ocrx_word' id='word_1_277' title='bbox 1089 2584 1192 2624; x_wconf 91' lang='lat' dir='ltr'><strong>non</strong></span> <span class='ocrx_word' id='word_1_278' title='bbox 1221 2569 1362 2622; x_wconf 91' lang='lat' dir='ltr'><strong>servi</strong></span> <span class='ocrx_word' id='word_1_279' title='bbox 1391 2568 1614 2633; x_wconf 78' lang='lat' dir='ltr'><strong>Christi,</strong></span> <span class='ocrx_word' id='word_1_280' title='bbox 1646 2568 1741 2623; x_wconf 89' lang='lat' dir='ltr'><strong>sed</strong></span> <span class='ocrx_word' id='word_1_281' title='bbox 1774 2566 2092 2623; x_wconf 84' lang='lat' dir='ltr'><strong>Antichristi</strong></span> 
     </span>
    </p>
   </div>
   <div class='ocr_carea' id='block_1_42' title="bbox 501 2658 2094 2731">
    <p class='ocr_par' dir='ltr' id='par_1_42' title="bbox 501 2658 2094 2731">
     <span class='ocr_line' id='line_1_42' title="bbox 501 2658 2094 2731; baseline 0.002 -18"><span class='ocrx_word' id='word_1_282' title='bbox 501 2658 702 2713; x_wconf 90' lang='lat' dir='ltr'><strong>milites</strong></span> <span class='ocrx_word' id='word_1_283' title='bbox 724 2670 847 2713; x_wconf 92' lang='lat' dir='ltr'><strong>sunt</strong></span> <span class='ocrx_word' id='word_1_284' title='bbox 877 2660 1139 2726; x_wconf 89' lang='lat' dir='ltr'><strong>habendi;</strong></span> <span class='ocrx_word' id='word_1_285' title='bbox 1189 2661 1527 2731; x_wconf 78' lang='lat' dir='ltr'><strong>maximeque</strong></span> <span class='ocrx_word' id='word_1_286' title='bbox 1576 2661 1630 2715; x_wconf 91' lang='lat' dir='ltr'><strong>in</strong></span> <span class='ocrx_word' id='word_1_287' title='bbox 1668 2662 1779 2716; x_wconf 89' lang='lat' dir='ltr'><strong>suis</strong></span> <span class='ocrx_word' id='word_1_288' title='bbox 1806 2671 1930 2717; x_wconf 88' lang='lat' dir='ltr'><strong>sunt</strong></span> <span class='ocrx_word' id='word_1_289' title='bbox 1958 2677 2094 2731; x_wconf 81' lang='lat' dir='ltr'><strong>pra:-</strong></span> 
     </span>
    </p>
   </div>
   <div class='ocr_carea' id='block_1_43' title="bbox 501 2752 2092 2824">
    <p class='ocr_par' dir='ltr' id='par_1_43' title="bbox 501 2752 2092 2824">
     <span class='ocr_line' id='line_1_43' title="bbox 501 2752 2092 2824; baseline 0.002 -19"><span class='ocrx_word' id='word_1_290' title='bbox 501 2753 694 2824; x_wconf 88' lang='lat' dir='ltr'><strong>positis</strong></span> <span class='ocrx_word' id='word_1_291' title='bbox 725 2752 1061 2818; x_wconf 90' lang='lat' dir='ltr'><strong>humiliandi,</strong></span> <span class='ocrx_word' id='word_1_292' title='bbox 1094 2754 1185 2824; x_wconf 87' lang='lat' dir='ltr'><strong>qui</strong></span> <span class='ocrx_word' id='word_1_293' title='bbox 1214 2754 1517 2823; x_wconf 87' lang='lat' dir='ltr'><strong>imperitam</strong></span> <span class='ocrx_word' id='word_1_294' title='bbox 1569 2754 1970 2809; x_wconf 88' lang='lat' dir='ltr'><strong>multitudinem</strong></span> <span class='ocrx_word' id='word_1_295' title='bbox 2022 2752 2092 2808; x_wconf 89' lang='lat' dir='ltr'><strong>ad</strong></span> 
     </span>
    </p>
   </div>
   <div class='ocr_carea' id='block_1_44' title="bbox 502 2843 2090 2915">
    <p class='ocr_par' dir='ltr' id='par_1_44' title="bbox 502 2843 2090 2915">
     <span class='ocr_line' id='line_1_44' title="bbox 502 2843 2090 2915; baseline 0.001 -17"><span class='ocrx_word' id='word_1_296' title='bbox 502 2843 869 2899; x_wconf 81' lang='lat' dir='ltr'><strong>defensionem</strong></span> <span class='ocrx_word' id='word_1_297' title='bbox 912 2859 1022 2897; x_wconf 82' lang='lat' dir='ltr'><strong>suae</strong></span> <span class='ocrx_word' id='word_1_298' title='bbox 1063 2844 1432 2912; x_wconf 87' lang='lat' dir='ltr'><strong>perversitatis</strong></span> <span class='ocrx_word' id='word_1_299' title='bbox 1460 2846 1735 2915; x_wconf 81' lang='lat' dir='ltr'><strong>instigant.</strong></span> <span class='ocrx_word' id='word_1_300' title='bbox 1784 2845 1937 2900; x_wconf 89' lang='lat' dir='ltr'><strong>Unde</strong></span> <span class='ocrx_word' id='word_1_301' title='bbox 1966 2859 2090 2899; x_wconf 90' lang='lat' dir='ltr'><strong>cum</strong></span> 
     </span>
    </p>
   </div>
   <div class='ocr_carea' id='block_1_45' title="bbox 506 2936 2091 3008">
    <p class='ocr_par' dir='ltr' id='par_1_45' title="bbox 506 2936 2091 3008">
     <span class='ocr_line' id='line_1_45' title="bbox 506 2936 2091 3008; baseline 0.002 -18"><span class='ocrx_word' id='word_1_302' title='bbox 506 2936 959 2991; x_wconf 84' lang='lat' dir='ltr'><strong>clementissimus</strong></span> <span class='ocrx_word' id='word_1_303' title='bbox 987 2938 1233 3008; x_wconf 90' lang='lat' dir='ltr'><strong>princeps</strong></span> <span class='ocrx_word' id='word_1_304' title='bbox 1264 2946 1377 2992; x_wconf 91' lang='lat' dir='ltr'><strong>toto</strong></span> <span class='ocrx_word' id='word_1_305' title='bbox 1407 2938 1642 3006; x_wconf 76' lang='lat' dir='ltr'><strong>religiosi</strong></span> <span class='ocrx_word' id='word_1_306' title='bbox 1684 2938 1865 2992; x_wconf 90' lang='lat' dir='ltr'><strong>cordis</strong></span> <span class='ocrx_word' id='word_1_307' title='bbox 1895 2937 2091 2993; x_wconf 89' lang='lat' dir='ltr'><strong>affectu</strong></span> 
     </span>
    </p>
   </div>
   <div class='ocr_carea' id='block_1_46' title="bbox 507 3028 2097 3102">
    <p class='ocr_par' dir='ltr' id='par_1_46' title="bbox 507 3028 2097 3102">
     <span class='ocr_line' id='line_1_46' title="bbox 507 3028 2097 3102; baseline 0.003 -20"><span class='ocrx_word' id='word_1_308' title='bbox 507 3028 829 3084; x_wconf 89' lang='lat' dir='ltr'><strong>catholicam</strong></span> <span class='ocrx_word' id='word_1_309' title='bbox 862 3028 1047 3100; x_wconf 82' lang='lat' dir='ltr'><strong>diligat</strong></span> <span class='ocrx_word' id='word_1_310' title='bbox 1078 3028 1275 3096; x_wconf 71' lang='lat' dir='ltr'><strong>fidem;</strong></span> <span class='ocrx_word' id='word_1_311' title='bbox 1315 3038 1369 3085; x_wconf 92' lang='lat' dir='ltr'><strong>et</strong></span> <span class='ocrx_word' id='word_1_312' title='bbox 1418 3031 1666 3098; x_wconf 87' lang='lat' dir='ltr'><strong>multum,</strong></span> <span class='ocrx_word' id='word_1_313' title='bbox 1712 3031 1853 3086; x_wconf 85' lang='lat' dir='ltr'><strong>sicut</strong></span> <span class='ocrx_word' id='word_1_314' title='bbox 1899 3031 2097 3102; x_wconf 87' lang='lat' dir='ltr'><strong>ubique</strong></span> 
     </span>
    </p>
   </div>
   <div class='ocr_carea' id='block_1_47' title="bbox 2193 1908 3793 1986">
    <p class='ocr_par' dir='ltr' id='par_1_47' title="bbox 2193 1908 3793 1986">
     <span class='ocr_line' id='line_1_47' title="bbox 2193 1908 3793 1986; baseline -0.004 -15"><span class='ocrx_word' id='word_1_315' title='bbox 2193 1932 2321 1972; x_wconf 92' lang='lat' dir='ltr'><strong>usus</strong></span> <span class='ocrx_word' id='word_1_316' title='bbox 2350 1926 2432 1971; x_wconf 89' lang='lat' dir='ltr'><strong>est</strong></span> <span class='ocrx_word' id='word_1_317' title='bbox 2461 1916 2514 1970; x_wconf 92' lang='lat' dir='ltr'><strong>in</strong></span> <span class='ocrx_word' id='word_1_318' title='bbox 2566 1915 2831 1985; x_wconf 87' lang='lat' dir='ltr'><strong>Ephesina</strong></span> <span class='ocrx_word' id='word_1_319' title='bbox 2866 1914 3073 1986; x_wconf 87' lang='lat' dir='ltr'><strong>synodo</strong></span> <span class='ocrx_word' id='word_1_320' title='bbox 3100 1922 3285 1969; x_wconf 87' lang='lat' dir='ltr'><strong>contra</strong></span> <span class='ocrx_word' id='word_1_321' title='bbox 3311 1911 3637 1976; x_wconf 83' lang='lat' dir='ltr'><strong>Nestorium,</strong></span> <span class='ocrx_word' id='word_1_322' title='bbox 3662 1908 3793 1980; x_wconf 81' lang='lat' dir='ltr'><strong>quia</strong></span> 
     </span>
    </p>
   </div>
   <div class='ocr_carea' id='block_1_48' title="bbox 2194 2002 3791 2075">
    <p class='ocr_par' dir='ltr' id='par_1_48' title="bbox 2194 2002 3791 2075">
     <span class='ocr_line' id='line_1_48' title="bbox 2194 2002 3791 2075; baseline -0.007 -10"><span class='ocrx_word' id='word_1_323' title='bbox 2194 2009 2620 2065; x_wconf 90' lang='lat' dir='ltr'><strong>incarnationem</strong></span> <span class='ocrx_word' id='word_1_324' title='bbox 2634 2006 2797 2062; x_wconf 83' lang='lat' dir='ltr'><strong>Verbi</strong></span> <span class='ocrx_word' id='word_1_325' title='bbox 2822 2016 2928 2061; x_wconf 89' lang='lat' dir='ltr'><strong>tam</strong></span> <span class='ocrx_word' id='word_1_326' title='bbox 2953 2005 3127 2061; x_wconf 91' lang='lat' dir='ltr'><strong>lucide</strong></span> <span class='ocrx_word' id='word_1_327' title='bbox 3152 2020 3215 2060; x_wconf 90' lang='lat' dir='ltr'><strong>ac</strong></span> <span class='ocrx_word' id='word_1_328' title='bbox 3235 2005 3521 2075; x_wconf 77' lang='lat' dir='ltr'><strong>diligenter</strong></span> <span class='ocrx_word' id='word_1_329' title='bbox 3534 2002 3791 2070; x_wconf 79' lang='lat' dir='ltr'><strong>astruxit,</strong></span> 
     </span>
    </p>
   </div>
   <div class='ocr_carea' id='block_1_49' title="bbox 2194 2097 3795 2171">
    <p class='ocr_par' dir='ltr' id='par_1_49' title="bbox 2194 2097 3795 2171">
     <span class='ocr_line' id='line_1_49' title="bbox 2194 2097 3795 2171; baseline -0.004 -15"><span class='ocrx_word' id='word_1_330' title='bbox 2194 2100 2564 2156; x_wconf 88' lang='lat' dir='ltr'><strong>utNestorium</strong></span> <span class='ocrx_word' id='word_1_331' title='bbox 2588 2108 2641 2153; x_wconf 92' lang='lat' dir='ltr'><strong>et</strong></span> <span class='ocrx_word' id='word_1_332' title='bbox 2672 2099 2884 2171; x_wconf 77' lang='lat'><strong>1179</strong></span> <span class='ocrx_word' id='word_1_333' title='bbox 2906 2098 3184 2169; x_wconf 87' lang='lat' dir='ltr'><strong>Eutychen</strong></span> <span class='ocrx_word' id='word_1_334' title='bbox 3207 2098 3258 2152; x_wconf 92' lang='lat' dir='ltr'><strong>in</strong></span> <span class='ocrx_word' id='word_1_335' title='bbox 3288 2097 3429 2152; x_wconf 92' lang='lat' dir='ltr'><strong>illius</strong></span> <span class='ocrx_word' id='word_1_336' title='bbox 3454 2098 3795 2166; x_wconf 86' lang='lat' dir='ltr'><strong>jamtempo-</strong></span> 
     </span>
    </p>
   </div>
   <div class='ocr_carea' id='block_1_50' title="bbox 2195 2187 3797 2249">
    <p class='ocr_par' dir='ltr' id='par_1_50' title="bbox 2195 2187 3797 2249">
     <span class='ocr_line' id='line_1_50' title="bbox 2195 2187 3797 2249; baseline -0.004 0"><span class='ocrx_word' id='word_1_337' title='bbox 2195 2197 2269 2249; x_wconf 92' lang='lat' dir='ltr'><strong>ris</strong></span> <span class='ocrx_word' id='word_1_338' title='bbox 2298 2194 2564 2249; x_wconf 72' lang='lat' dir='ltr'><strong>haereticis</strong></span> <span class='ocrx_word' id='word_1_339' title='bbox 2590 2192 2895 2248; x_wconf 85' lang='lat' dir='ltr'><strong>debellarit.</strong></span> <span class='ocrx_word' id='word_1_340' title='bbox 2923 2192 3167 2247; x_wconf 83' lang='lat' dir='ltr'><strong>Audeant</strong></span> <span class='ocrx_word' id='word_1_341' title='bbox 3194 2190 3337 2245; x_wconf 88' lang='lat' dir='ltr'><strong>hunc</strong></span> <span class='ocrx_word' id='word_1_342' title='bbox 3368 2198 3529 2245; x_wconf 66' lang='lat' dir='ltr'><strong>tantm</strong></span> <span class='ocrx_word' id='word_1_343' title='bbox 3555 2187 3797 2244; x_wconf 87' lang='lat' dir='ltr'><strong>auctori-</strong></span> 
     </span>
    </p>
   </div>
   <div class='ocr_carea' id='block_1_51' title="bbox 2197 2278 3796 2358">
    <p class='ocr_par' dir='ltr' id='par_1_51' title="bbox 2197 2278 3796 2358">
     <span class='ocr_line' id='line_1_51' title="bbox 2197 2278 3796 2358; baseline -0.004 -16"><span class='ocrx_word' id='word_1_344' title='bbox 2197 2290 2323 2342; x_wconf 88' lang='lat' dir='ltr'><strong>tatis</strong></span> <span class='ocrx_word' id='word_1_345' title='bbox 2337 2288 2506 2341; x_wconf 88' lang='lat' dir='ltr'><strong>virutn</strong></span> <span class='ocrx_word' id='word_1_346' title='bbox 2530 2285 2792 2358; x_wconf 88' lang='lat' dir='ltr'><strong>Eutychis</strong></span> <span class='ocrx_word' id='word_1_347' title='bbox 2805 2294 2857 2339; x_wconf 89' lang='lat' dir='ltr'><strong>et</strong></span> <span class='ocrx_word' id='word_1_348' title='bbox 2876 2283 3121 2339; x_wconf 91' lang='lat' dir='ltr'><strong>Dioscori</strong></span> <span class='ocrx_word' id='word_1_349' title='bbox 3141 2292 3437 2338; x_wconf 89' lang='lat' dir='ltr'><strong>sectatores</strong></span> <span class='ocrx_word' id='word_1_350' title='bbox 3458 2290 3547 2335; x_wconf 87' lang='lat' dir='ltr'><strong>aut</strong></span> <span class='ocrx_word' id='word_1_351' title='bbox 3570 2278 3796 2351; x_wconf 83' lang='lat' dir='ltr'><strong>imperi-</strong></span> 
     </span>
    </p>
   </div>
   <div class='ocr_carea' id='block_1_52' title="bbox 2197 2373 3798 2448">
    <p class='ocr_par' dir='ltr' id='par_1_52' title="bbox 2197 2373 3798 2448">
     <span class='ocr_line' id='line_1_52' title="bbox 2197 2373 3798 2448; baseline -0.004 -14"><span class='ocrx_word' id='word_1_352' title='bbox 2197 2383 2317 2445; x_wconf 85' lang='lat' dir='ltr'><strong>tiae,</strong></span> <span class='ocrx_word' id='word_1_353' title='bbox 2374 2388 2467 2433; x_wconf 88' lang='lat' dir='ltr'><strong>aut</strong></span> <span class='ocrx_word' id='word_1_354' title='bbox 2514 2378 2790 2447; x_wconf 83' lang='lat' dir='ltr'><strong>pravitatis</strong></span> <span class='ocrx_word' id='word_1_355' title='bbox 2837 2392 3082 2448; x_wconf 83' lang='lat' dir='ltr'><strong>arguere,</strong></span> <span class='ocrx_word' id='word_1_356' title='bbox 3130 2375 3222 2445; x_wconf 92' lang='lat' dir='ltr'><strong>qui</strong></span> <span class='ocrx_word' id='word_1_357' title='bbox 3274 2384 3299 2413; x_wconf 72' lang='grc' dir='ltr'>θ</span> <span class='ocrx_word' id='word_1_358' title='bbox 3350 2373 3798 2444; x_wconf 71' lang='lat' dir='ltr'><strong>praedicationem</strong></span> 
     </span>
    </p>
   </div>
   <div class='ocr_carea' id='block_1_53' title="bbox 2197 2462 3798 2539">
    <p class='ocr_par' dir='ltr' id='par_1_53' title="bbox 2197 2462 3798 2539">
     <span class='ocr_line' id='line_1_53' title="bbox 2197 2462 3798 2539; baseline -0.007 -11"><span class='ocrx_word' id='word_1_359' title='bbox 2197 2482 2438 2528; x_wconf 89' lang='lat' dir='ltr'><strong>nostram</strong></span> <span class='ocrx_word' id='word_1_360' title='bbox 2462 2486 2491 2525; x_wconf 92' lang='lat' dir='ltr'><strong>a</strong></span> <span class='ocrx_word' id='word_1_361' title='bbox 2519 2470 2766 2526; x_wconf 90' lang='lat' dir='ltr'><strong>doctrina</strong></span> <span class='ocrx_word' id='word_1_362' title='bbox 2798 2480 2959 2539; x_wconf 87' lang='lat' dir='ltr'><strong>atque</strong></span> <span class='ocrx_word' id='word_1_363' title='bbox 2990 2466 3343 2538; x_wconf 86' lang='lat' dir='ltr'><strong>intelligentia</strong></span> <span class='ocrx_word' id='word_1_364' title='bbox 3374 2465 3591 2520; x_wconf 88' lang='lat' dir='ltr'><strong>Patrum</strong></span> <span class='ocrx_word' id='word_1_365' title='bbox 3632 2462 3798 2533; x_wconf 83' lang='lat' dir='ltr'><strong>jacti-</strong></span> 
     </span>
    </p>
   </div>
   <div class='ocr_carea' id='block_1_54' title="bbox 2198 2554 3798 2620">
    <p class='ocr_par' dir='ltr' id='par_1_54' title="bbox 2198 2554 3798 2620">
     <span class='ocr_line' id='line_1_54' title="bbox 2198 2554 3798 2620; baseline -0.006 0"><span class='ocrx_word' id='word_1_366' title='bbox 2198 2574 2312 2620; x_wconf 91' lang='lat' dir='ltr'><strong>tant</strong></span> <span class='ocrx_word' id='word_1_367' title='bbox 2362 2563 2599 2619; x_wconf 90' lang='lat' dir='ltr'><strong>deviare.</strong></span> <span class='ocrx_word' id='word_1_368' title='bbox 2644 2561 2911 2617; x_wconf 86' lang='lat' dir='ltr'><strong>Prodesse</strong></span> <span class='ocrx_word' id='word_1_369' title='bbox 2956 2572 3134 2615; x_wconf 88' lang='lat' dir='ltr'><strong>autem</strong></span> <span class='ocrx_word' id='word_1_370' title='bbox 3184 2558 3346 2614; x_wconf 90' lang='lat' dir='ltr'><strong>debet</strong></span> <span class='ocrx_word' id='word_1_371' title='bbox 3406 2554 3798 2613; x_wconf 84' lang='lat' dir='ltr'><strong>confirmandis</strong></span> 
     </span>
    </p>
   </div>
   <div class='ocr_carea' id='block_1_55' title="bbox 2198 2648 3797 2722">
    <p class='ocr_par' dir='ltr' id='par_1_55' title="bbox 2198 2648 3797 2722">
     <span class='ocr_line' id='line_1_55' title="bbox 2198 2648 3797 2722; baseline -0.006 -10"><span class='ocrx_word' id='word_1_372' title='bbox 2198 2657 2446 2712; x_wconf 85' lang='lat' dir='ltr'><strong>sensibus</strong></span> <span class='ocrx_word' id='word_1_373' title='bbox 2466 2655 2704 2710; x_wconf 92' lang='lat' dir='ltr'><strong>omnium</strong></span> <span class='ocrx_word' id='word_1_374' title='bbox 2732 2654 2941 2708; x_wconf 89' lang='lat' dir='ltr'><strong>Domini</strong></span> <span class='ocrx_word' id='word_1_375' title='bbox 2970 2653 3332 2721; x_wconf 90' lang='lat' dir='ltr'><strong>sacerdotum,</strong></span> <span class='ocrx_word' id='word_1_376' title='bbox 3382 2666 3518 2722; x_wconf 86' lang='lat' dir='ltr'><strong>quos</strong></span> <span class='ocrx_word' id='word_1_377' title='bbox 3548 2648 3797 2705; x_wconf 72' lang='lat' dir='ltr'><strong>haeretici</strong></span> 
     </span>
    </p>
   </div>
   <div class='ocr_carea' id='block_1_56' title="bbox 2200 2741 3799 2816">
    <p class='ocr_par' dir='ltr' id='par_1_56' title="bbox 2200 2741 3799 2816">
     <span class='ocr_line' id='line_1_56' title="bbox 2200 2741 3799 2816; baseline -0.004 -12"><span class='ocrx_word' id='word_1_378' title='bbox 2200 2750 2327 2805; x_wconf 92' lang='lat' dir='ltr'><strong>olim</strong></span> <span class='ocrx_word' id='word_1_379' title='bbox 2360 2750 2411 2803; x_wconf 92' lang='lat' dir='ltr'><strong>in</strong></span> <span class='ocrx_word' id='word_1_380' title='bbox 2439 2747 2752 2803; x_wconf 89' lang='lat' dir='ltr'><strong>auctoribus</strong></span> <span class='ocrx_word' id='word_1_381' title='bbox 2781 2745 2892 2801; x_wconf 91' lang='lat' dir='ltr'><strong>suis</strong></span> <span class='ocrx_word' id='word_1_382' title='bbox 2912 2745 3144 2816; x_wconf 63' lang='lat' dir='ltr'><strong>praesciti</strong></span> <span class='ocrx_word' id='word_1_383' title='bbox 3167 2753 3326 2814; x_wconf 87' lang='lat' dir='ltr'><strong>atque</strong></span> <span class='ocrx_word' id='word_1_384' title='bbox 3350 2741 3600 2809; x_wconf 89' lang='lat' dir='ltr'><strong>damnati,</strong></span> <span class='ocrx_word' id='word_1_385' title='bbox 3634 2755 3799 2813; x_wconf 80' lang='lat' dir='ltr'><strong>aper-</strong></span> 
     </span>
    </p>
   </div>
   <div class='ocr_carea' id='block_1_57' title="bbox 2202 2836 3795 2910">
    <p class='ocr_par' dir='ltr' id='par_1_57' title="bbox 2202 2836 3795 2910">
     <span class='ocr_line' id='line_1_57' title="bbox 2202 2836 3795 2910; baseline -0.004 -14"><span class='ocrx_word' id='word_1_386' title='bbox 2202 2843 2309 2896; x_wconf 92' lang='lat' dir='ltr'><strong>tius</strong></span> <span class='ocrx_word' id='word_1_387' title='bbox 2332 2842 2438 2910; x_wconf 90' lang='lat' dir='ltr'><strong>jam</strong></span> <span class='ocrx_word' id='word_1_388' title='bbox 2472 2847 2753 2909; x_wconf 80' lang='lat' dir='ltr'><strong>creperum</strong></span> <span class='ocrx_word' id='word_1_389' title='bbox 2799 2838 2990 2909; x_wconf 85' lang='lat' dir='ltr'><strong>dogma</strong></span> <span class='ocrx_word' id='word_1_390' title='bbox 3029 2854 3139 2893; x_wconf 77' lang='lat' dir='ltr'><strong>suae</strong></span> <span class='ocrx_word' id='word_1_391' title='bbox 3180 2836 3473 2906; x_wconf 89' lang='lat' dir='ltr'><strong>impietatis</strong></span> <span class='ocrx_word' id='word_1_392' title='bbox 3521 2847 3795 2899; x_wconf 86' lang='lat' dir='ltr'><strong>astruere,</strong></span> 
     </span>
    </p>
   </div>
   <div class='ocr_carea' id='block_1_58' title="bbox 2204 2928 3798 2989">
    <p class='ocr_par' dir='ltr' id='par_1_58' title="bbox 2204 2928 3798 2989">
     <span class='ocr_line' id='line_1_58' title="bbox 2204 2928 3798 2989; baseline -0.004 0"><span class='ocrx_word' id='word_1_393' title='bbox 2204 2950 2273 2989; x_wconf 88' lang='lat' dir='ltr'><strong>ne</strong></span> <span class='ocrx_word' id='word_1_394' title='bbox 2297 2933 2495 2989; x_wconf 87' lang='lat' dir='ltr'><strong>latente</strong></span> <span class='ocrx_word' id='word_1_395' title='bbox 2524 2936 2663 2988; x_wconf 88' lang='lat' dir='ltr'><strong>intra</strong></span> <span class='ocrx_word' id='word_1_396' title='bbox 2693 2931 2963 2988; x_wconf 88' lang='lat' dir='ltr'><strong>silentium</strong></span> <span class='ocrx_word' id='word_1_397' title='bbox 2995 2946 3153 2987; x_wconf 90' lang='lat' dir='ltr'><strong>sensu</strong></span> <span class='ocrx_word' id='word_1_398' title='bbox 3194 2930 3486 2986; x_wconf 90' lang='lat' dir='ltr'><strong>dubitabile</strong></span> <span class='ocrx_word' id='word_1_399' title='bbox 3515 2928 3798 2984; x_wconf 84' lang='lat' dir='ltr'><strong>videretur</strong></span> 
     </span>
    </p>
   </div>
   <div class='ocr_carea' id='block_1_59' title="bbox 2207 3014 3796 3097">
    <p class='ocr_par' dir='ltr' id='par_1_59' title="bbox 2207 3014 3796 3097">
     <span class='ocr_line' id='line_1_59' title="bbox 2207 3014 3796 3097; baseline -0.003 -15"><span class='ocrx_word' id='word_1_400' title='bbox 2207 3042 2275 3082; x_wconf 91' lang='lat' dir='ltr'><strong>an</strong></span> <span class='ocrx_word' id='word_1_401' title='bbox 2304 3041 2432 3083; x_wconf 90' lang='lat' dir='ltr'><strong>vere</strong></span> <span class='ocrx_word' id='word_1_402' title='bbox 2456 3025 2513 3082; x_wconf 89' lang='lat' dir='ltr'><strong>in</strong></span> <span class='ocrx_word' id='word_1_403' title='bbox 2543 3025 2675 3097; x_wconf 90' lang='lat' dir='ltr'><strong>ipsis</strong></span> <span class='ocrx_word' id='word_1_404' title='bbox 2702 3034 2757 3082; x_wconf 91' lang='lat' dir='ltr'><strong>et</strong></span> <span class='ocrx_word' id='word_1_405' title='bbox 2786 3022 2807 3063; x_wconf 73' lang='grc' dir='ltr'>ί</span> <span class='ocrx_word' id='word_1_406' title='bbox 2842 3023 3035 3095; x_wconf 83' lang='lat' dir='ltr'><strong>triplex</strong></span> <span class='ocrx_word' id='word_1_407' title='bbox 3065 3023 3391 3096; x_wconf 84' lang='lat' dir='ltr'><strong>Apollinaris</strong></span> <span class='ocrx_word' id='word_1_408' title='bbox 3419 3037 3590 3090; x_wconf 90' lang='lat' dir='ltr'><strong>error,</strong></span> <span class='ocrx_word' id='word_1_409' title='bbox 3623 3031 3679 3079; x_wconf 89' lang='lat' dir='ltr'><strong>et</strong></span> <span class='ocrx_word' id='word_1_410' title='bbox 3702 3014 3796 3079; x_wconf 81' lang='lat' dir='ltr'><strong>in-</strong></span> 
     </span>
    </p>
   </div>
   <div class='ocr_carea' id='block_1_60' title="bbox 581 3231 3799 3304">
    <p class='ocr_par' dir='ltr' id='par_1_60' title="bbox 581 3231 3799 3304">
     <span class='ocr_line' id='line_1_60' title="bbox 581 3231 3799 3304; baseline 0.001 -19"><span class='ocrx_word' id='word_1_411' title='bbox 581 3240 607 3304; x_wconf 61' lang='lat' dir='ltr'><strong>t}</strong></span> <span class='ocrx_word' id='word_1_412' title='bbox 636 3231 940 3285; x_wconf 85' lang='lat' dir='ltr'><strong>Marcianus</strong></span> <span class='ocrx_word' id='word_1_413' title='bbox 988 3231 1281 3304; x_wconf 79' lang='lat' dir='ltr'><strong>imperator</strong></span> <span class='ocrx_word' id='word_1_414' title='bbox 1332 3233 1385 3287; x_wconf 91' lang='lat' dir='ltr'><strong>in</strong></span> <span class='ocrx_word' id='word_1_415' title='bbox 1443 3232 1667 3302; x_wconf 86' lang='lat' dir='ltr'><strong>epistola</strong></span> <span class='ocrx_word' id='word_1_416' title='bbox 1713 3232 1779 3287; x_wconf 92' lang='lat' dir='ltr'><strong>ad</strong></span> <span class='ocrx_word' id='word_1_417' title='bbox 1826 3234 2090 3304; x_wconf 84' lang='lat' dir='ltr'><strong>synodum</strong></span> <span class='ocrx_word' id='word_1_418' title='bbox 2122 3232 2168 3296; x_wconf 91' lang='lat' dir='ltr'><strong>C</strong></span> <span class='ocrx_word' id='word_1_419' title='bbox 2199 3240 2253 3290; x_wconf 91' lang='lat' dir='ltr'><strong>et</strong></span> <span class='ocrx_word' id='word_1_420' title='bbox 2283 3232 2491 3300; x_wconf 90' lang='lat' dir='ltr'><strong>Latine,</strong></span> <span class='ocrx_word' id='word_1_421' title='bbox 2522 3239 2583 3287; x_wconf 90' lang='lat' dir='ltr'><strong>ut</strong></span> <span class='ocrx_word' id='word_1_422' title='bbox 2607 3231 2861 3304; x_wconf 79' lang='lat' dir='ltr'><strong>vidimus,</strong></span> <span class='ocrx_word' id='word_1_423' title='bbox 2897 3231 3133 3304; x_wconf 88' lang='lat' dir='ltr'><strong>reddita,</strong></span> <span class='ocrx_word' id='word_1_424' title='bbox 3157 3232 3439 3304; x_wconf 75' lang='lat' dir='ltr'><strong>apostolica</strong></span> <span class='ocrx_word' id='word_1_425' title='bbox 3464 3232 3657 3286; x_wconf 83' lang='lat' dir='ltr'><strong>scrinia</strong></span> <span class='ocrx_word' id='word_1_426' title='bbox 3677 3249 3799 3304; x_wconf 83' lang='lat' dir='ltr'><strong>sus-</strong></span> 
     </span>
    </p>
   </div>
   <div class='ocr_carea' id='block_1_61' title="bbox 506 3301 2096 3372">
    <p class='ocr_par' dir='ltr' id='par_1_61' title="bbox 506 3301 2096 3372">
     <span class='ocr_line' id='line_1_61' title="bbox 506 3301 2096 3372; baseline 0.003 -16"><span class='ocrx_word' id='word_1_427' title='bbox 506 3301 845 3356; x_wconf 72' lang='lat' dir='ltr'><strong>Palaestinam</strong></span> <span class='ocrx_word' id='word_1_428' title='bbox 871 3314 999 3355; x_wconf 92' lang='lat' dir='ltr'><strong>tom.</strong></span> <span class='ocrx_word' id='word_1_429' title='bbox 1024 3301 1089 3357; x_wconf 79' lang='lat' dir='ltr'><strong>IV</strong></span> <span class='ocrx_word' id='word_1_430' title='bbox 1113 3303 1313 3359; x_wconf 88' lang='lat' dir='ltr'><strong>Concil.</strong></span> <span class='ocrx_word' id='word_1_431' title='bbox 1342 3320 1461 3372; x_wconf 74' lang='lat' dir='ltr'><strong>pag.</strong></span> <span class='ocrx_word' id='word_1_432' title='bbox 1495 3305 1635 3359; x_wconf 69' lang='lat'><strong>18:23</strong></span> <span class='ocrx_word' id='word_1_433' title='bbox 1653 3304 1780 3358; x_wconf 87' lang='lat' dir='ltr'><strong>edit.</strong></span> <span class='ocrx_word' id='word_1_434' title='bbox 1813 3301 2001 3359; x_wconf 72' lang='lat' dir='ltr'><strong>Venet.</strong></span> <span class='ocrx_word' id='word_1_435' title='bbox 2029 3306 2096 3360; x_wconf 89' lang='lat' dir='ltr'><strong>dc</strong></span> 
     </span>
    </p>
   </div>
   <div class='ocr_carea' id='block_1_62' title="bbox 507 3373 2099 3446">
    <p class='ocr_par' dir='ltr' id='par_1_62' title="bbox 507 3373 2099 3446">
     <span class='ocr_line' id='line_1_62' title="bbox 507 3373 2099 3446; baseline 0.003 -21"><span class='ocrx_word' id='word_1_436' title='bbox 507 3373 812 3446; x_wconf 79' lang='lat' dir='ltr'><strong>Theodosio</strong></span> <span class='ocrx_word' id='word_1_437' title='bbox 844 3376 1119 3446; x_wconf 86' lang='lat' dir='ltr'><strong>turbarum</strong></span> <span class='ocrx_word' id='word_1_438' title='bbox 1150 3385 1369 3429; x_wconf 87' lang='lat' dir='ltr'><strong>auctore</strong></span> <span class='ocrx_word' id='word_1_439' title='bbox 1399 3375 1470 3427; x_wconf 89' lang='lat' dir='ltr'><strong>ait</strong></span> <span class='ocrx_word' id='word_1_440' title='bbox 1498 3392 1511 3429; x_wconf 92' lang='lat'><strong>:</strong></span> <span class='ocrx_word' id='word_1_441' title='bbox 1547 3375 1810 3441; x_wconf 85' lang='lat' dir='ltr'><strong>Quasdam</strong></span> <span class='ocrx_word' id='word_1_442' title='bbox 1838 3379 2099 3446; x_wconf 63' lang='grc' dir='ltr'><strong>(ττι-θρίων</strong></span> 
     </span>
    </p>
   </div>
   <div class='ocr_carea' id='block_1_63' title="bbox 507 3444 2099 3516">
    <p class='ocr_par' dir='ltr' id='par_1_63' title="bbox 507 3444 2099 3516">
     <span class='ocr_line' id='line_1_63' title="bbox 507 3444 2099 3516; baseline 0.004 -22"><span class='ocrx_word' id='word_1_443' title='bbox 507 3444 648 3516; x_wconf 69' lang='lat' dir='ltr'><strong>vitet</strong></span> <span class='ocrx_word' id='word_1_444' title='bbox 676 3445 957 3515; x_wconf 83' lang='lat' dir='ltr'><strong>composuit</strong></span> <span class='ocrx_word' id='word_1_445' title='bbox 982 3445 1195 3511; x_wconf 80' lang='lat' dir='ltr'><strong>litteras,</strong></span> <span class='ocrx_word' id='word_1_446' title='bbox 1226 3465 1352 3516; x_wconf 83' lang='lat' dir='ltr'><strong>quas</strong></span> <span class='ocrx_word' id='word_1_447' title='bbox 1374 3448 1512 3500; x_wconf 85' lang='lat' dir='ltr'><strong>solus</strong></span> <span class='ocrx_word' id='word_1_448' title='bbox 1544 3455 1739 3516; x_wconf 83' lang='lat' dir='ltr'><strong>poterat</strong></span> <span class='ocrx_word' id='word_1_449' title='bbox 1763 3444 2099 3513; x_wconf 41' lang='lat' dir='ltr'><strong>ﬁngere&#39;diao</strong></span> 
     </span>
    </p>
   </div>
   <div class='ocr_carea' id='block_1_64' title="bbox 508 3512 2093 3586">
    <p class='ocr_par' dir='ltr' id='par_1_64' title="bbox 508 3512 2093 3586">
     <span class='ocr_line' id='line_1_64' title="bbox 508 3512 2093 3586; baseline 0.004 -21"><span class='ocrx_word' id='word_1_450' title='bbox 508 3512 655 3567; x_wconf 88' lang='lat' dir='ltr'><strong>bolus</strong></span> <span class='ocrx_word' id='word_1_451' title='bbox 681 3530 698 3578; x_wconf 92' lang='lat'><strong>;</strong></span> <span class='ocrx_word' id='word_1_452' title='bbox 729 3512 797 3567; x_wconf 72' lang='lat' dir='ltr'><strong>ac</strong></span> <span class='ocrx_word' id='word_1_453' title='bbox 813 3532 903 3586; x_wconf 81' lang='lat' dir='ltr'><strong>per</strong></span> <span class='ocrx_word' id='word_1_454' title='bbox 930 3532 1014 3568; x_wconf 85' lang='lat' dir='ltr'><strong>eas</strong></span> <span class='ocrx_word' id='word_1_455' title='bbox 1046 3512 1291 3575; x_wconf 82' lang='lat' dir='ltr'><strong>sanctam,</strong></span> <span class='ocrx_word' id='word_1_456' title='bbox 1317 3534 1429 3586; x_wconf 75' lang='lat' dir='ltr'><strong>qtae</strong></span> <span class='ocrx_word' id='word_1_457' title='bbox 1452 3512 1777 3569; x_wconf 81' lang='lat' dir='ltr'><strong>Chalcedone</strong></span> <span class='ocrx_word' id='word_1_458' title='bbox 1808 3517 1982 3572; x_wconf 84' lang='lat' dir='ltr'><strong>habita</strong></span> <span class='ocrx_word' id='word_1_459' title='bbox 2000 3529 2093 3585; x_wconf 86' lang='lat' dir='ltr'><strong>est,</strong></span> 
     </span>
    </p>
   </div>
   <div class='ocr_carea' id='block_1_65' title="bbox 508 3584 1458 3654">
    <p class='ocr_par' dir='ltr' id='par_1_65' title="bbox 508 3584 1458 3654">
     <span class='ocr_line' id='line_1_65' title="bbox 508 3584 1458 3654; baseline 0.003 -16"><span class='ocrx_word' id='word_1_460' title='bbox 508 3586 759 3654; x_wconf 78' lang='lat' dir='ltr'><strong>synodum</strong></span> <span class='ocrx_word' id='word_1_461' title='bbox 779 3584 1085 3639; x_wconf 75' lang='lat' dir='ltr'><strong>calumniari</strong></span> <span class='ocrx_word' id='word_1_462' title='bbox 1116 3604 1217 3640; x_wconf 87' lang='lat' dir='ltr'><strong>non</strong></span> <span class='ocrx_word' id='word_1_463' title='bbox 1247 3584 1458 3641; x_wconf 77' lang='lat' dir='ltr'><strong>destitit.</strong></span> 
     </span>
    </p>
   </div>
   <div class='ocr_carea' id='block_1_66' title="bbox 580 3654 2099 3715">
    <p class='ocr_par' dir='ltr' id='par_1_66' title="bbox 580 3654 2099 3715">
     <span class='ocr_line' id='line_1_66' title="bbox 580 3654 2099 3715; baseline 0.005 -8"><span class='ocrx_word' id='word_1_464' title='bbox 580 3654 608 3694; x_wconf 71' lang='grc' dir='ltr'><strong>ι)</strong></span> <span class='ocrx_word' id='word_1_465' title='bbox 642 3655 783 3708; x_wconf 85' lang='lat' dir='ltr'><strong>Idem</strong></span> <span class='ocrx_word' id='word_1_466' title='bbox 810 3657 1107 3710; x_wconf 74' lang='lat' dir='ltr'><strong>Marcianus</strong></span> <span class='ocrx_word' id='word_1_467' title='bbox 1133 3658 1201 3712; x_wconf 91' lang='lat' dir='ltr'><strong>ad</strong></span> <span class='ocrx_word' id='word_1_468' title='bbox 1230 3658 1678 3714; x_wconf 85' lang='lat' dir='ltr'><strong>archimandritas</strong></span> <span class='ocrx_word' id='word_1_469' title='bbox 1724 3668 1779 3715; x_wconf 92' lang='lat' dir='ltr'><strong>et</strong></span> <span class='ocrx_word' id='word_1_470' title='bbox 1804 3660 2099 3715; x_wconf 90' lang='lat' dir='ltr'><strong>monachos</strong></span> 
     </span>
    </p>
   </div>
   <div class='ocr_carea' id='block_1_67' title="bbox 509 3725 2100 3800">
    <p class='ocr_par' dir='ltr' id='par_1_67' title="bbox 509 3725 2100 3800">
     <span class='ocr_line' id='line_1_67' title="bbox 509 3725 2100 3800; baseline 0.003 -19"><span class='ocrx_word' id='word_1_471' title='bbox 509 3725 779 3800; x_wconf 65' lang='lat' dir='ltr'><strong>JElienses</strong></span> <span class='ocrx_word' id='word_1_472' title='bbox 804 3726 1094 3800; x_wconf 65' lang='lat' dir='ltr'><strong>pae._l803</strong></span> <span class='ocrx_word' id='word_1_473' title='bbox 1115 3730 1222 3780; x_wconf 89' lang='lat' dir='ltr'><strong>ait:</strong></span> <span class='ocrx_word' id='word_1_474' title='bbox 1260 3728 1362 3783; x_wconf 87' lang='lat' dir='ltr'><strong>Vos</strong></span> <span class='ocrx_word' id='word_1_475' title='bbox 1390 3741 1678 3785; x_wconf 88' lang='lat' dir='ltr'><strong>autem.....</strong></span> <span class='ocrx_word' id='word_1_476' title='bbox 1712 3732 1919 3800; x_wconf 80' lang='lat' dir='ltr'><strong>gladiis,</strong></span> <span class='ocrx_word' id='word_1_477' title='bbox 1954 3733 2100 3786; x_wconf 71' lang='lat' dir='ltr'><strong>aliis-</strong></span> 
     </span>
    </p>
   </div>
   <div class='ocr_carea' id='block_1_68' title="bbox 509 3798 2100 3920">
    <p class='ocr_par' dir='ltr' id='par_1_68' title="bbox 509 3798 2100 3920">
     <span class='ocr_line' id='line_1_68' title="bbox 509 3798 2100 3920; baseline 0.004 -70"><span class='ocrx_word' id='word_1_478' title='bbox 509 3813 609 3920; x_wconf 59' lang='lat' dir='ltr'><strong>Zue</strong></span> <span class='ocrx_word' id='word_1_479' title='bbox 638 3798 1042 3861; x_wconf 75' lang='lat' dir='ltr'><strong>crttdeliIa-ibus,</strong></span> <span class='ocrx_word' id='word_1_480' title='bbox 1072 3812 1117 3851; x_wconf 88' lang='lat' dir='ltr'><strong>et</strong></span> <span class='ocrx_word' id='word_1_481' title='bbox 1148 3800 1354 3870; x_wconf 85' lang='lat' dir='ltr'><strong>injuriis</strong></span> <span class='ocrx_word' id='word_1_482' title='bbox 1402 3812 1445 3852; x_wconf 83' lang='lat' dir='ltr'><strong>et</strong></span> <span class='ocrx_word' id='word_1_483' title='bbox 1478 3798 1743 3856; x_wconf 83' lang='lat' dir='ltr'><strong>tormentis</strong></span> <span class='ocrx_word' id='word_1_484' title='bbox 1782 3804 1832 3855; x_wconf 83' lang='lat' dir='ltr'><strong>in</strong></span> <span class='ocrx_word' id='word_1_485' title='bbox 1864 3803 2100 3857; x_wconf 82' lang='lat' dir='ltr'><strong>mulieres</strong></span> 
     </span>
     <span class='ocr_line' id='line_1_69' title="bbox 551 3870 2098 3920; baseline 0 0"><span class='ocrx_word' id='word_1_486' title='bbox 551 3876 751 3920; x_wconf 88' lang='lat' dir='ltr'><strong>onestas</strong></span> <span class='ocrx_word' id='word_1_487' title='bbox 776 3880 822 3920; x_wconf 90' lang='lat' dir='ltr'><strong>et</strong></span> <span class='ocrx_word' id='word_1_488' title='bbox 854 3870 1044 3920; x_wconf 85' lang='lat' dir='ltr'><strong>nobiles</strong></span> <span class='ocrx_word' id='word_1_489' title='bbox 1097 3873 1421 3920; x_wconf 67' lang='lat' dir='ltr'><strong>vet&#39;nerralis.</strong></span> <span class='ocrx_word' id='word_1_490' title='bbox 1467 3875 1815 3920; x_wconf 75' lang='lat' dir='ltr'><strong>necessitatem</strong></span> <span class='ocrx_word' id='word_1_491' title='bbox 1859 3874 2098 3920; x_wconf 79' lang='lat' dir='ltr'><strong>nlurimis</strong></span> 
     </span>
    </p>
   </div>
   <div class='ocr_carea' id='block_1_69' title="bbox 551 3870 2098 3944">
    <p class='ocr_par' dir='ltr' id='par_1_69' title="bbox 551 3870 2098 3944">
     <span class='ocr_line' id='line_1_70' title="bbox 551 3870 2098 3944; baseline 0.005 -24"><span class='ocrx_word' id='word_1_492' title='bbox 551 3876 822 3944; x_wconf 70' lang='lat' dir='ltr'><strong>onestaset</strong></span> <span class='ocrx_word' id='word_1_493' title='bbox 854 3870 1044 3944; x_wconf 68' lang='lat' dir='ltr'><strong>nobiles</strong></span> <span class='ocrx_word' id='word_1_494' title='bbox 1096 3873 1421 3940; x_wconf 70' lang='lat' dir='ltr'><strong>perperratis,</strong></span> <span class='ocrx_word' id='word_1_495' title='bbox 1467 3875 1815 3944; x_wconf 73' lang='lat' dir='ltr'><strong>necessitatem</strong></span> <span class='ocrx_word' id='word_1_496' title='bbox 1859 3874 2098 3944; x_wconf 81' lang='lat' dir='ltr'><strong>plurimis</strong></span> 
     </span>
    </p>
   </div>
   <div class='ocr_carea' id='block_1_70' title="bbox 511 3939 2101 4020">
    <p class='ocr_par' dir='ltr' id='par_1_70' title="bbox 511 3939 2101 4020">
     <span class='ocr_line' id='line_1_71' title="bbox 511 3939 2101 4020; baseline 0.004 -29"><span class='ocrx_word' id='word_1_497' title='bbox 511 3954 616 4020; x_wconf 77' lang='lat' dir='ltr'><strong>non</strong></span> <span class='ocrx_word' id='word_1_498' title='bbox 646 3939 913 3993; x_wconf 84' lang='lat' dir='ltr'><strong>dubitastis</strong></span> <span class='ocrx_word' id='word_1_499' title='bbox 934 3940 1145 4008; x_wconf 76' lang='lat' dir='ltr'><strong>inferre,</strong></span> <span class='ocrx_word' id='word_1_500' title='bbox 1173 3939 1225 3994; x_wconf 87' lang='lat' dir='ltr'><strong>ut</strong></span> <span class='ocrx_word' id='word_1_501' title='bbox 1255 3943 1591 3997; x_wconf 81' lang='lat' dir='ltr'><strong>consentirent</strong></span> <span class='ocrx_word' id='word_1_502' title='bbox 1634 3939 1880 4014; x_wconf 78' lang='lat' dir='ltr'><strong>perversis</strong></span> <span class='ocrx_word' id='word_1_503' title='bbox 1908 3945 2101 3998; x_wconf 75' lang='lat' dir='ltr'><strong>doctri-</strong></span> 
     </span>
    </p>
   </div>
   <div class='ocr_carea' id='block_1_71' title="bbox 512 4020 745 4071">
    <p class='ocr_par' dir='ltr' id='par_1_71' title="bbox 512 4020 745 4071">
     <span class='ocr_line' id='line_1_72' title="bbox 512 4020 745 4071; baseline 0.009 -9"><span class='ocrx_word' id='word_1_504' title='bbox 512 4026 615 4071; x_wconf 83' lang='lat' dir='ltr'><strong>ms.</strong></span> <span class='ocrx_word' id='word_1_505' title='bbox 645 4020 745 4064; x_wconf 63' lang='lat' dir='ltr'><strong>CIC.</strong></span> 
     </span>
    </p>
   </div>
   <div class='ocr_carea' id='block_1_72' title="bbox 592 4081 2101 4153">
    <p class='ocr_par' dir='ltr' id='par_1_72' title="bbox 592 4081 2101 4153">
     <span class='ocr_line' id='line_1_73' title="bbox 592 4081 2101 4153; baseline 0.006 -21"><span class='ocrx_word' id='word_1_506' title='bbox 592 4090 616 4119; x_wconf 75' lang='grc' dir='ltr'><strong>ο</strong></span> <span class='ocrx_word' id='word_1_507' title='bbox 644 4081 991 4153; x_wconf 82' lang='lat' dir='ltr'><strong>Severianum</strong></span> <span class='ocrx_word' id='word_1_508' title='bbox 1012 4084 1323 4151; x_wconf 88' lang='lat' dir='ltr'><strong>episcopum</strong></span> <span class='ocrx_word' id='word_1_509' title='bbox 1346 4084 1845 4153; x_wconf 84' lang='lat' dir='ltr'><strong>Scythopolitanum</strong></span> <span class='ocrx_word' id='word_1_510' title='bbox 1861 4085 2101 4141; x_wconf 62' lang='lat' dir='ltr'><strong>haeretici</strong></span> 
     </span>
    </p>
   </div>
   <div class='ocr_carea' id='block_1_73' title="bbox 517 4152 2103 4211">
    <p class='ocr_par' dir='ltr' id='par_1_73' title="bbox 517 4152 2103 4211">
     <span class='ocr_line' id='line_1_74' title="bbox 517 4152 2103 4211; baseline 0.004 -6"><span class='ocrx_word' id='word_1_511' title='bbox 517 4152 904 4207; x_wconf 69' lang='lat' dir='ltr'><strong>tumultuantes</strong></span> <span class='ocrx_word' id='word_1_512' title='bbox 936 4155 1280 4211; x_wconf 77' lang='lat' dir='ltr'><strong>occiderunt:</strong></span> <span class='ocrx_word' id='word_1_513' title='bbox 1315 4167 1361 4207; x_wconf 89' lang='lat' dir='ltr'><strong>et</strong></span> <span class='ocrx_word' id='word_1_514' title='bbox 1398 4152 1725 4211; x_wconf 87' lang='lat' dir='ltr'><strong>occidissent</strong></span> <span class='ocrx_word' id='word_1_515' title='bbox 1753 4162 1915 4211; x_wconf 87' lang='lat' dir='ltr'><strong>etiam</strong></span> <span class='ocrx_word' id='word_1_516' title='bbox 1946 4156 2103 4211; x_wconf 86' lang='lat' dir='ltr'><strong>Juve-</strong></span> 
     </span>
    </p>
   </div>
   <div class='ocr_carea' id='block_1_74' title="bbox 513 4221 2105 4297">
    <p class='ocr_par' dir='ltr' id='par_1_74' title="bbox 513 4221 2105 4297">
     <span class='ocr_line' id='line_1_75' title="bbox 513 4221 2105 4297; baseline 0.007 -24"><span class='ocrx_word' id='word_1_517' title='bbox 513 4221 690 4297; x_wconf 63' lang='lat' dir='ltr'><strong>nalcm</strong></span> <span class='ocrx_word' id='word_1_518' title='bbox 724 4224 1210 4297; x_wconf 70' lang='lat' dir='ltr'><strong>Hierosolymorum</strong></span> <span class='ocrx_word' id='word_1_519' title='bbox 1243 4228 1560 4295; x_wconf 84' lang='lat' dir='ltr'><strong>antistitem,</strong></span> <span class='ocrx_word' id='word_1_520' title='bbox 1598 4228 1698 4281; x_wconf 78' lang='lat' dir='ltr'><strong>nisi</strong></span> <span class='ocrx_word' id='word_1_521' title='bbox 1740 4242 1799 4283; x_wconf 85' lang='lat' dir='ltr'><strong>se</strong></span> <span class='ocrx_word' id='word_1_522' title='bbox 1828 4226 1947 4297; x_wconf 86' lang='lat' dir='ltr'><strong>fuga</strong></span> <span class='ocrx_word' id='word_1_523' title='bbox 1979 4229 2105 4284; x_wconf 85' lang='lat' dir='ltr'><strong>sub-</strong></span> 
     </span>
    </p>
   </div>
   <div class='ocr_carea' id='block_1_75' title="bbox 517 4292 1881 4362">
    <p class='ocr_par' dir='ltr' id='par_1_75' title="bbox 517 4292 1881 4362">
     <span class='ocr_line' id='line_1_76' title="bbox 517 4292 1881 4362; baseline 0.004 -15"><span class='ocrx_word' id='word_1_524' title='bbox 517 4292 779 4362; x_wconf 78' lang='lat' dir='ltr'><strong>duxisset.</strong></span> <span class='ocrx_word' id='word_1_525' title='bbox 811 4292 1006 4349; x_wconf 72' lang='lat' dir='ltr'><strong>Confer</strong></span> <span class='ocrx_word' id='word_1_526' title='bbox 1026 4297 1269 4349; x_wconf 82' lang='lat' dir='ltr'><strong>eamdem</strong></span> <span class='ocrx_word' id='word_1_527' title='bbox 1299 4292 1555 4352; x_wconf 82' lang='lat' dir='ltr'><strong>Marciani</strong></span> <span class='ocrx_word' id='word_1_528' title='bbox 1579 4298 1881 4362; x_wconf 83' lang='lat' dir='ltr'><strong>epistolam.</strong></span> 
     </span>
    </p>
   </div>
   <div class='ocr_carea' id='block_1_76' title="bbox 591 4359 2105 4439">
    <p class='ocr_par' dir='ltr' id='par_1_76' title="bbox 591 4359 2105 4439">
     <span class='ocr_line' id='line_1_77' title="bbox 591 4359 2105 4439; baseline 0.005 -23"><span class='ocrx_word' id='word_1_529' title='bbox 591 4359 620 4439; x_wconf 57' lang='lat' dir='ltr'><strong>fi</strong></span> <span class='ocrx_word' id='word_1_530' title='bbox 656 4364 822 4439; x_wconf 85' lang='lat' dir='ltr'><strong>llujus</strong></span> <span class='ocrx_word' id='word_1_531' title='bbox 852 4366 1093 4439; x_wconf 72' lang='lat' dir='ltr'><strong>epi~l0|;t:</strong></span> <span class='ocrx_word' id='word_1_532' title='bbox 1135 4367 1486 4437; x_wconf 80' lang='lat' dir='ltr'><strong>fragmentum</strong></span> <span class='ocrx_word' id='word_1_533' title='bbox 1520 4386 1546 4421; x_wconf 87' lang='lat' dir='ltr'><strong>a</strong></span> <span class='ocrx_word' id='word_1_534' title='bbox 1579 4359 1758 4424; x_wconf 86' lang='lat' dir='ltr'><strong>Leone</strong></span> <span class='ocrx_word' id='word_1_535' title='bbox 1806 4369 2105 4439; x_wconf 84' lang='lat' dir='ltr'><strong>subjectum</strong></span> 
     </span>
    </p>
   </div>
   <div class='ocr_carea' id='block_1_77' title="bbox 521 4433 2106 4507">
    <p class='ocr_par' dir='ltr' id='par_1_77' title="bbox 521 4433 2106 4507">
     <span class='ocr_line' id='line_1_78' title="bbox 521 4433 2106 4507; baseline 0.005 -20"><span class='ocrx_word' id='word_1_536' title='bbox 521 4433 879 4507; x_wconf 69' lang='lat' dir='ltr'><strong>fttitettisttilm</strong></span> <span class='ocrx_word' id='word_1_537' title='bbox 914 4438 1031 4492; x_wconf 81' lang='grc'><strong>165.</strong></span> <span class='ocrx_word' id='word_1_538' title='bbox 1066 4433 1272 4507; x_wconf 72' lang='lat' dir='ltr'><strong>integra</strong></span> <span class='ocrx_word' id='word_1_539' title='bbox 1303 4447 1481 4493; x_wconf 75' lang='lat' dir='ltr'><strong>autem</strong></span> <span class='ocrx_word' id='word_1_540' title='bbox 1515 4440 1630 4495; x_wconf 74' lang='lat' dir='ltr'><strong>btec</strong></span> <span class='ocrx_word' id='word_1_541' title='bbox 1660 4433 1979 4504; x_wconf 54' lang='lat' dir='ltr'><strong>epistola&#39;ex</strong></span> <span class='ocrx_word' id='word_1_542' title='bbox 2012 4456 2106 4495; x_wconf 85' lang='lat' dir='ltr'><strong>ea-</strong></span> 
     </span>
    </p>
   </div>
   <div class='ocr_carea' id='block_1_78' title="bbox 519 4503 2105 4579">
    <p class='ocr_par' dir='ltr' id='par_1_78' title="bbox 519 4503 2105 4579">
     <span class='ocr_line' id='line_1_79' title="bbox 519 4503 2105 4579; baseline 0.006 -23"><span class='ocrx_word' id='word_1_543' title='bbox 519 4503 641 4579; x_wconf 67' lang='lat' dir='ltr'><strong>dem</strong></span> <span class='ocrx_word' id='word_1_544' title='bbox 698 4522 799 4573; x_wconf 86' lang='lat' dir='ltr'><strong>qua</strong></span> <span class='ocrx_word' id='word_1_545' title='bbox 850 4507 958 4560; x_wconf 78' lang='lat' dir='ltr'><strong>Leo</strong></span> <span class='ocrx_word' id='word_1_546' title='bbox 1007 4522 1132 4561; x_wconf 83' lang='lat' dir='ltr'><strong>llSllS</strong></span> <span class='ocrx_word' id='word_1_547' title='bbox 1177 4503 1294 4571; x_wconf 75' lang='lat' dir='ltr'><strong>est,</strong></span> <span class='ocrx_word' id='word_1_548' title='bbox 1338 4512 1552 4577; x_wconf 84' lang='lat' dir='ltr'><strong>antiqua</strong></span> <span class='ocrx_word' id='word_1_549' title='bbox 1599 4503 1866 4579; x_wconf 78' lang='lat' dir='ltr'><strong>versione,</strong></span> <span class='ocrx_word' id='word_1_550' title='bbox 1906 4513 2105 4565; x_wconf 90' lang='lat' dir='ltr'><strong>inserta</strong></span> 
     </span>
    </p>
   </div>
   <div class='ocr_carea' id='block_1_79' title="bbox 520 4573 2106 4646">
    <p class='ocr_par' dir='ltr' id='par_1_79' title="bbox 520 4573 2106 4646">
     <span class='ocr_line' id='line_1_80' title="bbox 520 4573 2106 4646; baseline 0.005 -19"><span class='ocrx_word' id='word_1_551' title='bbox 520 4573 715 4646; x_wconf 88' lang='lat' dir='ltr'><strong>legitur</strong></span> <span class='ocrx_word' id='word_1_552' title='bbox 745 4592 847 4631; x_wconf 90' lang='lat' dir='ltr'><strong>non</strong></span> <span class='ocrx_word' id='word_1_553' title='bbox 867 4579 1036 4631; x_wconf 81' lang='lat' dir='ltr'><strong>SOIlItlt</strong></span> <span class='ocrx_word' id='word_1_554' title='bbox 1068 4580 1118 4632; x_wconf 88' lang='lat' dir='ltr'><strong>in</strong></span> <span class='ocrx_word' id='word_1_555' title='bbox 1142 4573 1514 4635; x_wconf 48' lang='lat' dir='ltr'><strong>colleCtione&#39;S</strong></span> <span class='ocrx_word' id='word_1_556' title='bbox 1544 4597 1594 4635; x_wconf 94' lang='lat' dir='ltr'><strong>c.</strong></span> <span class='ocrx_word' id='word_1_557' title='bbox 1620 4583 1707 4646; x_wconf 62' lang='grc' dir='ltr'><strong>δὲ,</strong></span> <span class='ocrx_word' id='word_1_558' title='bbox 1739 4573 1923 4637; x_wconf 85' lang='lat' dir='ltr'><strong>verum</strong></span> <span class='ocrx_word' id='word_1_559' title='bbox 1946 4583 2106 4636; x_wconf 89' lang='lat' dir='ltr'><strong>etiam</strong></span> 
     </span>
    </p>
   </div>
   <div class='ocr_carea' id='block_1_80' title="bbox 521 4645 2104 4715">
    <p class='ocr_par' dir='ltr' id='par_1_80' title="bbox 521 4645 2104 4715">
     <span class='ocr_line' id='line_1_81' title="bbox 521 4645 2104 4715; baseline 0.006 -18"><span class='ocrx_word' id='word_1_560' title='bbox 521 4654 645 4714; x_wconf 90' lang='lat' dir='ltr'><strong>post</strong></span> <span class='ocrx_word' id='word_1_561' title='bbox 676 4645 870 4701; x_wconf 83' lang='lat' dir='ltr'><strong>Leonis</strong></span> <span class='ocrx_word' id='word_1_562' title='bbox 895 4650 1151 4715; x_wconf 81' lang='lat' dir='ltr'><strong>epistolas</strong></span> <span class='ocrx_word' id='word_1_563' title='bbox 1178 4653 1231 4703; x_wconf 92' lang='lat' dir='ltr'><strong>in</strong></span> <span class='ocrx_word' id='word_1_564' title='bbox 1264 4667 1393 4704; x_wconf 63' lang='lat' dir='ltr'><strong>nhs.</strong></span> <span class='ocrx_word' id='word_1_565' title='bbox 1428 4653 1639 4706; x_wconf 81' lang='lat' dir='ltr'><strong>collect.</strong></span> <span class='ocrx_word' id='word_1_566' title='bbox 1674 4645 1761 4706; x_wconf 14' lang='lat'><strong>1’2.</strong></span> <span class='ocrx_word' id='word_1_567' title='bbox 1805 4653 2104 4707; x_wconf 86' lang='lat' dir='ltr'><strong>Notandum</strong></span> 
     </span>
    </p>
   </div>
   <div class='ocr_carea' id='block_1_81' title="bbox 520 4720 2107 4784">
    <p class='ocr_par' dir='ltr' id='par_1_81' title="bbox 520 4720 2107 4784">
     <span class='ocr_line' id='line_1_82' title="bbox 520 4720 2107 4784; baseline 0.006 -17"><span class='ocrx_word' id='word_1_568' title='bbox 520 4724 781 4784; x_wconf 64' lang='lat' dir='ltr'><strong>praeterea</strong></span> <span class='ocrx_word' id='word_1_569' title='bbox 802 4730 881 4770; x_wconf 89' lang='lat' dir='ltr'><strong>est</strong></span> <span class='ocrx_word' id='word_1_570' title='bbox 912 4720 991 4771; x_wconf 90' lang='lat' dir='ltr'><strong>his</strong></span> <span class='ocrx_word' id='word_1_571' title='bbox 1016 4720 1293 4775; x_wconf 78' lang='lat' dir='ltr'><strong>Athanasii</strong></span> <span class='ocrx_word' id='word_1_572' title='bbox 1318 4723 1507 4775; x_wconf 79' lang='lat' dir='ltr'><strong>litteris</strong></span> <span class='ocrx_word' id='word_1_573' title='bbox 1539 4726 1589 4775; x_wconf 86' lang='lat' dir='ltr'><strong>in</strong></span> <span class='ocrx_word' id='word_1_574' title='bbox 1620 4723 1808 4777; x_wconf 74' lang='lat' dir='ltr'><strong>iisdem</strong></span> <span class='ocrx_word' id='word_1_575' title='bbox 1832 4724 2107 4777; x_wconf 84' lang='lat' dir='ltr'><strong>collectio-</strong></span> 
     </span>
    </p>
   </div>
   <div class='ocr_carea' id='block_1_82' title="bbox 521 4785 2107 4861">
    <p class='ocr_par' dir='ltr' id='par_1_82' title="bbox 521 4785 2107 4861">
     <span class='ocr_line' id='line_1_83' title="bbox 521 4785 2107 4861; baseline 0.004 -22"><span class='ocrx_word' id='word_1_576' title='bbox 521 4785 679 4861; x_wconf 81' lang='lat' dir='ltr'><strong>nibus</strong></span> <span class='ocrx_word' id='word_1_577' title='bbox 717 4790 904 4855; x_wconf 87' lang='lat' dir='ltr'><strong>subjici</strong></span> <span class='ocrx_word' id='word_1_578' title='bbox 935 4789 1191 4861; x_wconf 84' lang='lat' dir='ltr'><strong>S.Cyrilli</strong></span> <span class='ocrx_word' id='word_1_579' title='bbox 1223 4793 1504 4860; x_wconf 81' lang='lat' dir='ltr'><strong>epistolam</strong></span> <span class='ocrx_word' id='word_1_580' title='bbox 1533 4794 1599 4845; x_wconf 85' lang='lat' dir='ltr'><strong>ad</strong></span> <span class='ocrx_word' id='word_1_581' title='bbox 1630 4793 1887 4847; x_wconf 72' lang='lat' dir='ltr'><strong>inrtnncm</strong></span> <span class='ocrx_word' id='word_1_582' title='bbox 1923 4795 2107 4846; x_wconf 84' lang='lat' dir='ltr'><strong>Antio-</strong></span> 
     </span>
    </p>
   </div>
   <div class='ocr_carea' id='block_1_83' title="bbox 522 4857 2105 4932">
    <p class='ocr_par' dir='ltr' id='par_1_83' title="bbox 522 4857 2105 4932">
     <span class='ocr_line' id='line_1_84' title="bbox 522 4857 2105 4932; baseline 0.008 -25"><span class='ocrx_word' id='word_1_583' title='bbox 522 4857 776 4932; x_wconf 76' lang='lat' dir='ltr'><strong>chettutn,</strong></span> <span class='ocrx_word' id='word_1_584' title='bbox 826 4861 875 4932; x_wconf 82' lang='lat' dir='ltr'><strong>in</strong></span> <span class='ocrx_word' id='word_1_585' title='bbox 906 4876 1005 4926; x_wconf 80' lang='lat' dir='ltr'><strong>qua</strong></span> <span class='ocrx_word' id='word_1_586' title='bbox 1053 4857 1136 4915; x_wconf 53' lang='lat' dir='ltr'><strong>&#39;de</strong></span> <span class='ocrx_word' id='word_1_587' title='bbox 1185 4857 1269 4915; x_wconf 40' lang='lat' dir='ltr'><strong>ea&#39;</strong></span> <span class='ocrx_word' id='word_1_588' title='bbox 1301 4864 1575 4917; x_wconf 81' lang='lat' dir='ltr'><strong>Athanasii</strong></span> <span class='ocrx_word' id='word_1_589' title='bbox 1607 4866 1832 4932; x_wconf 86' lang='lat' dir='ltr'><strong>epistola</strong></span> <span class='ocrx_word' id='word_1_590' title='bbox 1875 4864 2105 4932; x_wconf 83' lang='lat' dir='ltr'><strong>Cyrillus</strong></span> 
     </span>
    </p>
   </div>
   <div class='ocr_carea' id='block_1_84' title="bbox 520 4926 2101 5001">
    <p class='ocr_par' dir='ltr' id='par_1_84' title="bbox 520 4926 2101 5001">
     <span class='ocr_line' id='line_1_85' title="bbox 520 4926 2101 5001; baseline 0.006 -21"><span class='ocrx_word' id='word_1_591' title='bbox 520 4926 762 5001; x_wconf 76' lang='lat' dir='ltr'><strong>disserit,</strong></span> <span class='ocrx_word' id='word_1_592' title='bbox 788 4930 1015 5001; x_wconf 70' lang='lat' dir='ltr'><strong>ejusque</strong></span> <span class='ocrx_word' id='word_1_593' title='bbox 1040 4934 1380 4987; x_wconf 87' lang='lat' dir='ltr'><strong>emendatum</strong></span> <span class='ocrx_word' id='word_1_594' title='bbox 1413 4926 1717 5001; x_wconf 70' lang='lat' dir='ltr'><strong>exeritplum</strong></span> <span class='ocrx_word' id='word_1_595' title='bbox 1750 4936 1813 4988; x_wconf 87' lang='lat' dir='ltr'><strong>ad</strong></span> <span class='ocrx_word' id='word_1_596' title='bbox 1853 4926 2101 4990; x_wconf 69' lang='lat' dir='ltr'><strong>euindcm</strong></span> 
     </span>
    </p>
   </div>
   <div class='ocr_carea' id='block_1_85' title="bbox 520 4999 2102 5073">
    <p class='ocr_par' dir='ltr' id='par_1_85' title="bbox 520 4999 2102 5073">
     <span class='ocr_line' id='line_1_86' title="bbox 520 4999 2102 5073; baseline 0.008 -24"><span class='ocrx_word' id='word_1_597' title='bbox 520 4999 841 5073; x_wconf 65' lang='lat' dir='ltr'><strong>transmisit.</strong></span> <span class='ocrx_word' id='word_1_598' title='bbox 870 5003 998 5054; x_wconf 77' lang='lat' dir='ltr'><strong>Cum</strong></span> <span class='ocrx_word' id='word_1_599' title='bbox 1032 5018 1159 5056; x_wconf 90' lang='lat' dir='ltr'><strong>vero</strong></span> <span class='ocrx_word' id='word_1_600' title='bbox 1184 5004 1413 5072; x_wconf 82' lang='lat' dir='ltr'><strong>Cyrillus</strong></span> <span class='ocrx_word' id='word_1_601' title='bbox 1443 4999 1596 5070; x_wconf 72' lang='lat' dir='ltr'><strong>hujus</strong></span> <span class='ocrx_word' id='word_1_602' title='bbox 1632 5020 1743 5058; x_wconf 71' lang='lat' dir='ltr'><strong>suae</strong></span> <span class='ocrx_word' id='word_1_603' title='bbox 1763 5007 2004 5073; x_wconf 74' lang='lat' dir='ltr'><strong>epistola:</strong></span> <span class='ocrx_word' id='word_1_604' title='bbox 2034 5008 2102 5061; x_wconf 90' lang='lat' dir='ltr'><strong>ad</strong></span> 
     </span>
    </p>
   </div>
   <div class='ocr_carea' id='block_1_86' title="bbox 521 5070 2102 5144">
    <p class='ocr_par' dir='ltr' id='par_1_86' title="bbox 521 5070 2102 5144">
     <span class='ocr_line' id='line_1_87' title="bbox 521 5070 2102 5144; baseline 0.006 -25"><span class='ocrx_word' id='word_1_605' title='bbox 521 5070 782 5144; x_wconf 76' lang='lat' dir='ltr'><strong>Joannem</strong></span> <span class='ocrx_word' id='word_1_606' title='bbox 811 5073 1093 5144; x_wconf 76' lang='lat' dir='ltr'><strong>exemplar</strong></span> <span class='ocrx_word' id='word_1_607' title='bbox 1120 5070 1244 5144; x_wconf 83' lang='lat' dir='ltr'><strong>cum</strong></span> <span class='ocrx_word' id='word_1_608' title='bbox 1270 5075 1477 5128; x_wconf 71' lang='lat' dir='ltr'><strong>cmteris</strong></span> <span class='ocrx_word' id='word_1_609' title='bbox 1499 5076 1662 5143; x_wconf 77' lang='lat' dir='ltr'><strong>gestis</strong></span> <span class='ocrx_word' id='word_1_610' title='bbox 1692 5070 1833 5144; x_wconf 82' lang='lat' dir='ltr'><strong>pacis</strong></span> <span class='ocrx_word' id='word_1_611' title='bbox 1863 5091 1983 5130; x_wconf 92' lang='lat' dir='ltr'><strong>cum</strong></span> <span class='ocrx_word' id='word_1_612' title='bbox 2010 5092 2102 5131; x_wconf 82' lang='lat' dir='ltr'><strong>eo-</strong></span> 
     </span>
    </p>
   </div>
   <div class='ocr_carea' id='block_1_87' title="bbox 520 5140 2102 5211">
    <p class='ocr_par' dir='ltr' id='par_1_87' title="bbox 520 5140 2102 5211">
     <span class='ocr_line' id='line_1_88' title="bbox 520 5140 2102 5211; baseline 0.008 -19"><span class='ocrx_word' id='word_1_613' title='bbox 520 5140 643 5211; x_wconf 81' lang='lat' dir='ltr'><strong>dem</strong></span> <span class='ocrx_word' id='word_1_614' title='bbox 677 5142 986 5196; x_wconf 69' lang='lat' dir='ltr'><strong>coastitutte</strong></span> <span class='ocrx_word' id='word_1_615' title='bbox 1017 5143 1249 5197; x_wconf 88' lang='lat' dir='ltr'><strong>misisset</strong></span> <span class='ocrx_word' id='word_1_616' title='bbox 1274 5145 1338 5198; x_wconf 91' lang='lat' dir='ltr'><strong>ad</strong></span> <span class='ocrx_word' id='word_1_617' title='bbox 1370 5140 1579 5198; x_wconf 77' lang='lat' dir='ltr'><strong>Xistum</strong></span> <span class='ocrx_word' id='word_1_618' title='bbox 1616 5140 2102 5211; x_wconf 84' lang='lat' dir='ltr'><strong>pontificem,inter</strong></span> 
     </span>
    </p>
   </div>
   <div class='ocr_carea' id='block_1_88' title="bbox 524 5210 2101 5285">
    <p class='ocr_par' dir='ltr' id='par_1_88' title="bbox 524 5210 2101 5285">
     <span class='ocr_line' id='line_1_89' title="bbox 524 5210 2101 5285; baseline 0.008 -24"><span class='ocrx_word' id='word_1_619' title='bbox 524 5210 811 5285; x_wconf 71' lang='lat' dir='ltr'><strong>bt_et:_forte</strong></span> <span class='ocrx_word' id='word_1_620' title='bbox 838 5224 953 5266; x_wconf 89' lang='lat' dir='ltr'><strong>erat</strong></span> <span class='ocrx_word' id='word_1_621' title='bbox 978 5215 1137 5267; x_wconf 90' lang='lat' dir='ltr'><strong>etiam</strong></span> <span class='ocrx_word' id='word_1_622' title='bbox 1168 5214 1278 5278; x_wconf 80' lang='lat' dir='ltr'><strong>ipsa</strong></span> <span class='ocrx_word' id='word_1_623' title='bbox 1323 5217 1529 5270; x_wconf 85' lang='lat' dir='ltr'><strong>sincera</strong></span> <span class='ocrx_word' id='word_1_624' title='bbox 1561 5216 1783 5285; x_wconf 89' lang='lat' dir='ltr'><strong>epistola</strong></span> <span class='ocrx_word' id='word_1_625' title='bbox 1822 5210 2101 5274; x_wconf 79' lang='lat' dir='ltr'><strong>Athanasii</strong></span> 
     </span>
    </p>
   </div>
   <div class='ocr_carea' id='block_1_89' title="bbox 521 5280 2097 5349">
    <p class='ocr_par' dir='ltr' id='par_1_89' title="bbox 521 5280 2097 5349">
     <span class='ocr_line' id='line_1_90' title="bbox 521 5280 2097 5349; baseline 0.007 -16"><span class='ocrx_word' id='word_1_626' title='bbox 521 5280 589 5333; x_wconf 92' lang='lat' dir='ltr'><strong>ad</strong></span> <span class='ocrx_word' id='word_1_627' title='bbox 624 5281 944 5349; x_wconf 86' lang='lat' dir='ltr'><strong>Epictetum,</strong></span> <span class='ocrx_word' id='word_1_628' title='bbox 972 5294 1025 5338; x_wconf 92' lang='lat' dir='ltr'><strong>et</strong></span> <span class='ocrx_word' id='word_1_629' title='bbox 1063 5284 1307 5339; x_wconf 84' lang='lat' dir='ltr'><strong>fortassis</strong></span> <span class='ocrx_word' id='word_1_630' title='bbox 1330 5288 1507 5340; x_wconf 85' lang='lat' dir='ltr'><strong>omnia</strong></span> <span class='ocrx_word' id='word_1_631' title='bbox 1542 5280 1701 5341; x_wconf 83' lang='lat' dir='ltr'><strong>missa</strong></span> <span class='ocrx_word' id='word_1_632' title='bbox 1735 5287 1946 5344; x_wconf 87' lang='lat' dir='ltr'><strong>fuerant</strong></span> <span class='ocrx_word' id='word_1_633' title='bbox 1994 5289 2097 5344; x_wconf 89' lang='lat' dir='ltr'><strong>La-</strong></span> 
     </span>
    </p>
   </div>
   <div class='ocr_carea' id='block_1_90' title="bbox 521 5350 2097 5427">
    <p class='ocr_par' dir='ltr' id='par_1_90' title="bbox 521 5350 2097 5427">
     <span class='ocr_line' id='line_1_91' title="bbox 521 5350 2097 5427; baseline 0.008 -24"><span class='ocrx_word' id='word_1_634' title='bbox 521 5350 637 5427; x_wconf 70' lang='lat' dir='ltr'><strong>tine</strong></span> <span class='ocrx_word' id='word_1_635' title='bbox 660 5354 890 5427; x_wconf 83' lang='lat' dir='ltr'><strong>reddita,</strong></span> <span class='ocrx_word' id='word_1_636' title='bbox 922 5356 1000 5409; x_wconf 92' lang='lat' dir='ltr'><strong>uti</strong></span> <span class='ocrx_word' id='word_1_637' title='bbox 1023 5356 1086 5427; x_wconf 88' lang='lat' dir='ltr'><strong>ad</strong></span> <span class='ocrx_word' id='word_1_638' title='bbox 1118 5356 1463 5411; x_wconf 80' lang='lat' dir='ltr'><strong>Ctelestinum</strong></span> <span class='ocrx_word' id='word_1_639' title='bbox 1496 5358 1950 5425; x_wconf 78' lang='lat' dir='ltr'><strong>przedecessorem</strong></span> <span class='ocrx_word' id='word_1_640' title='bbox 1981 5362 2097 5427; x_wconf 86' lang='lat' dir='ltr'><strong>ejus</strong></span> 
     </span>
    </p>
   </div>
   <div class='ocr_carea' id='block_1_91' title="bbox 521 5421 2095 5495">
    <p class='ocr_par' dir='ltr' id='par_1_91' title="bbox 521 5421 2095 5495">
     <span class='ocr_line' id='line_1_92' title="bbox 521 5421 2095 5495; baseline 0.007 -20"><span class='ocrx_word' id='word_1_641' title='bbox 521 5421 812 5495; x_wconf 69' lang='lat' dir='ltr'><strong>Latinitate</strong></span> <span class='ocrx_word' id='word_1_642' title='bbox 841 5426 1035 5479; x_wconf 77' lang='lat' dir='ltr'><strong>donata</strong></span> <span class='ocrx_word' id='word_1_643' title='bbox 1054 5426 1161 5493; x_wconf 90' lang='lat' dir='ltr'><strong>jam</strong></span> <span class='ocrx_word' id='word_1_644' title='bbox 1194 5427 1396 5495; x_wconf 91' lang='lat' dir='ltr'><strong>pridem</strong></span> <span class='ocrx_word' id='word_1_645' title='bbox 1442 5421 1709 5483; x_wconf 79' lang='lat' dir='ltr'><strong>direxerat</strong></span> <span class='ocrx_word' id='word_1_646' title='bbox 1752 5432 1852 5486; x_wconf 89' lang='lat' dir='ltr'><strong>alia</strong></span> <span class='ocrx_word' id='word_1_647' title='bbox 1902 5421 2095 5486; x_wconf 83' lang='lat' dir='ltr'><strong>similia</strong></span> 
     </span>
    </p>
   </div>
   <div class='ocr_carea' id='block_1_92' title="bbox 523 5492 2095 5573">
    <p class='ocr_par' dir='ltr' id='par_1_92' title="bbox 523 5492 2095 5573">
     <span class='ocr_line' id='line_1_93' title="bbox 523 5492 2095 5573; baseline 0.008 -27"><span class='ocrx_word' id='word_1_648' title='bbox 523 5492 712 5573; x_wconf 55' lang='grc' dir='ltr'><strong>(ξι-φφ</strong></span> <span class='ocrx_word' id='word_1_649' title='bbox 729 5496 927 5573; x_wconf 68' lang='lat' dir='ltr'><strong>scripta</strong></span> <span class='ocrx_word' id='word_1_650' title='bbox 949 5498 1000 5573; x_wconf 74' lang='lat' dir='ltr'><strong>in</strong></span> <span class='ocrx_word' id='word_1_651' title='bbox 1032 5492 1264 5573; x_wconf 54' lang='lat' dir='ltr'><strong>Nestori]</strong></span> <span class='ocrx_word' id='word_1_652' title='bbox 1290 5513 1485 5573; x_wconf 75' lang='lat' dir='ltr'><strong>causa,</strong></span> <span class='ocrx_word' id='word_1_653' title='bbox 1510 5507 1566 5553; x_wconf 93' lang='lat' dir='ltr'><strong>ut</strong></span> <span class='ocrx_word' id='word_1_654' title='bbox 1588 5501 1753 5567; x_wconf 86' lang='lat' dir='ltr'><strong>liquet</strong></span> <span class='ocrx_word' id='word_1_655' title='bbox 1775 5517 1841 5557; x_wconf 86' lang='lat' dir='ltr'><strong>ex</strong></span> <span class='ocrx_word' id='word_1_656' title='bbox 1870 5502 2095 5573; x_wconf 84' lang='lat' dir='ltr'><strong>epistola</strong></span> 
     </span>
    </p>
   </div>
   <div class='ocr_carea' id='block_1_93' title="bbox 523 5564 2095 5639">
    <p class='ocr_par' dir='ltr' id='par_1_93' title="bbox 523 5564 2095 5639">
     <span class='ocr_line' id='line_1_94' title="bbox 523 5564 2095 5639; baseline 0.008 -22"><span class='ocrx_word' id='word_1_657' title='bbox 523 5564 938 5639; x_wconf 25' lang='lat' dir='ltr'><strong>CyrilliASinter</strong></span> <span class='ocrx_word' id='word_1_658' title='bbox 966 5568 1168 5623; x_wconf 88' lang='lat' dir='ltr'><strong>litteras</strong></span> <span class='ocrx_word' id='word_1_659' title='bbox 1217 5564 1489 5626; x_wconf 75' lang='lat' dir='ltr'><strong>Ctelestini</strong></span> <span class='ocrx_word' id='word_1_660' title='bbox 1535 5564 1673 5639; x_wconf 85' lang='lat' dir='ltr'><strong>apud</strong></span> <span class='ocrx_word' id='word_1_661' title='bbox 1727 5564 2095 5629; x_wconf 78' lang='lat' dir='ltr'><strong>Constantium</strong></span> 
     </span>
    </p>
   </div>
   <div class='ocr_carea' id='block_1_94' title="bbox 524 5636 2099 5715">
    <p class='ocr_par' dir='ltr' id='par_1_94' title="bbox 524 5636 2099 5715">
     <span class='ocr_line' id='line_1_95' title="bbox 524 5636 2099 5715; baseline 0.008 -28"><span class='ocrx_word' id='word_1_662' title='bbox 524 5651 673 5689; x_wconf 86' lang='lat' dir='ltr'><strong>num.</strong></span> <span class='ocrx_word' id='word_1_663' title='bbox 702 5636 945 5715; x_wconf 36' lang='lat' dir='ltr'><strong>9._C.erte</strong></span> <span class='ocrx_word' id='word_1_664' title='bbox 978 5640 1093 5715; x_wconf 61' lang='lat' dir='ltr'><strong>haec</strong></span> <span class='ocrx_word' id='word_1_665' title='bbox 1134 5644 1313 5715; x_wconf 87' lang='lat' dir='ltr'><strong>omnia</strong></span> <span class='ocrx_word' id='word_1_666' title='bbox 1358 5636 1676 5715; x_wconf 77' lang='lat' dir='ltr'><strong>documenta</strong></span> <span class='ocrx_word' id='word_1_667' title='bbox 1718 5660 1746 5715; x_wconf 87' lang='lat' dir='ltr'><strong>a</strong></span> <span class='ocrx_word' id='word_1_668' title='bbox 1776 5644 1977 5715; x_wconf 89' lang='lat' dir='ltr'><strong>Cyrillo</strong></span> <span class='ocrx_word' id='word_1_669' title='bbox 2018 5646 2099 5700; x_wconf 90' lang='lat' dir='ltr'><strong>di-</strong></span> 
     </span>
    </p>
   </div>
   <div class='ocr_carea' id='block_1_95' title="bbox 523 5708 2099 5784">
    <p class='ocr_par' dir='ltr' id='par_1_95' title="bbox 523 5708 2099 5784">
     <span class='ocr_line' id='line_1_96' title="bbox 523 5708 2099 5784; baseline 0.008 -25"><span class='ocrx_word' id='word_1_670' title='bbox 523 5715 672 5784; x_wconf 61' lang='lat' dir='ltr'><strong>recta</strong></span> <span class='ocrx_word' id='word_1_671' title='bbox 702 5708 765 5761; x_wconf 90' lang='lat' dir='ltr'><strong>ad</strong></span> <span class='ocrx_word' id='word_1_672' title='bbox 794 5708 998 5764; x_wconf 84' lang='lat' dir='ltr'><strong>Xistum</strong></span> <span class='ocrx_word' id='word_1_673' title='bbox 1025 5711 1231 5784; x_wconf 89' lang='lat' dir='ltr'><strong>(Latine</strong></span> <span class='ocrx_word' id='word_1_674' title='bbox 1253 5714 1487 5782; x_wconf 89' lang='lat' dir='ltr'><strong>profecto</strong></span> <span class='ocrx_word' id='word_1_675' title='bbox 1515 5712 1743 5784; x_wconf 90' lang='lat' dir='ltr'><strong>reddita)</strong></span> <span class='ocrx_word' id='word_1_676' title='bbox 1778 5708 1910 5769; x_wconf 76' lang='lat' dir='ltr'><strong>lecta</strong></span> <span class='ocrx_word' id='word_1_677' title='bbox 1941 5717 2099 5772; x_wconf 83' lang='lat' dir='ltr'><strong>fuisse</strong></span> 
     </span>
    </p>
   </div>
   <div class='ocr_carea' id='block_1_96' title="bbox 523 5775 2099 5858">
    <p class='ocr_par' dir='ltr' id='par_1_96' title="bbox 523 5775 2099 5858">
     <span class='ocr_line' id='line_1_97' title="bbox 523 5775 2099 5858; baseline 0.008 -29"><span class='ocrx_word' id='word_1_678' title='bbox 523 5775 582 5858; x_wconf 80' lang='lat' dir='ltr'><strong>in</strong></span> <span class='ocrx_word' id='word_1_679' title='bbox 612 5775 850 5858; x_wconf 48' lang='lat' dir='ltr'><strong>Romana</strong></span> <span class='ocrx_word' id='word_1_680' title='bbox 882 5775 1108 5851; x_wconf 85' lang='lat' dir='ltr'><strong>synodo,</strong></span> <span class='ocrx_word' id='word_1_681' title='bbox 1131 5775 1416 5858; x_wconf 67' lang='lat' dir='ltr'><strong>colligitur</strong></span> <span class='ocrx_word' id='word_1_682' title='bbox 1444 5801 1515 5858; x_wconf 9' lang='lat' dir='ltr'><strong>ex,</strong></span> <span class='ocrx_word' id='word_1_683' title='bbox 1538 5775 1775 5858; x_wconf 73' lang='lat' dir='ltr'><strong>ejusdem</strong></span> <span class='ocrx_word' id='word_1_684' title='bbox 1806 5785 1937 5841; x_wconf 80' lang='lat' dir='ltr'><strong>Xisti</strong></span> <span class='ocrx_word' id='word_1_685' title='bbox 1986 5788 2099 5858; x_wconf 88' lang='lat' dir='ltr'><strong>epi-</strong></span> 
     </span>
    </p>
   </div>
   <div class='ocr_carea' id='block_1_97' title="bbox 452 5845 2097 5930">
    <p class='ocr_par' dir='ltr' id='par_1_97' title="bbox 452 5845 2097 5930">
     <span class='ocr_line' id='line_1_98' title="bbox 452 5845 2097 5930; baseline 0.01 -32"><span class='ocrx_word' id='word_1_686' title='bbox 452 5895 495 5930; x_wconf 36' lang='grc' dir='ltr'>ί</span> <span class='ocrx_word' id='word_1_687' title='bbox 522 5845 667 5905; x_wconf 76' lang='lat' dir='ltr'><strong>stola</strong></span> <span class='ocrx_word' id='word_1_688' title='bbox 683 5845 738 5906; x_wconf 83' lang='lat'><strong>5.</strong></span> <span class='ocrx_word' id='word_1_689' title='bbox 755 5845 1429 5913; x_wconf 29' lang='lat' dir='ltr'><strong>Sicutautem’docunienta</strong></span> <span class='ocrx_word' id='word_1_690' title='bbox 1456 5857 1522 5914; x_wconf 86' lang='lat' dir='ltr'><strong>ad</strong></span> <span class='ocrx_word' id='word_1_691' title='bbox 1544 5845 1887 5915; x_wconf 76' lang='lat' dir='ltr'><strong>Caelestinum</strong></span> <span class='ocrx_word' id='word_1_692' title='bbox 1913 5845 2097 5923; x_wconf 66' lang='lat' dir='ltr'><strong>tnisia,</strong></span> 
     </span>
    </p>
   </div>
   <div class='ocr_carea' id='block_1_98' title="bbox 2204 3301 3797 3374">
    <p class='ocr_par' dir='ltr' id='par_1_98' title="bbox 2204 3301 3797 3374">
     <span class='ocr_line' id='line_1_99' title="bbox 2204 3301 3797 3374; baseline 0.001 -15"><span class='ocrx_word' id='word_1_693' title='bbox 2204 3316 2465 3374; x_wconf 77' lang='lat' dir='ltr'><strong>ceperunt,</strong></span> <span class='ocrx_word' id='word_1_694' title='bbox 2513 3315 2566 3357; x_wconf 91' lang='lat' dir='ltr'><strong>ut</strong></span> <span class='ocrx_word' id='word_1_695' title='bbox 2615 3303 2723 3358; x_wconf 92' lang='lat' dir='ltr'><strong>Leo</strong></span> <span class='ocrx_word' id='word_1_696' title='bbox 2763 3312 2991 3357; x_wconf 70' lang='lat' dir='ltr'><strong>te~tatur</strong></span> <span class='ocrx_word' id='word_1_697' title='bbox 3026 3301 3309 3374; x_wconf 37' lang='lat' dir='ltr'><strong>epist.’69.</strong></span> <span class='ocrx_word' id='word_1_698' title='bbox 3355 3318 3403 3356; x_wconf 93' lang='lat' dir='ltr'><strong>c.</strong></span> <span class='ocrx_word' id='word_1_699' title='bbox 3436 3304 3487 3367; x_wconf 79' lang='lat' dir='ltr'><strong>f.</strong></span> <span class='ocrx_word' id='word_1_700' title='bbox 3545 3304 3615 3358; x_wconf 88' lang='lat' dir='ltr'><strong>ita</strong></span> <span class='ocrx_word' id='word_1_701' title='bbox 3648 3303 3797 3359; x_wconf 90' lang='lat' dir='ltr'><strong>idem</strong></span> 
     </span>
    </p>
   </div>
   <div class='ocr_carea' id='block_1_99' title="bbox 2201 3370 3799 3445">
    <p class='ocr_par' dir='ltr' id='par_1_99' title="bbox 2201 3370 3799 3445">
     <span class='ocr_line' id='line_1_100' title="bbox 2201 3370 3799 3445; baseline -0.001 -13"><span class='ocrx_word' id='word_1_702' title='bbox 2201 3370 2529 3432; x_wconf 74' lang='lat' dir='ltr'><strong>credendum</strong></span> <span class='ocrx_word' id='word_1_703' title='bbox 2559 3387 2639 3429; x_wconf 84' lang='lat' dir='ltr'><strong>est</strong></span> <span class='ocrx_word' id='word_1_704' title='bbox 2666 3376 2733 3429; x_wconf 88' lang='lat' dir='ltr'><strong>de</strong></span> <span class='ocrx_word' id='word_1_705' title='bbox 2759 3377 2922 3443; x_wconf 72' lang='lat' dir='ltr'><strong>gesos</strong></span> <span class='ocrx_word' id='word_1_706' title='bbox 2951 3375 3014 3427; x_wconf 90' lang='lat' dir='ltr'><strong>ad</strong></span> <span class='ocrx_word' id='word_1_707' title='bbox 3044 3370 3255 3428; x_wconf 84' lang='lat' dir='ltr'><strong>Xistutn</strong></span> <span class='ocrx_word' id='word_1_708' title='bbox 3285 3374 3539 3441; x_wconf 88' lang='lat' dir='ltr'><strong>directis;</strong></span> <span class='ocrx_word' id='word_1_709' title='bbox 3570 3389 3633 3429; x_wconf 87' lang='lat' dir='ltr'><strong>ac</strong></span> <span class='ocrx_word' id='word_1_710' title='bbox 3667 3390 3799 3445; x_wconf 85' lang='lat' dir='ltr'><strong>pro-</strong></span> 
     </span>
    </p>
   </div>
   <div class='ocr_carea' id='block_1_100' title="bbox 2203 3444 3798 3513">
    <p class='ocr_par' dir='ltr' id='par_1_100' title="bbox 2203 3444 3798 3513">
     <span class='ocr_line' id='line_1_101' title="bbox 2203 3444 3798 3513; baseline 0.003 -15"><span class='ocrx_word' id='word_1_711' title='bbox 2203 3461 2382 3513; x_wconf 85' lang='lat' dir='ltr'><strong>pterea</strong></span> <span class='ocrx_word' id='word_1_712' title='bbox 2424 3462 2487 3502; x_wconf 84' lang='lat' dir='ltr'><strong>ex</strong></span> <span class='ocrx_word' id='word_1_713' title='bbox 2524 3448 2714 3499; x_wconf 90' lang='lat' dir='ltr'><strong>borum</strong></span> <span class='ocrx_word' id='word_1_714' title='bbox 2744 3444 2992 3499; x_wconf 88' lang='lat' dir='ltr'><strong>versione</strong></span> <span class='ocrx_word' id='word_1_715' title='bbox 3042 3445 3094 3498; x_wconf 93' lang='lat' dir='ltr'><strong>in</strong></span> <span class='ocrx_word' id='word_1_716' title='bbox 3142 3445 3356 3499; x_wconf 91' lang='lat' dir='ltr'><strong>scriniis</strong></span> <span class='ocrx_word' id='word_1_717' title='bbox 3389 3444 3679 3511; x_wconf 66' lang='lat' dir='ltr'><strong>custodita,</strong></span> <span class='ocrx_word' id='word_1_718' title='bbox 3729 3461 3798 3503; x_wconf 87' lang='lat' dir='ltr'><strong>ea</strong></span> 
     </span>
    </p>
   </div>
   <div class='ocr_carea' id='block_1_101' title="bbox 2201 3516 3798 3587">
    <p class='ocr_par' dir='ltr' id='par_1_101' title="bbox 2201 3516 3798 3587">
     <span class='ocr_line' id='line_1_102' title="bbox 2201 3516 3798 3587; baseline 0.001 -15"><span class='ocrx_word' id='word_1_719' title='bbox 2201 3518 2369 3573; x_wconf 92' lang='lat' dir='ltr'><strong>Leoni</strong></span> <span class='ocrx_word' id='word_1_720' title='bbox 2402 3518 2611 3587; x_wconf 82' lang='lat' dir='ltr'><strong>cognita</strong></span> <span class='ocrx_word' id='word_1_721' title='bbox 2642 3520 2876 3582; x_wconf 86' lang='lat' dir='ltr'><strong>fuerunt,</strong></span> <span class='ocrx_word' id='word_1_722' title='bbox 2908 3516 3137 3587; x_wconf 91' lang='lat' dir='ltr'><strong>indeque</strong></span> <span class='ocrx_word' id='word_1_723' title='bbox 3167 3516 3221 3570; x_wconf 87' lang='lat' dir='ltr'><strong>in</strong></span> <span class='ocrx_word' id='word_1_724' title='bbox 3257 3528 3582 3573; x_wconf 86' lang='lat' dir='ltr'><strong>memoratas</strong></span> <span class='ocrx_word' id='word_1_725' title='bbox 3622 3517 3798 3573; x_wconf 88' lang='lat' dir='ltr'><strong>colle-</strong></span> 
     </span>
    </p>
   </div>
   <div class='ocr_carea' id='block_1_102' title="bbox 2201 3591 2723 3645">
    <p class='ocr_par' dir='ltr' id='par_1_102' title="bbox 2201 3591 2723 3645">
     <span class='ocr_line' id='line_1_103' title="bbox 2201 3591 2723 3645; baseline -0.01 0"><span class='ocrx_word' id='word_1_726' title='bbox 2201 3594 2409 3645; x_wconf 87' lang='lat' dir='ltr'><strong>ctiones</strong></span> <span class='ocrx_word' id='word_1_727' title='bbox 2440 3591 2723 3643; x_wconf 76' lang='lat' dir='ltr'><strong>transiere.</strong></span> 
     </span>
    </p>
   </div>
   <div class='ocr_carea' id='block_1_103' title="bbox 2279 3658 3801 3731">
    <p class='ocr_par' dir='ltr' id='par_1_103' title="bbox 2279 3658 3801 3731">
     <span class='ocr_line' id='line_1_104' title="bbox 2279 3658 3801 3731; baseline 0.001 -18"><span class='ocrx_word' id='word_1_728' title='bbox 2279 3663 2302 3690; x_wconf 83' lang='lat'><strong>&#39;</strong></span> <span class='ocrx_word' id='word_1_729' title='bbox 2335 3658 2605 3731; x_wconf 66' lang='lat' dir='ltr'><strong>Palaestini</strong></span> <span class='ocrx_word' id='word_1_730' title='bbox 2660 3658 2866 3731; x_wconf 81' lang='lat' dir='ltr'><strong>scilicet</strong></span> <span class='ocrx_word' id='word_1_731' title='bbox 2918 3658 3254 3731; x_wconf 84' lang='lat' dir='ltr'><strong>Eutychiano</strong></span> <span class='ocrx_word' id='word_1_732' title='bbox 3297 3674 3483 3731; x_wconf 81' lang='lat' dir='ltr'><strong>errore</strong></span> <span class='ocrx_word' id='word_1_733' title='bbox 3521 3659 3801 3730; x_wconf 85' lang='lat' dir='ltr'><strong>impliciti,</strong></span> 
     </span>
    </p>
   </div>
   <div class='ocr_carea' id='block_1_104' title="bbox 2207 3730 3798 3802">
    <p class='ocr_par' dir='ltr' id='par_1_104' title="bbox 2207 3730 3798 3802">
     <span class='ocr_line' id='line_1_105' title="bbox 2207 3730 3798 3802; baseline 0.001 -16"><span class='ocrx_word' id='word_1_734' title='bbox 2207 3740 2400 3802; x_wconf 80' lang='lat' dir='ltr'><strong>pra-ter</strong></span> <span class='ocrx_word' id='word_1_735' title='bbox 2440 3730 2933 3802; x_wconf 64' lang='lat' dir='ltr'><strong>Chalcedopensem</strong></span> <span class='ocrx_word' id='word_1_736' title='bbox 2964 3730 3329 3785; x_wconf 86' lang='lat' dir='ltr'><strong>definitionem</strong></span> <span class='ocrx_word' id='word_1_737' title='bbox 3384 3730 3578 3785; x_wconf 86' lang='lat' dir='ltr'><strong>Leonis</strong></span> <span class='ocrx_word' id='word_1_738' title='bbox 3622 3732 3798 3802; x_wconf 84' lang='lat' dir='ltr'><strong>etiam</strong></span> 
     </span>
    </p>
   </div>
   <div class='ocr_carea' id='block_1_105' title="bbox 2205 3800 3799 3873">
    <p class='ocr_par' dir='ltr' id='par_1_105' title="bbox 2205 3800 3799 3873">
     <span class='ocr_line' id='line_1_106' title="bbox 2205 3800 3799 3873; baseline 0.003 -18"><span class='ocrx_word' id='word_1_739' title='bbox 2205 3800 2486 3873; x_wconf 71' lang='lat' dir='ltr'><strong>epistolam</strong></span> <span class='ocrx_word' id='word_1_740' title='bbox 2506 3801 2670 3873; x_wconf 69' lang='lat' dir='ltr'><strong>28nd</strong></span> <span class='ocrx_word' id='word_1_741' title='bbox 2700 3800 3015 3855; x_wconf 86' lang='lat' dir='ltr'><strong>Flavianum</strong></span> <span class='ocrx_word' id='word_1_742' title='bbox 3048 3802 3425 3871; x_wconf 83' lang='lat' dir='ltr'><strong>repudiabant,</strong></span> <span class='ocrx_word' id='word_1_743' title='bbox 3457 3817 3617 3873; x_wconf 91' lang='lat' dir='ltr'><strong>quam</strong></span> <span class='ocrx_word' id='word_1_744' title='bbox 3647 3801 3799 3859; x_wconf 87' lang='lat' dir='ltr'><strong>idem</strong></span> 
     </span>
    </p>
   </div>
   <div class='ocr_carea' id='block_1_106' title="bbox 2207 3872 2971 3938">
    <p class='ocr_par' dir='ltr' id='par_1_106' title="bbox 2207 3872 2971 3938">
     <span class='ocr_line' id='line_1_107' title="bbox 2207 3872 2971 3938; baseline -0.004 -10"><span class='ocrx_word' id='word_1_745' title='bbox 2207 3872 2315 3928; x_wconf 86' lang='lat' dir='ltr'><strong>Leo</strong></span> <span class='ocrx_word' id='word_1_746' title='bbox 2341 3872 2628 3926; x_wconf 87' lang='lat' dir='ltr'><strong>vindicavit</strong></span> <span class='ocrx_word' id='word_1_747' title='bbox 2657 3875 2813 3938; x_wconf 88' lang='lat' dir='ltr'><strong>epist.</strong></span> <span class='ocrx_word' id='word_1_748' title='bbox 2850 3874 2971 3926; x_wconf 60' lang='grc' dir='ltr'><strong>ιρι.</strong></span> 
     </span>
    </p>
   </div>
   <div class='ocr_carea' id='block_1_107' title="bbox 2281 3944 3800 4017">
    <p class='ocr_par' dir='ltr' id='par_1_107' title="bbox 2281 3944 3800 4017">
     <span class='ocr_line' id='line_1_108' title="bbox 2281 3944 3800 4017; baseline 0 -18"><span class='ocrx_word' id='word_1_749' title='bbox 2281 3944 2300 4017; x_wconf 55' lang='grc' dir='ltr'><strong><em>ἵ</em></strong></span> <span class='ocrx_word' id='word_1_750' title='bbox 2326 3944 2579 4011; x_wconf 81' lang='lat' dir='ltr'><strong>Superius</strong></span> <span class='ocrx_word' id='word_1_751' title='bbox 2596 3945 2818 4017; x_wconf 66' lang='lat' dir='ltr'><strong>epistola</strong></span> <span class='ocrx_word' id='word_1_752' title='bbox 2844 3945 2911 3999; x_wconf 88' lang='lat'><strong>59</strong></span> <span class='ocrx_word' id='word_1_753' title='bbox 2935 3944 2998 4017; x_wconf 87' lang='lat' dir='ltr'><strong>ad</strong></span> <span class='ocrx_word' id='word_1_754' title='bbox 3020 3944 3644 4015; x_wconf 86' lang='lat' dir='ltr'><strong>Constantinopolitanos</strong></span> <span class='ocrx_word' id='word_1_755' title='bbox 3665 3960 3800 4017; x_wconf 88' lang='lat' dir='ltr'><strong>cap.</strong></span> 
     </span>
    </p>
   </div>
   <div class='ocr_carea' id='block_1_108' title="bbox 2208 4014 3803 4085">
    <p class='ocr_par' dir='ltr' id='par_1_108' title="bbox 2208 4014 3803 4085">
     <span class='ocr_line' id='line_1_109' title="bbox 2208 4014 3803 4085; baseline 0.002 -14"><span class='ocrx_word' id='word_1_756' title='bbox 2208 4017 2241 4071; x_wconf 83' lang='lat'><strong>5</strong></span> <span class='ocrx_word' id='word_1_757' title='bbox 2271 4016 2380 4069; x_wconf 83' lang='lat' dir='ltr'><strong>Leo</strong></span> <span class='ocrx_word' id='word_1_758' title='bbox 2432 4014 2676 4085; x_wconf 80' lang='lat' dir='ltr'><strong>scripsit:</strong></span> <span class='ocrx_word' id='word_1_759' title='bbox 2733 4014 2853 4067; x_wconf 87' lang='lat' dir='ltr'><strong>Tria</strong></span> <span class='ocrx_word' id='word_1_760' title='bbox 2884 4016 3017 4085; x_wconf 78' lang='lat' dir='ltr'><strong>falsa</strong></span> <span class='ocrx_word' id='word_1_761' title='bbox 3048 4029 3092 4070; x_wconf 83' lang='lat' dir='ltr'><strong>et</strong></span> <span class='ocrx_word' id='word_1_762' title='bbox 3124 4034 3253 4069; x_wconf 84' lang='lat' dir='ltr'><strong>vana</strong></span> <span class='ocrx_word' id='word_1_763' title='bbox 3298 4014 3803 4073; x_wconf 43' lang='lat' dir='ltr'><strong>Aaollinaristaru&#39;m</strong></span> 
     </span>
    </p>
   </div>
   <div class='ocr_carea' id='block_1_109' title="bbox 2207 4086 3803 4156">
    <p class='ocr_par' dir='ltr' id='par_1_109' title="bbox 2207 4086 3803 4156">
     <span class='ocr_line' id='line_1_110' title="bbox 2207 4086 3803 4156; baseline 0.004 -19"><span class='ocrx_word' id='word_1_764' title='bbox 2207 4086 2562 4141; x_wconf 73' lang='lat' dir='ltr'><strong>Ittzrefit‘orum</strong></span> <span class='ocrx_word' id='word_1_765' title='bbox 2592 4100 2689 4139; x_wconf 84' lang='lat' dir='ltr'><strong>tres</strong></span> <span class='ocrx_word' id='word_1_766' title='bbox 2712 4097 2880 4156; x_wconf 85' lang='lat' dir='ltr'><strong>partes</strong></span> <span class='ocrx_word' id='word_1_767' title='bbox 2906 4089 3075 4141; x_wconf 86' lang='lat' dir='ltr'><strong>varias</strong></span> <span class='ocrx_word' id='word_1_768' title='bbox 3098 4089 3439 4152; x_wconf 86' lang='lat' dir='ltr'><strong>protulerunt.</strong></span> <span class='ocrx_word' id='word_1_769' title='bbox 3473 4088 3580 4144; x_wconf 87' lang='lat' dir='ltr'><strong>Has</strong></span> <span class='ocrx_word' id='word_1_770' title='bbox 3610 4099 3803 4145; x_wconf 85' lang='lat' dir='ltr'><strong>autem</strong></span> 
     </span>
    </p>
   </div>
   <div class='ocr_carea' id='block_1_110' title="bbox 2210 4158 3805 4223">
    <p class='ocr_par' dir='ltr' id='par_1_110' title="bbox 2210 4158 3805 4223">
     <span class='ocr_line' id='line_1_111' title="bbox 2210 4158 3805 4223; baseline 0.002 -12"><span class='ocrx_word' id='word_1_771' title='bbox 2210 4168 2320 4213; x_wconf 86' lang='lat' dir='ltr'><strong>tres</strong></span> <span class='ocrx_word' id='word_1_772' title='bbox 2353 4170 2530 4223; x_wconf 85' lang='lat' dir='ltr'><strong>partes</strong></span> <span class='ocrx_word' id='word_1_773' title='bbox 2558 4158 2999 4211; x_wconf 84' lang='lat' dir='ltr'><strong>antecedentibus</strong></span> <span class='ocrx_word' id='word_1_774' title='bbox 3040 4160 3218 4212; x_wconf 88' lang='lat' dir='ltr'><strong>verbis</strong></span> <span class='ocrx_word' id='word_1_775' title='bbox 3251 4161 3539 4213; x_wconf 86' lang='lat' dir='ltr'><strong>indicavit:</strong></span> <span class='ocrx_word' id='word_1_776' title='bbox 3577 4159 3688 4215; x_wconf 74' lang='lat' dir='ltr'><strong>Nec</strong></span> <span class='ocrx_word' id='word_1_777' title='bbox 3720 4164 3805 4215; x_wconf 82' lang='lat' dir='ltr'><strong>ita</strong></span> 
     </span>
    </p>
   </div>
   <div class='ocr_carea' id='block_1_111' title="bbox 2210 4227 3805 4300">
    <p class='ocr_par' dir='ltr' id='par_1_111' title="bbox 2210 4227 3805 4300">
     <span class='ocr_line' id='line_1_112' title="bbox 2210 4227 3805 4300; baseline 0.002 -18"><span class='ocrx_word' id='word_1_778' title='bbox 2210 4228 2467 4282; x_wconf 62' lang='lat' dir='ltr'><strong>hominem</strong></span> <span class='ocrx_word' id='word_1_779' title='bbox 2494 4230 2743 4295; x_wconf 83' lang='lat' dir='ltr'><strong>(dicimus</strong></span> <span class='ocrx_word' id='word_1_780' title='bbox 2773 4227 3063 4300; x_wconf 81' lang='lat' dir='ltr'><strong>Christum)</strong></span> <span class='ocrx_word' id='word_1_781' title='bbox 3093 4240 3147 4283; x_wconf 87' lang='lat' dir='ltr'><strong>ut</strong></span> <span class='ocrx_word' id='word_1_782' title='bbox 3174 4230 3371 4299; x_wconf 87' lang='lat' dir='ltr'><strong>aliquid</strong></span> <span class='ocrx_word' id='word_1_783' title='bbox 3406 4232 3453 4284; x_wconf 83' lang='lat' dir='ltr'><strong>ei</strong></span> <span class='ocrx_word' id='word_1_784' title='bbox 3482 4231 3611 4285; x_wconf 81' lang='lat' dir='ltr'><strong>desit</strong></span> <span class='ocrx_word' id='word_1_785' title='bbox 3654 4232 3805 4297; x_wconf 83' lang='lat' dir='ltr'><strong>quod</strong></span> 
     </span>
    </p>
   </div>
   <div class='ocr_carea' id='block_1_112' title="bbox 2211 4299 3805 4372">
    <p class='ocr_par' dir='ltr' id='par_1_112' title="bbox 2211 4299 3805 4372">
     <span class='ocr_line' id='line_1_113' title="bbox 2211 4299 3805 4372; baseline 0.003 -20"><span class='ocrx_word' id='word_1_786' title='bbox 2211 4301 2279 4352; x_wconf 90' lang='lat' dir='ltr'><strong>ad</strong></span> <span class='ocrx_word' id='word_1_787' title='bbox 2309 4299 2585 4352; x_wconf 86' lang='lat' dir='ltr'><strong>humanam</strong></span> <span class='ocrx_word' id='word_1_788' title='bbox 2630 4310 2821 4353; x_wconf 83' lang='lat' dir='ltr'><strong>certum</strong></span> <span class='ocrx_word' id='word_1_789' title='bbox 2856 4310 2929 4353; x_wconf 84' lang='lat' dir='ltr'><strong>est</strong></span> <span class='ocrx_word' id='word_1_790' title='bbox 2958 4299 3209 4372; x_wconf 80' lang='lat' dir='ltr'><strong>pertinere</strong></span> <span class='ocrx_word' id='word_1_791' title='bbox 3238 4314 3495 4369; x_wconf 85' lang='lat' dir='ltr'><strong>naturam,</strong></span> <span class='ocrx_word' id='word_1_792' title='bbox 3534 4303 3640 4355; x_wconf 82' lang='lat' dir='ltr'><strong>sire</strong></span> <span class='ocrx_word' id='word_1_793' title='bbox 3678 4304 3805 4356; x_wconf 81' lang='lat' dir='ltr'><strong>ani-</strong></span> 
     </span>
    </p>
   </div>
   <div class='ocr_carea' id='block_1_113' title="bbox 2212 4372 3804 4441">
    <p class='ocr_par' dir='ltr' id='par_1_113' title="bbox 2212 4372 3804 4441">
     <span class='ocr_line' id='line_1_114' title="bbox 2212 4372 3804 4441; baseline 0.003 -18"><span class='ocrx_word' id='word_1_794' title='bbox 2212 4388 2370 4433; x_wconf 86' lang='lat' dir='ltr'><strong>mam,</strong></span> <span class='ocrx_word' id='word_1_795' title='bbox 2398 4372 2499 4423; x_wconf 85' lang='lat' dir='ltr'><strong>sive</strong></span> <span class='ocrx_word' id='word_1_796' title='bbox 2520 4381 2734 4423; x_wconf 84' lang='lat' dir='ltr'><strong>mentem</strong></span> <span class='ocrx_word' id='word_1_797' title='bbox 2776 4372 3100 4436; x_wconf 87' lang='lat' dir='ltr'><strong>rationalem,</strong></span> <span class='ocrx_word' id='word_1_798' title='bbox 3126 4373 3228 4424; x_wconf 86' lang='lat' dir='ltr'><strong>sive</strong></span> <span class='ocrx_word' id='word_1_799' title='bbox 3266 4389 3484 4432; x_wconf 84' lang='lat' dir='ltr'><strong>carnem,</strong></span> <span class='ocrx_word' id='word_1_800' title='bbox 3510 4390 3662 4441; x_wconf 86' lang='lat' dir='ltr'><strong>quam</strong></span> <span class='ocrx_word' id='word_1_801' title='bbox 3687 4390 3804 4428; x_wconf 76' lang='lat' dir='ltr'><strong>non</strong></span> 
     </span>
    </p>
   </div>
   <div class='ocr_carea' id='block_1_114' title="bbox 2212 4442 3805 4511">
    <p class='ocr_par' dir='ltr' id='par_1_114' title="bbox 2212 4442 3805 4511">
     <span class='ocr_line' id='line_1_115' title="bbox 2212 4442 3805 4511; baseline 0.003 -17"><span class='ocrx_word' id='word_1_802' title='bbox 2212 4442 2273 4494; x_wconf 82' lang='lat' dir='ltr'><strong>de</strong></span> <span class='ocrx_word' id='word_1_803' title='bbox 2305 4443 2491 4510; x_wconf 78' lang='lat' dir='ltr'><strong>femina</strong></span> <span class='ocrx_word' id='word_1_804' title='bbox 2515 4444 2753 4511; x_wconf 87' lang='lat' dir='ltr'><strong>sumpsit,</strong></span> <span class='ocrx_word' id='word_1_805' title='bbox 2801 4442 2888 4495; x_wconf 83' lang='lat' dir='ltr'><strong>sed</strong></span> <span class='ocrx_word' id='word_1_806' title='bbox 2932 4443 3119 4509; x_wconf 79' lang='lat' dir='ltr'><strong>[actam</strong></span> <span class='ocrx_word' id='word_1_807' title='bbox 3171 4444 3234 4496; x_wconf 88' lang='lat' dir='ltr'><strong>de</strong></span> <span class='ocrx_word' id='word_1_808' title='bbox 3296 4443 3453 4496; x_wconf 85' lang='lat' dir='ltr'><strong>Verbo</strong></span> <span class='ocrx_word' id='word_1_809' title='bbox 3496 4444 3551 4495; x_wconf 83' lang='lat' dir='ltr'><strong>in</strong></span> <span class='ocrx_word' id='word_1_810' title='bbox 3581 4461 3805 4499; x_wconf 79' lang='lat' dir='ltr'><strong>carnem</strong></span> 
     </span>
    </p>
   </div>
   <div class='ocr_carea' id='block_1_115' title="bbox 2214 4514 3807 4579">
    <p class='ocr_par' dir='ltr' id='par_1_115' title="bbox 2214 4514 3807 4579">
     <span class='ocr_line' id='line_1_116' title="bbox 2214 4514 3807 4579; baseline 0.003 -14"><span class='ocrx_word' id='word_1_811' title='bbox 2214 4528 2453 4565; x_wconf 78' lang='lat' dir='ltr'><strong>converso</strong></span> <span class='ocrx_word' id='word_1_812' title='bbox 2474 4524 2622 4577; x_wconf 81' lang='lat' dir='ltr'><strong>atque</strong></span> <span class='ocrx_word' id='word_1_813' title='bbox 2645 4524 2856 4566; x_wconf 82' lang='lat' dir='ltr'><strong>mutato.</strong></span> <span class='ocrx_word' id='word_1_814' title='bbox 2888 4514 3011 4567; x_wconf 84' lang='lat' dir='ltr'><strong>Ha-c</strong></span> <span class='ocrx_word' id='word_1_815' title='bbox 3034 4516 3130 4567; x_wconf 88' lang='lat' dir='ltr'><strong>tria</strong></span> <span class='ocrx_word' id='word_1_816' title='bbox 3174 4514 3675 4579; x_wconf 78' lang='lat' dir='ltr'><strong>Apollinaristarum</strong></span> <span class='ocrx_word' id='word_1_817' title='bbox 3703 4530 3807 4569; x_wconf 86' lang='lat' dir='ltr'><strong>ca-</strong></span> 
     </span>
    </p>
   </div>
   <div class='ocr_carea' id='block_1_116' title="bbox 2139 4584 3805 4677">
    <p class='ocr_par' dir='ltr' id='par_1_116' title="bbox 2139 4584 3805 4677">
     <span class='ocr_line' id='line_1_117' title="bbox 2139 4584 3805 4677; baseline 0.005 -44"><span class='ocrx_word' id='word_1_818' title='bbox 2139 4619 2186 4677; x_wconf 80' lang='lat' dir='ltr'>D</span> <span class='ocrx_word' id='word_1_819' title='bbox 2214 4586 2340 4651; x_wconf 88' lang='lat' dir='ltr'><strong>pita,</strong></span> <span class='ocrx_word' id='word_1_820' title='bbox 2377 4584 2425 4636; x_wconf 92' lang='lat' dir='ltr'><strong>id</strong></span> <span class='ocrx_word' id='word_1_821' title='bbox 2455 4598 2532 4677; x_wconf 62' lang='lat' dir='ltr'><strong>est</strong></span> <span class='ocrx_word' id='word_1_822' title='bbox 2563 4585 2935 4677; x_wconf 49' lang='lat' dir='ltr'><strong>sire-animam,</strong></span> <span class='ocrx_word' id='word_1_823' title='bbox 2960 4586 3062 4638; x_wconf 86' lang='lat' dir='ltr'><strong>sive</strong></span> <span class='ocrx_word' id='word_1_824' title='bbox 3096 4596 3320 4677; x_wconf 38' lang='lat' dir='ltr'><strong>ptenteml</strong></span> <span class='ocrx_word' id='word_1_825' title='bbox 3342 4586 3671 4668; x_wconf 52' lang='lat' dir='ltr'><strong>rationalem,</strong></span> <span class='ocrx_word' id='word_1_826' title='bbox 3690 4588 3805 4641; x_wconf 78' lang='lat' dir='ltr'><strong>sive</strong></span> 
     </span>
    </p>
   </div>
   <div class='ocr_carea' id='block_1_117' title="bbox 2213 4657 3804 4724">
    <p class='ocr_par' dir='ltr' id='par_1_117' title="bbox 2213 4657 3804 4724">
     <span class='ocr_line' id='line_1_118' title="bbox 2213 4657 3804 4724; baseline 0.003 -19"><span class='ocrx_word' id='word_1_827' title='bbox 2213 4671 2438 4717; x_wconf 80' lang='lat' dir='ltr'><strong>carnem,</strong></span> <span class='ocrx_word' id='word_1_828' title='bbox 2472 4658 2818 4721; x_wconf 77' lang='lat' dir='ltr'><strong>Augustinus,</strong></span> <span class='ocrx_word' id='word_1_829' title='bbox 2849 4672 2913 4709; x_wconf 83' lang='lat' dir='ltr'><strong>ex</strong></span> <span class='ocrx_word' id='word_1_830' title='bbox 2961 4670 3066 4717; x_wconf 88' lang='lat' dir='ltr'><strong>quo</strong></span> <span class='ocrx_word' id='word_1_831' title='bbox 3096 4659 3200 4709; x_wconf 83' lang='lat' dir='ltr'><strong>|.cn</strong></span> <span class='ocrx_word' id='word_1_832' title='bbox 3234 4657 3445 4710; x_wconf 88' lang='lat' dir='ltr'><strong>videtur</strong></span> <span class='ocrx_word' id='word_1_833' title='bbox 3471 4657 3804 4724; x_wconf 82' lang='lat' dir='ltr'><strong>sumpsisse,</strong></span> 
     </span>
    </p>
   </div>
   <div class='ocr_carea' id='block_1_118' title="bbox 2210 4724 3807 4782">
    <p class='ocr_par' dir='ltr' id='par_1_118' title="bbox 2210 4724 3807 4782">
     <span class='ocr_line' id='line_1_119' title="bbox 2210 4724 3807 4782; baseline 0.004 -5"><span class='ocrx_word' id='word_1_834' title='bbox 2210 4724 2263 4778; x_wconf 86' lang='lat' dir='ltr'><strong>iu</strong></span> <span class='ocrx_word' id='word_1_835' title='bbox 2308 4727 2441 4778; x_wconf 89' lang='lat' dir='ltr'><strong>lihro</strong></span> <span class='ocrx_word' id='word_1_836' title='bbox 2468 4726 2533 4779; x_wconf 89' lang='lat' dir='ltr'><strong>de</strong></span> <span class='ocrx_word' id='word_1_837' title='bbox 2564 4726 2864 4778; x_wconf 68' lang='lat' dir='ltr'><strong>llteresibns</strong></span> <span class='ocrx_word' id='word_1_838' title='bbox 2892 4741 2937 4779; x_wconf 81' lang='grc' dir='ltr'><strong>ρ.</strong></span> <span class='ocrx_word' id='word_1_839' title='bbox 2961 4725 3029 4780; x_wconf 72' lang='lat'><strong>55</strong></span> <span class='ocrx_word' id='word_1_840' title='bbox 3064 4730 3131 4779; x_wconf 90' lang='lat' dir='ltr'><strong>ita</strong></span> <span class='ocrx_word' id='word_1_841' title='bbox 3163 4726 3437 4780; x_wconf 84' lang='lat' dir='ltr'><strong>describit.</strong></span> <span class='ocrx_word' id='word_1_842' title='bbox 3499 4727 3676 4780; x_wconf 83' lang='lat' dir='ltr'><strong>Primo</strong></span> <span class='ocrx_word' id='word_1_843' title='bbox 3705 4727 3807 4782; x_wconf 87' lang='lat' dir='ltr'><strong>di-</strong></span> 
     </span>
    </p>
   </div>
   <div class='ocr_carea' id='block_1_119' title="bbox 2210 4796 3807 4867">
    <p class='ocr_par' dir='ltr' id='par_1_119' title="bbox 2210 4796 3807 4867">
     <span class='ocr_line' id='line_1_120' title="bbox 2210 4796 3807 4867; baseline 0.002 -18"><span class='ocrx_word' id='word_1_844' title='bbox 2210 4808 2402 4849; x_wconf 83' lang='lat' dir='ltr'><strong>xerunt</strong></span> <span class='ocrx_word' id='word_1_845' title='bbox 2438 4796 2668 4849; x_wconf 74' lang='lat' dir='ltr'><strong>Verbum</strong></span> <span class='ocrx_word' id='word_1_846' title='bbox 2713 4811 2926 4867; x_wconf 84' lang='lat' dir='ltr'><strong>carnem</strong></span> <span class='ocrx_word' id='word_1_847' title='bbox 2978 4800 3085 4850; x_wconf 85' lang='lat' dir='ltr'><strong>sine</strong></span> <span class='ocrx_word' id='word_1_848' title='bbox 3126 4799 3297 4850; x_wconf 90' lang='lat' dir='ltr'><strong>anima</strong></span> <span class='ocrx_word' id='word_1_849' title='bbox 3351 4800 3689 4867; x_wconf 74' lang='lat' dir='ltr'><strong>suscepisse;</strong></span> <span class='ocrx_word' id='word_1_850' title='bbox 3743 4807 3807 4855; x_wconf 82' lang='lat' dir='ltr'><strong>et</strong></span> 
     </span>
    </p>
   </div>
   <div class='ocr_carea' id='block_1_120' title="bbox 2210 4866 3804 4927">
    <p class='ocr_par' dir='ltr' id='par_1_120' title="bbox 2210 4866 3804 4927">
     <span class='ocr_line' id='line_1_121' title="bbox 2210 4866 3804 4927; baseline 0.004 -10"><span class='ocrx_word' id='word_1_851' title='bbox 2210 4870 2469 4919; x_wconf 85' lang='lat' dir='ltr'><strong>rationem</strong></span> <span class='ocrx_word' id='word_1_852' title='bbox 2502 4882 2684 4919; x_wconf 88' lang='lat' dir='ltr'><strong>eorum</strong></span> <span class='ocrx_word' id='word_1_853' title='bbox 2719 4866 2873 4919; x_wconf 79' lang='lat' dir='ltr'><strong>afl‘ert</strong></span> <span class='ocrx_word' id='word_1_854' title='bbox 2913 4867 3017 4919; x_wconf 89' lang='lat' dir='ltr'><strong>Lco</strong></span> <span class='ocrx_word' id='word_1_855' title='bbox 3068 4882 3235 4921; x_wconf 80' lang='lat' dir='ltr'><strong>serui.</strong></span> <span class='ocrx_word' id='word_1_856' title='bbox 3266 4867 3299 4920; x_wconf 74' lang='grc'><strong>4</strong></span> <span class='ocrx_word' id='word_1_857' title='bbox 3328 4870 3394 4923; x_wconf 88' lang='lat' dir='ltr'><strong>de</strong></span> <span class='ocrx_word' id='word_1_858' title='bbox 3420 4868 3709 4923; x_wconf 86' lang='lat' dir='ltr'><strong>Nativitatc</strong></span> <span class='ocrx_word' id='word_1_859' title='bbox 3741 4886 3804 4927; x_wconf 89' lang='lat' dir='ltr'><strong>c.</strong></span> 
     </span>
    </p>
   </div>
   <div class='ocr_carea' id='block_1_121' title="bbox 2208 4937 3803 5008">
    <p class='ocr_par' dir='ltr' id='par_1_121' title="bbox 2208 4937 3803 5008">
     <span class='ocr_line' id='line_1_122' title="bbox 2208 4937 3803 5008; baseline 0.003 -17"><span class='ocrx_word' id='word_1_860' title='bbox 2208 4937 2260 5001; x_wconf 86' lang='lat'><strong>5,</strong></span> <span class='ocrx_word' id='word_1_861' title='bbox 2290 4938 2409 5006; x_wconf 84' lang='lat' dir='ltr'><strong>quia</strong></span> <span class='ocrx_word' id='word_1_862' title='bbox 2439 4938 2593 4991; x_wconf 83' lang='lat' dir='ltr'><strong>vicem</strong></span> <span class='ocrx_word' id='word_1_863' title='bbox 2623 4941 2735 5008; x_wconf 80' lang='lat' dir='ltr'><strong>ejus</strong></span> <span class='ocrx_word' id='word_1_864' title='bbox 2763 4940 3033 5006; x_wconf 69' lang='lat' dir='ltr'><strong>expleverit</strong></span> <span class='ocrx_word' id='word_1_865' title='bbox 3069 4939 3182 5008; x_wconf 83' lang='lat' dir='ltr'><strong>ipsa</strong></span> <span class='ocrx_word' id='word_1_866' title='bbox 3218 4939 3484 4993; x_wconf 87' lang='lat' dir='ltr'><strong>Divinitas.</strong></span> <span class='ocrx_word' id='word_1_867' title='bbox 3535 4940 3803 4995; x_wconf 82' lang='lat' dir='ltr'><strong>Secundo</strong></span> 
     </span>
    </p>
   </div>
   <div class='ocr_carea' id='block_1_122' title="bbox 2206 5008 3802 5076">
    <p class='ocr_par' dir='ltr' id='par_1_122' title="bbox 2206 5008 3802 5076">
     <span class='ocr_line' id='line_1_123' title="bbox 2206 5008 3802 5076; baseline 0.001 -17"><span class='ocrx_word' id='word_1_868' title='bbox 2206 5008 2439 5076; x_wconf 88' lang='lat' dir='ltr'><strong>priorem</strong></span> <span class='ocrx_word' id='word_1_869' title='bbox 2470 5010 2787 5062; x_wconf 85' lang='lat' dir='ltr'><strong>sententiam</strong></span> <span class='ocrx_word' id='word_1_870' title='bbox 2832 5010 3165 5064; x_wconf 77' lang='lat' dir='ltr'><strong>etnolltentes</strong></span> <span class='ocrx_word' id='word_1_871' title='bbox 3196 5010 3427 5064; x_wconf 83' lang='lat' dir='ltr'><strong>docuere</strong></span> <span class='ocrx_word' id='word_1_872' title='bbox 3469 5025 3573 5063; x_wconf 91' lang='lat' dir='ltr'><strong>non</strong></span> <span class='ocrx_word' id='word_1_873' title='bbox 3619 5022 3802 5067; x_wconf 83' lang='lat' dir='ltr'><strong>totam</strong></span> 
     </span>
    </p>
   </div>
   <div class='ocr_carea' id='block_1_123' title="bbox 2208 5078 3810 5146">
    <p class='ocr_par' dir='ltr' id='par_1_123' title="bbox 2208 5078 3810 5146">
     <span class='ocr_line' id='line_1_124' title="bbox 2208 5078 3810 5146; baseline 0.005 -16"><span class='ocrx_word' id='word_1_874' title='bbox 2208 5082 2438 5132; x_wconf 82' lang='lat' dir='ltr'><strong>animam</strong></span> <span class='ocrx_word' id='word_1_875' title='bbox 2472 5081 2757 5131; x_wconf 84' lang='lat' dir='ltr'><strong>humanam</strong></span> <span class='ocrx_word' id='word_1_876' title='bbox 2782 5079 3015 5134; x_wconf 76' lang='lat' dir='ltr'><strong>defuisse</strong></span> <span class='ocrx_word' id='word_1_877' title='bbox 3035 5078 3270 5144; x_wconf 71' lang='lat' dir='ltr'><strong>Christo,</strong></span> <span class='ocrx_word' id='word_1_878' title='bbox 3304 5082 3395 5135; x_wconf 92' lang='lat' dir='ltr'><strong>sed</strong></span> <span class='ocrx_word' id='word_1_879' title='bbox 3424 5091 3626 5146; x_wconf 83' lang='lat' dir='ltr'><strong>partem</strong></span> <span class='ocrx_word' id='word_1_880' title='bbox 3676 5085 3810 5138; x_wconf 84' lang='lat' dir='ltr'><strong>ani-</strong></span> 
     </span>
    </p>
   </div>
   <div class='ocr_carea' id='block_1_124' title="bbox 2210 5148 3813 5217">
    <p class='ocr_par' dir='ltr' id='par_1_124' title="bbox 2210 5148 3813 5217">
     <span class='ocr_line' id='line_1_125' title="bbox 2210 5148 3813 5217; baseline 0.004 -17"><span class='ocrx_word' id='word_1_881' title='bbox 2210 5165 2313 5202; x_wconf 76' lang='lat' dir='ltr'><strong>ma:</strong></span> <span class='ocrx_word' id='word_1_882' title='bbox 2361 5148 2705 5217; x_wconf 82' lang='lat' dir='ltr'><strong>rationalem,</strong></span> <span class='ocrx_word' id='word_1_883' title='bbox 2740 5164 2832 5202; x_wconf 90' lang='lat' dir='ltr'><strong>seu</strong></span> <span class='ocrx_word' id='word_1_884' title='bbox 2864 5161 3103 5215; x_wconf 83' lang='lat' dir='ltr'><strong>mentem,</strong></span> <span class='ocrx_word' id='word_1_885' title='bbox 3156 5152 3225 5205; x_wconf 89' lang='lat' dir='ltr'><strong>ita</strong></span> <span class='ocrx_word' id='word_1_886' title='bbox 3280 5162 3338 5205; x_wconf 92' lang='lat' dir='ltr'><strong>ut</strong></span> <span class='ocrx_word' id='word_1_887' title='bbox 3387 5152 3620 5207; x_wconf 83' lang='lat' dir='ltr'><strong>Verbum</strong></span> <span class='ocrx_word' id='word_1_888' title='bbox 3672 5154 3813 5209; x_wconf 80' lang='lat' dir='ltr'><strong>loco</strong></span> 
     </span>
    </p>
   </div>
   <div class='ocr_carea' id='block_1_125' title="bbox 2209 5219 3814 5280">
    <p class='ocr_par' dir='ltr' id='par_1_125' title="bbox 2209 5219 3814 5280">
     <span class='ocr_line' id='line_1_126' title="bbox 2209 5219 3814 5280; baseline 0.004 -7"><span class='ocrx_word' id='word_1_889' title='bbox 2209 5221 2404 5274; x_wconf 76' lang='lat' dir='ltr'><strong>Illt&#39;niiS</strong></span> <span class='ocrx_word' id='word_1_890' title='bbox 2452 5222 2502 5274; x_wconf 93' lang='lat' dir='ltr'><strong>in</strong></span> <span class='ocrx_word' id='word_1_891' title='bbox 2532 5219 2747 5274; x_wconf 85' lang='lat' dir='ltr'><strong>Christo</strong></span> <span class='ocrx_word' id='word_1_892' title='bbox 2780 5219 2959 5275; x_wconf 84' lang='lat' dir='ltr'><strong>fuerit.</strong></span> <span class='ocrx_word' id='word_1_893' title='bbox 2991 5220 3173 5278; x_wconf 86' lang='lat' dir='ltr'><strong>Tertio</strong></span> <span class='ocrx_word' id='word_1_894' title='bbox 3211 5222 3424 5277; x_wconf 88' lang='lat' dir='ltr'><strong>tandem</strong></span> <span class='ocrx_word' id='word_1_895' title='bbox 3467 5238 3685 5278; x_wconf 89' lang='lat' dir='ltr'><strong>carnem</strong></span> <span class='ocrx_word' id='word_1_896' title='bbox 3747 5236 3814 5280; x_wconf 88' lang='lat' dir='ltr'><strong>et</strong></span> 
     </span>
    </p>
   </div>
   <div class='ocr_carea' id='block_1_126' title="bbox 2207 5290 3816 5359">
    <p class='ocr_par' dir='ltr' id='par_1_126' title="bbox 2207 5290 3816 5359">
     <span class='ocr_line' id='line_1_127' title="bbox 2207 5290 3816 5359; baseline 0.005 -16"><span class='ocrx_word' id='word_1_897' title='bbox 2207 5290 2440 5345; x_wconf 80' lang='lat' dir='ltr'><strong>Verbum</strong></span> <span class='ocrx_word' id='word_1_898' title='bbox 2472 5292 2631 5345; x_wconf 90' lang='lat' dir='ltr'><strong>unius</strong></span> <span class='ocrx_word' id='word_1_899' title='bbox 2661 5307 2779 5346; x_wconf 84' lang='lat' dir='ltr'><strong>esse</strong></span> <span class='ocrx_word' id='word_1_900' title='bbox 2814 5292 3126 5347; x_wconf 72' lang='lat' dir='ltr'><strong>substantia:</strong></span> <span class='ocrx_word' id='word_1_901' title='bbox 3154 5308 3458 5359; x_wconf 85' lang='lat' dir='ltr'><strong>asseruere.</strong></span> <span class='ocrx_word' id='word_1_902' title='bbox 3498 5305 3553 5348; x_wconf 93' lang='lat' dir='ltr'><strong>et</strong></span> <span class='ocrx_word' id='word_1_903' title='bbox 3599 5296 3653 5348; x_wconf 90' lang='lat' dir='ltr'><strong>in</strong></span> <span class='ocrx_word' id='word_1_904' title='bbox 3688 5293 3816 5352; x_wconf 86' lang='lat' dir='ltr'><strong>hoc</strong></span> 
     </span>
    </p>
   </div>
   <div class='ocr_carea' id='block_1_127' title="bbox 2205 5364 3813 5429">
    <p class='ocr_par' dir='ltr' id='par_1_127' title="bbox 2205 5364 3813 5429">
     <span class='ocr_line' id='line_1_128' title="bbox 2205 5364 3813 5429; baseline 0.004 -15"><span class='ocrx_word' id='word_1_905' title='bbox 2205 5364 2541 5429; x_wconf 85' lang='lat' dir='ltr'><strong>potissimum</strong></span> <span class='ocrx_word' id='word_1_906' title='bbox 2572 5364 2959 5417; x_wconf 85' lang='lat' dir='ltr'><strong>conveniebant</strong></span> <span class='ocrx_word' id='word_1_907' title='bbox 2990 5377 3195 5419; x_wconf 86' lang='lat' dir='ltr'><strong>omnes.</strong></span> <span class='ocrx_word' id='word_1_908' title='bbox 3225 5364 3335 5418; x_wconf 83' lang='lat' dir='ltr'><strong>Hoc</strong></span> <span class='ocrx_word' id='word_1_909' title='bbox 3364 5374 3539 5419; x_wconf 90' lang='lat' dir='ltr'><strong>autem</strong></span> <span class='ocrx_word' id='word_1_910' title='bbox 3571 5365 3813 5421; x_wconf 81' lang='lat' dir='ltr'><strong>tertium</strong></span> 
     </span>
    </p>
   </div>
   <div class='ocr_carea' id='block_1_128' title="bbox 2204 5434 3812 5506">
    <p class='ocr_par' dir='ltr' id='par_1_128' title="bbox 2204 5434 3812 5506">
     <span class='ocr_line' id='line_1_129' title="bbox 2204 5434 3812 5506; baseline 0.006 -23"><span class='ocrx_word' id='word_1_911' title='bbox 2204 5434 2702 5506; x_wconf 77' lang='lat' dir='ltr'><strong>Apollinaristarum</strong></span> <span class='ocrx_word' id='word_1_912' title='bbox 2728 5443 2887 5503; x_wconf 86' lang='lat' dir='ltr'><strong>caput</strong></span> <span class='ocrx_word' id='word_1_913' title='bbox 2916 5435 3023 5489; x_wconf 91' lang='lat' dir='ltr'><strong>Leo</strong></span> <span class='ocrx_word' id='word_1_914' title='bbox 3041 5435 3409 5489; x_wconf 89' lang='lat' dir='ltr'><strong>tantummodo</strong></span> <span class='ocrx_word' id='word_1_915' title='bbox 3435 5436 3664 5506; x_wconf 85' lang='lat' dir='ltr'><strong>Eutychi</strong></span> <span class='ocrx_word' id='word_1_916' title='bbox 3698 5437 3812 5492; x_wconf 84' lang='lat' dir='ltr'><strong>tri-</strong></span> 
     </span>
    </p>
   </div>
   <div class='ocr_carea' id='block_1_129' title="bbox 2204 5502 3813 5576">
    <p class='ocr_par' dir='ltr' id='par_1_129' title="bbox 2204 5502 3813 5576">
     <span class='ocr_line' id='line_1_130' title="bbox 2204 5502 3813 5576; baseline 0.004 -20"><span class='ocrx_word' id='word_1_917' title='bbox 2204 5502 2371 5558; x_wconf 88' lang='lat' dir='ltr'><strong>buens</strong></span> <span class='ocrx_word' id='word_1_918' title='bbox 2402 5506 2557 5573; x_wconf 82' lang='lat' dir='ltr'><strong>epist.</strong></span> <span class='ocrx_word' id='word_1_919' title='bbox 2594 5506 2693 5559; x_wconf 62' lang='lat'><strong>1‘24</strong></span> <span class='ocrx_word' id='word_1_920' title='bbox 2721 5520 2769 5558; x_wconf 91' lang='lat' dir='ltr'><strong>c.</strong></span> <span class='ocrx_word' id='word_1_921' title='bbox 2798 5502 2873 5570; x_wconf 24' lang='lat'><strong>’2,</strong></span> <span class='ocrx_word' id='word_1_922' title='bbox 2921 5515 2976 5561; x_wconf 84' lang='lat' dir='ltr'><strong>et</strong></span> <span class='ocrx_word' id='word_1_923' title='bbox 3009 5507 3109 5561; x_wconf 79' lang='grc'><strong>165</strong></span> <span class='ocrx_word' id='word_1_924' title='bbox 3145 5522 3194 5560; x_wconf 89' lang='lat' dir='ltr'><strong>c.</strong></span> <span class='ocrx_word' id='word_1_925' title='bbox 3239 5506 3296 5573; x_wconf 73' lang='lat'><strong>2,</strong></span> <span class='ocrx_word' id='word_1_926' title='bbox 3344 5506 3503 5560; x_wconf 91' lang='lat' dir='ltr'><strong>latius</strong></span> <span class='ocrx_word' id='word_1_927' title='bbox 3533 5502 3813 5576; x_wconf 82' lang='lat' dir='ltr'><strong>preponit</strong></span> 
     </span>
    </p>
   </div>
   <div class='ocr_carea' id='block_1_130' title="bbox 2200 5576 3811 5645">
    <p class='ocr_par' dir='ltr' id='par_1_130' title="bbox 2200 5576 3811 5645">
     <span class='ocr_line' id='line_1_131' title="bbox 2200 5576 3811 5645; baseline 0.005 -18"><span class='ocrx_word' id='word_1_928' title='bbox 2200 5576 2270 5629; x_wconf 92' lang='lat' dir='ltr'><strong>ita</strong></span> <span class='ocrx_word' id='word_1_929' title='bbox 2292 5584 2348 5628; x_wconf 92' lang='lat' dir='ltr'><strong>ut</strong></span> <span class='ocrx_word' id='word_1_930' title='bbox 2370 5590 2474 5629; x_wconf 91' lang='lat' dir='ltr'><strong>non</strong></span> <span class='ocrx_word' id='word_1_931' title='bbox 2496 5585 2600 5629; x_wconf 89' lang='lat' dir='ltr'><strong>tam</strong></span> <span class='ocrx_word' id='word_1_932' title='bbox 2623 5591 2818 5645; x_wconf 89' lang='lat' dir='ltr'><strong>corpus</strong></span> <span class='ocrx_word' id='word_1_933' title='bbox 2837 5593 2993 5645; x_wconf 91' lang='lat' dir='ltr'><strong>quam</strong></span> <span class='ocrx_word' id='word_1_934' title='bbox 3017 5578 3250 5631; x_wconf 84' lang='lat' dir='ltr'><strong>animam</strong></span> <span class='ocrx_word' id='word_1_935' title='bbox 3276 5578 3435 5633; x_wconf 89' lang='lat' dir='ltr'><strong>unius</strong></span> <span class='ocrx_word' id='word_1_936' title='bbox 3458 5592 3579 5632; x_wconf 85' lang='lat' dir='ltr'><strong>cum</strong></span> <span class='ocrx_word' id='word_1_937' title='bbox 3607 5577 3811 5636; x_wconf 83' lang='lat' dir='ltr'><strong>Verbo</strong></span> 
     </span>
    </p>
   </div>
   <div class='ocr_carea' id='block_1_131' title="bbox 2202 5647 3809 5717">
    <p class='ocr_par' dir='ltr' id='par_1_131' title="bbox 2202 5647 3809 5717">
     <span class='ocr_line' id='line_1_132' title="bbox 2202 5647 3809 5717; baseline 0.004 -19"><span class='ocrx_word' id='word_1_938' title='bbox 2202 5655 2405 5701; x_wconf 83' lang='lat' dir='ltr'><strong>naturae</strong></span> <span class='ocrx_word' id='word_1_939' title='bbox 2431 5647 2725 5717; x_wconf 79' lang='lat' dir='ltr'><strong>Eutychem</strong></span> <span class='ocrx_word' id='word_1_940' title='bbox 2767 5664 2886 5702; x_wconf 91' lang='lat' dir='ltr'><strong>cum</strong></span> <span class='ocrx_word' id='word_1_941' title='bbox 2921 5648 3021 5703; x_wconf 90' lang='lat' dir='ltr'><strong>illis</strong></span> <span class='ocrx_word' id='word_1_942' title='bbox 3062 5648 3357 5704; x_wconf 85' lang='lat' dir='ltr'><strong>asseruisse</strong></span> <span class='ocrx_word' id='word_1_943' title='bbox 3392 5649 3602 5704; x_wconf 89' lang='lat' dir='ltr'><strong>tradat:</strong></span> <span class='ocrx_word' id='word_1_944' title='bbox 3654 5650 3809 5704; x_wconf 78' lang='lat' dir='ltr'><strong>Ter-</strong></span> 
     </span>
    </p>
   </div>
   <div class='ocr_carea' id='block_1_132' title="bbox 2204 5718 3810 5792">
    <p class='ocr_par' dir='ltr' id='par_1_132' title="bbox 2204 5718 3810 5792">
     <span class='ocr_line' id='line_1_133' title="bbox 2204 5718 3810 5792; baseline 0.004 -23"><span class='ocrx_word' id='word_1_945' title='bbox 2204 5718 2346 5792; x_wconf 81' lang='lat' dir='ltr'><strong>tium,</strong></span> <span class='ocrx_word' id='word_1_946' title='bbox 2406 5718 2602 5792; x_wconf 83' lang='lat' dir='ltr'><strong>inquit,</strong></span> <span class='ocrx_word' id='word_1_947' title='bbox 2653 5718 2968 5787; x_wconf 83' lang='lat' dir='ltr'><strong>Apollinaris</strong></span> <span class='ocrx_word' id='word_1_948' title='bbox 3004 5720 3189 5791; x_wconf 86' lang='lat' dir='ltr'><strong>dogma</strong></span> <span class='ocrx_word' id='word_1_949' title='bbox 3242 5720 3446 5790; x_wconf 85' lang='lat' dir='ltr'><strong>delegit,</strong></span> <span class='ocrx_word' id='word_1_950' title='bbox 3500 5731 3555 5792; x_wconf 76' lang='lat' dir='ltr'><strong>ut</strong></span> <span class='ocrx_word' id='word_1_951' title='bbox 3602 5732 3810 5792; x_wconf 80' lang='lat' dir='ltr'><strong>negata</strong></span> 
     </span>
    </p>
   </div>
   <div class='ocr_carea' id='block_1_133' title="bbox 2205 5788 3809 5858">
    <p class='ocr_par' dir='ltr' id='par_1_133' title="bbox 2205 5788 3809 5858">
     <span class='ocr_line' id='line_1_134' title="bbox 2205 5788 3809 5858; baseline 0.005 -19"><span class='ocrx_word' id='word_1_952' title='bbox 2205 5788 2441 5843; x_wconf 74' lang='lat' dir='ltr'><strong>humana:</strong></span> <span class='ocrx_word' id='word_1_953' title='bbox 2463 5789 2628 5842; x_wconf 86' lang='lat' dir='ltr'><strong>carnis</strong></span> <span class='ocrx_word' id='word_1_954' title='bbox 2649 5800 2801 5858; x_wconf 84' lang='lat' dir='ltr'><strong>atque</strong></span> <span class='ocrx_word' id='word_1_955' title='bbox 2833 5793 3018 5845; x_wconf 74' lang='lat' dir='ltr'><strong>anima:</strong></span> <span class='ocrx_word' id='word_1_956' title='bbox 3042 5788 3265 5857; x_wconf 67' lang='lat' dir='ltr'><strong>vctitate,</strong></span> <span class='ocrx_word' id='word_1_957' title='bbox 3298 5788 3457 5846; x_wconf 71' lang='lat' dir='ltr'><strong>totum</strong></span> <span class='ocrx_word' id='word_1_958' title='bbox 3503 5788 3809 5847; x_wconf 74' lang='lat' dir='ltr'><strong>Dominum</strong></span> 
     </span>
    </p>
   </div>
   <div class='ocr_carea' id='block_1_134' title="bbox 2204 5860 3803 5933">
    <p class='ocr_par' dir='ltr' id='par_1_134' title="bbox 2204 5860 3803 5933">
     <span class='ocr_line' id='line_1_135' title="bbox 2204 5860 3803 5933; baseline 0.004 -19"><span class='ocrx_word' id='word_1_959' title='bbox 2204 5870 2433 5916; x_wconf 78' lang='lat' dir='ltr'><strong>nostrum</strong></span> <span class='ocrx_word' id='word_1_960' title='bbox 2458 5860 2635 5917; x_wconf 76' lang='lat' dir='ltr'><strong>letum</strong></span> <span class='ocrx_word' id='word_1_961' title='bbox 2660 5860 2919 5918; x_wconf 81' lang='lat' dir='ltr'><strong>Christum</strong></span> <span class='ocrx_word' id='word_1_962' title='bbox 2945 5864 3096 5920; x_wconf 81' lang='lat' dir='ltr'><strong>unius</strong></span> <span class='ocrx_word' id='word_1_963' title='bbox 3123 5872 3367 5920; x_wconf 78' lang='lat' dir='ltr'><strong>assereret</strong></span> <span class='ocrx_word' id='word_1_964' title='bbox 3414 5878 3517 5919; x_wconf 80' lang='lat' dir='ltr'><strong>esse</strong></span> <span class='ocrx_word' id='word_1_965' title='bbox 3540 5873 3803 5933; x_wconf 64' lang='lat' dir='ltr'><strong>nataret.</strong></span> 
     </span>
    </p>
   </div>
  </div>
