4072 6358
270 338 409 399 1017

1665 334 2003 393 EPISTOLA
2040 336 2153 392 CX.

3422 348 3558 403 1018

268 469 399 513 sana
429 463 456 491 ⁸
488 451 904 510 Manichaeorum
929 449 1113 521 opinio
1141 447 1451 519 pullularet.
1483 449 1727 517 Quicum
1748 452 1857 519 jam
1886 455 1937 515 Α
1964 466 2070 523 que
2102 461 2125 490 ο
2153 450 2516 521 amplectitur,
2549 453 2751 509 multos
2782 453 3061 525 imperitos
3102 468 3203 511 suo
3234 456 3288 511 in
3319 468 3559 528 praeceps

269 563 377 605 non
407 562 469 603 se
493 547 742 602 occulere
768 543 1040 610 studeant,
1083 542 1179 598 sed
1201 551 1389 597 contra
1428 541 1629 598 Christi
1677 543 1864 600 Eccle-

271 641 381 700 sias
421 641 677 697 audacter
725 640 1019 709 insurgant,
1077 652 1255 694 nonne
1295 638 1731 708 prospiciendum
1779 645 1867 695 est.

271 744 539 808 quatenus
567 733 645 790 eis
674 734 817 788 vires
858 733 1097 787 omnium
1125 740 1417 788 conatuum
1460 732 1861 802 subtrahantur,

273 835 512 891 servato,
545 835 606 881 ut
640 825 777 889 dixi,
821 840 888 881 co
932 825 1282 881 districtionis
1326 824 1718 893 moderamine,
1746 834 1867 883 uta

273 918 633 990 quietioribus
663 918 1105 973 inconvertibiles
1133 918 1479 973 dividantur:
1520 917 1867 990 Corrumpunt

273 1009 421 1067 enim
455 1026 619 1065 mores
650 1009 807 1064 bonos
829 1009 1086 1079 colloquia
1107 1010 1245 1063 mala
1277 1008 1319 1080 (Ι
1348 1008 1469 1065 Cor.
1505 1025 1594 1074 xv,
1626 1008 1755 1081 55);
1787 1018 1863 1080 et,

274 1101 542 1175 Castigato
586 1102 849 1172 pestilente
891 1102 1096 1173 sapiens
1129 1102 1349 1156 astutior
1388 1101 1484 1156 erit
1514 1099 1700 1170 (Prov.
1748 1116 1865 1170 ut,

275 1191 399 1263 ﬂ):
434 1201 491 1248 ut
511 1192 755 1264 quolibet
799 1192 962 1248 modo
1001 1190 1260 1263 dissipata
1298 1190 1557 1249 societate
1604 1192 1867 1263 reprobo-

276 1298 422 1351 rnm,
454 1286 630 1357 aliqua
659 1286 874 1342 diabolo
924 1302 1049 1342 vasa
1079 1286 1391 1356 rapiantur?
1440 1287 1556 1343 Non
1597 1288 1743 1343 enim
1795 1288 1869 1344 ita

276 1378 536 1435 conviciis
562 1388 617 1435 et
655 1379 981 1450 vaniloquiis
1018 1380 1230 1453 1180
1254 1380 1515 1437 debemus
1554 1380 1779 1449 oﬂ‘endi,
1810 1387 1874 1437 ut

275 1470 477 1527 nullam
507 1488 691 1528 curam
722 1474 958 1545 ipsorum
987 1474 1342 1531 correctionis
1372 1473 1691 1531 habeamus.

346 1564 479 1621 Car.
508 1564 603 1621 iV.
632 1596 705 1607 --
732 1567 1031 1637 Episcopus
1060 1582 1196 1623 vero
1226 1566 1519 1634 Iuvenalis,
1548 1568 1701 1639 cujus
1734 1568 1874 1639 inju-

277 1656 373 1712 ria:
396 1668 523 1712 sunt
552 1657 821 1728 dolenda,
864 1659 1025 1715 nimis
1081 1668 1293 1717 temere
1335 1675 1397 1717 se
1434 1659 1463 1699 ιδ
1493 1662 1873 1718 haereticorum

277 1743 631 1819 blasphemiis
655 1750 937 1822 capularat
972 1759 1027 1809 et
1048 1751 1175 1809 dum
1207 1752 1507 1824 Eutycbem
1530 1753 1873 1812 Dioscorum-

1967 548 2076 618 egit
2120 548 2398 617 exemplo,
2450 549 2576 604 licet
2604 558 2789 619 postea
2832 565 2891 605 se
2929 550 3157 605 consilio
3187 549 3402 606 saniore
3432 566 3557 607 cor-

1966 643 2187 700 rexerit.
2216 644 2279 699 lli
2313 655 2512 712 tamen,
2545 645 2635 715 qui
2664 646 2873 700 avidius
2921 646 3211 716 impietatis
3233 646 3382 701 virus
3428 646 3561 700 bau-

1967 745 2177 800 serunt,
2208 735 2333 790 facti
2360 744 2488 791 sunt
2509 736 2628 807 ejus
2659 737 2973 803 adversarii,
3002 738 3154 807 cujus
3195 737 3405 793 fuerant
3438 746 3562 794 ante

1971 824 2239 895 discipuli,
2267 834 2329 881 ut
2361 841 2456 881 sua
2486 826 2603 896 ipse
2651 830 2979 884 nutrimenta
3010 840 3287 899 pateretur
3314 848 3327 885 :
3361 832 3453 902 qui
3501 839 3560 886 ut

1969 917 2217 973 eamdem
2248 918 2703 987 emendationem,
2736 937 2895 990 quam
2939 923 3027 977 ille
3070 924 3253 994 elegit,
3284 923 3563 979 imitentur

1969 1012 2262 1082 optandum
2317 1022 2429 1080 est,
2503 1014 2550 1069 si
2610 1014 2695 1068 vel
2740 1015 2857 1085 ipsa
2926 1027 3242 1079 sanctorum
3320 1017 3560 1073 locorum

1971 1106 2115 1162 circa
2143 1121 2263 1177 quae
2303 1106 2548 1161 habitant
2590 1106 2969 1163 testiﬁcatione
3000 1108 3341 1178 resipiscant.
3376 1109 3562 1176 Qualis

1972 1209 2151 1256 autem
2185 1201 2257 1255 sit
2281 1196 2308 1237 ἀ
2348 1202 2439 1270 qui
2469 1201 2522 1256 in
2554 1201 2733 1257 locum
2762 1202 2999 1272 episcopi
3028 1203 3255 1257 viventis
3288 1203 3562 1271 obrepsit,

1975 1306 2045 1348 ex
2072 1293 2188 1364 ipsa
2212 1293 2467 1363 qualitate
2498 1294 2618 1350 facti
2651 1311 2757 1349 non
2781 1304 2958 1365 potest
2982 1294 3237 1361 dubitari,
3270 1309 3369 1350 nec
3396 1295 3567 1350 ambi-

1974 1386 2208 1457 gendum
2230 1395 2314 1442 est
2341 1402 2462 1443 eum
2492 1402 2611 1443 esse
2633 1402 2949 1457 perversum
2977 1404 3135 1457 quem
3166 1389 3567 1459 impugnatores

1974 1478 2098 1535 ﬁdei
2127 1479 2452 1536 dilexerunt.
2486 1480 2703 1536 lnterim
2751 1480 3061 1537 fraternitas
3109 1490 3200 1535 tua
3242 1495 3427 1535 curam
3460 1480 3561 1549 pia:

1974 1571 2359 1629 sollicitudinis
2387 1571 2701 1628 continuare
2730 1572 3001 1643 dignetur,
3027 1581 3086 1627 ut
3108 1570 3563 1642 frequentioribus

1975 1664 2210 1734 scriptis,
2244 1680 2351 1735 quo
2396 1680 2485 1720 res
2517 1665 2821 1735 proﬁciant,
2864 1666 3007 1721 scire
3055 1680 3142 1719 me
3187 1664 3370 1721 facias.
3431 1663 3564 1719 Data

1976 1771 2051 1811 vn
2073 1755 2181 1811 kal.
2214 1757 2549 1824 Decembris,
2586 1757 2885 1814 Herculano
2913 1757 3155 1814 consule.

1662 1884 1997 1943 EPISTOLA
2041 1896 2065 1924 θ
2094 1886 2207 1943 CX.

1370 2001 1389 2039 ί
1418 2016 1670 2059 ιΑῐιοιλΝι
1696 2018 1922 2061 AUGUSTI
1951 2021 2019 2060 an
2042 2020 2253 2061 LEONEM
2282 2020 2475 2061 ρΑρΑκ.

350 2118 625 2176 Summe.
658 2146 733 2159 —
754 2116 1216 2191 Conﬁrmationem
1235 2118 1419 2188 synodi
1440 2118 1879 2191 Chalcedonensis
1910 2135 1944 2172 α
1978 2121 2218 2187 pontiﬁce
2252 2121 2323 2174 uti
2354 2121 2690 2175 necessariam
2719 2120 2862 2190 petit.
2900 2120 3029 2191 Ejus
3068 2119 3405 2174 constantiam
3440 2120 3496 2173 in

1171 2190 1491 2245 vindicandis
1518 2191 1796 2245 canonibus
1822 2200 1871 2244 et
1897 2192 2222 2261 reprimenda
2250 2193 2471 2247 novitate
2493 2193 2692 2246 laudat.

280 2325 499 2400 1182
546 2323 783 2402 Epistula
834 2324 1061 2402 piissimi
1102 2322 1455 2402 imperatoris
1499 2323 1766 2379 MARCIANI
1808 2323 1876 2380 ad

1990 2328 2031 2398 ι
2211 2328 2475 2402 Ἐπιστολὴ
2490 2334 2581 2402 τοῦ
2607 2327 2985 2402 εὐσεϐεστάτου
3009 2328 3259 2401 βασιλέως
3277 2326 3578 2402 Μαρκιανλοῦ

629 2396 851 2452 Leonem
880 2395 1343 2465 archiepiscOpum
1376 2395 1582 2449 Romae.

278 2485 533 2545 Victores
558 2487 1001 2543 VALENTINIANUS
1028 2498 1081 2541 et
1112 2488 1427 2543 MARCIANUS
1448 2486 1667 2556 gloriosi
1693 2488 1883 2542 trium-

354 2561 630 2628 phatores,
684 2574 900 2626 semper
947 2562 1211 2627 Augusti,
1260 2561 1603 2614 sanctissimo
1652 2568 1708 2614 et
1752 2573 1882 2615 vere

348 2630 650 2686 venerabili
682 2629 847 2684 Leom
876 2628 1304 2699 archiepiscopo.

350 2742 753 2800 Beatitudinem
785 2750 929 2797 tuam
958 2743 1141 2798 valere
1172 2742 1396 2813 syllabis
1437 2750 1637 2797 nostra:
1675 2743 1882 2799 sereni-

275 2836 410 2892 tatis
434 2837 831 2891 studiosissime
858 2850 1165 2907 precamur,
1194 2835 1530 2905 postulantes
1558 2845 1618 2889 ut
1645 2834 1883 2891 favorem

275 2929 671 2999 omnipotentis
716 2930 813 2986 Dei
864 2939 1077 2985 tuarum
1127 2929 1284 2984 nobis
1333 2929 1612 2998 impertias
1663 2943 1881 2998 precum

274 3025 673 3082 intercessione
698 3041 711 3076 :
747 3033 802 3077 ut
830 3022 1141 3077 misericors
1167 3030 1223 3076 et
1247 3020 1464 3089 paciﬁca
1484 3020 1655 3089 ipsius
1678 3020 1885 3091 magni-

274 3118 500 3174 ficentia
525 3117 705 3172 omnia
737 3114 907 3169 fausta
935 3122 987 3169 et
1010 3113 1266 3183 optabilia
1290 3123 1479 3167 nostro
1504 3127 1671 3183 regno
1691 3126 1886 3168 conce-

275 3215 415 3271 dere
434 3213 703 3283 dignetur.
725 3211 983 3266 Miramur
1004 3224 1167 3277 supra
1188 3207 1404 3263 modum
1427 3208 1568 3278 quod
1594 3217 1713 3277 post
1733 3206 1886 3262 Chal-

278 3309 649 3366 cedanensem
672 3306 959 3377 synodum,
982 3313 1037 3359 et
1061 3313 1086 3352 ι
1110 3304 1317 3359 litteras
1346 3302 1731 3358 venerabilium
1774 3301 1888 3371 epi-

278 3414 576 3470 sc0porum
607 3398 674 3453 ad
705 3408 848 3453 tuam
880 3396 1216 3453 sanctitatem
1246 3395 1461 3460 missas,
1492 3394 1686 3465 quibus
1706 3395 1887 3449 omnia

279 3493 339 3549 in
365 3496 482 3564 ipsa
509 3490 715 3563 synodo
743 3500 861 3545 acta
889 3488 1283 3560 signiﬁcabant,
1315 3488 1462 3542 nullo
1484 3502 1706 3557 prorsus
1731 3496 1888 3558 pacto

282 3602 311 3641 a
347 3596 439 3641 tua
471 3584 755 3641 clementia
780 3583 1044 3652 ejusmodi
1077 3583 1319 3651 epistola:
1341 3583 1581 3637 remissa:
1602 3582 1732 3648 sint,
1756 3596 1888 3653 quas

282 3676 545 3733 videlicet
573 3673 603 3711 ιι
635 3677 687 3730 in
719 3673 1076 3730 sanctissimis
1105 3674 1358 3729 Ecclesiis
1383 3674 1672 3743 perlectas,
1698 3674 1749 3728 in
1772 3689 1889 3729 om-

283 3774 440 3828 nium
477 3769 759 3840 oportebat
786 3769 1027 3823 notitiam
1058 3769 1265 3823 venire.
1313 3767 1465 3836 Quod
1508 3768 1889 3823 nonnullorum

286 3866 489 3921 animis
514 3865 607 3936 qui
635 3862 955 3935 Eutychetis
985 3863 1146 3917 etiam
1174 3876 1321 3917 nunc
1345 3875 1560 3929 pravam
1584 3860 1891 3931 opinionem

287 3972 341 4017 et
388 3959 804 4030 perversitatem
848 3964 1161 4022 sectantur,
1212 3954 1617 4025 ambiguitatem
1670 3954 1892 4008 multam

288 4054 503 4123 tnjecit,
533 4064 712 4107 utrum
736 4060 822 4105 tua
848 4049 1121 4104 beatitudo
1142 4064 1261 4119 qua:
1283 4047 1339 4102 in
1362 4056 1544 4102 sancta
1573 4046 1780 4118 synodo
1802 4046 1896 4101 de-

287 4156 449 4203 creta
477 4141 1043 4201 suntconlirmaverit.
1074 4141 1141 4197 Et
1168 4141 1240 4198 ob
1276 4154 1394 4197 eam
1438 4154 1555 4196 rem
1591 4147 1680 4194 tua
1722 4138 1895 4210 pietas

289 4383 568 4443 tamquam
613 4372 766 4428 Verbi
809 4371 985 4427 Deitas
1011 4373 1125 4443 ipsa
1153 4371 1285 4426 sein
1314 4386 1519 4425 carnem
1567 4370 1893 4438 animamque

290 4446 633 4508 converterit,
651 4454 698 4498 et
716 4445 913 4516 concipi
936 4460 996 4497 ac
1017 4444 1180 4507 nasci,
1204 4444 1389 4497 nutriri
1413 4453 1459 4495 et
1485 4459 1733 4516 crescere,
1777 4458 1897 4495 cru-

292 4518 446 4587 cifigi
469 4525 516 4569 et
538 4516 787 4569 Μανία...
814 4514 1002 4569 divinae
1026 4526 1225 4567 tantum
1245 4516 1475 4587 essentia:
1501 4514 1673 4582 fuerit.

383 4584 413 4625 δ
441 4588 858 4643 Manichaeorum
908 4600 1119 4654 quoque
1160 4600 1398 4639 errorem
1448 4586 1557 4638 Leo
1590 4586 1640 4637 in
1682 4584 1897 4638 laudata

292 4660 467 4728 epist.
496 4656 599 4712 ιιι.
624 4673 672 4713 c.
716 4658 750 4710 2
780 4673 845 4711 eo
874 4670 1034 4711 sensit
1082 4654 1734 4728 Eutycliianisattribuit,
1767 4670 1903 4726 qua-

294 4727 491 4792 tenus,
525 4732 568 4783 si
603 4728 1109 4797 Apolliuaristarum
1150 4743 1389 4781 errorem
1426 4727 1762 4781 declinantes
1804 4741 1901 4780 ne-

295 4812 441 4874 gent
471 4798 743 4855 Christum
768 4802 817 4853 in
844 4798 1127 4874 Divinitute
1156 4808 1632 4874 natutn,‘passum,
1670 4805 1801 4861 etc.,
1850 4805 1905 4851 et

295 4870 664 4929 nihilominus
712 4886 895 4925 verum
926 4871 1195 4924 hominem
1243 4870 1392 4923 fateri
1446 4880 1727 4932 recusent;
1778 4882 1902 4922 cum

295 4942 626 5000 Manirhiris
654 4942 923 4997 affirmare
946 4954 1207 5011 cogantur
1225 4984 1241 5006 ,
1273 4938 1450 4993 Jesum
1476 4940 1733 4995 Christum
1752 4939 1904 4993 simu-

295 5016 503 5071 latorie
550 5019 721 5068 omnia
756 5015 937 5085 egisse,
979 5029 1071 5066 nec
1126 5015 1407 5065 humanum
1440 5012 1491 5063 in
1516 5012 1651 5085 ipso
1696 5027 1900 5085 corpus,

298 5090 405 5142 sed
447 5084 823 5155 phantasticam
868 5085 1097 5154 corporis
1136 5086 1355 5153 speciem
1407 5084 1568 5136 oculis
1601 5084 1901 5155 apparuisse

300 5153 672 5220 cernentium;
699 5171 856 5223 quem
888 5153 1303 5210 Manicliaiorum
1334 5170 1577 5210 errorem
1610 5153 1775 5209 losius
1808 5168 1902 5209 ex-

301 5228 487 5299 agitat
518 5242 687 5299 sertn.
716 5227 750 5281 4
778 5226 845 5281 de
875 5227 1074 5299 Epiph.
1096 5241 1143 5281 c.
1176 5226 1230 5280 4.

390 5298 419 5337 δ
437 5299 574 5353 Cum
596 5298 801 5355 scilicet
823 5300 876 5352 in
912 5295 1324 5368 pseudosyuodo
1351 5295 1628 5367 Ephesina
1650 5296 1906 5368 Dioscoro

301 5366 607 5427 adhaerens
636 5366 931 5441 Eutychem
969 5368 1215 5441 absolvit,
1257 5380 1389 5435 etc.,
1419 5368 1563 5440 quod
1615 5375 1800 5441 postea
1851 5367 1906 5422 in

304 5439 755 5498 Cbalcedonensi
782 5441 990 5512 synodo
1016 5439 1229 5495 consilio
1257 5439 1460 5496 saniore
1486 5440 1810 5496 emendavit.

396 5523 424 5584 εξ
456 5512 621 5584 Lege,
650 5513 1067 5584 amplectebatur.

394 5580 428 5621 ἀ
458 5582 507 5636 ls
544 5580 627 5638 est
656 5580 797 5638 idem
836 5583 1171 5638 Theodosius
1204 5584 1297 5654 qui
1338 5584 1747 5639 Palaestiuarum
1798 5591 1911 5637 tur-

308 5656 520 5711 barum
550 5665 735 5710 auctor
756 5654 873 5710 fuit.
912 5654 1041 5710 Vide
1090 5655 1349 5710 Marciani
1379 5656 1633 5723 epistolas
1671 5664 1726 5710 et
1766 5655 1909 5709 Eva-

307 5726 667 5799 griumlocis
697 5727 923 5781 laudatis
950 5737 1133 5799 annot.
1180 5726 1202 5780 1
1238 5724 1374 5797 (Col.
1411 5727 1544 5784 1014
1576 5769 1590 5793 ,
1622 5725 1777 5799 ηεο).

233 5826 243 5833 ο
312 5796 339 5799 ⁷
407 5806 433 5833 ο
464 5796 610 5853 Alias
639 5807 757 5867 post
780 5800 935 5864 epist.
972 5797 1061 5853 88.
1093 5798 1222 5865 Quae
1252 5796 1413 5854 antea
1452 5808 1567 5856 erat
1607 5796 1743 5868 H0,
1772 5813 1909 5857 nunc

314 5868 461 5928 I30.
491 5869 699 5941 Scripta
736 5870 797 5927 ιὸ
824 5870 1097 5928 Februarii
1131 5885 1216 5927 au.
1252 5869 1376 5927 455.

2268 2399 2396 2474 πρὸς·
2431 2401 2621 2453 Λέοντα
2650 2399 3059 2475 ἀρχιεπίσκοπον
3080 2403 3291 2469 Ῥώμης.

1982 2494 2193 2549 Νικηταὶ
2245 2492 2653 2578 Οὐαλ.εντινίανός
2706 2494 2788 2545 καί
2826 2493 3117 2578 Μαρκιανὸς
3168 2490 3355 2556 ἔνδοξοι
3382 2532 3395 2555 ,
3425 2513 3578 2578 ,τροι-

2054 2568 2325 2632 παιοῦχοι,
2353 2564 2432 2616 ἀεὶ
2455 2560 2752 2635 αὕγουστοι.
2777 2569 2849 2631 τῷ
2870 2560 3140 2634 α’)ιωτάτῳ
3164 2567 3327 2637 πατρὶ
3351 2566 3438 2616 καὶ
3457 2560 3581 2621 ἁλη-

2057 2635 2201 2693 θινῶς
2225 2640 2401 2702 σεπτῷ
2427 2635 2601 2689 Λέοντι
2632 2636 3051 2709 ἁρχιεπισκόπῳ.

2055 2749 2157 2802 Τήν
2186 2745 2536 2818 μακαριότητα
2552 2750 2643 2805 τήν
2664 2750 2757 2804 σήν
2784 2753 2895 2805 ταῖς
2917 2746 3201 2808 συλλαϐαῖς
3216 2754 3307 2807 τῆς
3329 2748 3581 2823 ἡμετέρας

1985 2836 2319 2910 γαληνότητος
2370 2836 2756 2893 σπουδαιότατα
2808 2840 3049 2911 ὑγιαίνειν
3099 2839 3395 2911 εὐχόμεθα,
3451 2842 3584 2904 ἐξαι-

2268 2931 2284 2961 ι

1985 2938 2218 2996 τοῦντες,
2268 2931 2284 2961 ¹
2332 2928 2469 2992 ὅπως
2519 2927 2577 2985 ἂν
2625 2937 2716 2990 τήν
2750 2932 2979 2991 σπουδὴν
3029 2939 3117 2986 τοῦ
3174 2934 3584 3007 παντοκράτορος

1986 3033 2115 3082 Θεοῦ
2256 3035 2357 3083 τῶν
2399 3036 2501 3081 σῶν
2551 3029 2718 3097 εὐχῶν
2769 3030 2884 3097 ἡμῖν
2909 3028 2929 3057 ²
2970 3025 3279 3102 παράσχοις
3322 3027 3579 3099 μεσιτείᾳ,

1989 3121 2120 3175 ὥστε
2151 3125 2242 3179 τήν
2268 3121 2385 3174 ’ίλεω
2410 3123 2492 3173 καί
2516 3121 2829 3195 εἰρηνοποιόν
2856 3121 3006 3173 αὐτοῦ
3030 3118 3393 3191 μεγαλειότητα
3414 3118 3583 3173 πάντα

1988 3215 2056 3269 τὰ
2093 3210 2237 3268 αἴσια
2281 3217 2365 3269 καὶ
2416 3215 2561 3268 εὐκτὰ
2608 3222 2671 3287 τῇ
2728 3214 2947 3287 ἡμετέρᾳ
3004 3212 3238 3285 βασιλείᾳ
3281 3217 3583 3285 παρασχεῖν

1991 3307 2013 3339 ³
2038 3309 2351 3381 καταξοὼση.
2384 3309 2722 3378 Θαυμάζομεν
2750 3308 2815 3359 τὰ
2851 3306 3095 3376 μάλιστα,
3139 3302 3315 3378 ὅτιπερ
3345 3304 3476 3374 μετά
3496 3307 3586 3361 τήν

1991 3399 2040 3452 ἐν
2067 3396 2342 3455 Χαλκηδόνι
2383 3396 2595 3451 σύνοδον
2630 3400 2713 3450 καί
2740 3397 2804 3470 τα
2832 3398 3109 3470 γράμματα
3144 3402 3244 3448 τῶν
3290 3394 3587 3464 σεϐασμίων

1991 3492 2285 3547 ἐπισκόπων
2313 3493 2380 3545 τὰ
2408 3492 2539 3564 πρὸς
2568 3495 2656 3547 τήν
2699 3468 2811 3548 ait:
2824 3489 3089 3561 θεοφίλειαν
3125 3487 3387 3549 σταλέντα,
3422 3484 3487 3540 δι’
3516 3481 3583 3539 ὧν

1993 3582 2193 3638 ἅπαντα
2212 3584 2279 3637 τὰ
2306 3584 2356 3636 ἐν
2474 3585 2600 3657 αὐτῇ
2636 3580 2832 3653 συνόδῳ
2862 3582 3134 3653 ἐμήνυσαν,
3166 3577 3397 3649 οὐδαμῶς
3426 3578 3585 3636 πάντη

1993 3676 2132 3750 παρά
2164 3682 2255 3733 τῆς
2310 3680 2407 3733 σῆς
2444 3672 2732 3745 ἁγιωσύνης
2762 3672 2826 3727 τὰ
2854 3676 3069 3725 τοιαῦτα
3108 3671 3391 3744 γράμματα
3437 3671 3590 3733 ἐξαπ-

1997 3769 2259 3831 ἐσταλται,
2287 3766 2435 3823 ἅτινα
2486 3766 2712 3825 δηλονότι
2741 3768 2790 3819 ἔν
2818 3774 2936 3825 ταῖς
2967 3765 3278 3836 ἁγιωτάταις
3309 3764 3592 3824 ἐκκλησίαις

1997 3860 2377 3934 ἀναγνωσθέντα
2406 3862 2476 3919 είς
2506 3863 2595 3917 τὴν
2621 3866 2721 3913 τῶν
2750 3857 2988 3912 ἁπάντων
3014 3856 3181 3928 ὤφειλε
3208 3862 3394 3929 γνῶσιν
3422 3856 3591 3909 ἐλθεῖν·

1998 3950 2125 4027 ὅπερ
2153 3959 2296 4006 τινῶν
2338 3958 2451 4010 ταῖς
2489 3949 2716 4020 ψυχαῖς,
2760 3950 2937 4007 οἵτινες
2964 3949 3233 4017 Εὐτυχοῦς
3268 3945 3351 4001 ἔτι
3390 3949 3473 3999 καὶ
3507 3951 3594 3999 νῦν

1998 4051 2091 4104 τὴν
2116 4041 2412 4107 κακοδοξίαν
2441 4046 2523 4095 καὶ
2550 4048 2639 4101 τήν
2668 4041 2976 4118 διαστροφήν
2997 4038 3417 4111 μεταδιώκουσιν,
3444 4040 3595 4108 ἀμφι-

2004 4138 2168 4193 ϐολίαν
2199 4137 2381 4195 πολλὴν
2405 4135 2620 4200 ἐνέϐαλε,
2646 4134 2856 4209 πότερον
2883 4134 2913 4191 ἡ
2938 4137 3005 4190 σὴ
3028 4131 3343 4206 μακαριότης
3371 4130 3435 4183 τὰ
3456 4132 3506 4183 ἐν

2075 4369 2095 4408 τ
2133 4369 2285 4425 Edita
2334 4369 2433 4424 fuit
2480 4368 2548 4423 ab
2588 4367 2804 4422 Andrea
2839 4364 3077 4421 Arnoldo
3125 4380 3191 4420 ex
3233 4362 3418 4419 codice
3458 4360 3597 4417 Bod-

2002 4442 2201 4505 leiano,
2235 4451 2288 4496 et
2317 4457 2343 4493 a
2371 4439 2660 4508 Quesnello
2682 4438 2933 4493 secunda:
2958 4436 3174 4491 editioni
3201 4434 3595 4508 inserIaLGrte-

2005 4528 2125 4569 cum
2152 4504 2409 4577 originale
2437 4510 2762 4565 contulimus
2798 4524 2919 4563 cum
2959 4524 3057 4561 ms.
3091 4508 3213 4561 cod.
3251 4506 3370 4559 Vat.
3394 4504 3591 4577 Graeco

2008 4583 2170 4649 1455,
2202 4587 2289 4652 qui
2321 4583 2604 4637 nonnullas
2631 4580 3040 4652 emendationes
3071 4578 3354 4647 suggessit.
3389 4576 3592 4652 Novam

2009 4646 2502 4717 interpretationem
2529 4653 2767 4707 Latinam
2791 4652 2856 4705 ad
2878 4650 3124 4705 Grrecum
3150 4646 3350 4702 textum
3372 4646 3597 4711 perinde

2013 4727 2353 4782 emendatum
2385 4738 2661 4789 exat-inm,
2704 4738 2823 4788 quae
2866 4722 3063 4776 clarior
3107 4720 3274 4775 multo
3320 4718 3596 4783 efﬁcitur,

2012 4798 2347 4864 adjiciemus.
2379 4797 2470 4851 llis
2494 4794 2720 4865 Augusti
2741 4794 2931 4849 litteris
2956 4792 3015 4848 S.
3045 4792 3283 4862 pontifex
3308 4789 3602 4861 respondet

2012 4869 2169 4939 epist.
2209 4870 2331 4923 115.

2086 4951 2111 4989 s
2146 4940 2312 5006 Epist.
2348 4939 2438 4995 98.

2083 5009 2113 5049 ιι
2144 5005 2361 5066 Litterae
2392 5024 2521 5077 ergo
2551 5011 2860 5077 apostolica:
2890 5010 3055 5074 sedis,
3085 5006 3278 5075 quibus
3318 5005 3605 5077 conﬁrma-

2012 5084 2215 5159 bantur!
2230 5082 2421 5159 synodi
2451 5076 2753 5159 generale}.
2783 5083 3023 5159 legendae
3062 5089 3216 5159 erant
3256 5080 3308 5133 io
3351 5076 3605 5159 Ecclesiis

2012 5151 2279 5219 Orientis,
2324 5156 2539 5223 haecque
2584 5151 2922 5207 conﬁrmatio
2970 5153 3021 5206 in
3071 5151 3311 5207 omnium
3358 5151 3602 5223 notitiam

1935 5218 1990 5279 D
2016 5217 2327 5282 deducenda
2363 5217 2499 5287 erai,
2534 5240 2599 5278 ne
2625 5226 2744 5292 quis
2771 5226 2839 5279 de
2867 5225 3053 5278 eadem
3084 5223 3383 5290 ambigens,
3410 5217 3607 5292 decre-

2018 5300 2087 5354 tis
2134 5298 2323 5371 _synod_i
2372 5288 2877 5371 r_e|uctari;posset.
2932 5296 3085 5371 Ecce
3114 5288 3246 5371 ergo
3289 5288 3607 5371 necessarias

2018 5365 2441 5424 conﬁrmationis
2480 5367 2770 5438 pontiﬁcia:
2818 5365 3313 5422 manifestissimum
3363 5365 3605 5415 testimo-

2020 5456 2189 5496 nium.

2094 5514 2109 5542 ¹
2143 5510 2280 5571 ὅπως
2303 5508 2379 5566 ἄν.
2416 5509 2487 5565 Ita
2519 5524 2619 5563 ms.
2651 5509 2772 5565 Vat.
2804 5509 2936 5564 Male
2968 5508 3018 5561 in
3051 5504 3229 5573 Vulg.,
3259 5497 3440 5558 ὅτίᾶν.

2092 5587 2111 5659 ξ
2135 5569 2443 5659 Παρᾶςχοις.
2467 5581 2563 5659 Ms.
2586 5580 2704 5635 Vat.
2723 5584 3021 5659 παράσχοι,
3048 5569 3188 5659 haud
3210 5569 3430 5659 Omnino
3450 5569 3609 5634 male;

2023 5648 2255 5730 refertur
2283 5648 2424 5730 enim
2451 5654 2515 5730 ad
2546 5648 3420 5730 paxaptérnrafquo‘d.prmcessit.

2097 5728 2115 5758 ³
2143 5728 2460 5800 Καταξιὼσῃ.
2492 5714 2553 5777 In.
2576 5714 2698 5777 ms.'
2729 5714 3260 5800 νίιῑ.,-’κοίταξιῶοςει;
3308 5715 3402 5798 sed
3438 5714 3609 5784 legen-

2022 5799 2148 5853 dum
2174 5790 2329 5863 forte,
2356 5790 2689 5862 καταξιῶσαι,
2714 5802 2847 5850 utet
2874 5792 3141 5850 Arnoldus
3161 5790 3212 5846 in
3236 5790 3477 5859 margine
3503 5798 3613 5841 sua

2025 5870 2278 5928 editionis
2307 5867 2608 5925 annotavit.
