4072 6358
517 306 659 368 1019

1653 296 1710 350 S.
1754 290 1997 347 LEONIS
2040 290 2255 348 MAGNI
2294 292 2677 351 EPISTOLE.

3669 290 3803 348 1020

514 421 722 480 litteras
743 417 959 476 mittere
981 414 1305 488 dignabitur,
1335 411 1551 487 ιω
1574 425 1670 482 per
1692 424 1824 482 quas
1854 409 2091 465 omnibus

2210 411 2331 488 ἁγία
2359 411 2557 485 συνόδῳ
2593 410 2888 467 τυπωθέντα
2926 409 3223 465 ἐϐεϐαίωσε·
3259 412 3343 465 καὶ
3378 409 3465 465 διὰ
3491 414 3645 467 τοῦτο
3672 413 3705 471 ἦ
3732 416 3802 472 σή

516 512 775 571 Ecclesiis
794 520 849 569 et
873 508 1081 581 populis
1108 505 1453 563 manifesmm
1472 515 1570 561 lrdt
1596 522 1648 560 In
1678 515 1862 560 sancta
1898 505 2106 577 synodo

514 618 752 680 peracta,
774 621 803 659 a
830 614 918 660 tua
947 601 1273 658 beatitudine
1296 609 1412 655 rata
1442 598 1649 656 haberi.
1670 598 1805 655 Illud
1836 596 2103 670 profecto,

514 708 570 755 ut
601 709 622 735 ε
647 697 869 753 decebat
890 695 1199 763 episcopum
1230 693 1541 763 apostolica
1581 692 1749 759 sedis,
1777 692 2107 748 excellenter

514 802 599 847 tua
626 790 883 846 sanctitas
901 788 1171 858 praestitit,
1190 797 1248 842 ut
1266 787 1658 843 ecclesiasticos
1674 800 1910 841 canones
1927 794 2106 840 custo-

511 882 727 950 diendo,
753 881 882 937 nihil
903 882 1108 951 antiqui
1132 882 1299 937 moris
1322 889 1377 937 et
1416 879 1622 935 ordinis
1660 880 1789 934 olim
1827 880 2104 935 constituti

509 984 565 1034 et
594 976 660 1031 ad
691 975 827 1030 hanc
847 991 1015 1045 usque
1036 974 1178 1031 diem
1213 973 1588 1029 inviolabiliter
1630 972 1901 1028 observati
1944 987 2103 1041 passa

511 1071 581 1126 sit
603 1069 865 1125 innovari.
893 1069 1121 1138 Propter
1139 1066 1168 1107 δ
1190 1067 1398 1123 litteras
1420 1074 1598 1121 autem
1621 1074 1727 1120 tum
1759 1064 2104 1121 beatitudinis

512 1180 631 1237 qua:
650 1176 702 1219 et
719 1172 912 1236 quanta
935 1162 1001 1218 ab
1024 1161 1288 1231 aliquibus
1317 1160 1453 1215 facta
1483 1160 1608 1226 sint,
1626 1159 1826 1229 poterit
1850 1169 1870 1195 ο
1895 1158 1961 1213 ab
1983 1158 2103 1214 aliis

514 1263 602 1311 tua
631 1254 888 1311 sanctitas
917 1252 1217 1309 clarissime
1258 1251 1499 1306 ediscere
1524 1293 1538 1318 ,
1590 1249 1783 1319 quibus
1831 1248 2101 1306 adversari

513 1348 804 1413 noluimus,
826 1343 856 1384 ἀ
886 1347 1117 1401 nondum
1145 1344 1446 1398 affirmante
1472 1350 1562 1397 tua
1594 1342 1647 1397 in
1680 1341 1791 1396 Deo
1814 1341 2098 1411 charitate,

512 1437 790 1492 catholicae
818 1436 938 1491 lidei
981 1443 1035 1491 et
1075 1449 1217 1489 verte
1247 1433 1566 1489 orthodoxae
1596 1431 2099 1490 Chalcedonensem

510 1528 794 1601 synodum,
817 1526 1065 1582 omnibus
1080 1525 1538 1582 consentientibus
1562 1522 1851 1595 episcopis,
1874 1538 1997 1581 esse
2013 1525 2103 1581 ob-

508 1626 771 1677 secutam.
800 1618 969 1687 Quam
991 1620 1059 1674 ob
1079 1635 1193 1675 rem
1216 1627 1305 1674 tua
1328 1618 1631 1675 veneranda
1655 1617 1889 1689 dignitas
1912 1617 2103 1673 decre-

2212 505 2445 561 εύλάϐεια
2490 506 2775 580 ’γράμματα
3075 502 3330 575 ἐκπέμψαι
3369 506 3693 570 καταξιώσιι,
3734 502 3801 561 δι’

2210 596 2276 655 ὧν
2324 601 2520 660 πάσαις
2557 607 2677 660 ταῖς
2722 599 3007 659 ἐκκλησίαις
3036 602 3119 653 καὶ
3149 600 3166 630 ί
3195 606 3308 661 τοῖς
3352 597 3531 670 δήμοις
3564 601 3586 632 ³
3611 602 3803 678 φαυσρᾶ

2210 696 2469 767 γενήσεται
2497 694 2561 748 τὰ
2597 692 2644 745 ἓν
2682 700 2745 767 τῇ
2775 691 2896 766 ἁγίᾳ
2933 690 3131 763 συνόδῳ
3159 694 3494 769 πεπραγμένα
3527 696 3673 769 παρὰ
3709 701 3802 756 τῆς

2212 794 2308 847 σῆς
2339 784 2717 862 μακαριότητος
2761 785 3093 856 βεϐαιῶσθαι’
3127 787 3278 839 ἐκεῖνο
3315 784 3521 846 δηλαδὴ,
3555 788 3624 847 ὦς
3653 784 3801 861 ἕπριο

2209 872 2301 936 πεν
2330 882 2608 936 ἐπίσκοπον
2647 879 2985 935 ἀποστολικοῠ
3025 878 3223 955 θρόνου,
3261 876 3459 951 ἐξόχως
3484 882 3518 937 ἦ
3549 884 3616 938 σή
3642 879 3802 952 (“xyw

2208 965 2336 1030 σύνη
2362 973 2593 1031 ἐποίησε.
2625 968 2703 1027 ὅτι
2733 973 2856 1031 τοὺς
2895 971 3344 1031 ἐκκλησιαστικοὺς
3380 972 3594 1035 κανόνας
3618 973 3803 1044 φυλὰτο

2207 1084 2399 1125 τουσα.
2430 1062 2569 1119 οὐδὲν
2589 1065 2689 1119 διπὸ
2718 1070 2809 1120 τοῦ
2840 1065 3057 1119 παλαιοῦ
3083 1064 3231 1125 ἔθους
3258 1068 3345 1119 καὶ
3370 1072 3463 1127 τῆς
3490 1067 3683 1131 τάξεως
3710 1074 3802 1125 τῆς

2207 1178 2333 1212 ποτε
2356 1155 2799 1229 διατετυπωμὲνης
2827 1161 2913 1212 καί
2953 1158 3246 1213 ἀσαλεύτου
3276 1159 3436 1235 μέχρι
3468 1162 3548 1213 οιαὶ
3578 1162 3801 1233 σήμερον

2206 1247 2230 1281 ³
2273 1249 2605 1321 διαμεινάσης
2643 1253 2859 1322 ἠνέχετο
2904 1254 3334 1323 καινοτομηθῆναι.
3386 1254 3478 1307 Διά
3521 1254 3589 1307 τὰ
3638 1254 3803 1328 γράμ-

2206 1364 2347 1415 ματα
2383 1340 2437 1397 δέ
2470 1351 2561 1404 τῆς
2591 1349 2685 1404 σῆς
2729 1342 2993 1403 όσιότηξτος
3030 1340 3111 1397 οἷα
3149 1346 3231 1397 καὶ
3269 1341 3438 1399 ὁπόσα
3476 1346 3621 1419 παρὰ
3647 1364 3803 1398 τινων

2205 1437 2516 1512 πέπρακται,
2568 1434 2837 1496 δυνήσεται
2874 1438 2923 1503 ἐξ
2961 1438 3140 1516 ἐτέρων
3168 1440 3199 1494 ἡ
3233 1443 3299 1496 σύ
3344 1437 3600 1509 ἆγιωσύνη
3640 1441 3802 1509 σαφέ-

2202 1540 2377 1585 στατα
2426 1534 2753 1603 καταμαθεῖν,
2798 1528 2871 1593 οἷς
2918 1533 3181 1590 ἀντιϐῆναι
3230 1535 3313 1586 ούκ
3360 1528 3420 1586 ἂν
3474 1533 3800 1603 ἐϐουλόμεθα,

2202 1618 2228 1651 ⁸
2253 1620 2694 1694 διαϐεϐαιουμένης
2725 1631 2817 1684 τῆς
2845 1632 2940 1685 σῆς
2958 1626 3247 1697 θεοφιλείας,
3281 1616 3603 1699 τῇῖκαθολιλῇ
3626 1629 3803 1680 πίστει

513 1722 623 1769 tum
665 1728 823 1783 quam
862 1714 1143 1769 celerrime
1182 1712 1391 1767 emittat
1417 1727 1521 1783 quo
1557 1711 1885 1767 conﬁrmare
1928 1712 2091 1782 ipsam

2210 1718 2288 1768 καί
2317 1715 2512 1775 ἀληθῶς
2554 1714 2797 1789 ὁρθοδόξῳ
2826 1721 2914 1775 τὴν
2944 1717 2997 1770 ἐν
3032 1716 3303 1773 Χαλκηδόνι
3336 1716 3565 1781 σύνοδον,
3595 1718 3803 1772 πάντων

511 1806 1003 1864 Chalcedonensem
1033 1805 1299 1877 synodum
1343 1803 1781 1859 manifestissime
1821 1803 2089 1873 ostendat,

2210 1813 2298 1859 τῶν
2326 1807 2694 1861 συναινούντων
2722 1814 2821 1861 τῶν
2842 1808 3151 1873 ἐπισκόπων,
3183 1809 3585 1868 ἠκολουθηκὼαϋ
3616 1806 3699 1863 διά
3722 1830 3807 1862 τοι

512 1910 573 1956 ut
600 1900 636 1955 ii
664 1901 752 1971 qui
783 1908 1038 1969 exoptant
1067 1899 1207 1953 invia
1237 1897 1558 1955 diverticula
1584 1939 1600 1966 ,
1647 1898 1849 1953 nullam
1897 1896 2091 1954 habere

2210 1904 2355 1954 τοῦτο
2392 1896 2478 1953 καὶ
2506 1902 2535 1958 ἡ
2577 1898 2923 1971 σεϐασμιότης
2965 1903 2995 1959 ἡ
3034 1906 3101 1959 σὴ
3151 1899 3517 1978 διαγράμματα
3565 1902 3807 1972 τάχιστα

515 1993 719 2063 possint
747 1990 1102 2062 suspicionem
1130 1990 1197 2045 de
1226 1990 1429 2061 judicio
1459 2000 1560 2044 tuae
1599 1988 1917 2045 sanctitatis.
1961 1989 2093 2046 Data

512 2098 581 2138 xv
604 2082 857 2137 kalendas
886 2082 1101 2137 Martias
1129 2082 1615 2152 Constantinopoli.

2203 1990 2470 2065 ἐκπέμψει,
2514 1990 2578 2047 δι’
2606 1990 2670 2045 ὧν
2714 1993 2952 2063 βεϐαιοῦν
2993 1995 3147 2052 αὐτὴν
3196 1994 3245 2045 ἐν
3284 1990 3561 2049 Χαλκηδόνι
3589 1989 3807 2045 σύνοδον

2198 2090 2529 2163 φανερώτατα
2559 2084 2909 2154 ἐπιδείκνυσιν,
2946 2086 3032 2141 ἵνα
3071 2092 3142 2160 μὴ
3186 2086 3231 2140 οἱ
3265 2087 3619 2155 ἐπιθυμοῦντες
3646 2086 3671 2117 ³
3700 2092 3807 2141 τῶν

512 2176 738 2244 ἁνοδιῶν,
768 2177 1013 2237 δυνηθεῖεν
1041 2200 1152 2234 τινα
1177 2176 1208 2232 ἕ
1211 2200 1325 2249 χειν
1355 2176 1591 2233 ὑπόνοιαν
1616 2178 1738 2253 περί
1764 2183 1859 2239 τῆς
1884 2179 2098 2255 κρίσεως
2133 2186 2227 2240 τῆς
2255 2190 2351 2242 σῆς
2381 2179 2687 2255 ἁγιωσύνης.
2728 2179 2899 2239 Ἐδόθη
2930 2182 3031 2256 πρό
3065 2179 3335 2236 δεκαπέντε
3379 2179 3631 2236 καλανδῶν
3669 2200 3807 2254 μαρ-

512 2272 633 2327 γτιῶν
661 2269 682 2300 ⁸
708 2272 757 2325 ἐν
787 2270 1322 2326 Κωνσταντινουπόλει.

893 2364 1103 2435 1185
1147 2358 1478 2417 EPISTOLA
1511 2370 1534 2398 ⁶
1562 2358 1701 2415 CXI.

896 2481 913 2520 ί
946 2500 1015 2538 ΑΙ)
1054 2497 1361 2538 IABCIANUH
1402 2494 1703 2538 necessust.

1024 2575 1105 2629 De
1125 2576 1271 2629 Actio
1292 2583 1342 2630 et
1363 2574 1592 2629 Andrea.

513 2688 782 2747 SYNOPBIS.
808 2686 945 2744 —‘l.
976 2687 1334 2742 Ordinationis
1374 2686 1609 2740 Anatolii
1636 2686 1983 2755 suspicionem
2009 2702 2101 2756 per

581 2762 706 2825 ﬁdei
733 2762 1216 2833 ejusprofessianem
1247 2775 1354 2833 esse
1378 2758 1656 2833 sublatam.
1684 2787 1764 2833 -—A
1781 2757 1845 2812 ll.
1873 2756 2014 2812 Male
2032 2758 2097 2811 ab

576 2850 640 2886 eo
667 2829 866 2888 Aetium
895 2832 958 2885 ab
986 2831 1337 2885 archidiaconi
1358 2829 1519 2899 o/ﬁcio
1542 2845 1649 2883 esse
1682 2831 1997 2883 submotum.
2026 2857 2097 2871 —-

581 2902 667 2958 lll.
700 2903 1026 2958 Marcianum
1050 2913 1196 2972 rogat
1221 2911 1276 2956 ut
1296 2900 1594 2956 Anatolium
1616 2900 1678 2954 ab
1704 2900 1899 2955 illicitis
1930 2909 2096 2955 retra-

583 2975 699 3040 hat,
729 2985 775 3030 et
801 2976 969 3046 faveat
997 2972 1237 3028 Iuliano.

789 3092 902 3149 Lso
930 3092 1212 3163 episcopus
1241 3089 1521 3147 Mucnno
1550 3092 1812 3161 Augusto.

579 3204 709 3259 CAP.
760 3203 799 3258 l.
830 3234 901 3246 —
942 3203 1116 3271 Quam
1144 3203 1431 3261 excellenti
1476 3202 1677 3273 pietate
1697 3210 1752 3260 et
1791 3217 1950 3274 quam
1978 3202 2095 3274 glo-

2198 2366 2343 2421 rioso
2372 2362 2672 2419 clementiae
2720 2372 2914 2419 vestra:
2962 2363 3141 2418 studio
3187 2364 3241 2418 in
3293 2364 3559 2434 integrum
3606 2377 3789 2434 nuper

2200 2456 2334 2512 ﬁdes
2359 2456 2663 2512 Christiana
2692 2465 2942 2511 revocata
2968 2458 3059 2524 sit,
3096 2466 3239 2511 totus
3262 2456 3493 2511 mundus
3523 2456 3791 2526 agnoscit,

2201 2559 2257 2606 et
2280 2550 2466 2605 salutis
2489 2565 2600 2605 suae
2625 2551 2902 2621 singulare
2932 2549 3237 2620 praesidium
3263 2565 3357 2619 per
3383 2564 3478 2605 vos
3506 2564 3538 2604 a
3567 2550 3803 2603 Domino

2203 2654 2324 2697 esse
2360 2650 2687 2711 reparatum.
2721 2651 2748 2689 ε
2775 2643 2857 2697 Ac
2885 2642 2929 2696 si
2960 2641 3087 2711 quid
3114 2642 3402 2696 adversum
3433 2643 3567 2697 tanti
3614 2641 3807 2709 operis

2205 2734 2724 2788 consummationem
2771 2733 2839 2787 de
2886 2734 3159 2787 contrario
3197 2732 3389 2804 spiritu
3419 2734 3651 2787 sentitur
3695 2732 3803 2787 ob-

2205 2827 2358 2897 orirl,
2378 2842 2599 2883 necesse
2628 2835 2711 2883 est
2733 2836 2789 2881 ut
2812 2827 2881 2881 ad
2902 2836 3099 2882 vestras
3122 2836 3404 2882 revocetur
3418 2826 3632 2896 pietatis
3647 2825 3813 2882 auxi-

2206 2920 2358 2987 lium,
2396 2921 2537 2991 quod
2573 2920 2639 2975 ad
2682 2920 2984 2975 custodiam
3030 2920 3311 2975 catholicae
3340 2919 3580 2975 veritatis
3615 2917 3812 2995 divina

2206 3014 2539 3083 providentia
2576 3013 2929 3085 praeparavit:
2961 3023 3020 3069 ut
3046 3028 3167 3069 cum
3198 3013 3479 3085 potestatis
3504 3021 3703 3068 vestra:
3731 3011 3812 3067 sit

2209 3106 2460 3163 scandala
2507 3108 2669 3161 etiam
2716 3106 2770 3161 in
2816 3106 3109 3177 longinquo
3136 3114 3263 3161 nata
3294 3121 3582 3173 resecare,
3628 3105 3813 3162 multo

2208 3201 2380 3269 magis
2402 3215 2465 3255 ea
2494 3214 2611 3269 qua:
2640 3199 2738 3254 sub
2758 3198 2955 3254 vestris
2995 3198 3193 3254 audent
3219 3199 3387 3254 oculis
3409 3212 3653 3269 surgere,
3689 3212 3814 3255 non

578 3398 606 3428 ι
634 3390 829 3446 Leonis
857 3390 1208 3447 constantiam
1244 3389 1349 3445 hoc
1391 3389 1511 3444 loco
1556 3388 1937 3457 commendat,
1984 3401 2087 3458 qua
2115 3384 2163 3451 C
2202 3383 2495 3458 monachos
2525 3381 2829 3458 Palestinos
2860 3381 3024 3458 [uisse
3055 3382 3295 3458 lllOSAqlli
3340 3380 3522 3458 turbas
3556 3396 3815 3458 commo-

509 3462 597 3518 ille
625 3463 895 3532 privilegia
925 3462 1280 3517 Ecclesiarum
1311 3461 1604 3515 secundum
1636 3461 1880 3514 Nicmnos
1918 3473 2090 3532 cano-

512 3548 608 3588 nes
639 3542 782 3586 sarta
812 3531 947 3587 tecta
981 3534 1181 3588 servari
1206 3533 1556 3600 contendens,
1584 3532 1775 3586 canoni
1799 3531 2095 3585 Chalcedo-

506 3604 659 3658 neusi
707 3618 803 3672 pro
849 3604 1440 3671 Constantitmpolitana
1500 3601 1629 3658 sede
1681 3605 1825 3657 etlito
1881 3603 2093 3656 fortiter

506 3677 703 3729 restitit
729 3676 885 3744 epist.
924 3673 1042 3735 104.
1078 3674 1204 3739 105,
1236 3672 1356 3737 106,
1387 3684 1441 3730 et
1473 3674 1595 3739 107,
1638 3674 1853 3741 scriptis
1892 3675 1981 3728 die
2024 3672 2093 3728 22

505 3744 623 3800 Maii
653 3752 775 3799 aunt
804 3746 1185 3813 przecedentis;
1217 3745 1373 3815 idque
1413 3745 1589 3817 (quod
1631 3746 1862 3799 maxime
1903 3745 2087 3817 obser-

506 3818 734 3870 vandum
768 3818 883 3884 est)
916 3818 1205 3885 imperator
1227 3816 1592 3880 commendat,
1620 3816 1830 3870 etiamsi
1863 3831 1959 3884 pro
1991 3816 2093 3871 hoc

506 3901 710 3942 canone
739 3887 1107 3941 conlirmando
1154 3888 1219 3941 ad
1269 3888 1515 3942 eumdem
1566 3888 1798 3941 Leonem
1846 3888 2091 3942 ellicaCes

505 3957 714 4013 litteras
736 3958 946 4013 dederit
969 3959 1216 4027 superius
1241 3958 1538 4019 descriptas
1566 3962 1726 4027 epist.
1770 3960 1893 4014 1υυ.
1943 3959 2091 4014 Hanc

504 4029 933 4086 observationem
955 4029 1157 4098 jamdiu
1180 4043 1302 4085 ante
1327 4030 1452 4084 fecit
1475 4029 1720 4085 Gelasius
1746 4045 1880 4098 papa
1906 4030 1957 4084 iu
1984 4031 2088 4099 epi-

507 4102 644 4155 stola
676 4101 741 4167 a_d
773 4098 1069 4166 Dardanos,
1096 4102 1267 4171 qualis
1297 4101 1524 4167 amplior
1552 4110 1727 4155 exstat
1754 4102 1805 4154 in
1830 4111 2093 4171 praestan-

507 4172 714 4226 tissima
742 4172 1058 4226 collectione
1104 4170 1173 4226 14
1214 4172 1490 4237 Avellana,
1531 4181 1585 4227 et
1629 4170 1841 4240 legitur
1867 4181 1998 4225 tom.
2046 4172 2091 4225 V

505 4241 712 4298 Com-il.
745 4242 869 4298 Ven.
905 4242 1035 4297 edit.
1066 4257 1183 4312 pag.
1215 4244 1339 4307 555,
1373 4243 1461 4301 ubi
1486 4243 1579 4297 has
1601 4241 1852 4296 Marciani
1882 4242 2089 4297 litteras

503 4314 738 4384 pOntifex
774 4313 1020 4379 innuens,
1052 4312 1303 4379 Audiam,
1337 4314 1527 4381 inquit.
1573 4312 1901 4367 Marcianum
1943 4316 2087 4384 ejus-

490 4385 617 4447 dem
647 4386 923 4455 principem
953 4384 1191 4446 civitatis,
1220 4396 1555 4455 posteaquam
1583 4401 1675 4455 pro
1705 4395 1974 4455 augmento
2001 4401 2090 4436 ur-

505 4457 576 4508 bis
599 4456 756 4525 ipsius
781 4458 1054 4509 sacerdotis
1078 4457 1376 4508 intercessor
1400 4456 1665 4520 accedens,
1689 4468 1865 4508 contra
1885 4456 2090 4525 regulas

505 4524 728 4579 obtinere
755 4525 884 4578 nihil
916 4527 1099 4594 potuit,
1128 4536 1316 4580 sancta:
1351 4527 1607 4579 memoria:
1643 4542 1831 4597 papam
1868 4524 2090 4597 Leonem

506 4599 715 4669 summis
737 4597 973 4669 laudihus
999 4606 1319 4669 prosecutum
1343 4639 1358 4662 ,
1399 4597 1534 4663 quod
1583 4595 1837 4651 canonum
1882 4595 2088 4669 regulas

505 4666 685 4738 violari
716 4668 858 4720 nulla
885 4666 1036 4737 fuerit
1065 4668 1262 4721 ratione
1283 4684 1571 4738 perpessus.

574 4736 603 4774 δ
631 4737 878 4807 lntelligit
918 4738 1253 4807 potissimum
1284 4736 1577 4806 epistolam
1621 4738 1723 4793 106
1767 4738 1834 4792 ad
1879 4738 2083 4793 Anato-

506 4807 659 4872 lium,
682 4823 800 4877 quze
821 4819 916 4861 ets:
940 4812 1068 4862 satis
1090 4809 1461 4864 conﬁrmasset
1478 4809 1595 4863 lidei
1614 4810 1891 4865 decretum
1917 4810 2081 4865 latum

506 4880 557 4933 iu
590 4879 1036 4947 Chalcedonensi,
1069 4895 1188 4933 cum
1245 4892 1417 4933 tamen
1465 4879 1621 4933 simul
1669 4879 2083 4937 contradixisset

506 4950 697 5003 cationi
747 4965 843 5018 pro
893 4952 1021 5005 sede
1065 4949 1695 5017 Constantinopolitana,
1744 4951 2079 5007 manifestata

2113 4771 2165 4834 D

2198 3466 2408 3511 verunt.
2448 3454 2600 3523 Quod
2637 3468 2795 3521 porro
2826 3454 3061 3521 additur,
3092 3456 3273 3523 quibus
3320 3454 3583 3507 adversari
3629 3454 3815 3508 nolui-

2197 3544 2333 3594 mus,
2364 3541 2428 3581 eo
2454 3526 2576 3594 quia
2601 3526 2811 3580 scilicet
2836 3525 3021 3581 deerat
3054 3541 3118 3580 ea
3162 3524 3433 3593 pontiﬁcia
3480 3534 3537 3581 et
3582 3526 3815 3592 publica

2196 3597 2653 3652 Chalcedonensis
2676 3596 3000 3651 definitionis
3019 3596 3382 3663 conﬁrmatio,
3406 3612 3526 3662 qua:
3543 3595 3609 3649 ad
3633 3610 3815 3652 omne

2196 3668 2418 3724 dubium
2443 3668 2799 3722 amovendum
2832 3668 3235 3737 requirebatur,
3266 3666 3678 3737 intelligendum
3716 3677 3815 3723 est

2194 3740 2265 3795 de
2291 3739 2593 3795 resistentia
2627 3754 2721 3807 per
2750 3739 2855 3794 vim
2884 3751 2937 3794 et
2963 3748 3281 3809 potestatem
3317 3741 3665 3809 saecularem;
3712 3740 3817 3793 lit-

2194 3812 2324 3866 teris
2351 3814 2493 3865 euim
2525 3810 2591 3864 ad
2619 3810 2839 3865 eosdem
2888 3808 3179 3866 monachos
3222 3808 3362 3877 datis
3409 3811 3812 3880 imperatorem

2192 3883 2466 3937 studuisse
2491 3896 2589 3936 eos
2614 3882 2849 3937 cohibere
2875 3884 3070 3949 pariter
3095 3892 3143 3937 et
3187 3885 3369 3937 docere
3392 3921 3409 3948 ,
3458 3889 3665 3937 certum
3714 3891 3813 3938 est

2192 3969 2261 4009 ex
2290 3954 2475 4009 eadem
2506 3955 2662 4021 epist.
2701 3953 2823 4017 115,
2854 3968 2902 4008 c.
2930 3952 2987 4006 2.

2263 4022 2291 4062 ά
2322 4025 2649 4080 Adverbium
2681 4025 2909 4077 nondum
2939 4027 2987 4077 in
3014 4024 3227 4088 Latino,
3258 4023 3394 4077 sicut
3422 4032 3476 4078 et
3502 4023 3555 4078 in
3592 4022 3808 4079 Graeco

2191 4094 2357 4159 οὔπω,
2389 4105 2480 4149 aut
2505 4094 2703 4162 aliquid
2734 4095 2907 4149 simile
2944 4096 3199 4165 supplere
3237 4094 3601 4149 necessarium
3644 4095 3756 4149 luit
3788 4134 3809 4161 ,

2192 4183 2257 4221 ex
2290 4165 2638 4235 sequentibus
2667 4166 2811 4220 enim
2845 4166 3041 4234 petitur
3078 4176 3264 4235 aperta
3303 4173 3359 4219 et
3399 4165 3611 4235 publica
3655 4180 3815 4222 con-

2193 4238 2428 4362 firmatio
2448 4247 2503 4293 et
2527 4238 2809 4306 responsio
2829 4236 2896 4291 ad
2919 4238 3206 4308 synodum,
3230 4251 3350 4307 quae
3369 4238 3598 4290 nondum
3621 4238 3811 4293 missa

2220 4318 2389 4362 uerat.

2220 4318 2389 4364 uerat.

2268 4390 2291 4416 ε
2312 4380 2463 4435 Alias
2482 4379 2569 4434 84.
2584 4378 2719 4451 Quae
2735 4386 2914 4435 autem
2932 4388 3091 4435 antea
3116 4379 3241 4445 111,
3256 4393 3399 4434 nunc
3423 4377 3545 4434 140.
3568 4376 3816 4451 Scripta

2201 4449 2267 4505 10
2296 4451 2471 4507 Martii
2496 4465 2585 4503 an.
2611 4450 2737 4507 455.

2268 4520 2287 4560 ε
2316 4527 2503 4576 Exstat
2524 4520 2576 4575 in
2600 4521 2756 4576 codd.
2780 4520 2995 4577 collect.
3022 4520 3110 4587 12,
3136 4518 3203 4577 18
3228 4528 3285 4576 et
3302 4519 3396 4588 24,
3425 4535 3491 4577 ac
3519 4521 3574 4578 in
3598 4536 3819 4578 exem-

2192 4592 2327 4662 plari
2360 4592 2627 4647 Sichardi.

2263 4674 2289 4712 ις
2318 4664 2389 4719 Ita
2419 4663 2744 4731 Quesnellus
2769 4677 2889 4718 cum
2922 4661 3182 4718 Sichardo
3209 4669 3266 4717 et
3294 4661 3547 4718 omnibus
3573 4665 3812 4721 nostris

2192 4736 2349 4789 codd.
2377 4737 2511 4790 Alite
2534 4735 2817 4797 editiones,
2848 4735 2985 4788 torte
3012 4732 3228 4795 melius.
3258 4732 3325 4787 At
3351 4735 3399 4786 si
3421 4734 3565 4804 quid.

2263 4808 2279 4837 ί
2308 4816 2427 4868 Τοῖς
2451 4806 2649 4876 δήμοις.
2681 4805 2937 4860 Additnus
2962 4806 3244 4861 articulum
3268 4818 3300 4859 e
3329 4818 3432 4860 ms.
3466 4804 3562 4860 Va'

2262 4880 2283 4953 ξ
2314 4878 2494 4945 Forte,
2524 4877 2754 4953 φανερόν.

2262 4946 2663 5022 ΫΔιαμεινάσηςί
2695 4948 2960 5022 Optimam
3000 4946 3140 5022 hanc
3180 4946 3467 5022 lectionem
3512 4962 3615 5007 ms.
3650 4948 3819 5009 Vat.

505 5035 609 5074 non
642 5020 741 5076 fuit
783 5030 839 5075 ut
885 5021 994 5075 Leo
1037 5022 1195 5075 tradit
1220 5026 1375 5087 epist.
1411 5020 1531 5087 144,
1566 5022 1689 5087 115,
1720 5022 1839 5089 116,
1870 5032 1923 5077 et
1953 5024 2075 5079 117.

506 5092 638 5148 llinc
661 5108 786 5146 vero
812 5106 1029 5145 rumore
1050 5093 1101 5146 in
1126 5094 1340 5161 vulgum
1363 5108 1573 5162 sparso,
1593 5094 1897 5160 pontiﬁcem
1926 5096 2081 5148 Chal-

504 5164 791 5219 cedonensi
820 5165 1046 5217 concilio
1069 5166 1336 5218 contraria
1363 5165 1665 5231 scripsisse,
1699 5167 1766 5219 ita
1795 5173 1853 5218 ut
1884 5164 1981 5219 hac
2009 5166 2079 5221 de

505 5248 661 5289 causa
694 5235 810 5303 ejus
834 5236 1021 5308 litterae
1054 5235 1336 5303 publicatae
1364 5250 1470 5290 non
1499 5236 1713 5289 fuerint.
1765 5236 2077 5308 Eutychiani

507 5309 765 5359 tumultus
795 5306 1116 5373 excitarunt,
1146 5308 1586 5375 occasionemque
1617 5306 1957 5375 sumpserunt
1979 5308 2077 5361 du-

506 5374 776 5430 bitationis
818 5376 1125 5447 ingerenda;
1164 5376 1232 5432 de
1276 5377 1391 5445 ipsa
1429 5374 1851 5433 Ch’alcedonensi
1888 5378 2079 5434 defini-

507 5447 650 5501 tione
680 5447 801 5503 lidei
827 5463 842 5504 :
874 5450 947 5502 illi
976 5448 1142 5514 enim,
1168 5456 1227 5502 ut
1251 5449 1324 5502 ait
1344 5448 1482 5503 idem
1511 5450 1750 5517 pontifex
1774 5450 1930 5518 epist.
1958 5451 2079 5515 H7,

508 5520 768 5573 occasione
785 5520 1013 5575 velandae
1032 5520 1259 5591 perﬁdia:
1280 5535 1385 5573 sua:
1413 5519 1619 5591 inﬁrma
1638 5522 1715 5574 vel
1747 5520 1904 5575 dubia
1923 5521 2083 5575 videri

507 5591 678 5643 volunt
703 5599 893 5645 statuta
917 5589 1152 5659 concilii,
1182 5606 1296 5662 quae
1338 5589 1487 5645 nulla
1528 5592 1630 5646 sint
1671 5608 1941 5647 consensus
1982 5593 2083 5646 mei

507 5662 752 5715 sententia
778 5663 1036 5717 roborata.

544 5742 604 5809 hc
633 5734 673 5785 A
705 5732 912 5809 luliano
941 5734 1154 5809 quidem
1177 5732 1641 5809 e_pi_scopo_Cocnsi
1668 5735 1789 5809 haec
1810 5734 1918 5790 Leo
1946 5734 2085 5789 didi-

508 5803 603 5870 cit,
629 5816 683 5857 ut
712 5803 878 5870 liquet
904 5821 969 5861 ex
996 5808 1151 5871 epist.
1189 5805 1308 5871 115,
1342 5803 1389 5861 ο.
1431 5805 1483 5872 2,
1537 5805 1677 5862 unde
1724 5807 1883 5861 etiam
1933 5814 2078 5877 patet

2186 5018 2353 5145 debes
2371 5018 2770 5088 ξδιαμενούσης,
2796 5035 2917 5089 qua:
2946 5018 3105 5074 lectio
3128 5026 3213 5074 est
3241 5020 3575 5090 vulgatorum
3597 5062 3611 5087 ,
3648 5025 3827 5093 reji-

2186 5104 2304 5145 Clell
2346 5106 2399 5145 a.

2186 5104 2399 5146 etenaa.

2257 5160 3185 5235 ‘imadeemvpévng.,Supplendum
3220 5162 3309 5218 hic
3350 5161 3551 5235 aliquid
3588 5178 3833 5235 neges-

2185 5234 2348 5305 sario,
2384 5246 2505 5303 puta
2534 5232 2697 5301 οὔπω,
2731 5234 2813 5291 vel
2838 5234 2969 5305 quid
3010 5234 3191 5290 simile
3214 5275 3229 5299 ,
3276 5242 3338 5290 ut
3384 5234 3531 5304 legas
3555 5275 3574 5301 ,
3629 5232 3829 5293 οὔπω

2185 5302 2657 5376 διαϐεϐαιουμένης,
2683 5316 2788 5361 etc.

2257 5376 2279 5407 ⁸
2301 5387 2409 5432 Τῶν
2437 5375 2663 5433 ἀνοδιῶν.
2694 5378 2769 5432 ita
2800 5385 2857 5432 et
2885 5392 2987 5433 ms.
3020 5375 3166 5446 Vat.,
3198 5378 3301 5432 nisi
3328 5377 3471 5447 quod
3502 5384 3656 5433 caret
3710 5392 3837 5435 ar-

2183 5446 2346 5501 ticulo
2392 5458 2524 5512 τῶνς
2572 5458 2825 5503 caeterum
2872 5450 2915 5501 si
2961 5465 2988 5501 a
3026 5460 3173 5503 recto
3203 5446 3381 5506 ἀνοδία
3413 5450 3553 5505 hanc
3584 5462 3831 5506 vocem

2184 5517 2442 5585 deducas,
2469 5530 2528 5575 ut
2558 5535 2653 5574 nos
2682 5520 2908 5575 fecimus
2934 5519 2987 5573 in
3015 5520 3388 5587 translatione,
3423 5536 3530 5575 non
3566 5518 3838 5578 mea...

2183 5591 2525 5646 scribendum
2552 5602 2653 5656 est,
2682 5592 2777 5646 sed
2808 5590 3039 5646 ἀνοδίων.

2260 5662 2281 5692 ⁸
2307 5673 2382 5719 Ἐν
2407 5660 2941 5719 ιωνσταντινουπόλει.
2974 5662 3071 5716 Ms.
3107 5662 3250 5723 Vat.,
3280 5667 3333 5718 ἐκ
3372 5678 3841 5721 Κωνσταντινου-

2185 5734 2361 5796 πόλεις
2393 5735 2489 5790 sed
2523 5750 2820 5803 perperam.
2862 5732 2917 5787 Si
2950 5735 3089 5788 enim
3144 5736 3200 5787 ἐκ
3232 5735 3495 5801 retineas,
3533 5732 3841 5796 scribere

2188 5807 2350 5863 debes
2375 5807 2625 5876 deinceps
2652 5806 3243 5867 κωνσταντινουπόλεως.
