4072 6358
294 405 431 466 1021.

1676 404 2006 464 EPISTOLA
2032 396 2179 465 'CXI.

3414 406 3564 468 λιοιε

288 524 487 583 sinatis
534 534 865 579 accrescere.
911 518 1143 575 Anatolii
1189 518 1430 589 episcopi
1457 518 1875 589 ordinationem,
1902 525 1958 586 Α
1981 525 2047 579 ad
2071 524 2442 597 presbyterum
2463 524 2818 581 ordinationis
2849 524 2989 581 illius
3012 524 3202 579 vitium
3228 522 3560 594 pertineret:

294 619 444 674 sicut
467 615 691 672 scientia
728 612 823 668 Dei
852 612 1003 667 testis
1031 621 1131 678 est,
1166 620 1467 680 suSpectam
1504 612 1669 683 (quod
1702 613 1878 669 faten-

294 709 422 766 dum
445 706 553 779 est)
581 705 714 762 mihi
737 706 976 761 fecerant
1003 704 1428 759 consecrationis
1456 704 1576 773 ejus
1605 713 1877 772 auctores,

293 817 396 859 nec
424 800 741 857 dissimilem
781 799 852 853 ab
886 797 1212 869 eligentibus
1250 798 1557 853 arbitrabar
1609 799 1874 866 electum;

290 898 646 963 secutumque
685 899 769 947 est
805 899 865 947 ut
891 899 919 927 α
948 906 1070 945 cum
1098 888 1532 945 communionem
1571 890 1879 960 apostolica:

290 988 441 1044 sedis
481 993 801 1057 expeteret,
829 984 920 1040 diu
973 982 1163 1038 dandis
1207 982 1274 1038 ad
1304 997 1426 1038 eum
1458 984 1604 1053 pacis
1634 982 1879 1053 epistolis

289 1081 640 1136 abstinerem.
665 1077 771 1134 Sed
798 1092 919 1133 cum
946 1076 1027 1131 illi
1056 1076 1270 1144 pietatis
1290 1085 1486 1131 vestrae
1510 1076 1877 1131 testimonium

296 1174 513 1247 1186
545 1171 949 1240 suffragaretur,
977 1168 1006 1207 δ
1034 1177 1088 1225 et
1109 1168 1176 1223 de
1203 1168 1307 1223 fide
1337 1176 1497 1238 atque
1528 1168 1879 1224 unanimitate

294 1266 413 1335 ejus
454 1264 687 1335 optanda
714 1277 941 1334 quaeque
965 1271 1019 1318 et
1059 1261 1317 1332 placitura
1350 1262 1717 1331 promitteret,
1751 1277 1879 1331 pro-

289 1355 583 1413 fessionem
611 1357 730 1425 ejus
757 1356 831 1410 ita
859 1354 1059 1410 credidi
1090 1369 1212 1410 esse
1241 1355 1507 1409 sinceram
1527 1397 1542 1422 ,
1576 1364 1633 1409 ut
1670 1362 1873 1424 tamen,

286 1466 393 1521 qua
422 1449 767 1506 observantia
808 1465 866 1505 se
913 1464 1072 1520 agere
1116 1448 1360 1515 deberet,
1415 1462 1521 1502 non
1572 1448 1877 1503 desinerem

285 1557 668 1611 commonere,
713 1541 901 1597 sedulo
937 1542 1038 1611 ipsi
1066 1556 1130 1596 ac
1158 1540 1445 1610 diligenter
1475 1539 1751 1594 inculcans
1771 1584 1785 1609 ,
1819 1548 1879 1594 ut

290 1633 361 1690 de
388 1634 825 1703 persecutoribus
846 1634 1017 1691 beatae
1035 1635 1312 1689 memoriae
1340 1633 1579 1688 Flaviani
1605 1634 1877 1689 neminem

288 1726 518 1783 auderet
544 1726 598 1783 in
629 1742 729 1783 suo
748 1728 952 1784 habere
992 1727 1287 1797 consortio,
1322 1729 1346 1758 °
1381 1735 1437 1782 et
1468 1726 1726 1798 Eutychis
1767 1726 1877 1782 ba:-

286 1820 447 1874 retici
478 1830 775 1875 sectatores
800 1826 1069 1889 tamquam
1103 1819 1347 1874 inimicos
1379 1818 1580 1873 Christi
1611 1818 1877 1873 veraciter

1984 617 2073 688 qui
2106 634 2213 674 non
2262 618 2538 674 inveniens
2572 619 2711 689 quod
2742 625 2989 689 argueret
3018 617 3227 683 infide,
3272 615 3415 687 quod
3465 614 3564 670 im-

1985 709 2235 779 probaret
2281 709 2335 764 in
2386 711 2666 775 moribus,
2711 710 3067 780 dejectionem
3123 708 3421 764 innocentis
3465 723 3563 778 per

1982 801 2217 869 speciem
2248 801 2608 871 provectionis
2634 801 2916 869 implevit;
2941 801 3144 857 addens
3165 798 3191 837 ιι
3214 801 3266 855 in
3298 800 3558 855 sententia

1983 891 2113 947 illud
2160 892 2406 962 injuriae,
2435 901 2497 948 ut
2520 908 2645 949 eum
2686 892 2996 950 cmmeterio
3031 892 3045 927 ί
3078 891 3404 960 deputando,
3432 905 3562 959 quo-

1983 982 2106 1037 dam
2138 983 2423 1040 damnaret
2468 984 2683 1040 essilio.
2729 984 2897 1050 Quem
2939 993 3117 1037 tamen
3160 982 3343 1052 pietati
3373 990 3565 1037 vestra:

1984 1074 2370 1131 commendare
2390 1090 2682 1145 praesumo,
2709 1089 2776 1128 ne
2803 1073 2928 1127 ullis
2952 1072 3174 1127 ulterius
3198 1072 3372 1151 noxiis
3390 1072 3563 1143 ingra-

1982 1168 2095 1222 vari
2124 1169 2294 1237 possit
2325 1169 2341 1218 t'
2372 1167 2617 1233 insidiis,
2648 1181 2807 1237 quem
2856 1164 3146 1232 Dominus,
3188 1171 3248 1222 ut
3283 1164 3520 1236 comperi
3546 1206 3561 1232 ,

1981 1259 2082 1314 sub
2108 1267 2287 1315 vestra
2318 1257 2632 1314 defensione
2660 1257 2960 1313 constituit.

2058 1352 2266 1425 1187
2289 1349 2419 1406 Car.
2449 1348 2539 1406 Ill.
2568 1380 2638 1391 —
2666 1349 2878 1419 Adjicio
2909 1357 3089 1403 autem
3121 1346 3281 1403 etiam
3314 1346 3454 1401 hanc
3469 1346 3569 1399 obo

1979 1445 2360 1511 secrationem,
2392 1451 2448 1497 ut
2479 1440 2791 1513 praedictum
2822 1440 3135 1510 episcopum
3170 1452 3201 1497 a
3231 1428 3564 1505 protessioue

1979 1552 2077 1592 sua
2102 1538 2404 1604 dissonum,
2429 1545 2486 1592 et
2511 1533 2539 1574 ι
2570 1535 2792 1591 nimium
2820 1532 3113 1588 testimonii
3139 1530 3305 1588 vestri
3329 1544 3393 1585 ac
3420 1528 3565 1585 favo-

1980 1628 2056 1683 ris
2081 1627 2329 1695 oblitum,
2355 1626 2374 1664 ι
2401 1627 2708 1683 necessarie
2736 1625 3017 1695 increpare
3038 1623 3352 1696 dignemini.
3380 1622 3566 1679 Cesset

1979 1721 2274 1777 catholicos
2303 1720 2585 1785 insectari;
2612 1727 2790 1775 cesset
2816 1733 2911 1775 eos
2941 1719 3032 1789 qui
3062 1726 3263 1773 sanctae
3289 1713 3566 1770 memoria

1984 1814 2240 1869 Flaviano
2262 1814 2511 1884 placuere
2529 1855 2543 1879 ,
2578 1820 2863 1868 conterere
2883 1854 2898 1880 ,
2928 1821 2983 1867 et
3011 1824 3195 1867 eorum
3214 1809 3527 1866 societatem
3546 1846 3562 1872 ,

282 1910 658 1979 perhorreret.
707 1910 859 1977 Quod
906 1910 1041 1965 adeo
1065 1910 1380 1965 obedienter
1416 1910 1563 1964 visus
1603 1919 1685 1964 est
1716 1924 1875 1965 acce-
1902 1900 1954 1963 ’Β
1979 1926 2115 1983 quos
2144 1910 2486 1981 improbavit,
2518 1910 2737 1980 eligere.
2771 1908 3089 1963 Fraternam
3112 1904 3255 1961 enim
3284 1902 3360 1959 illi
3392 1901 3567 1958 chari-

282 2003 470 2073 pisse,
513 2012 572 2057 ut
599 2003 870 2058 Andream
901 2003 1186 2057 diaconum
1224 2000 1573 2074 Eutychianae
1604 2000 1877 2056 limreseos

283 2094 631 2149 defensorem
670 2109 701 2148 a
729 2109 788 2150 se
816 2094 1077 2149 indicaret
1106 2108 1227 2149 esse
1256 2093 1547 2163 dejectum.
1592 2093 1878 2149 Secutum-

280 2203 394 2258 que
424 2198 509 2243 est
538 2197 594 2243 ut
619 2190 687 2243 de
721 2188 803 2242 his
841 2204 960 2258 qua:
992 2204 1087 2257 pro
1126 2187 1388 2243 catholica
1419 2188 1524 2244 fide
1553 2189 1605 2243 in
1634 2188 1877 2259 synodali

279 2282 519 2337 concilio
543 2282 753 2337 fuerant
777 2281 1021 2347 definita,
1053 2281 1178 2335 talia
1207 2280 1273 2335 ad
1302 2296 1388 2336 me
1412 2281 1709 2350 scripserit,
1742 2294 1873 2351 qua-

280 2373 357 2431 lia
391 2374 716 2430 catholicum
749 2374 1086 2429 sacerdotem
1119 2373 1357 2429 scribere
1380 2373 1733 2443 congruebat;

355 2466 488 2521 Car.
516 2464 580 2520 ll.
611 2494 683 2506 —
707 2464 841 2520 Cum
866 2481 995 2535 ergo
1023 2465 1088 2521 ad
1119 2464 1544 2522 commendanda
1566 2464 1735 2534 ipsius
1767 2465 1875 2534 pri-

277 2558 497 2613 mordia
542 2559 645 2613 ista
693 2558 1104 2628 praecesserint,
1139 2554 1167 2597 ἀ
1194 2558 1376 2615 nescio
1401 2558 1529 2627 quid
1578 2573 1757 2612 causae
1787 2566 1879 2612 aut

276 2650 590 2706 occasionis
620 2653 937 2718 emerserit,
985 2659 1045 2706 ut
1075 2652 1248 2706 virum
1299 2651 1580 2707 catholicae
1631 2650 1789 2717 fidei,
1822 2657 1879 2706 et

276 2742 626 2799 Nestorianis
652 2754 812 2815 atque
834 2744 1186 2816 Eutychianis
1214 2745 1483 2801 haereticis
1512 2754 1535 2782 ο
1567 2755 1879 2801 constanter

281 2837 455 2891 etiam
486 2836 794 2903 adversum,
825 2838 1257 2894 archidiaconem
1305 2838 1406 2893 sub
1449 2837 1669 2893 honoris
1698 2836 1880 2908 specie

1981 2014 2147 2059 tatem
2182 2018 2289 2060 non
2333 2004 2488 2059 aliter
2513 2003 2808 2072 poterimus
2851 1999 3194 2070 impendere,
3237 2010 3397 2069 quam
3423 2004 3482 2052 ut
3510 2009 3568 2051 se

1979 2111 2021 2139 ιη
2042 2100 2291 2156 inimicos
2312 2097 2591 2155 catholica:
2614 2095 2737 2152 fidei
2758 2095 3021 2165 approbet
3047 2091 3341 2159 exsecrari,
3368 2099 3397 2126 ιι
3424 2088 3568 2159 ejus-

1979 2210 2085 2263 que
2112 2208 2142 2247 a
2162 2209 2222 2248 se
2244 2190 2599 2256 consortium,
2629 2203 2787 2259 quem
2810 2188 3001 2243 merito
3026 2184 3241 2255 abjecit,
3269 2181 3566 2239 abscindat.

1979 2287 2082 2353 Qui
2120 2286 2281 2341 etiam
2308 2284 2355 2340 si
2397 2297 2591 2354 magna
2640 2282 2827 2337 fuisset
2875 2277 3241 2334 satisfactione
3282 2283 3567 2346 purgatus,

1982 2385 2101 2447 post
2125 2375 2346 2432 dubium
2374 2383 2553 2430 tamen
2581 2385 2833 2428 reversus
2858 2384 3125 2435 errorem,
3156 2366 3437 2425 catholicis
3456 2364 3570 2421 dia-

1981 2471 2205 2526 conibus
2235 2468 2483 2539 postponi
2511 2466 2718 2533 debuit,
2763 2481 2869 2522 non
2904 2464 3165 2535 praeponi.
3196 2461 3329 2521 Illud
3357 2473 3570 2532 quoque

1979 2562 2281 2619 clementia:
2307 2568 2503 2617 vestrae
2535 2557 2962 2615 benevolentiam
2992 2563 3154 2627 peto,
3187 2561 3248 2611 ut
3287 2560 3571 2608 venerato-

1981 2670 2097 2711 rem
2121 2662 2359 2709 vestrum
2388 2653 2609 2708 fratrem
2637 2666 2815 2707 meum
2845 2649 3117 2705 lulianum
3148 2647 3483 2717 episcopum,
3512 2641 3569 2698 in

1981 2758 2194 2817 vestro,
2227 2749 2368 2803 sicut
2394 2748 2570 2803 facere
2597 2743 2892 2815 dignamini
2910 2785 2924 2811 ,
2951 2741 3191 2798 habeatis
3220 2738 3447 2803 affectu;
3475 2751 3571 2794 cu-

1976 2841 2067 2912 jus
2101 2841 2372 2910 obsequiis
2404 2839 2705 2909 praesentia:
2734 2852 2868 2893 meae
2897 2836 3050 2891 vobis
3078 2834 3254 2904 imago
3288 2830 3569 2889 reddatur.

280 2926 649 2997 degradaret,
703 2939 759 2985 et
805 2927 825 2967 ί
875 2930 1334 2999 dispensationem
1388 2931 1553 2986 totius
1599 2944 1776 2985 causa:
1826 2937 1883 2985 et
1981 2934 2114 2989 Nam
2142 2943 2197 2990 et
2223 2933 2430 2989 defidei
2456 2932 2898 3003 ejussinceritate
2919 2928 3232 2992 confidens,
3262 2925 3437 2982 vicem
3469 2924 3571 2993 ipsi

280 3032 436 3074 curae
482 3021 861 3077 ecclesiastica:
894 3024 944 3077 in
978 3024 1250 3078 Andream
1300 3022 1763 3094 Eutychianistant
1802 3038 1882 3079 re-
1984 3042 2158 3082 meam
2183 3035 2370 3082 contra
2397 3029 2658 3095 temporis
2683 3026 2851 3081 nostri
2877 3023 3162 3079 haereticos
3184 3019 3458 3090 delegavi;
3487 3023 3572 3074 at-

270 3123 452 3185 tpente
475 3116 830 3173 transferret:
862 3117 999 3173 adeo
1026 3118 1192 3172 nimia
1223 3118 1589 3174 commotione
1612 3118 1874 3185 turbatus,
1982 3136 2088 3191 que
2120 3128 2339 3190 propter
2367 3118 2731 3175 Eccleslarum
2759 3118 3012 3188 pacisque
3037 3114 3335 3172 custodiam
3357 3151 3375 3178 9
3395 3107 3465 3167 ἰιι
3487 3120 3511 3147 °
3542 3125 3574 3165 a

278 3217 343 3262 ut
378 3209 841 3265 consecrationem
892 3226 1051 3280 quam
1097 3226 1195 3281 pro
1240 3210 1434 3280 injuria
1461 3210 1642 3280 dabat,
1669 3220 1695 3257 ε
1725 3220 1877 3266 sexta
1984 3214 2244 3269 comitatu
2276 3224 2454 3270 vestro
2479 3228 2585 3269 non
2607 3213 2841 3279 abesset,
2872 3210 3046 3282 exegi.
3080 3209 3244 3279 Cujus
3272 3206 3573 3278 suggeStio-

272 3299 523 3369 sabbati,
556 3300 858 3357 traditionis
907 3302 1221 3371 apostolicae
1246 3311 1337 3356 aut
1367 3302 1581 3357 nescius
1608 3310 1704 3355 aut
1741 3302 1876 3357 olili-
1905 3293 1953 3359 C
1984 3320 2081 3361 nes
2103 3346 2118 3371 ,
2156 3319 2254 3374 pro
2308 3304 2593 3359 concordia
2648 3304 2933 3360 catholicae
2988 3302 3245 3369 unitatis,
3299 3308 3571 3369 tamquam

278 3401 375 3451 tua
396 3437 410 3462 ,
442 3393 700 3453 inferret:
734 3396 886 3467 quasi
934 3410 1045 3452 non
1074 3394 1143 3451 ad
1173 3396 1488 3467 episcopum
1520 3396 1690 3467 magis
1716 3410 1879 3466 quam
1987 3412 2137 3454 meas
2180 3396 2370 3455 audire
2412 3398 2735 3470 dignemini,
2791 3397 3064 3469 placentes
3092 3395 3256 3461 Deo,
3284 3392 3378 3464 qui
3422 3388 3576 3447 vobis

358 3704 552 3761 ‘Editi
582 3712 707 3759 ante
750 3703 953 3767 Quesn.
1001 3717 1121 3758 cum
1162 3702 1453 3769 Sichardo,
1486 3706 1609 3757 dum
1645 3720 1876 3758 commu-

282 3779 445 3832 nione
472 3777 767 3848 apostolica:
795 3776 929 3828 sedis
956 3777 1189 3848 uiueret
1217 3776 1437 3848 alienus,
1483 3776 1575 3829 diu
1601 3776 1789 3829 dandis
1816 3776 1884 3829 ad

279 3866 405 3905 eum
425 3846 657 3917 epistolis
682 3848 822 3915 pacis
850 3863 927 3899 me
948 3847 1269 3899 abstinerem.
1292 3846 1433 3901 Idem
1460 3848 1652 3915 legitur
1674 3849 1724 3899 in
1750 3862 1878 3901 mss.

280 3916 505 3975 collect.
538 3916 609 3973 24
631 3960 643 3979 .
678 3920 728 3970 in
762 3918 953 3986 quibus
978 3918 1149 3970 solum
1179 3927 1259 3971 est
1280 3959 1295 3983 ,
1329 3919 1469 3987 pacis
1504 3934 1625 3971 mea:
1655 3918 1882 3971 abstine-

280 4008 417 4045 rem.
452 3992 763 4045 Lectionem
786 4006 813 4041 a
842 3988 1129 4056 Quesnello
1152 3988 1273 4056 jure
1297 3989 1550 4041 insertam
1581 4004 1650 4042 ex
1674 3988 1885 4043 Grima-

278 4064 443 4127 nico,
490 4062 560 4115 de
586 4076 690 4127 qua
732 4062 857 4114 vide
883 4060 1001 4125 ejus
1034 4068 1145 4113 not.
1196 4058 1257 4124 1,
1292 4060 1595 4113 invenimus
1638 4064 1799 4113 etiam
1830 4061 1881 4113 in

278 4148 421 4189 mss.
450 4133 571 4187 Vat.
602 4130 761 4193 1540.
795 4141 849 4186 et
878 4131 1086 4184 Veneto
1120 4130 1221 4185 169
1251 4131 1463 4184 Collect.
1500 4131 1597 4194 l2;
1626 4130 1801 4185 solum
1827 4130 1880 4184 in

280 4203 374 4259 his
407 4206 665 4269 particula
697 4205 820 4255 dum
850 4202 1192 4257 substituitur
1223 4218 1320 4272 pro
1344 4218 1479 4254 cum.
1530 4203 1601 4255 lle
1641 4201 1883 4271 epistolis

283 4276 440 4344 pacis
461 4273 646 4329 cuufer
674 4283 856 4326 notam
887 4273 1127 4341 ejusdem
1150 4272 1204 4325 2.

356 4345 389 4385 δ
422 4346 499 4400 Ita
528 4345 721 4398 melius
752 4346 919 4398 nostri
946 4344 1105 4399 codd.
1143 4344 1358 4401 collect.
1386 4342 1455 4398 i2
1479 4357 1639 4413 quam
1679 4343 1731 4399 in
1762 4343 1882 4400 edi-

279 4416 379 4481 tis,
416 4432 534 4471 cum
569 4417 633 4470 de
653 4416 778 4485 ﬁde.

362 4500 388 4527 ε
421 4489 622 4543 Omnes
652 4488 914 4541 editiones
955 4500 1060 4541 non
1102 4486 1273 4540 solum
1316 4502 1440 4539 cum
1486 4501 1615 4539 mss.
1666 4486 1879 4542 collect.

277 4560 357 4613 24
383 4575 449 4613 ac
469 4558 716 4624 exemplo
742 4559 1007 4623 Sicltardi,
1030 4572 1214 4611 verum
1238 4560 1398 4611 etiam
1428 4572 1547 4611 cum
1572 4557 1739 4611 Grim.
1764 4559 1882 4612 col-

279 4631 417 4693 lect.
451 4632 539 4693 18,
570 4631 772 4699 aliquot
803 4630 970 4699 linteas
989 4630 1265 4695 omittunt,
1298 4628 1663 4699 transilientes
1687 4643 1715 4680 a
1750 4644 1883 4684 voce

278 4700 544 4770 Eutycius
574 4700 639 4770 ad
664 4698 852 4753 vocem
881 4698 1241 4770 Eutychiante,
1271 4701 1379 4753 sic:
1414 4698 1678 4753 Consortio
1706 4708 1751 4752 et
1774 4699 1885 4753 Eu-

276 4769 546 4842 tychianae
573 4769 861 4835 Iuereseos;
893 4769 1000 4841 quo
1026 4774 1162 4824 saltu
1201 4771 1878 4842 sententiacorrumpitur,

278 4841 339 4897 et
370 4844 562 4897 notitia
586 4843 939 4911 sequentibus
980 4842 1145 4908 probe
1186 4841 1543 4909 intelligendis
1574 4842 1880 4895 necessaria

277 4916 571 4969 adimitur.
603 4915 714 4967 Soli
746 4914 852 4965 duo
886 4912 1083 4966 laudati
1121 4913 1280 4967 codd.
1320 4912 1529 4966 collect.
1563 4913 1632 4966 12
1663 4912 1763 4966 hoc
1793 4913 1881 4967 in-

274 4986 442 5054 signe
470 4985 904 5054 supplementum
930 4986 1085 5037 nobis
1116 4983 1527 5051 suppeditarunt
1554 5002 1565 5037 :
1590 4984 1784 5051 quibus
1813 5000 1881 5039 ex

273 5051 628 5120 constantia,
655 5055 708 5108 in
735 5051 991 5108 Vindiciis
1012 5066 1253 5109 veterum
1286 5054 1499 5108 Patrum
1525 5054 1875 5125 confirmatis,

272 5142 414 5197 pag.
442 5127 571 5191 572,
603 5125 982 5197 Remigianum
997 5126 1297 5197 exemplar,
1327 5136 1383 5179 ut
1413 5126 1705 5194 credimus,
1738 5127 1879 5197 ejus-

276 5195 415 5253 dein
438 5197 771 5253 collectionis
804 5198 870 5251 12
899 5195 1060 5264 adjici
1087 5204 1283 5265 potest.

215 5274 225 5317 ὲ
351 5266 385 5305 ἀ
419 5269 560 5323 Editi
608 5268 804 5323 Leonis
844 5270 1100 5321 omittunt
1137 5269 1360 5321 verbum
1391 5268 1598 5333 nescio,
1646 5270 1784 5337 quod
1813 5285 1880 5325 ex

272 5354 421 5394 mss.
451 5341 661 5395 collect.
685 5337 754 5394 12
774 5340 1179 5408 supplevitnus;
1202 5349 1257 5393 at
1280 5340 1572 5408 pra'ferunt
1588 5344 1881 5405 emerserit,‘

272 5412 437 5467 solus
478 5410 801 5477 Quesnellus
824 5452 840 5475 ,
885 5410 1109 5465 emersit.
1137 5410 1415 5465 Editiones
1441 5419 1619 5466 autem
1647 5411 1881 5480 Conci|.,

269 5494 385 5551 pro
408 5482 599 5548 nescio,
624 5482 825 5537 habent
850 5483 1032 5535 miror.

359 5560 387 5588 ο
415 5551 491 5606 ita
510 5568 643 5623 cum
677 5553 902 5623 vulgatis
930 5568 1119 5610 omnes
1150 5554 1321 5609 nostri
1363 5554 1525 5609 codd.
1557 5554 1878 5621 Quesnellus

272 5622 396 5677 alia
437 5622 789 5679 collocatione
827 5625 1147 5693 verborum,
1180 5635 1234 5682 et
1261 5626 1366 5680 alia
1410 5629 1572 5681 etiam
1600 5627 1879 5694 interpun-

270 5694 471 5749 ctione
492 5734 507 5758 ,
540 5710 660 5764 quae
704 5711 920 5750 sensum
952 5704 1185 5759 mutant,
1222 5697 1422 5753 habet:
1465 5708 1754 5751 constanter
1785 5700 1881 5751 ad-

271 5768 684 5840 msum,etiam
708 5768 1150 5840 archidiaconem;
1180 5780 1233 5824 et
1252 5770 1305 5825 in
1332 5770 1569 5840 margine
1602 5785 1698 5837 pro
1724 5771 1877 5823 etiam
1918 5802 1920 5805 τ

271 5838 501 5920 notavit
551 5838 832 5920 legendum
871 5840 1005 5893 forte
1035 5841 1239 5920 Aetium
1265 5886 1280 5913 ,
1321 5838 1469 5912 quod
1489 5843 1771 5897 emendata
1795 5842 1877 5897 le-

271 5918 475 5966 CIione
500 5918 862 5966 necessarium
890 5926 994 5967 non
1022 5918 1124 5966 est.

2067 3704 2087 3743 ί
2116 3704 2251 3760 Vide
2280 3714 2394 3762 not.
2423 3708 2457 3761 ’ὅ
2486 3704 2688 3774 Quesn.

1988 3786 2087 3903 des
2116 3776 2312 3832 Confer
2335 3778 2502 3850 epist.
2533 3779 2598 3845 9,
2634 3792 2685 3833 c.
2714 3777 2743 3832 1
2763 3817 2781 3845 ,
2812 3783 2868 3832 et
2888 3785 3003 3831 not.
3031 3774 3068 3829 2
3091 3776 3295 3846 Quesn.
3335 3774 3391 3829 in
3426 3780 3578 3829 eata-

2059 3864 2130 3901 m.

2025 3863 2130 3903 em.

2060 3916 2087 3955 Ιι
2117 3918 2285 3973 Codd.
2321 3919 2534 3976 collect.
2577 3917 2649 3973 ῆι
2684 3934 2805 3975 cum
2845 3918 3001 3975 editis
3031 3928 3156 3976 ante
3190 3917 3392 3986 Quesn.
3414 3956 3428 3983 ,
3464 3932 3580 3971 sen-

1990 3992 2177 4044 lentia}.

2070 4060 2081 4097 ί
2120 4063 2253 4116 Cod.
2280 4061 2477 4129 Grim.,
2508 4061 2882 4133 deputandum.
2907 4064 3027 4117 Mox
3058 4057 3580 4133 laudataeeditiones

1988 4148 2107 4187 cum
2131 4134 2317 4187 iisdem
2347 4149 2501 4198 mss.,
2525 4130 2886 4188 condemnaret
2915 4150 3007 4201 pro
3028 4133 3254 4201 quodam
3276 4130 3575 4193 damnaret;

1988 4206 2073 4257 cui
2105 4203 2321 4258 lectioni
2350 4222 2376 4257 a
2409 4204 2699 4271 Quesnello
2729 4205 2957 4260 ἰηάιιοιιη
2989 4219 3058 4259 ex
3092 4202 3400 4258 Grimanico
3422 4214 3575 4255 acce-

1989 4274 2123 4327 dunt
2154 4276 2317 4327 nostri
2346 4276 2504 4331 codd.
2530 4276 2744 4329 collect.
2773 4276 2858 4331 12.
2889 4275 3022 4331 Vide
3052 4283 3165 4329 not.
3196 4272 3453 4341 4Quesn.

2064 4349 2077 4394 l
2117 4346 2439 4412 Sichardus,
2473 4356 2561 4399 aut
2586 4348 2809 4401 insidiis.

2060 4415 2087 4453 ¹ί
2116 4417 2205 4473 Sic
2236 4418 2401 4472 nostri
2434 4417 2591 4474 codd.
2624 4433 2747 4474 cum
2776 4419 3007 4488 antiquis
3029 4415 3375 4473 editionibus.
3404 4414 3573 4488 Ques-

1989 4489 2194 4557 nellus,
2242 4490 2415 4543 nimis.
2461 4490 2583 4544 Mox
2637 4506 2733 4559 pro
2782 4484 2934 4544 vestri
2971 4490 3091 4544 cod.
3135 4488 3372 4543 Venetus
3417 4484 3580 4559 habet

1987 4555 2188 4623 nostri,
2212 4561 2304 4613 sed
2340 4555 2652 4629 perperam;
2687 4577 2807 4615 nam
2852 4562 3146 4632 imperator
3184 4572 3284 4628 pro
3325 4555 3579 4612 Anatolio

1991 4632 2351 4685 teStinionium
2377 4632 2617 4686 dederat.

2066 4699 2083 4738 ι
2129 4702 2263 4757 Vide
2293 4710 2402 4757 not.
2433 4704 2466 4758 5
2498 4703 2795 4771 Quesnelli.
2816 4704 2941 4759 Post
2972 4717 3161 4773 pauca,
3190 4700 3451 4771 infestare,
3483 4712 3579 4768 pro

1987 4773 2233 4831 insectari
2263 4773 2401 4843 apud
2433 4775 2775 4831 Sichurdnm.

2058 4854 2097 4880 ω
2129 4845 2293 4911 Editi,
2324 4847 2387 4898 ab
2428 4846 2647 4899 inimicis
2690 4847 2899 4911 passiva
2924 4843 3337 4916 significatione,
3357 4850 3581 4908 accepto

1988 4914 2254 4971 intinitivo
2301 4920 2575 4971 exsecrari.
2603 4918 2790 4972 Melior
2816 4920 2929 4973 visa
2961 4914 3045 4972 est
3075 4918 3234 4971 lectio
3264 4924 3573 4969 nostrorum

1986 4987 2144 5042 codd.
2175 4988 2383 5042 collect.
2420 4987 2515 5052 19.,
2556 5004 2655 5058 qua
2691 4992 2830 5043 idem
2866 4988 3190 5044 infinitivum
3223 4982 3577 5043 coinmuniori

1985 5068 2040 5114 et
2063 5061 2463 5127 congruentiori
2491 5059 2883 5129 significatione
2911 5062 3082 5116 active
3108 5058 3359 5129 sumitur.

2056 5138 2082 5165 η
2109 5126 2385 5185 Εᾶἱιὶοηθδ
2420 5126 2749 5200 antiquiores
2772 5144 2824 5187 et
2856 5131 3161 5201 exemplum
3192 5126 3438 5183 Sichardi
3480 5140 3575 5177 na—

1984 5201 2185 5257 hebant
2206 5220 2219 5256 :
2254 5201 2549 5271 Eorumque
2570 5220 2601 5255 a
2623 5220 2676 5257 se
2705 5205 3016 5258 consortium
3037 5212 3193 5272 atque
3221 5201 3578 5272 cornttterctttm

1987 5273 2272 5326 abscindat.
2321 5268 2645 5340 Quesnellus
2675 5290 2741 5328 ex
2782 5268 3117 5331 Grimanico
3146 5268 3482 5340 emendavit,
3527 5274 3581 5340 et

1988 5352 2165 5415 recte;
2194 5358 2315 5397 nam
2333 5337 2410 5415 Vide
2442 5346 2659 5400 Andrea
2690 5346 3092 5415 Eutychianista
3114 5384 3128 5409 ,
3172 5355 3332 5410 quem
3354 5337 3579 5415 jampri-

1986 5414 2108 5468 dem
2132 5414 2412 5469 Anatolius
2443 5416 2550 5485 ipse
2572 5411 2836 5541 professus
2862 5420 3083 5488 {aerata
3116 5428 3167 5466 se
3197 5427 3303 5464 esse
3333 5411 3581 5480 rejectum

1986 5500 2054 5540 ex
2082 5484 2307 5541 epistola
2339 5492 2619 5541 sequenti.
2686 5487 2759 5541 tic
2801 5501 2980 5540 sermo
3003 5492 3114 5541 est.
3152 5491 3211 5536 ut
3251 5495 3368 5541 quae
3410 5478 3581 5541 subii-

1985 5500 2054 5560 ex
2082 5484 2307 5555 epistola
2339 5478 2619 5560 sequenti,
2670 5478 2759 5560 hic
2801 5478 2980 5560 sermo
3003 5480 3114 5548 est,
3152 5491 3211 5536 ut
3251 5478 3582 5560 quae'suliji-

1984 5553 2199 5612 ciuntur
2220 5553 2529 5614 ostendunt.
2564 5558 2822 5613 Eamdem
2852 5558 3133 5613 lectionem
3158 5553 3384 5623 probant
3416 5553 3577 5623 etiam

1984 5631 2157 5683 nostri
2182 5628 2338 5682 codd.
2364 5629 2577 5683 collect.
2607 5630 2675 5683 12
2696 5644 2760 5684 ac
2781 5636 2993 5683 veteres
3015 5621 3279 5681 editidncs
3310 5621 3579 5677 Concilio-

1985 5714 2103 5754 rum
2126 5740 2140 5763 ,
2172 5714 2237 5752 ex
2273 5698 2464 5764 quibus
2494 5700 2765 5753 abscindat
2804 5699 3141 5767 reposuimus
3174 5710 3269 5767 pro
3296 5691 3537 5767 abscedat
3563 5732 3577 5754 ,

1984 5780 2043 5825 ut
2072 5771 2163 5827 ille
2185 5786 2247 5825 ex
2279 5769 2447 5825 Grim.
2480 5773 2713 5840 scripsit.
2750 5771 2805 5825 In
2836 5765 2962 5824 mss.
2996 5768 3211 5840 collect.
3240 5766 3333 5835 24,
3364 5765 3582 5838 ejusque

1936 5907 1945 5912 δ
1984 5842 2297 5897 consortium
2325 5858 2355 5893 α
2384 5859 2437 5895 se
2466 5836 2617 5910 atque
2646 5843 3008 5896 commercium
3036 5836 3289 5894 abscidat.

2060 5922 2083 5949 °
2112 5912 2245 5968 Vide
2273 5924 2384 5969 not.
2421 5916 2454 5968 6
2479 5915 2681 5979 Quesn.
