4072 6358
524 407 667 466 1023

1650 395 1705 450 S.
1744 393 1988 453 LEONIS
2026 385 2240 449 MAG-NI
2278 383 2658 443 EPISTOLE.

3657 381 3801 444 1091

526 529 723 597 praeter
743 518 943 589 regiam
970 524 1224 571 coronam
1255 512 1414 567 etiam
1443 508 1836 565 sacerdotalem
1865 506 2108 564 conterat
2132 506 2189 569 Α
2210 518 2362 568 vore.
2394 509 2739 597 contemnat;
2770 499 3083 597 societatem
3113 498 3379 597 heretici,
3408 512 3568 570 quem
3596 500 3799 562 dudum

525 616 777 687 palmam.
801 610 933 665 Data
962 616 990 646 ει
1020 616 1173 662 sexto
1194 604 1311 660 idus
1344 602 1538 668 Martii,
1561 599 1807 671 Opilione
1839 600 1956 667 viro
1992 597 2109 654 cla-
2138 668 2143 674 .

526 706 739 764 rissimo
769 701 1014 760 consule.

920 816 1134 889 1188
1163 810 1535 869 EPIS’I‘OLAb
1555 810 1710 867 CXII.

893 920 916 947 c
953 926 1021 965 AD
1056 923 1392 965 PULCHERIAII
1445 920 1745 963 AUGUSTAI.

1024 1002 1102 1056 De
1132 1002 1275 1055 Aetio
1301 1010 1349 1056 et
1384 1000 1607 1054 Andrea.

520 1118 789 1174 SxNOPSts.
827 1147 897 1159 —
933 1116 972 1172 1.
1015 1116 1273 1169 Andream
1313 1113 1665 1168 ecclesiasticis
1704 1111 1853 1164 rebus
1880 1150 1893 1171 .
1935 1118 2106 1165 amoto

592 1192 759 1255 Aetio,
786 1188 1117 1261 praepositum
1151 1202 1257 1261 esse
1284 1186 1628 1261 conqueritur.
1657 1213 1730 1223 —-
1751 1184 1814 1237 ll.
1844 1182 2031 1235 Omnia
2053 1183 2107 1235 in

593 1258 1081 1332 statutn’pristinum
1109 1260 1308 1312 restitui
1328 1258 1571 1324 postulat.

772 1352 884 1407 Leo
914 1353 1201 1421 episcopus
1231 1351 1550 1405 Puncnsmaa
1580 1350 1853 1419 Augustae.

590 1465 716 1522 CAP.
769 1466 809 1520 Ι.
840 1495 911 1507 --
937 1466 1113 1521 Multis
1140 1465 1472 1521 exstantibus
1504 1462 1882 1529 documentisg
1913 1460 2107 1532 quibus

521 1556 549 1597 ἀ
580 1560 631 1613 in
661 1559 949 1614 dilectione
996 1559 1251 1613 Ecclesia:
1284 1559 1375 1612 Dei
1408 1556 1620 1627 pietatis
1658 1563 1853 1611 vestra:
1884 1552 2109 1608 manife-

522 1660 695 1705 statur
721 1651 955 1718 aﬁ‘eCtio,
988 1652 1181 1705 merito
1201 1651 1414 1720 quoties
1447 1650 1646 1719 aliquid
1682 1649 1919 1704 nascitur
1950 1662 2108 1701 scan-

521 1742 797 1807 dalorum,
831 1753 1069 1797 vestrum
1117 1741 1455 1797 desideratur
1502 1740 1756 1795 auxilium
1786 1758 1798 1792 :
1838 1747 1895 1793 ut
1931 1738 2102 1804 ﬁdes,

520 1849 641 1904 qua:
688 1834 1052 1889 annitentibus
1100 1835 1282 1899 vobis,
1315 1845 1499 1889 contra
1538 1833 1913 1888 haereticorum
1958 1846 2107 1887 com-

520 1935 700 1979 menta
726 1924 945 1979 defensa
982 1933 1095 1988 est,
1148 1940 1354 1980 secura:
1383 1926 1528 1994 pacis
1561 1934 1837 1993 perpetem
1867 1922 2110 1978 obtineat

523 2016 852 2072 ﬁrmitatem.
878 2018 1010 2071 Nam
1036 2018 1162 2088 quid
1191 2018 1408 2087 prodest
1432 2017 1563 2071 foris
1590 2015 1927 2071 adversarios
1964 2015 2109 2071 veri-

520 2114 645 2169 tatis
675 2127 980 2182 oppressos,
1013 2113 1056 2167 si
1087 2112 1305 2167 eosdem
1338 2112 1629 2166 habeamus
1660 2112 1799 2166 intra
1831 2110 2107 2164 Dominica

520 2213 672 2274 septa
712 2205 1013 2259 redivivos?
1055 2204 1208 2273 Quod
1259 2206 1437 2272 itaque
1486 2205 1628 2259 circa
1675 2218 1958 2273 personam
2009 2200 2107 2256 ﬁlii

520 2298 626 2351 mei
657 2296 795 2351 Aetii
830 2308 1038 2368 gestum
1070 2312 1190 2353 esse
1211 2297 1469 2367 cognovi,
1514 2298 1737 2352 nimium
1770 2312 1858 2351 me
1887 2295 2107 2350 anxium

514 2389 665 2456 facit,
699 2399 751 2445 et
774 2400 1012 2446 metuere
1033 2401 1179 2447 certa
1205 2393 1413 2446 ratione
1438 2392 1713 2463 compellit
1742 2405 1810 2446 ne
1838 2391 2107 2459 poeniten-

519 2479 646 2534 dum
680 2481 809 2536 mihi
842 2484 911 2537 sit
941 2483 1083 2552 quod
1115 2483 1181 2537 de
1204 2484 1456 2553 episcopo
1481 2480 2103 2552 Constantinopolitano,

522 2571 614 2641 qui
641 2573 708 2627 ab
737 2573 1199 2645 impngnatoribns
1244 2574 1365 2629 ﬁdei
1397 2574 1570 2629 fuerat
1600 2574 1878 2629 ordinatus
1898 2614 1913 2639 ,
1954 2572 2107 2627 vobis

524 2663 933 2720 adhortantibus
959 2709 973 2733 ,
1007 2667 1249 2736 acquievi
1281 2668 1505 2721 meliora
1537 2668 1759 2731 sentire,
1806 2680 1928 2719 cum
1962 2674 2108 2719 tanto

518 2762 735 2835 pietatis
764 2770 955 2817 vestrae
987 2762 1293 2815 testimonio
1320 2764 1620 2829 juvaretur,
1649 2775 1716 2813 ne
1747 2759 1892 2813 illum
1915 2773 2107 2828 grava-

519 2864 604 2910 ret
630 2870 743 2909 sua:
778 2853 1128 2909 ordinationis
1159 2852 1442 2907 inﬁrmitas
1464 2895 1477 2920 ,
1513 2852 1601 2905 ubi
1632 2861 1809 2905 veStra
1840 2851 2110 2904 interven-

523 2947 599 3001 tio
631 2954 995 3014 prmstaretur.
1035 2944 1187 3000 Unde
1214 2946 1473 3014 gratulari
1498 2959 1769 3014 cmperam
1794 2944 1933 3010 quod
1968 2942 2110 2997 beati

524 3038 765 3094 Flaviani
794 3047 818 3074 ε
851 3038 1117 3093 honorare
1149 3037 1495 3103 memoriam,
1532 3046 1586 3091 ct
1618 3036 1989 3091 htereticorum
2019 3049 2112 3090 co-

524 3132 736 3187 natibus
764 3132 1028 3187 obsistere
1074 3132 1369 3187 diceretur.
1411 3131 1515 3188 Sed
1552 3130 1710 3185 doleo
1759 3130 1929 3197 illum,
1973 3130 2113 3184 sicut

519 3224 765 3295 praedicti
806 3226 1166 3297 lacrymabilis
1214 3226 1433 3296 querela
1471 3225 1824 3290 demonstrat,
1868 3225 1923 3279 in
1954 3224 2107 3280 dete-

520 3320 664 3374 riora
695 3328 979 3384 mntatum,
1010 3328 1065 3374 et
1088 3336 1209 3373 eum
1244 3335 1383 3374 nunc
1411 3319 1757 3374 constituisse
1778 3318 2109 3375 archidiaco-

520 3424 672 3473 num,
696 3425 851 3479 quem
882 3412 994 3478 ipse
1025 3410 1296 3479 professus
1324 3419 1405 3465 est
1436 3426 1466 3463 a
1488 3425 1547 3465 se
1570 3424 1690 3464 esse
1713 3409 1993 3478 rejectum,
2019 3410 2111 3481 qui

524 3501 872 3573 Eutychianze
908 3502 1181 3558 htereseos
1214 3517 1273 3557 se
1308 3501 1329 3539 τ
1368 3502 1507 3571 apud
1543 3517 1641 3557 nos
1673 3501 1979 3571 prodiderat
2017 3502 2112 3557 de-

524 3592 817 3649 fensorem.
865 3594 1034 3660 Quem
1080 3594 1203 3665 quia
1258 3609 1400 3649 nunc
1447 3594 1832 3649 ecclesiasticis
1885 3596 2111 3665 negotiis

527 3686 850 3753 praeposuit,
897 3695 1115 3754 propter
1146 3683 1453 3739 haereticam
1486 3686 1899 3753 perversitatem
1931 3684 2110 3740 eidem

523 3777 759 3833 favorem
790 3792 946 3832 suum
971 3786 1224 3846 priestare
1250 3778 1618 3843 convincitur;
1644 3777 1732 3845 qui
1754 3777 1963 3833 etiamsi
1994 3792 2107 3833 ma-

522 3886 625 3941 gna
656 3870 1021 3927 satisfactione
1050 3871 1310 3938 potuisset
1350 3870 1740 3940 indulgentiam
1778 3872 2105 3939 promereri,

530 3964 741 4035 1189
768 3978 1103 4033 nequaquam
1130 3963 1316 4019 debuit
1343 3961 1426 4018 bis
1464 3963 1555 4033 qui
1581 3964 1633 4017 in
1664 3962 1771 4018 ﬁde
1798 3978 2109 4032 permanse-

524 4066 646 4110 rant
671 4055 949 4110 anteferri.

593 4145 722 4202 CAP.
754 4146 1052 4203 lI.—Unde
1072 4148 1195 4217 quia
1224 4162 1329 4203 non
1361 4148 1491 4204 latet
1513 4148 1851 4205 clementiam
1875 4159 2110 4206 vestram

523 4250 777 4313 quantum
821 4242 1043 4311 periculi
1080 4253 1169 4295 aut
1196 4258 1293 4311 per
1324 4243 1624 4311 pudendam
1656 4244 1983 4311 socordiam,
2016 4252 2109 4299 aut

524 4352 619 4405 per
644 4337 889 4391 dolosam
934 4336 1222 4406 nequitiam
1250 4340 1535 4403 nutriatur,
1565 4337 1862 4408 dignemini
1894 4337 2107 4407 episco-

526 4446 649 4499 pum
674 4430 739 4484 ad
766 4429 1150 4499 professionem
1175 4444 1285 4483 suze
1305 4430 1425 4484 ﬁdei
1447 4434 1763 4486 auctoritate
1786 4443 1977 4487 vestra:
1998 4432 2110 4489 cle-

526 4524 741 4579 mentite
766 4539 1039 4579 revocare.
1070 4532 1093 4570 8
1123 4524 1239 4578 Non
1263 4525 1362 4579 sibi
1392 4526 1487 4579 has
1506 4527 1742 4581 maculas
1763 4527 2107 4595 superducat,

527 4631 626 4672 nec
654 4618 1104 4673 existimationem
1134 4631 1309 4685 suam,
1338 4633 1498 4687 quam
1521 4629 1703 4673 vestro
1726 4619 2012 4688 acquisivit
2032 4619 2113 4674 fa-

598 4763 623 4791 ι
648 4752 705 4807 1η
732 4767 899 4817 marg.
923 4752 1212 4815 editorum,
1242 4768 1274 4805 v
1300 4752 1437 4807 idus.

598 4824 624 4862 δ
652 4826 798 4878 Alias
828 4824 915 4877 85.
950 4824 1078 4887 Qua:
1104 4835 1279 4877 autem
1304 4834 1460 4878 antea
1493 4822 1596 4879 “2
1623 4832 1767 4889 erat,
1800 4839 1942 4880 nunc
1983 4824 2105 4881 142.

530 4895 736 4959 Scripta
774 4895 838 4946 10
871 4894 1039 4946 Martii
1071 4910 1156 4947 an.
1184 4894 1310 4950 455.

603 4979 622 5004 ε
656 4967 963 5033 llelegimus
990 4979 1109 5017 cum
1144 4980 1272 5017 tn~s.
1306 4966 1521 5020 collect.
1554 4966 1620 5019 12
1644 4975 1695 5020 et
1722 4965 1825 5031 24,
1861 4981 1958 5021 nec
2003 4983 2108 5023 non

528 5054 646 5093 eum
676 5035 796 5089 Vat.
816 5036 911 5089 5M
942 5043 1099 5109 atque
1122 5052 1241 5089 cttm
1265 5038 1512 5103 exemplo
1540 5037 1806 5109 Sichardi,
1836 5038 1887 5092 in
1916 5039 2111 5109 quibus

532 5119 736 5164 tantum
770 5109 903 5159 hanc
935 5107 1213 5174 epistolam
1248 5111 1484 5175 reperire
1513 5108 1679 5162 licuit.

600 5179 627 5217 αι
659 5180 767 5243 ΛΙ.,
794 5179 845 5230 in
869 5178 1209 5231 dilectionem.

606 5262 626 5288 ε
655 5251 763 5311 ΑΙ..
797 5250 1088 5301 Itonoraret.

607 5324 623 5359 ί
661 5321 713 5374 ld
750 5322 988 5375 Andreas
1016 5320 1100 5373 vel
1128 5318 1321 5374 absens
1343 5335 1438 5390 per
1463 5323 1742 5391 epistolam
1776 5324 1840 5379 ad
1875 5324 2107 5380 Leonem

530 5396 781 5466 scriptam
834 5391 1184 5466 praestiterat,
1216 5393 1299 5445 vel
1348 5407 1529 5466 coram
1559 5397 1769 5460 verbis,
1804 5396 1847 5449 si
1893 5396 2107 5466 quidem

532 5480 651 5520 eum
686 5463 909 5537 Romam
942 5463 1234 5537 accessisse
1260 5478 1327 5517 ex
1355 5462 1455 5518 hoc
1493 5466 1612 5521 loco
1638 5462 1996 5537 colligendum
2018 5468 2105 5537 sit,

534 5546 587 5590 u‘.
614 5536 882 5589 nonnullis
917 5532 1145 5587 videtur.

606 5616 630 5653 κ
658 5604 833 5659 Nostri
858 5603 1011 5657 codd.
1039 5616 1091 5658 et
1115 5604 1428 5671 Sichardus,
1474 5606 1554 5661 Ne
1575 5608 1735 5661 sibi...
1769 5626 1831 5663 ne
1852 5609 2108 5664 existinm-

532 5680 739 5733 tionem.
777 5676 982 5745 Vulgati
1014 5687 1138 5732 ante
1174 5676 1407 5743 Quesn.,
1447 5678 1514 5731 Et
1547 5694 1609 5731 ne
1636 5680 1799 5735 sibi...
1854 5696 1915 5735 ne
1936 5682 2111 5735 existi-

538 5761 829 5803 mulionem.

614 5819 802 5894 eUcto
852 5827 1137 5894 sequentes
1174 5822 1399 5894 voculas
1430 5837 1458 5876 a
1496 5822 1785 5889 Quesnello
1836 5825 2109 5894 suppletas

540 5892 791 5948 omittunt
818 5888 948 5945 editi
987 5906 1107 5946 cum
1140 5908 1269 5951 mss.
1301 5888 1609 5954 collectfl“).
1642 5905 1694 5952 ct
1720 5888 1993 5969 exetnplar
2024 5897 2109 5953 Si-

2213 614 2243 651 a
2274 612 2333 653 se
2362 594 2611 663 removit,
2638 593 2902 662 abscidat,
2934 590 2965 631 ιι
2992 601 3047 649 et
3079 593 3323 663 persequi
3345 607 3467 649 eum
3496 609 3656 665 quem
3674 611 3801 667 gn.

2216 691 2409 747 tiorem
2440 689 2629 745 debuit
2658 688 2859 744 habere
2880 687 3122 742 desistat.
3157 686 3324 756 Cujus
3353 686 3675 744 innocentia:
3702 705 3801 747 vos

2214 785 2286 841 ita
2312 785 2527 840 aﬁuisse
2544 782 2773 855 gaudeo,
2799 792 2855 836 ut
2872 780 3093 837 mterori
3111 780 3230 851 ejus
3251 780 3410 851 digna
3429 782 3804 839 consolatione

2211 886 2388 932 vestra
2420 878 2591 947 pietas
2616 874 2945 930 subveniret.
2971 872 3128 928 Circa
3158 871 3381 928 fratrem
3410 889 3613 943 meum,
3636 890 3802 931 vene.

2210 979 2443 1025 ratorem
2474 978 2714 1025 vestrum
2741 968 3009 1023 lulianum
3039 966 3375 1037 episcOpum,
3405 976 3664 1037 quantum
3697 968 3803 1026 de-

2210 1060 2335 1117 beat
2363 1076 2609 1117 crescere
2638 1069 2815 1117 vestra
2850 1059 3109 1132 dignatio,
3146 1060 3456 1131 apostolicae
3482 1062 3630 1117 sedis
3660 1064 3807 1118 aesti-

2210 1162 2353 1209 mate
2382 1152 2580 1222 judicio
2609 1169 2623 1207 :
2659 1168 2780 1209 cum
2824 1153 2879 1207 in
2910 1166 3073 1207 causa
3108 1151 3264 1219 ﬁdei,
3299 1152 3385 1207 cui
3411 1152 3584 1223 gloria
3623 1160 3808 1208 vestra

2208 1244 2520 1310 famulatur,
2544 1245 2717 1300 vicem
2743 1245 2843 1315 ipsi
2867 1259 3041 1299 meam
3068 1253 3293 1301 eatenus
3314 1244 3627 1315 delegarim,
3658 1253 3718 1299 ut
3736 1246 3808 1298 ab

2211 1352 2273 1393 ea
2300 1352 2419 1407 quae
2441 1336 2595 1392 vobis
2622 1336 2849 1392 debetur
2879 1336 3219 1392 observantia
3242 1352 3348 1392 non
3375 1337 3662 1403 recedens,
3691 1338 3807 1407 pie-

2210 1430 2307 1485 tati
2329 1446 2416 1486 me
2446 1438 2641 1486 vestra:
2670 1440 3003 1501 prtesentare
3025 1445 3130 1486 non
3152 1430 3401 1487 desinat:
3425 1446 3728 1503 exsequens
3750 1433 3807 1488 in

2211 1523 2454 1579 custodia
2503 1523 2656 1589 ﬁdei,
2717 1532 2772 1578 et
2824 1523 2877 1577 in
2935 1518 3317 1580 ecclesiasticis
3360 1524 3657 1594 disciplinis
3709 1539 3808 1595 per

2211 1620 2390 1674 omnia
2428 1617 2846 1673 sollicitudinem
2889 1616 2905 1653 ί
2938 1633 3133 1683 meam,
3179 1626 3233 1673 et
3261 1620 3581 1688 opportunis
3605 1632 3807 1688 suggeo

2212 1712 2505 1779 stionibus,
2522 1710 2667 1782 quod
2691 1711 2981 1766 universali
2998 1710 3256 1767 Ecclesiae
3277 1711 3470 1781 prosit,
3486 1710 3804 1766 insinuans:

2210 1816 2271 1861 ut
2299 1807 2352 1861 in
2384 1808 2501 1877 ipso
2542 1820 2640 1861 nec
2667 1805 2949 1860 catholicis
2976 1813 3212 1861 vestrum
3242 1804 3574 1875 prtesidium,
3610 1803 3811 1873 quibus

2138 1892 2185 1953 B
2211 1898 2459 1953 volumus
2501 1896 2513 1946 i
2568 1896 2861 1960 subveniri,
2908 1910 3007 1951 nec
3046 1911 3229 1951 meum
3269 1895 3421 1950 vobis
3461 1894 3603 1951 desit
3646 1894 3811 1949 obsc-

2210 1989 2417 2059 quium.
2450 1988 2582 2042 Data
2616 1995 2770 2043 sexto
2806 1986 2925 2042 idus
2952 1985 3150 2055 Martii,
3189 1987 3439 2057 Opilione
3470 1987 3587 2042 viro
3616 1986 3812 2041 claris-

2210 2082 2349 2136 simo
2370 2080 2614 2137 consule.

2702 2150 3041 2206 EPISTOLA
3070 2148 3097 2188 ¹ί
3127 2149 3313 2205 CXIII.

2498 2244 2515 2283 Ῑ
2549 2263 2618 2301 ΔΙ)
2644 2262 2904 2302 JULIANUI
2937 2261 3225 2301 EPISCOPUI
3255 2257 3515 2299 COENSEI.

2704 2336 2780 2389 De
2811 2336 2954 2389 Aetio
2983 2345 3031 2389 et
3072 2336 3299 2388 Andrea.

2214 2426 2607 2484 SYNOPSIS.—I.
2646 2427 2797 2494 Quod
2828 2429 2927 2495 ipsi
2954 2427 3115 2479 multa
3155 2428 3365 2495 patienti
3393 2443 3689 2498 compassus
3714 2427 3814 2494 sit,

2286 2502 2479 2569 gratias
2503 2500 2632 2569 agit,
2656 2498 2812 2569 simul
2840 2501 2902 2552 de
2924 2499 3058 2552 Aetii
3080 2498 3361 2567 dejectione
3380 2500 3818 2569 expostulatis.—

2281 2567 2346 2623 ll.
2370 2567 2776 2641 JulianutnCP.
2798 2571 2849 2622 in
2873 2571 3091 2641 speculis
3108 2571 3335 2623 esseuult
3362 2567 3454 2639 pro
3480 2569 3817 2641 causaﬁdei.

2281 2640 2578 2693 Anatolium
2604 2640 2665 2693 ab
2694 2639 2997 2711 imperatore
3025 2656 3132 2693 esse
3160 2642 3494 2711 increpatum.
3512 2639 3686 2694 -ΙΙΙ,
3722 2640 3809 2694 De

2284 2713 2507 2765 tumultu
2532 2712 2893 2764 monac/torum
2916 2709 3284 2781 Egyptiorum
3300 2709 3353 2762 et
3376 2709 3815 2781 Ifalazstinorum.

2282 2812 2352 2819 —
2377 2782 2463 2836 IV.
2506 2780 2580 2835 De
2626 2784 2840 2852 epistola
2883 2799 2977 2835 sua
2996 2779 3061 2834 et
3108 2784 3172 2834 de
3211 2782 3337 2835 actis
3375 2779 3819 2836 Chalcedonensis

2285 2854 2471 2922 synodi
2496 2854 2547 2905 in
2579 2852 2821 2906 Latinum
2855 2852 3228 2908 conuertendis.

2292 2946 2503 3017 1190
2543 2944 2653 3001 Leo
2680 2948 2964 3017 episcopus
2999 2944 3185 2999 Romae
3220 2944 3451 2999 Jununo
3482 2943 3740 3012 episcopo

2898 3014 3117 3071 Coensi.
3710 3026 3716 3031 ‘

2284 3132 2412 3188 Car.
2436 3131 2765 3202 l.—Agnovi
2796 3132 2851 3186 in
2884 3130 3189 3187 dilectionis
3218 3142 3322 3185 tute
3342 3129 3537 3186 litteris
3559 3129 3821 3185 fraterna

2214 3225 2495 3281 charitatis
2539 3225 2822 3281 allectum:
2861 3225 3003 3295 quod
3034 3233 3073 3261 ω
3101 3224 3169 3279 de
3204 3224 3380 3290 malis,
3415 3239 3533 3293 quae
3561 3221 3728 3277 multa
3761 3230 3822 3277 et

2218 3332 2359 3372 sreva
2407 3319 2745 3386 pertulimus,
2790 3318 2877 3387 pio
2918 3318 3196 3371 nobiscum
3235 3316 3422 3371 dolore
3460 3314 3818 3385 compateris.

2218 3410 2324 3469 Sed
2354 3411 2555 3464 utinam
2586 3409 2721 3477 haec,
2755 3425 2877 3479 qua:
2908 3424 3007 3464 nos
3038 3409 3247 3479 perpeti
3285 3408 3543 3463 Dominus
3570 3418 3663 3462 aut
3689 3421 3820 3477 per-

2217 3503 2365 3557 misit
2402 3513 2494 3557 aut
2522 3503 2715 3571 voluit,
2743 3503 2809 3558 ad
2837 3505 3231 3559 correctionem
3262 3504 3590 3573 proliciant'l
3619 3517 3819 3557 serva-

2218 3606 2417 3663 torum,
2441 3604 2571 3651 etut
2592 3596 2841 3651 desinant
2869 3596 3259 3663 adversitates,
3287 3594 3539 3649 ﬁniantur
3564 3592 3817 3649 oﬁ’ensm.

2217 3690 2370 3759 Quod
2392 3699 2682 3759 utrumque
2708 3691 2777 3746 de
2800 3705 2989 3761 magna
3017 3693 3122 3746 crit
3147 3688 3518 3745 misericordia
3541 3687 3664 3756 Dei,
3691 3688 3743 3742 si
3763 3695 3822 3744 et

2215 3782 2422 3853 ﬂagella
2454 3794 2753 3847 removeat,
2785 3792 2836 3838 et
2866 3783 2934 3837 ad
2962 3797 3023 3839 se
3053 3798 3274 3837 suorum
3306 3780 3471 3837 corda
3498 3787 3818 3837 convertat.

2214 3876 2366 3932 Sicut
2416 3885 2595 3930 autem
2635 3876 3028 3931 fraternitatem
3080 3885 3225 3929 tuam
3257 3890 3321 3930 ea
3366 3888 3486 3945 quae
3536 3871 3677 3943 apud
3710 3886 3821 3928 nos

2216 3979 2241 4006 ο
2264 3970 2508 4026 desaeviit
2530 3970 2868 4025 contristavit
2890 3969 3184 4037 hostilitas,
3206 3969 3279 4023 ita
3308 3982 3395 4023 me
3416 3966 3634 4022 anxium
3660 3964 3821 4031 facit,

2216 4062 2357 4131 quod
2388 4061 2442 4117 in
2479 4061 3068 4129 ConstantinOpolitana
3108 4060 3374 4125 Ecclesia,
3413 4065 3674 4129 quantum
3706 4067 3824 4112 tua:

2217 4154 2455 4209 indicant
2482 4154 2695 4220 litterte,
2727 4153 3106 4208 hccreticorum
3135 4151 3347 4207 insidia:
3371 4166 3477 4206 non
3500 4150 3821 4218 quiescunt,

2216 4258 2271 4304 et
2299 4258 2325 4297 P
2369 4248 2650 4315 exquisitis
2689 4246 3084 4314 occasionibus,
3128 4246 3182 4300 hi
3227 4246 3317 4315 qui
3362 4243 3645 4300 catholicae
3688 4240 3826 4298 ﬁdei

2217 4340 2531 4396 defensores
2554 4339 2723 4402 fuere,
2749 4348 3035 4395 vexantur.
3062 4338 3197 4393 Nam
3229 4337 3356 4392 dum
3386 4336 3576 4392 Aetius
3600 4336 3669 4389 ab
3690 4334 3827 4389 ofﬁ-

2215 4434 2301 4489 cio
2331 4433 2796 4488 archidiaconatus
2819 4443 2846 4482 ιι
2878 4446 2977 4503 per
3003 4432 3240 4501 speciem
3267 4430 3635 4501 provectionis
3663 4442 3829 4483 amo-

2218 4535 2392 4593 vetur,
2422 4534 2475 4580 et
2502 4526 2553 4580 in
2581 4526 2755 4580 locum
2780 4524 2899 4595 ejus
2927 4523 3195 4589 Andreas,
3217 4522 3308 4593 qui
3335 4521 3405 4576 ob
3431 4520 3827 4576 haereticorum

2219 4622 2529 4677 societatem
2573 4620 2746 4676 luerat
2783 4619 3047 4687 abiectus,
3082 4616 3413 4681 assumitur;
3460 4615 3588 4669 dum
3641 4612 3831 4668 beatas

2138 4757 2193 4819 D
2216 4756 2425 4813 Chardi.

2295 4828 2309 4866 ί
2346 4830 2457 4883 Duo
2481 4827 2639 4883 codd.
2678 4826 2886 4882 collect.
2920 4825 2986 4879 l2
3011 4832 3067 4879 et
3110 4823 3230 4878 Vat.
3263 4823 3363 4879 541
3399 4836 3522 4877 cum
3560 4819 3833 4877 omnibus

2216 4900 2446 4968 vulgatis
2476 4911 2599 4952 ante
2633 4898 2977 4967 Quesnellutn
3001 4896 3185 4951 delent
3214 4910 3397 4949 meam.

2292 4982 2305 5020 t
2344 4972 2453 5035 AL,
2483 4972 2767 5025 subvenire.

2287 5041 2313 5079 ¹ί
2348 5032 2491 5097 Alias
2516 5044 2603 5097 8li.
2638 5042 2767 5108 Quas
2797 5050 2974 5094 autem
3004 5048 3163 5094 antea
3198 5036 3302 5093 115
3344 5043 3482 5101 erat,
3515 5047 3657 5089 nunc
3684 5032 3835 5088 1H.

2217 5113 2422 5181 Scripta
2457 5113 2517 5165 11
2554 5113 2725 5165 Martii
2755 5127 2841 5166 an.
2872 5112 2995 5166 455.

2295 5183 2310 5222 1
2342 5178 2531 5239 Exstat
2562 5186 2612 5235 in
2646 5199 2777 5238 mss.
2811 5185 3021 5239 collect.
3063 5180 3151 5246 12,
3181 5180 3250 5235 l8
3280 5187 3333 5235 et
3359 5178 3453 5245 24,
3483 5193 3583 5233 nec
3614 5192 3727 5233 non
3771 5180 3833 5233 in

2149 5260 2154 5264 ’
2218 5257 2515 5318 exemplari
2545 5254 2814 5310 Sichardi.

2289 5317 2498 5402 m_Edit_i
2515 5326 2822 5402 anteriores
2849 5323 3140 5402 Quesnello
3168 5337 3288 5402 cum
3314 5336 3444 5402 mss.
3475 5318 3601 5402 Vat:
3638 5317 3838 5402 lii-0,

2218 5412 2279 5471 ac
2310 5397 2445 5471 Ven.
2468 5397 2574 5471 169
2603 5390 2989 5471 collect._12_et
3018 5410 3138 5449 cum
3188 5394 3305 5471 Vat.
3333 5391 3438 5447 5M
3464 5399 3520 5471 et
3548 5390 3672 5471 Yet.
3702 5390 3841 5471 ἰξε-

2218 5469 2356 5538 gina:
2389 5470 2489 5524 159
2520 5470 2730 5523 collect.
2769 5468 2837 5521 ‘24
2864 5467 3067 5521 addunt
3099 5464 3307 5527 multis;
3352 5471 3407 5516 et
3445 5461 3701 5515 similiter
3735 5460 3841 5517 Si-

2221 5540 2471 5594 chardus.
2520 5539 2687 5594 Mala.
2729 5554 2851 5594 quas
2891 5540 3052 5592 multa
3092 5546 3138 5590 et
3178 5551 3311 5589 swva
3351 5532 3440 5586 hic
3480 5531 3837 5594 indicantur,

2221 5546 2471 5595 chardus.
2520 5546 2687 5603 Mala,
2729 5554 2851 5609 quae
2891 5546 3052 5592 multa
3092 5546 3138 5590 et
3178 5551 3311 5589 swva
3351 5546 3440 5586 nte
3480 5546 3837 5599 mercantur,

2220 5613 2401 5666 Attilae
2432 5612 2781 5679 irruptionem
2812 5609 2865 5665 in
2893 5608 3102 5665 Italiam
3132 5606 3444 5676 respiciunt.

2290 5692 2316 5717 η
2340 5684 2415 5737 ita
2440 5682 2609 5737 Gritn.
2636 5682 2748 5748 AL,
2780 5680 3081 5735 multorum.

2294 5763 2317 5789 °
2348 5754 2435 5809 Sic
2465 5770 2531 5807 ex
2559 5753 2747 5807 eodem
2778 5753 2946 5808 Grim.
2981 5752 3091 5816 AL,
3124 5749 3242 5818 fuit.

2288 5836 2315 5875 r
2346 5826 2559 5894 Antiqui
2588 5825 2784 5892 vulgati
2816 5835 2869 5879 et
2898 5821 3211 5888 Sichardus,
3242 5818 3492 5889 quarsitis.

2292 5908 2317 5947 τι
2351 5896 2481 5955 Vide
2505 5906 2616 5953 not.
2655 5896 2899 5963 lQuesn.
