4072 6358
271 382 412 450 4023

1624 384 1957 456 EPISTOLA
1996 394 2175 459 CXIII.

3406 402 3541 465 ιοεα

270 504 547 561 memoria:
579 498 816 561 Flaviani
854 504 1255 565 accusatoribus
1298 507 1469 566 honor
1499 512 1760 583 redditur,
1798 528 1852 574 et
1876 522 1932 581 Α
1957 520 2253 576 sollicitus:
2293 534 2413 575 cum
2443 519 2489 574 si
2529 519 2657 591 quid
2705 516 2783 576 illi
2823 521 3025 578 inesset
3057 520 3353 593 spiritualis
3386 522 3536 585 indu—

269 597 496 667 piissimi
518 596 845 654 confessoris
862 603 1149 670 participes
1171 613 1262 657 aut
1281 602 1531 674 discipuli
1562 614 1589 643 ι
1611 617 1852 663 οοηειθινο

267 699 489 756 nuntur,
528 690 689 746 nimis
731 703 915 762 aperte
949 696 1076 765 quid
1107 696 1360 766 episcopo
1393 697 1646 753 Ecclesiae
1686 700 1852 769 ipsius

263 782 475 851 placeat
506 783 998 841 demonstratur.ln
1030 802 1185 855 quem
1215 803 1313 859 pro
1338 803 1513 844 causa!
1532 792 1723 847 merito
1744 792 1849 847 dif-

263 876 378 929 fero
408 878 773 943 commoveri;
810 889 862 933 et
904 880 1029 948 quid
1062 882 1175 950 ipse
1206 897 1415 936 mecum
1442 899 1561 937 cum
1590 884 1701 937 suis
1732 886 1849 954 epi-

258 970 412 1024 stolis
448 979 592 1041 agat,
625 986 757 1039 quas
797 974 1084 1027 missurum
1118 990 1239 1028 eum
1283 975 1422 1029 ﬁlius
1453 987 1636 1031 noster
1663 980 1849 1033 Aetius

257 1061 535 1130 indicavit,
563 1074 844 1134 exspecto:
877 1066 1009 1120 dans
1040 1068 1214 1122 locum
1245 1069 1562 1124 voluntariae
1593 1075 1850 1127 emenda-

256 1155 411 1221 tioni,
444 1173 547 1227 qua
580 1158 820 1213 dolorem
850 1175 1025 1214 meum
1058 1162 1215 1230 cupio
1248 1163 1499 1232 mitigari.
1524 1164 1847 1222 Clementis-

252 1246 390 1300 simo
424 1258 601 1305 tamen
627 1251 852 1321 principi
881 1262 935 1307 et
965 1254 1220 1322 piissimae
1244 1257 1496 1325 Augustze
1523 1257 1590 1313 de
1618 1258 1698 1311 his
1724 1274 1845 1327 qute

254 1338 320 1392 ad
358 1342 658 1396 custodiam
704 1346 849 1413 pacis
888 1346 1269 1401 ecclesiastica:
1314 1349 1579 1416 pertinent
1616 1350 1839 1416 scripsi;

253 1446 389 1500 quos
418 1434 707 1490 devotione
735 1450 845 1489 sua:
872 1436 994 1491 ﬁdei
1028 1440 1338 1507 provisuros
1359 1454 1479 1495 esse
1504 1457 1606 1495 non
1631 1442 1836 1512 dubito,

250 1538 320 1579 ne
345 1538 535 1580 contra
566 1527 792 1597 gloriam
826 1532 1004 1599 operis
1041 1531 1301 1600 ipsorum,
1333 1532 1584 1589 damnata
1617 1535 1840 1591 haeresis

249 1617 274 1656 δ
306 1620 482 1675 valeat
515 1622 801 1691 pullulare.

314 1710 449 1768 CAP.
474 1714 859 1772 ll.~—Studeat
886 1734 1015 1789 ergo
1041 1718 1260 1776 dileCIiO
1291 1730 1401 1790 tua,
1436 1722 1599 1777 frater
1634 1722 1839 1779 charis-

246 1804 401 1871 sime,
437 1809 577 1878 piam
609 1820 661 1865 et
700 1814 1060 1867 necessariam
1101 1829 1286 1869 curam
1334 1815 1679 1869 sollicitudini
1709 1831 1839 1885 apo-

1951 612 2124 677 'strite,
2162 612 2234 666 ita
2264 620 2318 667 et
2348 626 2378 665 a
2418 613 2613 683 quibus
2650 614 2929 670 ordinatus
2957 616 3046 681 sit,
3074 624 3129 671 et
3158 616 3244 670 cui
3275 616 3389 671 viro
3416 630 3543 671 suc-

1958 704 2183 759 cesserit
2213 704 2449 774 cogitare
2477 706 2723 772 deberet,
2766 718 2821 761 ut
2866 708 3033 778 magis
3073 708 3284 763 beatum
3330 707 3535 764 Flavia-

1957 810 2106 864 num,
2141 811 2298 865 quam
2330 799 2410 851 sui
2443 799 2661 853 honoris
2691 808 3009 869 sequeretur
3037 810 3304 856 auctores.
3328 799 3398 854 Et
3419 798 3538 855 ideo

1956 903 2076 941 cum
2120 888 2344 956 piissimi
2385 889 2652 959 principes
2703 901 2726 938 8
2770 893 3060 946 secundum
3106 892 3537 949 obsecrationem

1952 996 2126 1036 meam
2156 982 2357 1051 dignati
2389 984 2587 1038 fuerint
2615 985 2837 1039 fratrem
2874 985 3178 1040 Anatolium
3205 987 3272 1041 de
3303 988 3385 1041 his
3413 1000 3534 1056 qute

1952 1074 2149 1128 merito
2172 1078 2223 1129 in
2250 1077 2522 1144 querelam
2551 1076 2770 1130 veniunt
2807 1075 3108 1145 increpare,
3136 1072 3162 1111 ³³
3189 1076 3375 1147 jungat
3401 1077 3531 1131 cha-

1950 1168 2082 1222 ritas
2125 1178 2210 1221 tua
2255 1170 2582 1235 diligentiam
2634 1184 2807 1233 suam,
2854 1178 2909 1223 ut
2956 1172 3205 1223 universa
3256 1169 3530 1239 scandala,

1950 1259 2186 1313 adhibita
2220 1260 2526 1329 plenissima
2553 1261 2889 1315 correctione
2930 1272 3260 1327 resecentur,
3293 1274 3344 1315 et
3380 1280 3407 1313 a
3438 1260 3531 1317 ﬁlii

1950 1352 2120 1405 nostri
2145 1353 2283 1406 Aetii
2302 1361 2480 1406 cesset
2500 1352 2725 1420 injuriis.
2752 1352 2883 1405 Nam
2913 1354 3051 1420 apud
3074 1351 3395 1406 catholicum
3418 1353 3530 1422 epi-

1948 1460 2192 1515 sc0pum,
2233 1444 2435 1500 ietiam
2477 1447 2519 1499 si
2554 1457 2667 1500 erat
2706 1445 2847 1514 quod
2890 1460 3224 1515 quacumqne
3259 1445 3326 1498 de
3368 1459 3528 1501 causa

1945 1538 2372 1593 succensendum
2413 1538 2790 1591 archidiacono
2830 1536 3123 1600 videretur,
3159 1544 3377 1605 prepter
3405 1534 3527 1593 ﬁdei

1945 1633 2303 1686 reverentiam
2335 1630 2523 1684 debuit
2554 1630 2909 1699 praetermitti,
2956 1628 3129 1698 potius
3157 1644 3319 1699 quam
3350 1629 3524 1684 locum

1944 1723 2191 1777 Catholici
2230 1722 2588 1791 nequissimus
2627 1721 2909 1775 haereticus
2939 1722 3223 1775 obtineret.
3257 1718 3390 1774 Cum
3428 1721 3522 1775 ita-

1941 1828 2046 1883 que
2076 1828 2196 1882 quze
2231 1819 2525 1879 sequantur
2554 1826 2843 1881 agnovere,
2886 1822 3009 1864 tunc
3036 1811 3368 1864 manifestius
3398 1810 3521 1879 qttid

248 1898 454 1954 stolicte
489 1901 634 1957 sedis
670 1902 1005 1973 impendere,
1048 1921 1167 1976 quae
1214 1908 1306 1960 tibi
1347 1908 1485 1977 apud
1526 1923 1586 1964 se
1629 1908 1832 1963 nun-iro
1866 1909 1914 1969 Β
1941 1904 2025 1973 agi
2058 1912 2301 1972 oporteat
2331 1903 2633 1957 aestimabo.
2672 1903 2803 1956 Nam
2831 1902 3066 1969 interim,
3092 1904 3277 1957 dolore
3312 1903 3519 1974 1192

240 1989 562 2047 catholicam
593 2003 780 2049 contra
810 1995 1155 2053 Nestorianos
1187 2008 1242 2053 et
1271 1999 1636 2070 Eutychianos
1668 2000 1831 2057 luere-

239 2082 377 2138 ticos
414 2086 681 2141 actionem
720 2100 966 2144 materno
998 2089 1119 2160 jure
1160 2092 1520 2159 commendat,
1562 2102 1618 2147 ut
1646 2094 1829 2150 divino

237 2175 404 2231 fultus
454 2179 691 2245 auxilio,
749 2184 1018 2252 speculari
1087 2184 1155 2239 de
1221 2185 1828 2253 Constantinopolitante

237 2266 387 2321 urbis
418 2273 822 2340 opportunitate
860 2289 965 2330 non
996 2276 1243 2343 desinas;
1278 2288 1300 2315 ε
1334 2294 1401 2333 ne
1444 2278 1825 2348 praedictorum

233 2356 545 2428 dogmatum
578 2365 773 2434 impius
808 2382 1037 2436 usquam
1071 2369 1228 2423 turbo
1264 2380 1574 2440 consurgat.
1610 2373 1674 2426 Et
1704 2373 1825 2441 quia

232 2459 379 2505 tanta
407 2464 492 2508 est
512 2456 864 2524 gloriosorum
893 2461 1193 2530 principum
1217 2459 1244 2497 ἀ
1272 2462 1423 2526 ﬁdes,
1464 2472 1519 2516 ut
1553 2464 1825 2519 conﬁden-

231 2552 311 2598 ter
343 2545 426 2599 eis
453 2549 628 2615 possis
657 2564 776 2619 quae
796 2560 921 2605 sunt
948 2552 1266 2607 insinuanda
1289 2568 1597 2622 suggerere,
1627 2556 1824 2622 pietate

227 2633 470 2704 ipsorum
500 2638 565 2693 ad
604 2641 890 2697 utilitatem
936 2643 1193 2699 Ecclesiae
1238 2645 1556 2701 universalis
1612 2648 1820 2719 1191

227 2727 421 2783 utaris.
460 2735 485 2763 °
524 2730 857 2791 Consulente
894 2745 1071 2792 autem
1119 2738 1409 2794 dilectione
1439 2749 1526 2794 tua
1557 2740 1624 2795 de
1656 2742 1738 2795 his
1766 2742 1821 2797 in

224 2820 423 2889 quibus
453 2827 729 2895 putaveris
770 2829 1168 2900 ambigendum,
1206 2848 1312 2887 non
1342 2833 1513 2888 deerit
1547 2835 1821 2889 relationi-

224 2909 319 2967 bus
345 2916 455 2970 tuis
484 2932 618 2972 mea:
640 2922 1005 2991 responsionis
1033 2923 1343 2978 instructio:
1371 2922 1391 2961 τ
1414 2935 1819 2996 utsequestrata

221 3016 409 3059 earum
436 3009 651 3065 actione
676 3026 980 3080 causarum,
1011 3031 1131 3086 quae
1159 3016 1215 3071 in
1239 3016 1539 3089 quibusque
1561 3020 1818 3075 Ecclesiis

221 3100 516 3165 pnesulum
557 3119 777 3161 suorum
811 3107 1009 3165 debent
1052 3112 1363 3181 cognitione
1404 3112 1632 3182 ﬁrmari,
1680 3114 1819 3171 hanc

218 3196 513 3263 specialem
544 3213 728 3256 curam
761 3202 878 3258 vice
904 3219 1020 3260 mea
1053 3205 1265 3261 functus
1291 3222 1556 3276 assumas,
1590 3223 1657 3264 ne
1700 3209 1814 3265 ha:-

1937 1995 2197 2060 cohibito,
2232 1993 2245 2045 i
2286 1994 2449 2049 malui
2479 1994 2759 2064 indulgere
2792 1993 3088 2064 patientiae,
3122 1993 3349 2048 utlocus
3376 1993 3519 2049 esset

1935 2089 2126 2143 venite.

2004 2179 2133 2236 Cn.
2168 2178 2439 2235 III.—De
2471 2180 2768 2234 Palmstims
2797 2190 2924 2233 vero
2963 2177 3258 2244 monachis,
3290 2178 3381 2249 qui
3406 2178 3514 2249 jam

1933 2276 2140 2345 pridem
2182 2277 2235 2329 in
2275 2276 2503 2329 tumultu
2538 2274 2889 2329 dissensionis
2937 2287 3059 2328 esse
3096 2273 3367 2340 dicuntur,
3410 2288 3517 2343 quo

1932 2367 2109 2422 adhuc
2149 2370 2331 2421 animo
2373 2378 2693 2421 moveantur
2729 2366 2935 2436 ignoro.
2977 2364 3163 2434 Neque
3199 2378 3514 2434 cujusquam

1929 2475 2183 2515 sermone
2219 2460 2348 2514 mihi
2380 2460 2700 2529 patefactum
2732 2466 2813 2514 est
2850 2474 2983 2529 quas
3012 2472 3203 2513 causas
3235 2458 3516 2512 videantur

1930 2552 2180 2607 antelata:
2211 2551 2468 2622 praeferre
2507 2549 2792 2605 discordia:
2818 2568 2830 2605 :
2861 2558 3041 2603 utrum
3068 2550 3272 2603 scilicet
3298 2547 3323 2586 ¹ι
3348 2550 3513 2621 Euty-

1929 2645 2133 2700 cltiantc
2173 2644 2511 2715 perversitati
2561 2644 2651 2697 tali
2696 2643 2878 2697 furore
2923 2641 3265 2707 famulentur,
3299 2655 3367 2721 an
3412 2641 3511 2695 im-

1928 2737 2259 2808 placabiliter
2283 2737 2503 2791 doleant
2538 2737 2847 2806 episcopum
2885 2751 3038 2790 suum
3071 2736 3121 2789 in
3152 2735 3289 2790 hanc
3315 2734 3510 2804 impie-

1926 2843 2089 2888 tatem
2125 2830 2141 2869 ¹
2179 2832 2415 2903 potuisse
2448 2829 2677 2896 traduci,
2705 2829 2848 2900 quod
2883 2838 3070 2885 contra
3095 2832 3333 2899 ipsorum
3364 2830 3511 2886 loco-

1924 2940 2043 2981 rum
2098 2935 2407 2978 sanctorum
2461 2924 2791 2987 testimonia,
2848 2923 3041 2992 quibus
3089 2929 3233 2977 totus
3279 2923 3509 2979 mundus

1924 3019 2228 3084 instruitur,
2256 3016 2323 3071 ab
2354 3015 2735 3072 incarnationis
2766 3014 3058 3071 Dominicaa
3086 3015 3309 3070 veritate
3336 3015 3507 3069 desci-

1923 3112 2083 3177 verit,
2117 3109 2341 3179 etquod
2384 3109 2438 3163 in
2480 3108 2598 3162 aliis
2642 3124 2740 3179 per
2766 3108 3145 3178 indulgentiam
3186 3109 3362 3163 curari
3396 3108 3507 3179 pla-

1922 3205 2053 3271 cuit,
2087 3204 2137 3257 in
2171 3202 2263 3257 illo
2291 3209 2477 3271 putent
2506 3216 2610 3255 non
2640 3215 2759 3255 esse
2788 3201 3018 3255 veniale.
3057 3201 3207 3257 Unde
3235 3203 3394 3271 cupio
3421 3217 3508 3257 mc

218 3287 359 3341 76555
392 3291 483 3344 vel
511 3289 835 3349 Nealoriana
870 3296 957 3351 vel
998 3296 1335 3369 Eutychiana
1371 3300 1425 3355 in
1457 3301 1634 3371 aliqua
1666 3310 1817 3372 parte
1843 3295 1891 3359 C
1923 3311 2084 3366 super
2110 3295 2195 3349 his
2220 3294 2431 3359 plenius
2454 3293 2690 3359 edoceri,
2717 3294 2953 3347 utetiam
2982 3293 3161 3347 talium
3186 3294 3505 3349 correctioni

216 3378 523 3438 revirescet
545 3401 559 3437 :
584 3388 706 3455 quia
734 3386 787 3442 in
816 3388 1072 3459 episcopo
1098 3391 1697 3463 Constantinopolitano
1720 3409 1812 3450 ca-

215 3467 454 3527 tholicus
488 3473 641 3545 vigor
676 3492 780 3532 non
826 3487 928 3545 est,
973 3494 1074 3536 nec
1113 3482 1339 3537 multum
1368 3491 1462 3538 aut
1508 3499 1606 3554 pro
1635 3499 1815 3541 sacra-

213 3574 403 3621 mento
427 3566 617 3625 salutis
646 3569 915 3639 humanae,
948 3582 1039 3629 aut
1065 3574 1176 3644 {pro
1205 3588 1300 3631 sua
1340 3584 1424 3632 est
1452 3577 1811 3637 :estimatione

286 3832 315 3860 ι
340 3823 436 3880 Sic
455 3824 661 3893 Queen.
684 3840 750 3883 ex
773 3826 945 3884 Grim.
972 3826 1167 3885 Caeteri
1194 3825 1323 3884 editi
1349 3836 1402 3885 et
1429 3827 1664 3899 codices,
1696 3847 1809 3886 con-

212 3902 472 3949 teruntur.

280 3965 309 4004 ¹³
342 3966 459 4031 ΑΙ.,
484 3978 656 4037 queat.

283 4049 306 4077 ε
340 4038 485 4093 Editi
513 4050 637 4094 ante
658 4041 887 4109 Quesn.,
919 4051 975 4097 ut
1006 4042 1369 4113 prwdictorum
1392 4043 1687 4114 dogmatum
1709 4045 1809 4098 int-

207 4110 325 4178 pius
351 4127 640 4179 numquam
672 4114 817 4167 turbo
840 4110 1140 4185 consurgat.

284 4176 312 4215 ἀ
346 4182 463 4235 AL.
495 4182 783 4235 clementia.

424 4221 463 4247 .,
495 4194 783 4236 Clementia.

284 4250 405 4326 fita
428 4252 558 4306 editi
583 4263 705 4326 ante.
724 4254 926 4322 Quesn.
953 4255 1146 4311 melius
1165 4269 1324 4325 quam
1348 4255 1485 4326 apud
1510 4256 1803 4324 hunc,con-

204 4321 404 4375 calenti
428 4331 605 4377 autem
629 4321 891 4380 dilectioni
914 4336 1033 4381 tute.

283 4391 303 4429 ι
341 4393 557 4463 \‘ulgati
598 4405 721 4451 ante
758 4398 1005 4453 eumdem
1047 4398 1274 4464 Quesn.,
1313 4413 1614 4468 perperam,
1645 4412 1701 4453 ut
1728 4417 1808 4455 se-

203 4475 475 4539 questrata
500 4482 677 4519 eorum
708 4471 924 4533 actione,
956 4486 1147 4531 cauete,
1178 4486 1291 4539 qua:
1320 4470 1371 4522 in
1408 4473 1808 4537 quibuscumque

204 4533 468 4610 Ecclesiis
510 4540 791 4607 primulum
820 4557 1029 4594 suorum
1056 4533 1237 4594 debent
1269 4533 1559 4610 cognitione
1580 4533 1801 4609 ﬁrmari,

205 4606 306 4658 hac
332 4606 551 4681 speciali
579 4625 704 4662 cura
725 4611 830 4664 vice
868 4628 981 4665 mea
1020 4617 1223 4681 functus
1264 4606 1448 4676 utaris,
1483 4630 1544 4666 ne
1574 4606 1799 4680 ltwresis,

203 4686 315 4730 etc.
368 4677 644 4745 Quesuelli
684 4677 1112 4737 emendationem
1163 4698 1228 4735 ex
1278 4680 1585 4736 Gritnauico
1634 4677 1803 4739 nostri

200 4748 374 4822 codd.
407 4751 619 4804 collect.
649 4750 719 4805 24
753 4752 1093 4818 conﬁrmant,
1131 4754 1368 4820 exceptis
1402 4758 1684 4822 postremis
1712 4770 1811 4807 vo-.

200 4818 542 4897 cibustpro
592 4824 784 4897 quibus
826 4823 1022 4877 habent
1061 4838 1210 4892 aeque
1252 4818 1414 4891 bene,
1451 4826 1547 4878 hac
1589 4826 1803 4897 speciali

199 4906 335 4943 cura
373 4890 481 4943 vice
500 4890 617 4944 mea
639 4894 844 4961 functus
873 4897 1055 4948 utaris.

276 4970 303 5007 ε
332 4961 462 5026 AL,
494 4966 775 5016 secundum
804 4964 1169 5019 obsecrationes
1198 4983 1356 5019 meas.
1393 4966 1519 5022 Haec
1545 4967 1799 5023 videntur

198 5006 487 5106 respicere
527 5034 839 5106 petitionem
871 5050 899 5087 a
932 5037 1111 5091 Leone
1140 5038 1466 5104 propositam
1498 5042 1659 5106 epist.
1700 5038 1800 5093 tot
1832 5006 1880 5065 D

194 5103 263 5155 ad
294 5102 633 5157 Marcianum
659 5116 712 5158 et
736 5104 838 5159 105
860 5106 923 5159 ad
957 5102 1311 5173 Pulcheriam,
1346 5124 1480 5174 quos
1510 5102 1628 5173 cap.
1655 5108 1690 5161 4
1713 5125 1799 5163 ro-

192 5175 354 5239 gavit
400 5175 734 5249 ut__Anatolii
770 5178 1114 5245 cupiditatem
1163 5194 1259 5247 pro
1304 5177 1797 5249 Constantinopoli-

192 5244 523 5317 tanargscdis
551 5244 901 5317 prmrogativa
935 5244 1372 5317 comprititerent.

262 5310 298 5351 δ
333 5313 507 5392 Iidem
531 5310 918 5392 vulgati'male,
948 5310 1113 5374 videat
1147 5320 1375 5374 charitas
1418 5331 1507 5375 tua
1531 5322 1798 5392 diligentia

187 5384 555 5464 eua._Nostri
612 5384 839 5464 quatuor
897 5393 1112 5464 codices
1164 5402 1219 5446 et
1272 5392 1587 5456 Sichardus,
1626 5384 1796 5464 uigeat

187 5454 443 5531 charitag
472 5468 560 5513 tua
588 5454 854 5531 diligentia
883 5479 995 5517 sua.
1030 5462 1324 5518 Grimanici
1362 5454 1583 5520 codicis
1608 5454 1796 5519 lectio-

184 5542 389 5604 πλαψ-θ
412 5527 703 5604 Quesnello
731 5536 1000 5604 inductam
1031 5537 1325 5604 sequimur.

270 5598 515 5673 {Locus
546 5601 630 5654 hic
658 5619 685 5673 a
730 5603 1018 5669 Quesnello
1053 5598 1332 5660 restitutus
1360 5620 1462 5673 ope
1499 5605 1793 5662 Grimanici

184 5668 437 5747 codicis.
474 5668 675 5747 Ca‘teri
705 5668 826 5727 cum
863 5676 1055 5739 editis,
1102 5682 1254 5729 etiam
1290 5679 1332 5729 si
1375 5668 1483 5729 erat
1524 5687 1791 5747 utcumque

182 5742 363 5796 decus
386 5744 725 5820 sacerdotale,
749 5747 999 5820 sacerdoti
1026 5748 1417 5801 archidiaconus
1439 5760 1645 5818 propter
1666 5742 1791 5820 ﬁdei

181 5812 1015 5891 revcrgntiamdebuitpraemitti,
1049 5821 1218 5885 potius
1239 5836 1411 5891 quam,
1439 5812 1547 5877 etc.

262 5884 283 5940 t'
332 5883 659 5957 Exemplum
686 5883 950 5959 SiChardi,
978 5883 1172 5947 malim.

1920 3406 2157 3461 congrue
2186 3389 2491 3443 studeatur:
2519 3386 2640 3456 quia
2670 3385 2813 3439 aliud
2840 3396 2921 3441 est
2952 3394 3141 3441 contra
3165 3386 3319 3442 ﬁdem
3342 3386 3505 3456 impie

1918 3483 2138 3551 armari,
2164 3490 2204 3517 ιιι
2255 3478 2398 3534 aliud
2438 3493 2534 3548 pro
2563 3477 2669 3531 ﬁde
2713 3477 3119 3535 immoderatius
3154 3480 3505 3535 commoveri.

1917 3576 2142 3635 Chartas
2176 3575 2339 3631 etiam
2370 3584 2501 3643 quas
2530 3570 2719 3627 Aetius
2767 3571 3052 3643 presbyter
3087 3582 3212 3630 ante
3253 3572 3506 3630 indicavit

1912 3814 1922 3825 ’
1990 3828 2017 3869 ¹ι
2047 3831 2125 3886 Ex
2163 3830 2389 3900 epistola
2416 3830 2519 3887 109
2545 3830 2610 3885 ad
2640 3826 2889 3885 eumdem
2914 3826 3210 3900 lulianum,
3248 3843 3406 3897 quam
3436 3843 3505 3887 ex

1920 3901 2106 3958 codire
2157 3898 2536 3970 Ratisponensi
2588 3900 2995 3971 publicavimus,
3038 3898 3220 3971 liquet
3270 3900 3502 3957 Leonem

1957 3991 2017 4029 ro
2047 3973 2392 4042 Eutycltianis
2424 3970 2676 4027 habuisse
2718 3973 2815 4026 hos
2841 3970 3134 4025 monachos
3163 3970 3252 4039 qui
3284 3980 3361 4026 tot
3393 3982 3505 4027 tur-

1957 3991 2017 4029 ro
2048 3990 2392 4042 butycutants
2424 3990 2676 4027 uanutsse
2718 3990 2815 4026 nos
2841 3990 3134 4025 monacnos
3163 3990 3252 4039 qm
3284 3990 3361 4026 tor
3393 3990 3501 4027 tur-

1917 3990 2012 4099 Bas
2036 4044 2087 4098 in
2117 4043 2396 4097 Palaestina
2427 4046 2805 4098 excitaverant.
2841 4042 2983 4096 Satis
3012 4041 3171 4095 etiam
3195 4042 3367 4109 quoad
3395 4058 3501 4099 ca:-

1919 4126 2031 4170 tera
2065 4116 2355 4168 instructus
2374 4114 2485 4182 jam
2507 4115 2574 4168 ab
2598 4114 2748 4168 initio
2770 4114 3130 4181 cognoscitur.
3160 4112 3294 4178 Quid
3321 4126 3497 4169 autem

1917 4187 2305 4255 supervenerit,
2355 4201 2419 4238 ex
2472 4201 2578 4253 quo
2628 4186 2697 4240 de
2744 4183 3055 4237 earumdem
3112 4184 3496 4239 monachorum

1917 4266 2097 4312 mente
2126 4256 2513 4310 dubitationem
2548 4256 2834 4314 induxerit,
2870 4256 3271 4323 plenioremque
3301 4256 3500 4310 instru-

1912 4330 2145 4385 ctionem
2171 4328 2510 4389 desiderarit,
2544 4328 2870 4395 ignoramus.
2912 4324 3069 4378 Furle
3097 4323 3319 4378 Romam
3361 4326 3499 4380 fama

1914 4401 2204 4470 pertulerat
2236 4402 2660 4470 eosgmonachns’
2687 4398 2797 4466 qui.
2825 4396 3067 4470 Juvenali
3097 4400 3289 4464 ejecto.
3324 4397 3499 4451 Theo-

1912 4468 2064 4525 dosio
2092 4472 2301 4524 intruso
2331 4468 2598 4531 favebant,
2628 4469 2921 4539 Eutychum
2954 4468 3123 4537 palam
3157 4470 3497 4523 anathemate

1911 4544 2289 4603 condemnare,
2334 4552 2390 4593 ut
2432 4541 2481 4593 itt
2525 4542 2641 4608 ipso
2690 4540 2871 4593 libello
2910 4539 3134 4605 supplici
3171 4539 3236 4590 ad
3270 4539 3498 4594 Pulche-

1912 4615 2043 4667 riam
2072 4613 2299 4682 professi
2326 4613 2550 4665 fuerant.
2579 4612 2709 4665 Vide
2736 4621 2863 4664 tom.
2890 4609 3182 4682 IVIIOttciL
3205 4609 3338 4664 Ven.
3363 4613 3493 4682 edit.

1911 4681 2125 4739 eolleet.
2152 4682 2305 4737 1799»
2338 4683 2471 4736 llinc
2492 4693 2669 4736 autem
2700 4682 2859 4735 Leoni
2892 4681 3150 4734 dubitatio
3176 4681 3371 4735 exoriri
3400 4696 3491 4749 po-

1915 4754 2009 4808 tuit
2044 4766 2217 4808 utrum
2246 4756 2293 4806 hi
2326 4753 2573 4806 monachi
2602 4754 2845 4807 .Iuveuali
2870 4752 3121 4817 episcopo
3144 4750 3362 4817 infensi,
3392 4753 3493 4806 Eu-

1912 4826 2144 4895 tychiani
2197 4840 2320 4879 vere
2351 4834 2551 4883 essent.
2584 4825 3033 4895 quemadmodum
3059 4832 3212 4877 antea
3241 4822 3489 4895 putabat;

1909 4893 1975 4950 an
2019 4914 2146 4950 Vl‘I'O
2174 4907 2352 4950 eSSent
2383 4895 2653 4959 catholici,
2688 4894 2778 4958 qui
2815 4895 2980 4949 nimio
3016 4904 3177 4949 rccttc
3224 4893 3348 4949 ﬁdei
3375 4894 3494 4951 zelo

1910 4967 2137 5037 abrepti.
2166 4982 2286 5020 cum
2329 4966 2583 5034 Eutyrltis
2618 4977 2774 5019 antea
2812 4967 3104 5030 fautorem,
3145 4966 3273 5037 licet
3312 4980 3491 5021 Corre-

1907 5035 2073 5105 ctuui,
2101 5040 2407 5106 episcopatu
2432 5038 2703 5104 indignum
2729 5037 3141 5091 arbitrarentur.
3160 5036 3218 5090 In
3245 5035 3342 5090 hac
3363 5052 3489 5105 ergo

1906 5125 1964 5165 re
1992 5120 2048 5163 ttt
2074 5110 2321 5165 exactius
2350 5109 2671 5162 educeretur
2694 5123 2723 5161 a
2746 5108 2956 5162 Juliano
2980 5116 3163 5176 petere
3190 5108 3380 5176 petuit.

1983 5180 1998 5218 Ι
2036 5182 2106 5234 Ita
2142 5183 2331 5235 melius
2366 5181 2504 5246 apud
2538 5178 2738 5243 Quesn.
2780 5196 2842 5231 ex
2884 5194 2985 5232 ms.
3018 5179 3212 5241 Grim.,
3246 5192 3403 5243 quam
3438 5176 3488 5230 in

1904 5253 2130 5322 vulgatis
2153 5253 2376 5319 aliisque
2399 5251 2581 5313 codd.,
2608 5267 2754 5318 posse
2775 5250 3001 5312 traduci,
3017 5265 3133 5319 qua:
3153 5260 3329 5301 contra
3353 5248 3490 5315 ipso-

1902 5339 2039 5387 rum,
2070 5335 2199 5387 etc.,
2233 5324 2312 5376 vel
2344 5323 2395 5375 in
2426 5324 2713 5388 exemplari
2748 5322 3014 5381 Sichardi.
3063 5335 3164 5372 non
3196 5335 3343 5387 posse
3381 5328 3491 5370 tra-

1904 5396 2041 5459 duci,
2072 5409 2205 5461 quat,
2240 5405 2343 5447 etc.
2379 5394 2568 5448 Seruio
2605 5394 2746 5447 enim
2782 5402 2865 5446 cst
2900 5393 2966 5445 de
2996 5390 3272 5456 Juvenale,
3310 5389 3401 5458 qui
3435 5391 3485 5444 in

1902 5466 2336 5542 pseudosynodo‘
2378 5465 2642 5542 Epltesina
2709 5463 2935 5535 Eutychi
3000 5461 3250 5542 faverat,
3301 5469 3485 5542 postea

1900 5531 2028 5588 vero
2056 5552 2114 5590 se
2138 5531 2336 5591 saniori
2363 5537 2575 5590 consilio
2605 5531 2937 5601 cor-rexerat,
2974 5533 3047 5587 uti
3077 5531 3303 5587 traditur
3323 5533 3481 5601 epist.

1900 5606 2024 5715 mg.
2043 5610 2245 5750 {inlini
2272 5688 2394 5733 ante
2413 5679 2641 5747 Quesu.,
2668 5677 2755 5749 qui
2780 5692 2846 5731 ex
2876 5674 3116 5750 Griman.
3150 5673 3480 5740 emendavit,

1897 5764 2017 5805 cum
2058 5744 2176 5805 aliis
2218 5752 2376 5809 codd.
2420 5744 2474 5809 et
2514 5744 2800 5819 Sichardo,
2841 5744 2985 5803 aliud
3012 5747 3065 5801 in
3094 5762 3269 5805 errore
3302 5759 3484 5823 quem-

1896 5823 2035 5882 viam
2059 5823 2290 5883 detineri.
