4072 6358
556 332 697 397 1087

1683 336 1741 393 S.
1782 331 2027 393 LEONIS
2063 332 2279 395 MAGNI
2319 339 2678 400 EPISTOLAE

3692 347 3835 411 1028

552 463 677 507 esse
708 447 959 512 directas,
988 452 1043 502 et
1071 454 1098 483 ι
1137 442 1451 500 Breviarum
1484 444 1629 513 ﬁdei,
1658 427 1805 515 quod
1839 454 1892 502 te
1927 448 2139 504 misisse
2164 460 2219 521 Α
2246 451 2519 508 memoria:
2558 454 2849 520 Flaviano,
2889 455 2957 510 ad
2986 456 3325 513 dilectionem
3356 465 3504 515 tuam
3550 474 3646 531 per
3681 456 3834 519 Basi-

551 539 839 613 signiﬁcas,
870 537 1100 593 necdum
1126 535 1194 590 ad
1225 551 1312 591 me
1352 535 1567 591 noveris
1600 539 1930 605 pervenisse.
1965 538 2137 609 Unde,

552 634 599 689 si
644 628 674 671 δ
702 629 1050 700 expeditioris
1080 629 1292 683 occasio
1321 643 1379 682 se
1406 629 1699 698 pratbuerit
1735 631 2043 700 perlatoris,
2076 632 2142 686 li-

554 726 745 781 benter
761 723 953 788 habeo,
977 731 1033 775 ut
1061 721 1104 775 si
1129 737 1231 790 qua
1256 730 1360 786 est,
1386 737 1503 791 qua:
1525 724 1667 778 utilis
1688 724 1952 791 videatur,
1980 741 2138 794 quam

551 819 783 888 primunt
824 815 891 868 ad
937 827 1024 869 me
1059 814 1302 869 mittatur
1340 814 1642 871 instructio.
1693 817 1770 871 De
1809 826 1832 855 ο
1875 816 2141 889 Αῑςγρῑίἰε

549 907 832 965 monachis
854 923 1013 977 quam
1046 908 1236 976 quieti,
1261 918 1353 961 aut
1372 909 1525 977 cujus
1546 910 1653 963 sint
1680 909 1827 976 ﬁdei,
1848 915 1988 965 scire
2007 911 2145 966 desi-

548 1002 703 1067 dero,
740 1008 796 1056 et
834 1000 901 1055 de
939 1000 1317 1055 Alexandrina:
1345 1000 1607 1057 Ecclesize
1633 1019 1762 1072 pace
1802 1006 1927 1074 quid
1953 1005 2020 1059 ad
2047 1020 2144 1060 vos

550 1095 692 1150 veris
732 1094 935 1149 nuntiis
966 1096 1298 1163 perferatur;
1349 1095 1417 1149 ad
1467 1096 1618 1165 cujus
1659 1094 1685 1132 ά
1718 1098 2027 1167 episc0pum
2060 1099 2143 1154 vel

551 1187 892 1243 ordinatores
936 1188 1146 1260 1193
1180 1188 1368 1257 ipsius,
1399 1204 1492 1244 seu
1522 1190 1774 1257 clericos,
1803 1191 1976 1262 qualia
2011 1194 2146 1247 scri-

551 1291 640 1353 pta
664 1282 977 1348 dircxerim,
1004 1282 1180 1335 IIIlSSlS
1206 1282 1602 1351 exemplaribus
1624 1284 1761 1339 scire
1787 1292 1840 1339 te
1864 1286 2031 1340 volui.
2061 1285 2144 1341 Ad

550 1376 1029 1432 clementissimum
1061 1390 1275 1446 quoque
1317 1376 1635 1446 principem,
1668 1386 1723 1432 et
1750 1378 1816 1433 ad
1849 1379 2143 1447 religiosis-

549 1469 741 1524 simam
763 1468 1060 1539 Augustam
1087 1470 1207 1538 quis
1227 1484 1367 1521 nunc
1392 1484 1544 1523 meus
1561 1484 1745 1525 sermo
1771 1470 1841 1526 sit
1870 1481 1894 1509 ο
1921 1472 2137 1539 missus,

548 1560 750 1617 directa
780 1562 1111 1632 exemplaria
1142 1562 1530 1630 perdocebunt.

621 1654 748 1711 CAP.
772 1655 865 1711 IV.
891 1686 962 1695 —
986 1654 1173 1709 Utrum
1206 1667 1383 1710 autem
1416 1654 1436 1693 τ
1472 1652 1695 1725 epistola
1719 1673 1857 1725 mea,
1888 1674 2047 1729 quam
2077 1660 2146 1715 de

554 1750 941 1807 incarnationis
970 1750 1390 1823 Dominicteﬁde
1431 1751 1685 1807 incolumi
1725 1754 1900 1808 adhuc
1947 1765 2146 1808 sanctae

2248 545 2375 599 lium
2408 545 2692 601 diaconum
2725 548 2999 617 miseram,
3031 548 3353 604 fraternitati
3383 559 3488 604 tua:
3514 550 3709 607 tradita
3741 554 3835 622 sit,

2247 638 2388 692 scire
2428 638 2673 693 desidero
2706 658 2719 692 :
2750 644 3001 710 quaniam
3044 650 3346 709 suSpectum
3387 641 3560 697 habeo
3595 643 3737 712 quod
3773 645 3839 699 de

2249 730 2364 796 ejus
2384 739 2533 785 textu
2552 731 2754 785 nullum
2772 747 3019 801 umquam
3036 733 3288 786 indicium
3308 733 3603 787 reddidisti.
3626 734 3841 807 1195

2251 820 2535 877 Gestorum
2568 823 2929 895 synodalium,
2963 840 3083 894 qua:
3110 825 3359 879 omnibus
3395 826 3584 881 diebus
3622 830 3839 883 concilii

2252 914 2305 968 in
2335 914 2759 971 Chalcedonensi
2782 916 2999 971 civitate
3021 917 3263 971 cunl'ecta
3288 929 3433 984 sunt,
3461 927 3486 965 ις
3518 934 3704 987 parum
3728 920 3839 973 cla-

2254 1023 2313 1063 ra
2339 1020 2555 1078 pr0pter
2586 1008 2781 1077 lingua:
2806 1009 3173 1063 diversitatem
3203 1010 3343 1078 apud
3376 1026 3472 1063 nos
3503 1010 3729 1064 habetur
3752 1011 3805 1063 in

2256 1102 2499 1156 structio.
2534 1102 2599 1156 Et
2625 1103 2743 1156 ideo
2788 1102 3106 1156 fraternitati
3140 1112 3241 1156 tua:
3272 1102 3577 1171 specialiter
3617 1104 3839 1173 injnngo

2253 1195 2389 1249 utin
2438 1210 2600 1249 unum
2644 1194 2881 1250 codicem
2933 1197 3177 1249 universa
3211 1196 3374 1251 facias
3414 1197 3751 1266 congregari,
3788 1196 3842 1251 in

2252 1285 2500 1340 Latinum
2529 1287 2737 1342 scilicet
2766 1304 3069 1343 sermonem
3099 1288 3495 1343 absolutissima
3522 1292 3843 1357 interpreta-

2253 1379 2400 1433 tione
2430 1380 2683 1433 translata
2721 1397 2733 1432 :
2766 1388 2823 1433 ut
2852 1382 2902 1434 in
2936 1381 3079 1434 nulla
3113 1390 3263 1450 parte
3290 1382 3557 1435 actionum
3588 1380 3840 1434 di.b.tare

2254 1472 2541 1539 possimus,
2576 1486 2745 1541 neque
2794 1472 2898 1527 ullo
2946 1475 3104 1527 modo
3135 1488 3253 1529 esse
3286 1474 3456 1543 possit
3503 1475 3838 1543 ambiguum,

2248 1567 2391 1637 quod
2415 1568 2479 1621 ad
2507 1568 2717 1637 plenam
2750 1569 3152 1639 intelligentiam
3183 1580 3233 1624 te
3260 1568 3420 1624 fuerit
3445 1569 3698 1623 studente
3722 1582 3845 1637 per-

2251 1660 2493 1714 ductum.
2528 1661 2657 1715 Data
2691 1663 2876 1731 quinto
2915 1662 3033 1717 idus
3075 1662 3271 1731 Martii,
3301 1662 3550 1733 Opilioue
3584 1664 3702 1716 viro
3735 1659 3846 1714 cla-

2252 1753 2465 1807 rissimo
2496 1754 2735 1810 consule.

1899 1862 2231 1920 EPlSTOLA
2256 1860 2281 1899 h
2299 1863 2482 1918 CXIV.

946 1956 961 1992 ί
990 1972 1057 2011 AD
1088 1969 1387 2021 EPISCOPOS,
1417 1970 1504 2019 QUI
1543 1970 1596 2011 IN
1624 1970 1827 2011 SANCTA
1868 1970 2067 2011 SVNODO
2094 1969 2525 2009 CHALCEDONENSI
2547 1968 2879 2010 CONGREGATI
2910 1969 3179 2019 FUERUNT,
3210 1968 3455 2009 DIBECTA.

636 2060 654 2103 l
688 2049 956 2106 SYNOPSIS.
988 2077 1057 2088 —
1098 2047 1137 2101 Ι.
1176 2046 1246 2102 Se
1283 2048 1565 2100 consentire
1612 2048 1689 2099 his
1737 2063 1852 2116 qua:
1902 2046 2221 2100 Chalcedone
2244 2046 2377 2116 circa
2400 2046 2553 2112 ﬁdem
2572 2047 2851 2116 constituta
2893 2056 3033 2098 sunt.
3063 2074 3134 2085 —
3164 2045 3223 2099 ll.
3257 2044 3555 2116 Numquam
3586 2044 3640 2099 id
3665 2060 3697 2097 a
3721 2061 3780 2098 se

1121 2128 1289 2171 ratum
1310 2134 1417 2171 esse
1448 2114 1757 2185 habendum,
1788 2120 1928 2188 quod
1954 2118 2199 2171 adversus
2231 2114 2473 2170 Nicwnos
2501 2132 2722 2169 canones
2747 2114 2932 2169 ibidem
2963 2126 3133 2169 actunt
3156 2125 3247 2170 est.

553 2237 586 2281 Ιι
612 2238 724 2297 L30
745 2238 1050 2309 episcopus,
1078 2245 1282 2311 sanctae
1322 2250 1521 2311 βῖκουο
1561 2234 1703 2307 apud
1740 2235 2141 2292 Chalcedonem

2318 2235 2457 2291 Λέων
2495 2237 2911 2311 ἁρχιεπίσκοπος
2934 2232 3129 2311 Ῥὡμῃς
3160 2244 3223 2310 τῇ
3266 2236 3315 2289 ἐν
3356 2232 3627 2295 Χαλκηδόνι

1250 2305 1467 2361 habitae.

625 2425 755 2482 Cap.
781 2424 822 2479 l.
853 2453 925 2465 -—
950 2422 1176 2479 Omnem
1214 2423 1430 2493 quidem
1472 2421 1861 2478 fraternitatem
1909 2432 2144 2478 vestram

557 2532 721 2575 nosse
766 2532 877 2573 non
914 2515 1153 2585 ambigo,
1194 2511 1213 2551 1
1258 2514 1628 2570 deﬁnitionem
1682 2524 1881 2569 sanctae
1930 2515 2143 2585 synodi,

558 2626 679 2683 qum
710 2612 777 2669 ob
806 2610 1271 2667 conﬁrmationem
1309 2610 1433 2665 ﬁdei
1466 2610 1519 2665 in
1568 2607 1996 2665 Chalcedonensi
2019 2609 2148 2663 civi-

557 2716 666 2762 tate
694 2705 965 2761 celebrata
994 2713 1244 2769 est,.toto
1272 2703 1438 2759 corde
1465 2718 1551 2758 me
1577 2700 1745 2757 fuisse
1770 2702 2143 2770 complexum:

558 2798 683 2869 quia
720 2796 868 2853 nulla
901 2796 1115 2868 1195
1146 2794 1358 2851 sinebat
1381 2795 1521 2849 ratio
1552 2803 1611 2847 ut
1648 2794 1737 2863 qui
1768 2796 2026 2847 unitatem
2061 2807 2150 2847 ca-

557 2892 771 2948 tholicas
810 2890 934 2946 ﬁdei
977 2891 1223 2946 dolebam
1258 2889 1326 2945 ab
1350 2888 1617 2945 htereticis
1655 2887 1825 2943 fuisse
1858 2886 2149 2953 turbatam,

558 3002 669 3040 non
704 2985 1035 3041 exsultanter
1058 2985 1112 3039 in
1136 2984 1404 3054 integrum
1433 2982 1662 3038 rediisse
1688 2981 2005 3051 gauderem.
2037 2979 2151 3034 Hoc

559 3088 741 3133 autem
780 3092 886 3134 non
930 3078 1108 3134 solum
1156 3092 1225 3133 ex
1259 3076 1377 3145 ipso
1421 3074 1749 3131 beatissima:
1779 3070 2151 3129 consensionis

561 3179 603 3209 η
628 3170 845 3241 eﬁ'ecw,
876 3172 971 3229 sed
1001 3172 1163 3230 etiam
1193 3186 1259 3228 ex
1290 3170 1536 3242 epistolis
1555 3170 1714 3237 meis,
1746 3183 1880 3240 quas
1918 3176 2042 3239 post
2066 3182 2152 3223 re-

638 3425 664 3453 ι
687 3413 821 3469 Vide
845 3424 1057 3470 nostras
1103 3416 1507 3471 observationes
1550 3415 1600 3469 in
1624 3424 1736 3471 not.
1768 3414 1804 3469 2
1844 3412 2141 3483 Qnesnelli,

562 3486 651 3541 ubi
677 3485 803 3556 quid
836 3486 939 3541 ltoc
969 3488 1295 3541 Breviarium
1322 3487 1481 3540 fuerit
1503 3485 1774 3541 detexisse
1802 3486 2148 3541 arbitramur.

632 3556 662 3595 ι’
701 3557 879 3639 ῌοειινὶ
922 3558 1081 3612 codd.
1119 3572 1243 3612 cum
1278 3558 1514 3627 antiquis
1558 3560 1821 3629 vulgatis,
1866 3559 2153 3627 expeditior

564 3644 881 3769 “cunmm
925 3698 1211 3770 exstiterat
1255 3698 1397 3753 inter
1440 3699 1723 3770 Egyptios
1771 3699 2037 3755 dissensio
2081 3699 2152 3753 ob

564 3770 960 3825 ordinationem
986 3769 1238 3831 Proterii,
1270 3772 1357 3839 qui
1383 3770 1436 3824 in
1461 3769 1699 3827 Dioscuri
1724 3772 1953 3839 depositi
1979 3771 2152 3824 locum

566 3844 888 3911 subrogatus
933 3842 1139 3911 fuerat.
1174 3825 1307 3895 Vide
1350 3825 1635 3905 Evagrium
1676 3843 1769 3897 lib.
1796 3825 1870 3909 ἰι,
1911 3857 1961 3895 c.
2003 3842 2055 3908 5,
2103 3825 2230 3895 etC

568 3910 875 3968 Liberatunt
906 3914 958 3966 in
994 3910 1266 3967 Breviario
1296 3926 1414 3977 cap.
1442 3913 1528 3967 14.

638 3981 664 4021 ἀ
696 3984 787 4055 Hae
813 3984 878 4037 ad
912 3985 1211 4038 Proterium
1241 3999 1440 4037 novum
1486 3984 1798 4055 episcopum
1838 3983 2159 4055 Alexandri-

566 4070 695 4111 num
720 4054 913 4110 littera:
945 4056 1159 4108 desunt.
1196 4055 1249 4107 In
1284 4054 1364 4107 his
1393 4055 1500 4108 Leo
1526 4054 1825 4119 pleniorem
1858 4066 1909 4108 et
1938 4054 2158 4108 manife-

566 4128 788 4181 stioretn
824 4126 947 4180 ﬁdei
980 4127 1375 4193 expositionem
1402 4128 1471 4177 ab
1500 4141 1564 4178 eo
1597 4128 1814 4190 petiisse
1846 4126 2075 4189 videtur,
2102 4134 2159 4179 ut

568 4198 822 4267 colligere
859 4198 981 4251 licet
1021 4212 1085 4251 ex
1119 4197 1345 4265 epiStola
1388 4198 1513 4263 127,
1555 4198 1642 4251 ubi
1684 4199 1783 4251 sibi
1826 4196 2156 4250 satisfactum

568 4266 734 4323 fuisse
774 4277 1016 4328 testatur.
1057 4283 1154 4322 nec
1194 4283 1303 4339 non,
1334 4284 1397 4321 ex
1446 4272 1603 4335 epist.
1639 4267 1761 4332 129,
1794 4285 1892 4339 qua
1922 4269 2159 4335 acceptis

570 4340 909 4406 plenioribus
936 4353 964 4391 a
998 4339 1242 4393 Proterio
1275 4338 1467 4394 litteris
1502 4337 1971 4409 respondetIVide
1999 4341 2159 4394 etiam

569 4412 726 4481 epist.
755 4410 856 4465 1'51
882 4419 935 4463 et
958 4411 1082 4477 151,
1116 4425 1164 4463 c.
1198 4409 1249 4463 1.

646 4491 669 4517 ε
698 4483 773 4537 lta
806 4482 1008 4547 Quesn.
1041 4495 1106 4535 ex
1146 4494 1247 4534 ms.
1282 4480 1526 4537 Griman.
1551 4482 1777 4538 Caetera:
1812 4480 2079 4537 editiones
2107 4490 2162 4536 et

571 4550 663 4609 alii
684 4553 865 4616 codd.,
891 4553 1046 4605 missa
1076 4550 1409 4621 exemplaria.

649 4622 671 4662 τ
696 4623 963 4677 lndicatnr
991 4624 1215 4689 epistula
1247 4623 1331 4676 55.

645 4703 673 4742 8
696 4695 773 4749 Ex
797 4694 897 4748 hoc
925 4694 1043 4747 loco
1065 4693 1241 4759 colligi
1272 4708 1429 4761 posse
1460 4694 1783 4748 arbitramur
1804 4694 2012 4763 integra
2043 4694 2164 4755 qui-

575 4765 697 4821 dem
732 4764 915 4820 Grieca
949 4774 1096 4832 gesta
1141 4763 1595 4818 Chalcedonensis
1637 4765 1849 4819 concilii
1887 4762 2023 4834 apud
2055 4762 2163 4817 llo-
2237 4788 2246 4796 -

576 4851 765 4907 mauos
791 4836 893 4889 hoc
926 4848 1165 4903 tempore
1205 4838 1505 4898 exstitisse;
1531 4846 1583 4889 at
1609 4849 1812 4907 propter
1841 4834 2033 4889 Gratata
2056 4836 2159 4888 lin-

575 4923 690 4979 guae
730 4906 1280 4979 diversitatem,iquam
1320 4909 1404 4959 isti
1452 4910 1561 4961 lere
1603 4906 1941 4974 ignorabant,
1976 4922 2161 4973 parum

576 4978 718 5032 Clara
748 4988 860 5031 erat
892 4978 1203 5030 earumdem
1231 4987 1501 5046 gestorum
1531 4978 1668 5045 apud
1695 4978 1841 5044 ipsos
1868 4979 2159 5031 instructio.

576 5049 853 5120 Praecipua
887 5048 1671 5120 nimirumﬁrejusdemrconcilii
1712 5054 1883 5120 capita
1930 5059 2163 5102 tantum-

578 5119 739 5175 modo
768 5129 890 5172 nota
928 5128 1102 5183 crant,
1134 5119 1320 5173 Latine
1350 5119 1556 5173 reddita
1588 5132 1713 5173 ante
1757 5119 2016 5189 integram
2045 5136 2162 5172 om-

2940 2305 3157 2377 συνόδῳ.

2326 2427 2499 2475 Πᾶσαν
2520 2422 2610 2491 μέν
2632 2425 2723 2479 τήν
2744 2419 3057 2494 ἀδελφότητα
3078 2422 3221 2493 ὑμῶν
3240 2419 3421 2475 εἰδέναι
3443 2423 3529 2474 οὐκ
3554 2418 3857 2493 ἀμφιϐάλλω

2253 2516 2372 2576 τοὺς
2405 2512 2559 2590 ὅρους
2584 2522 2675 2576 τῆς
2714 2514 2863 2587 ἁγίας
2891 2514 3126 2579 συνόδου,
3161 2516 3273 2575 ἥτις
3303 2513 3387 2569 διὰ
3424 2516 3480 2570 τὸ
3518 2514 3859 2583 βεϐαιωθῆναί

2254 2612 2345 2666 τὴν
2374 2609 2547 2661 πίστιν
2577 2608 2625 2660 ἐν
2654 2615 2716 2682 τῇ
2740 2606 3086 2664 Χαλκηδονίων
3113 2608 3255 2663 πόλει
3274 2609 3555 2680 γεγένηται,
3581 2604 3667 2679 ὅλῃ
3693 2605 3859 2679 ψυχῇ

2258 2721 2320 2772 με
2353 2701 2762 2775 περιπλέκεσθαι·
2804 2700 2975 2759 ἐπειδὴ
2998 2701 3013 2731 ³
3039 2700 3092 2755 δὲ
3119 2698 3234 2756 οὔτε
3265 2697 3335 2762 εἷς
3363 2702 3510 2774 λόγος
3536 2702 3859 2774 συνεχώρει,

2256 2797 2315 2850 ἶν’
2344 2798 2463 2868 ἐγὼ,
2496 2794 2638 2859 ὅστις
2667 2802 2757 2855 τήν
2782 2798 2957 2851 ἕνωσιν
3229 2806 3323 2859 τῆς
3341 2797 3601 2857 καθολικῆς
3623 2800 3863 2856 πίστεως

2255 2890 2399 2965 παρά
2439 2897 2537 2943 τῶν
2582 2891 2842 2965 αἱρετικῶν
2886 2892 3263 2966 τεταραγμένην
3291 2888 3535 2962 ἔπασχον
3578 2896 3648 2966 μή
3696 2893 3778 2952 εἰς
3807 2892 3867 2945 τὸ

2256 2982 2395 3055 ὑγιὲς
2437 2983 2853 3041 ἁποκατασθῆναι
2910 2985 3146 3059 χαρεὶην⁹
3196 2985 3380 3039 τούτου
3416 2982 3469 3039 δὲ
3518 2986 3576 3037 οὐ
3622 2983 3775 3055 μόνον
3819 2984 3867 3047 ἐξ

2254 3078 2416 3131 αὐτοῦ
2448 3074 2600 3151 ἔργον
2630 3086 2721 3137 τῆς
2755 3079 3011 3151 μακαρίας
3056 3078 3426 3142 συναινέσεως,
3472 3078 3598 3132 ἀλλὰ
3635 3079 3743 3152 γὰρ
3783 3078 3869 3128 καὶ

2257 3166 2313 3224 ἐκ
2339 3176 2438 3226 τῶν
2466 3170 2744 3226 ἐπιστολῶν
2770 3177 2870 3224 τῶν
2901 3171 3029 3245 ἐμῶν
3082 3169 3145 3232 ἃς
3188 3173 3320 3243 μετά
3366 3176 3456 3231 τήν
3485 3168 3734 3228 ἐπάνοδον
3764 3175 3868 3224 τῶν

2256 3411 2468 3479 Scripta
2500 3411 2563 3465 21
2609 3411 2783 3467 Martii
2811 3427 2899 3467 an.
2936 3413 3062 3469 453.

2334 3482 2350 3521 ί
2394 3485 2577 3537 ExStat
2609 3486 2659 3537 in
2699 3498 2830 3537 mss.
2862 3485 3075 3539 collect.
3106 3486 3159 3551 5,
3189 3484 3277 3551 11,
3312 3486 3400 3551 12,
3429 3485 3519 3548 17,
3550 3484 3640 3550 18,
3674 3482 3775 3549 19,
3797 3483 3867 3541 21

2256 3570 2429 3624 usque
2458 3559 2522 3609 ad
2553 3554 2640 3615 24,
2669 3564 2722 3607 et
2753 3556 2807 3609 in
2832 3555 3080 3611 Sicbardi
3104 3556 3315 3619 codice,
3344 3572 3407 3611 ac
3436 3556 3487 3610 in
3522 3556 3872 3623 praestantis-

2257 3628 2396 3680 simo
2430 3625 2547 3679 Vat.
2589 3625 2741 3681 I532.
2778 3625 3019 3681 Graecam
3059 3636 3314 3693 praeterea
3358 3628 3873 3694 interpretationem

2259 3711 2324 3822 (ἐκ
2349 3697 2471 3780 cod.
2501 3696 2625 3752 Vat.
2654 3696 2845 3753 Graeco
2875 3698 3015 3754 1455
3050 3707 3259 3754 erutam
3300 3714 3442 3754 nunc
3471 3701 3704 3769 primum
3737 3714 3872 3769 pro-

2288 3784 2509 3822 erimus.

2288 3784 2509 3824 erimus.

2339 3837 2353 3888 i
2398 3841 2449 3893 ln
2486 3838 2665 3892 tabula
2717 3838 2933 3893 collect.
2964 3838 3000 3894 5
3039 3854 3089 3893 c.
3122 3840 3215 3903 92,
3248 3838 3338 3894 hic
3384 3840 3566 3894 titulus
3615 3840 3871 3909 legitur:

2262 3910 2345 3964 Ad
2369 3911 2618 3980 synodum
2643 3909 3126 3983 Chalcedonensem,
3148 3919 3202 3963 ut
3221 3928 3279 3963 ea
3301 3921 3501 3965 tantum
3522 3912 3728 3983 valeant
3749 3929 3874 3983 qua

2262 3983 2324 4035 de
2360 3983 2462 4050 ﬁde
2498 3993 2673 4035 contra
2715 3981 2978 4052 Eutychen
3014 3982 3217 4036 decreta
3244 3992 3363 4036 sunt
3390 3998 3407 4035 :
3430 3993 3611 4037 cetera
3643 3981 3876 4048 elician-

2262 4054 2345 4105 da.
2395 4054 2450 4106 1n
2495 4054 2714 4119 integris
2755 4068 2885 4106 mss.
2926 4054 3137 4109 collect.
3176 4054 3631 4109 Chalcedonensis
3684 4056 3759 4107 17
3806 4070 3875 4109 ex

2261 4125 2501 4177 editione
2553 4123 2791 4187 Rustici,
2843 4124 2885 4178 is
2936 4125 3077 4179 hanc
3118 4125 3521 4193 inscriptionem
3578 4124 3871 4191 przeﬁxit:

2262 4193 2505 4265 Epistola
2535 4196 2844 4248 sanctissimi
2874 4204 2921 4248 et
2946 4195 3225 4249 beatissimi
3257 4208 3406 4265 atque
3435 4196 3738 4261 apostolici,
3777 4196 3879 4249 Dei

2262 4269 2431 4337 gratia
2461 4282 2547 4331 per
2582 4268 2756 4318 omnia
2789 4267 2919 4332 pleni
2948 4265 3131 4319 Leonis
3163 4283 3332 4335 papae,
3368 4267 3541 4337 omnia
3568 4275 3713 4337 gesta
3744 4282 3881 4319 sau-

2263 4336 2358 4389 cta:
2378 4337 2805 4391 Chalcedonensis
2831 4339 3014 4407 synodi
3055 4338 3286 4407 firmans,
3315 4347 3360 4392 et
3396 4336 3509 4390 sola
3544 4336 3639 4389 illa
3665 4337 3878 4403 infrin-

2263 4425 2406 4479 gens,
2440 4424 2554 4479 qua:
2579 4425 2668 4478 per
2692 4404 3017 4479 ambitionem
3052 4404 3757 4478 Constantinopolitanorum
3786 4426 3885 4479 ge-

2262 4477 2343 4533 sta
2381 4477 2498 4533 sunt
2534 4477 2707 4531 centra
2738 4477 2943 4533 Nicteni
2982 4490 3175 4532 statuta
3217 4477 3439 4533 concilii.
3465 4478 3593 4543 Qua:
3630 4477 3884 4543 subiecta

2262 4550 2482 4617 epistola
2518 4552 2779 4618 respondit
2820 4550 2887 4602 ad
2923 4550 3225 4604 relationem
3252 4562 3443 4604 sanctae
3486 4550 3674 4621 synodi
3702 4566 3885 4621 supra

2262 4623 2539 4689 scriptam,
2588 4638 2746 4690 quam
2799 4622 2889 4676 ille
2927 4632 3084 4676 antea
3115 4623 3483 4691 praemiserat,
3532 4635 3635 4676 nos
3676 4633 3883 4677 autem

2264 4692 2515 4747 dedimus
2547 4696 2704 4761 epist.
2741 4692 2832 4747 98.
2898 4736 2909 4748 .

2337 4762 2365 4800 ιι
2391 4765 2467 4817 Ex
2501 4762 2748 4817 versione
2794 4764 3003 4823 Graeca,
3037 4763 3141 4817 Leo
3186 4763 3601 4831 archiepiscopus
3652 4762 3881 4817 Rumor.

2266 4833 2321 4887 In
2354 4836 2679 4888 editionibus
2706 4834 2904 4889 Leonis
2921 4835 3209 4901 Qnesnello
3231 4835 3615 4899 auterioribus,
3643 4844 3703 4888 et
3725 4838 3887 4903 apud

2265 4905 2584 4977 §icbardum
2630 4906 2837 4977 primus
2888 4907 3106 4972 quidem
3158 4907 3345 4961 titulus
3396 4907 3473 4959 sic
3525 4910 3889 4974 praefertur:

2265 4976 2505 5039 Epistola
2552 4976 2641 5029 ad
2673 4976 2973 5029 Juvenalem
3021 4988 3069 5031 et
3116 4988 3324 5032 etrteros
3370 4978 3657 5045 episcopos.
3681 4978 3789 5044 qui
3834 4979 3892 5032 in

2264 5049 2667 5119 sancta‘synodo
2690 5048 3091 5102 Chalcedonensi
3124 5049 3421 5121 congregati
3460 5049 3689 5119 fuerunt,
3729 5050 3893 5103 dire-

2268 5127 2384 5185 cta;
2410 5132 2463 5172 at
2488 5122 2763 5188 inscriptio
2787 5122 3070 5173 exlnhetur
3109 5130 3164 5174 ttt
3197 5120 3246 5174 in
3284 5131 3448 5173 textu.
3477 5121 3607 5173 Mss.
3640 5120 3893 5174 collect.

580 5192 1367 5267 nium_a_ctoruut.verstonetn;
1401 5206 1518 5267 quae
1549 5194 2029 5267 prtecipna_capita
2076 5206 2161 5267 re:
2190 5207 2241 5267 ι)
2268 5191 2337 5267 21
2382 5194 2432 5267 in
2484 5192 2645 5259 priori
2669 5192 2851 5267 _titulo
2901 5191 3174 5267 Juvenalis
3207 5206 3399 5244 nomen
3445 5193 3738 5267 omittunt.
3773 5193 3897 5248 Alii

580 5262 920 5317 censebimus
968 5252 1028 5313 in'
1067 5252 1529 5315 observationibus
1552 5252 1636 5316 ’θα
1680 5252 1793 5317 not.
1823 5262 1855 5316 3
1888 5252 2160 5327 Q'ttesnclli

578 5331 632 5387 in
676 5338 813 5387 hanc
851 5331 1154 5401 epistolam.
1188 5330 1319 5385 Cum
1348 5348 1475 5385 vero
1506 5349 1627 5403 qua:
1653 5351 1717 5387 cx
1751 5335 1831 5386 his
1862 5344 1990 5387 ante
2028 5337 2160 5387 scri-

580 5414 700 5473 ptas
742 5404 871 5458 istas
912 5403 1110 5458 Leonis
1140 5403 1346 5458 litteras
1378 5403 1663 5460 Latinitate
1699 5406 1890 5459 donata
1926 5405 2154 5471 fuerant,

581 5475 803 5529 minima
855 5491 979 5543 pars
1036 5484 1180 5529 esset
1220 5484 1459 5527 actorum
1510 5473 2047 5541 Cltalcedotteusium,
2102 5488 2161 5531 ιιι

582 5546 759 5599 omnia
801 5546 914 5599 ltazc
941 5557 1086 5613 gesta
1112 5547 1485 5599 absolutissima
1520 5549 1932 5616 interpretatione
1963 5550 2156 5603 redde-

584 5628 770 5671 rentur
810 5617 1015 5676 Latine.
1050 5617 1159 5673 Leo
1199 5636 1225 5669 a
1264 5617 1475 5671 Juliano
1508 5621 1676 5685 petiit.
1712 5620 1763 5673 Id
1796 5632 1973 5673 autem
2005 5621 2158 5673 abeo

584 5685 781 5743 factum
816 5705 917 5742 nun
952 5690 1116 5744 fui-se
1140 5694 1483 5745 Ostendetuus
1506 5691 1558 5744 itt
1591 5693 1766 5745 citatis
1796 5694 2060 5745 observat.
2089 5690 2157 5745 ad

586 5769 699 5817 not.
733 5763 766 5815 5
793 5760 1088 5827 QucSttelli.

660 5827 692 5875 ³
715 5832 862 5892 Alias
886 5833 974 5889 87.
1004 5838 1133 5900 Quae
1161 5844 1337 5891 autem
1360 5844 1516 5892 antea
1550 5832 1652 5893 111
1686 5844 1821 5907 erat,
1852 5850 1994 5893 nunc
2036 5836 2155 5893 145.

2275 5264 2517 5332 plerique
2546 5264 2703 5320 codd.
2730 5266 2899 5317 solam
2930 5263 3336 5328 inscriptionem
3369 5265 3650 5317 exhibent.

2346 5332 2363 5371 ι
2403 5331 2525 5387 Mss.
2561 5336 2773 5388 collect.
2812 5334 3135 5388 Chalcedon.
3165 5334 3371 5395 liatisn.
3404 5345 3458 5387 et
3489 5333 3611 5387 Vat.
3643 5331 3895 5389 collect.

2276 5404 2358 5470 11,
2380 5407 2725 5473 deﬁnitimtes,
2744 5408 2876 5458 sicut
2901 5407 3061 5459 etiam
3090 5410 3140 5455 in
3161 5406 3387 5476 epistola
3410 5407 3811 5475 sequenticap.
3834 5405 3893 5457 1.

2266 5475 2384 5531 Mox
2416 5485 2607 5530 sanctte
2632 5478 2753 5542 ﬁdei
2779 5477 2829 5530 itt
2866 5476 2982 5528 Vat.
3022 5476 3176 5530 1522.

2338 5556 2376 5584 ω
2407 5550 2551 5603 Hanc
2576 5549 2879 5614 lectionem,
2904 5548 2970 5602 de
2993 5564 3088 5616 qua
3113 5548 3436 5613 Quesnellus
3459 5553 3571 5600 not.
3600 5544 3657 5606 2.
3681 5549 3895 5604 [rastri

2264 5634 2478 5690 quoque
2505 5621 2719 5673 codices
2750 5620 3067 5689 approbant.
3093 5619 3540 5686 Sulumquaadatu
3561 5617 3891 5688 editiones,

2266 5690 2401 5745 forte
2432 5709 2614 5745 errore
2645 5691 3118 5761 typographorum,
3152 5690 3357 5756 affectu.

2348 5765 2364 5794 ³
2400 5765 2523 5817 Ηίιιο
2548 5765 2801 5825 particula
2828 5761 2881 5819 δι
2903 5766 3033 5835 tunc
3060 5764 3177 5815 loco
3208 5761 3898 5835 importunissimi,“

2267 5852 2374 5915 que
2402 5836 2652 5909 delenda,
2681 5850 2775 5893 aut
2800 5836 2855 5894 in
2894 5833 2958 5901 δή
2983 5835 3388 5897 commutanda.
