4072 6358
240 395 383 457 1053

1593 386 1923 449 EPISTOLA
1963 386 2123 447 CXV.

3376 391 3521 454 1054

241 514 447 583 vigeret
488 506 776 565 industria.
806 505 939 563 Nam
979 518 1099 561 cum
1140 512 1321 560 vestro
1362 507 1629 576 praecipue
1672 521 1833 575 opere

1947 508 2225 579 εγίνωσκεν,
2256 503 2393 575 ὐμᾶς
2436 503 2484 558 ἕν
2523 512 2585 578 τῇ
2628 503 2866 580 βασιλείᾳ
2904 502 3225 580 καθίδρυσεν,
3250 502 3300 560 ἓν
3339 501 3409 566 οἷς
3449 508 3522 570 εις

245 605 311 660 sit
341 602 589 658 eﬁectum
616 608 673 655 ut
688 615 783 671 per
804 598 1057 671 synodale
1082 597 1368 652 concilium
1388 598 1652 651 damnatis
1674 597 1821 667 impii

246 696 509 765 dogmatis
539 694 935 758 defensoribus,
967 706 1152 747 omnes
1184 691 1324 745 vires
1350 692 1640 761 sacrilegus
1665 706 1817 745 error

248 788 545 851 amitteret,
579 785 644 839 ad
682 783 921 854 ejusdem
960 782 1260 838 devotionis
1300 784 1527 851 pertinet
1570 784 1821 851 palmam,

247 878 293 933 si
325 877 523 931 malum
551 877 691 947 quod
723 876 776 931 in
807 876 916 931 suis
938 875 1162 930 ducibus
1204 883 1287 929 est
1313 889 1626 944 Oppressum
1666 874 1825 931 etiam

250 971 301 1027 in
345 970 769 1039 quibuscumque
826 968 1068 1038 reliquiis
1109 967 1374 1023 deleatur.
1427 966 1577 1034 Quod
1623 966 1828 1022 facilius

250 1062 535 1118 clementia
566 1070 739 1115 vestra
772 1068 797 1096 λ
825 1058 1115 1113 arbitratur
1137 1057 1489 1127 implendum,
1521 1058 1565 1112 si
1595 1074 1688 1126 per
1715 1058 1832 1112 uni-

250 1170 435 1212 versas
470 1154 737 1210 Ecclesias
763 1152 1103 1207 definitiones
1133 1159 1333 1206 sancta:
1372 1152 1562 1225 synodi
1599 1151 1827 1207 Chalce-

251 1246 506 1303 dOnensis
528 1244 839 1315 apostolica:
861 1244 973 1299 sedi
1000 1244 1258 1313 placuisse
1282 1244 1595 1300 doceantur.
1624 1243 1702 1300 De
1726 1258 1832 1315 quo

251 1340 467 1410 quidem
510 1338 648 1393 ratio
682 1352 787 1393 non
832 1336 929 1392 fuit
963 1336 1289 1407 ambigendi,
1321 1351 1442 1392 cum
1485 1337 1533 1390 ei
1564 1335 1686 1391 ﬁdei
1719 1352 1835 1390 om-

253 1432 399 1486 nium
429 1429 458 1470 ιι
489 1429 934 1485 subscribentium
979 1444 1273 1484 consensus
1316 1429 1623 1493 accesserit,
1656 1444 1775 1498 quae
1805 1441 1832 1480 a

254 1539 339 1579 me
359 1523 654 1579 secundum
683 1521 907 1576 formam
938 1521 1247 1590 apostolicm
1272 1521 1530 1577 doctrina:
1560 1536 1623 1576 ac
1659 1531 1833 1591 pater-

254 1629 338 1670 nae
363 1613 665 1669 traditionis
692 1613 885 1668 emissa
917 1622 996 1667 est
1023 1627 1039 1677 ;
1070 1622 1123 1667 et
1149 1627 1243 1680 per
1268 1611 1484 1667 fratrem
1518 1627 1692 1666 meum
1728 1612 1832 1667 Luo

256 1708 467 1763 cianum
491 1706 801 1775 episcopum
836 1714 858 1743 ο
893 1704 1015 1759 talia
1045 1716 1099 1759 et
1124 1704 1189 1758 ad
1230 1703 1458 1774 gloriam
1488 1713 1746 1768 vestram,
1782 1713 1835 1758 et

256 1799 322 1854 ad
364 1795 1011 1865 Constantinopolitanum
1049 1795 1359 1865 episcopum
1391 1794 1418 1833 α
1446 1797 1642 1866 scripta
1686 1795 1831 1848 dire-

1926 599 2176 673 σωτηρίαν
2206 602 2299 651 τοῦ
2328 596 2520 658 παντὸς
2561 597 2779 668 κόσμου,
2812 600 2893 651 καί
2930 599 2961 655 ἡ
3001 596 3237 669 βασιλικὴ
3280 595 3518 668 δύναμις,

1926 693 2007 743 καί
2047 690 2077 747 ἡ
2119 689 2344 762 ἱερατική
2385 689 2523 742 ἀνθεῖ
2555 687 2778 747 σπουδή.
2819 692 2909 743 Καὶ
2936 691 3036 762 γὰρ
3080 688 3231 743 ὁπότε
3279 690 3519 765 ἔξαιρὶτῳ

1927 784 2066 851 ὐμῶν
2115 778 2253 856 ἔργῳ
2307 782 2608 853 γεγένηται,
2648 782 2779 835 ὥστε
2824 780 3035 835 συνόδου
3088 784 3519 857 κατακεκριμένων

1928 882 2029 929 τῶν
2059 871 2390 928 ἐκδικούντων
2418 874 2477 929 τὸ
2504 870 2753 932 δυσσεϐὲς
2784 871 2945 944 δόγμα
2968 873 3141 933 πάσας
3166 876 3256 934 τὰς
3287 872 3522 948 δυνάμεις

1930 964 2237 1041 ἠίερόσυλος
2279 963 2436 1023 πλάνη
2476 964 2736 1019 ἀπολέσει.
2770 967 2839 1024 εἰς
2879 966 3016 1022 νίκην
3058 974 3148 1025 τῆς
3189 967 3343 1025 αὐτῆς
3372 967 3521 1024 ἀνῆκε

1932 1058 1947 1086 ¹
1980 1056 2271 1118 διαθέσεως.
2298 1058 2342 1110 εί
2380 1057 2439 1111 τό
2493 1057 2660 1119 κακὸν,
2695 1053 2820 1128 ὅπερ
2867 1058 2914 1110 ἐν
2943 1065 3056 1118 τοῖς
3098 1056 3241 1118 ἰδίοις
3278 1060 3522 1130 ἡγεμόσιν

1930 1152 1949 1181 ’
1984 1151 2305 1227 εὐρίσκεται,
2335 1153 2420 1205 καί
2448 1150 2567 1225 παρ’
2588 1150 2709 1211 οἶοις
2749 1148 2931 1207 δήποτε
2970 1150 3156 1224 ἑτέροις
3197 1152 3519 1222 ἐξαλειφθείη⁹

1934 1239 2062 1317 ὅπερ
2093 1243 2457 1319 εὐχερέστερον
2497 1242 2528 1299 ἡ
2564 1246 2629 1301 σή
2665 1240 2939 1315 γαληνότης
2966 1241 3311 1312 ὑπολαμϐάνει
3341 1241 3360 1272 ³
3392 1242 3529 1301 πληοε

1932 1339 2068 1407 ροῦν,
2103 1335 2146 1387 εἰ
2174 1334 2263 1386 ἀνὰ
2286 1334 2458 1393 πάσας
2486 1332 2578 1391 τάς
2606 1331 2862 1391 ἐκκλησίας
2894 1334 3013 1391 τούς
3038 1330 3231 1392 τύπους
3261 1340 3351 1394 τῆς
3372 1332 3523 1405 ἁγίας

1934 1426 2144 1482 συνόδου
2174 1436 2265 1488 τῆς
2296 1428 2342 1481 ἐν
2379 1425 2657 1484 Χαλκηδόνι
2692 1434 2763 1499 τῷ
2793 1426 3107 1497 ἀποστολικῷ
3146 1424 3302 1500 θρόνῳ
3332 1428 3519 1502 ἀρέσαι

1935 1517 2220 1591 διδαχθείη·
2276 1521 2395 1593 περὶ
2444 1514 2501 1572 οὐ
2549 1515 2659 1571 οὐδέ
2707 1517 2923 1571 ὑπόνοια
2970 1518 3160 1591 ἐγένετο
3208 1518 3522 1588 ἀμφιϐολίας,

1936 1610 2085 1667 ὁπότε
2115 1619 2176 1687 τῇ
2204 1614 2375 1667 πίστει
2412 1609 2575 1684 ταύτῃ
2611 1613 2812 1665 πάντων
2840 1609 3247 1686 ὐπογραῲάντων
3274 1613 3304 1669 ἡ
3327 1610 3348 1641 ⁸
3378 1612 3530 1667 σύνε·

1936 1726 2017 1765 σις
2044 1706 2062 1735 ⁵
2094 1706 2439 1782 προτέθειται,
2473 1706 2584 1763 ἥτις
2632 1703 2889 1775 παρ’ἐμοῦ
2937 1705 3067 1759 κατὰ
3114 1704 3196 1757 τόν
3238 1704 3398 1759 τύπον
3432 1712 3527 1766 τῆς

1937 1799 2280 1857 ὰποστολικῆς
2319 1795 2648 1857 διδασκαλίας
2684 1798 2763 1850 καί
2792 1804 2883 1855 τῆς
2912 1805 3161 1873 πατρικῆς
3190 1796 3529 1871 παραδόσεως

256 1891 453 1955 xerim,
484 1905 604 1961 qua:
627 1890 907 1945 evidenter
926 1888 1273 1943 ostenderent
1295 1902 1381 1943 me
1409 1902 1471 1942 ea
1499 1904 1614 1957 quae
1636 1885 1705 1941 de
1732 1886 1835 1939 ﬁde

1947 1891 2249 1961 ἐξεπέμφθη,
2294 1892 2376 1943 καί
2415 1887 2496 1943 διὰ
2541 1895 2632 1942 τοῦ
2686 1888 2808 1958 ἐμοῦ
2857 1885 3070 1959 ἀδελφοῦ
3116 1894 3388 1942 Λουκιανοῦ
3436 1892 3528 1943 τοῦ

259 1983 521 2039 catholica
550 1986 603 2037 in
634 1982 884 2052 pmdicta
912 1980 1117 2052 synodo
1142 1980 1361 2035 deﬁnita
1397 1980 1607 2034 fuerant
1642 1995 1838 2048 appro-

262 2075 408 2129 bare.
437 2084 460 2111 ε
491 2074 596 2130 Sed
625 2075 746 2144 quia
793 2076 842 2127 in
883 2074 1084 2127 eisdem
1133 2072 1322 2126 litteris
1357 2086 1417 2126 ea
1476 2071 1683 2143 1203
1722 2085 1840 2140 qua;

262 2185 359 2241 per
395 2169 732 2224 occasionem
764 2168 950 2239 synodi
990 2166 1128 2222 male
1167 2176 1291 2222 sunt
1329 2174 1604 2231 attentata,
1654 2181 1840 2234 repre-

266 2262 578 2325 henderam,
626 2261 812 2316 maluit
844 2262 1128 2331 praedictus
1158 2262 1383 2316 antistes
1412 2276 1580 2315 meam
1609 2260 1843 2331 gratula-

264 2356 466 2410 tionem
497 2363 695 2420 tacere,
730 2369 885 2424 quam
914 2368 1067 2409 suum
1099 2354 1355 2409 ambitum
1395 2355 1683 2423 publicare.
1718 2353 1843 2408 Mihi

267 2458 445 2503 autem
474 2449 696 2501 multum
730 2448 956 2511 ﬁducita,
993 2445 1104 2502 Deo
1128 2462 1221 2516 per
1252 2461 1347 2501 vos
1375 2459 1648 2515 operante.
1675 2447 1843 2501 colla-

266 2550 376 2594 tum
409 2549 513 2609 est,
544 2539 683 2610 quod
718 2538 972 2608 probasse
1008 2553 1103 2593 vos
1146 2538 1539 2593 observantiam
1579 2554 1747 2592 meam
1777 2539 1845 2592 de

266 2631 513 2685 custodia
544 2646 805 2685 canonum
836 2640 1199 2700 paternorum,
1224 2630 1433 2701 pietatis
1461 2642 1648 2685 vestrae
1671 2630 1841 2685 amiti-

268 2721 368 2776 bus
386 2720 405 2759 ί
424 2723 719 2776 indicastis.
754 2722 817 2775 Et
848 2722 1037 2776 merito
1059 2724 1355 2792 geminatur
1374 2721 1620 2792 gaudium
1644 2736 1840 2787 meum,

269 2828 390 2867 cum
439 2815 594 2868 vobis
652 2813 1052 2883 religiosissime
1108 2815 1317 2883 placere
1361 2830 1647 2884 cognosco,
1699 2826 1755 2869 ut
1792 2822 1849 2870 et

272 2916 297 2954 ε
329 2908 461 2961 ﬁdes
482 2906 693 2962 Niczena
727 2922 877 2962 suam
907 2916 1084 2963 teneat
1123 2907 1452 2974 firmitatem,
1482 2917 1537 2964 et
1574 2909 1844 2980 privilegia

270 3000 636 3057 Ecclesiarum
662 3001 857 3057 illibata
888 3012 1254 3072 permaneant.

341 3092 470 3149 CAP.
504 3094 568 3148 ll.
593 3122 663 3134 —-
688 3094 939 3160 Quamvis
984 3106 1161 3149 autem
1192 3095 1261 3150 de
1300 3095 1557 3162 prmelaro
1598 3093 1725 3149 ﬁdei
1753 3109 1847 3150 ve-

271 3199 397 3241 stra:
434 3200 601 3254 opere
641 3185 770 3240 nihil
798 3195 976 3242 vestra
1006 3187 1179 3257 pietas
1210 3185 1477 3252 indicarit,
1512 3186 1640 3241 mihi
1672 3195 1849 3241 tamen

1943 1983 2215 2039 ἐπισκόπου
2264 1987 2479 2036 τοιαῦτα
2516 1982 2603 2033 καί
2648 1979 2777 2053 πρός
2815 1984 2905 2037 την
2950 1984 3045 2036 σήν
3094 1977 3411 2043 ἐνδοξότητα.
3442 1979 3532 2034 και

1940 2076 2069 2151 πρὸς
2093 2077 2179 2130 τὸν
2205 2082 2294 2135 τῆς
2320 2072 2885 2131 κωνσταντινουπόλεως
2915 2071 3192 2125 ἐπίσκοπον
3224 2069 3532 2135 ἰξαπέσταλ-

1941 2191 2029 2225 ται
2072 2170 2378 2240 γράμματα,
2412 2160 2554 2219 δι’ὦν
2600 2162 2945 2239 ἐναργέστατα
2991 2160 3246 2217 δείκνυται
3293 2163 3378 2233 ἐμὲ
3426 2168 3529 2216 τῶν

1943 2264 2063 2338 περί
2100 2269 2190 2320 τῆς
2228 2259 2481 2318 καθολικῆς
2516 2259 2737 2317 πίστεως
2766 2254 2815 2310 ἐν
2850 2262 2913 2329 τῇ
2950 2256 3294 2328 προλεχθείσῃ
3328 2253 3529 2327 συνόδῳ

1944 2354 2271 2409 τυπωθίντων
2299 2351 2528 2423 ἔχεσθαι.
2555 2350 2675 2405 Ἀλλ’
2690 2351 2894 2424 ἐπείπερ
3156 2352 3207 2404 ἓν
3230 2357 3340 2410 τοῖς
3363 2351 3534 2413 αὐτοῖς

1944 2450 2215 2523 ’γράμμασι
2255 2452 2320 2503 τὰ
2350 2444 2432 2499 διὰ
2458 2450 2549 2505 τήν
2588 2453 2679 2505 τῆς
2715 2442 2936 2499 συνόδου
2985 2446 3207 2520 ἀφορμήν
3236 2452 3396 2507 κακῶς
3423 2448 3535 2501 ἒπεο

1948 2540 2247 2616 χειρηθέντα
2277 2538 2295 2568 ⁸
2327 2537 2667 2601 διαϐεϐλήκει,
2698 2538 2881 2606 μᾶλλον
2909 2538 3143 2596 ἠθέλησεν
3175 2537 3199 2592 ὁ
3229 2540 3534 2613 προλεχθείς

1947 2632 2223 2691 ἐπίσκοπος
2263 2634 2352 2688 τὴν
2396 2631 2517 2702 ἐμήν
2564 2631 2906 2703 εὐχαριστίαν
2955 2638 3232 2689 σιωπῆσαι.
3267 2631 3396 2704 ἤπερ
3443 2636 3535 2690 τήν

1947 2724 1969 2755 ⁷
1996 2725 2115 2799 ἐμήν
2143 2724 2412 2795 ἀμϐιτίονα
2442 2722 2801 2793 δημοσιεῦσαι³
2836 2723 2941 2792 ἐμοὶ
2966 2721 3019 2777 δέ
3048 2724 3205 2781 πολλὴ
3235 2725 3531 2801 παρῤησία,

1945 2822 2039 2872 τοῦ
2084 2822 2208 2871 Θεοῦ
2256 2813 2472 2888 δι’ὐμῶν
2515 2814 2870 2891 παρέχοντος,
2916 2815 3287 2885 συνεισηνέχθη
3313 2856 3326 2879 ,
3358 2814 3536 2890 ὅτιπερ

1949 2906 2291 2972 ἀποδέξασθαι
2318 2908 2454 2978 ὑμᾶς
2488 2911 2577 2964 τήν
2616 2907 2737 2977 ἐμὴν
2765 2905 3060 2974 ἀσφάλειαν,
3093 2907 3151 2967 ἢν
3190 2914 3303 2968 τοῖς
3349 2928 3536 2984 πατρι-

1948 3009 2052 3062 κοῖς
2074 3002 2246 3056 κανόσι
2268 3000 2514 3072 φυλάττω,
2545 3006 2636 3058 τῆς
2659 2998 2911 3073 ὑμετέρας
2940 2998 3193 3059 εὐσεϐείας
3223 3007 3340 3061 τοῖς
3371 3001 3532 3074 γράμ-

1951 3116 2108 3167 μασιν
2164 3094 2462 3163 ἐμηνύσατε.
2522 3093 2622 3145 Καὶ
2674 3088 2882 3149 δικαίως
2938 3088 3322 3155 διπλασιάζεταεῖ
3373 3113 3459 3163 μοι
3504 3093 3537 3151 ἡ

1954 3190 2122 3263 χαρά,
2157 3186 2309 3241 ὁπότε
2349 3186 2489 3256 ὑμῖν,
2524 3180 2563 3237 ὦ
2603 3182 2888 3248 ἓνδοξότατε
2925 3183 3140 3253 βασιλεῦ
3162 3228 3175 3251 ,
3210 3186 3437 3259 ἀρέσκειν
3463 3206 3538 3259 γε·

274 3294 372 3350 per
411 3288 784 3333 veneratorem
808 3274 835 3314 ιι
863 3293 964 3331 una
1006 3294 1213 3333 mecum
1255 3277 1558 3348 specialiter
1587 3291 1844 3346 vectrum,

1950 3283 2147 3347 νώσκω,
2177 3281 2245 3340 ὡς
2267 3273 2326 3332 ἂν
2354 3281 2439 3331 xvi
2457 3279 2487 3335 ἦ
2510 3279 2558 3331 ἒν
2587 3279 2766 3351 Νικαίᾳ
2793 3279 2967 3337 πίστις
2994 3283 3084 3336 τήν
3114 3276 3243 3332 ἰδίαν
3272 3281 3537 3351 κατάσχοι

272 3372 496 3426 fratrem
529 3385 707 3425 meum
727 3369 993 3424 .lulianutn
1020 3370 1329 3440 episcopum
1358 3370 1653 3424 innotuisse
1681 3370 1848 3441 signi-

275 3464 405 3534 ﬁco,
436 3478 596 3533 quam
643 3462 730 3533 pio
774 3460 977 3533 dignati
1024 3462 1230 3517 fueritis
1270 3476 1529 3532 responso
1572 3461 1843 3529 imperito-

273 3569 392 3612 rum
436 3555 823 3610 monachorum
867 3554 1075 3609 animos
1114 3552 1127 3590 ί
1165 3562 1220 3609 et
1257 3554 1510 3609 cohibere
1553 3554 1753 3621 pariter
1796 3561 1853 3609 et

274 3646 473 3704 docere
517 3664 532 3702 :
575 3655 663 3715 ut,
710 3647 756 3702 si
805 3647 922 3703 illos
980 3661 1086 3703 non
1130 3647 1346 3716 penitus
1390 3646 1627 3703 deseruit
1672 3646 1852 3702 divina

357 3845 380 3871 ι
409 3835 623 3903 angali
651 3835 854 3903 antiqui
885 3850 1002 3887 cum
1034 3834 1314 3903 Sichardo,
1346 3837 1638 3890 arbitretur.

352 3906 701 3960 l>Vindebon.
744 3907 891 3973 llisp.
926 3922 1045 3960 cum
1086 3922 1184 3960 lllS.
1222 3907 1337 3960 Vat.
1370 3908 1580 3960 collect.
1609 3907 1699 3963 ‘24.
1738 3906 1859 3959 sub-

280 3976 627 4043 scribendum,
672 3977 829 4029 tnale.
880 3977 974 4030 llic
1019 3991 1169 4031 error
1206 3978 1258 4031 in
1304 3977 1424 4031 Vat.
1460 3976 1606 4045 lli~p.
1637 3977 1856 4031 originis

280 4047 571 4102 Gallicana:
599 4046 912 4101 emendatus
946 4048 1041 4100 fuit
1080 4049 1256 4101 minus
1294 4058 1439 4102 recte
1474 4047 1852 4111 subscribendo,

281 4134 401 4185 qua:
441 4120 600 4171 lectio
628 4122 694 4170 ab
727 4118 930 4173 Isidoro
957 4126 1013 4172 et
1049 4121 1098 4171 in
1136 4119 1252 4172 aliis
1279 4118 1433 4173 codd.
1466 4119 1666 4172 exinde
1693 4118 1854 4185 proﬁ-

280 4190 610 4243 ClSCt‘ﬂllbUS
640 4198 910 4256 suscepta,
946 4191 997 4242 in
1020 4190 1281 4243 editiones
1308 4189 1598 4256 Qnesncllo
1622 4188 1856 4242 anterio-

275 4274 368 4314 res
401 4259 631 4313 transiit.
678 4258 870 4313 Veram
918 4260 1199 4314 lectiOnent
1248 4262 1652 4328 suppeditarunt
1691 4258 1851 4313 Codd.

279 4330 451 4384 Grim.
487 4339 541 4384 et
575 4340 753 4385 noster
784 4330 1010 4399 llatisp.,
1035 4331 1227 4400 quibus
1258 4332 1437 4383 Graeca
1473 4331 1648 4384 versiu
1672 4332 1856 4383 conci-

282 4402 380 4450 hlt.
411 4402 539 4472 Dein
574 4405 623 4453 in
658 4400 882 4472 vulgatis
904 4401 1153 4470 antiquis,
1177 4417 1290 4472 qua:
1316 4402 1383 4453 ad
1413 4418 1506 4463 me,
1545 4416 1851 4467 perperam;

283 4482 408 4519 nam
426 4470 493 4519 de
521 4473 620 4524 ﬁde
641 4487 668 4523 a
695 4471 871 4525 Leone
896 4472 1089 4525 emissa
1118 4474 1167 4525 in
1188 4470 1409 4539 epistola
1441 4474 1532 4530 ‘28.
1559 4474 1621 4523 ad
1650 4472 1855 4524 Flavia-

283 4552 436 4600 num,
466 4545 519 4590 ct
540 4541 774 4588 omnium
796 4544 1165 4610 episcoporum
1196 4543 1676 4609 snhsm'iplionibus
1706 4557 1854 4596 rece-

282 4620 371 4681 pta
424 4621 604 4661 sermo
647 4616 747 4681 est.
798 4608 1232 4681 Enicndationem
1276 4614 1541 4681 Quesnclli
1585 4629 1647 4665 ex
1680 4612 1850 4667 Gritn.

282 4678 559 4751 inductam
584 4677 904 4751 conﬁrmant
928 4680 1093 4751 nostri
1117 4677 1329 4734 codices
1354 4682 1649 4735 Vindebon.
1679 4685 1851 4751 llisp.,

280 4747 492 4822 [tatisp.
529 4747 764 4822 _etAVat.
807 4750 1017 4822 collect.
1050 4749 1140 4815 27o,
1196 4766 1293 4805 nec
1339 4767 1441 4806 non
1487 4747 1855 4822 interpretatio

278 4819 494 4875 Graeca.
528 4818 661 4873 Vide
691 4827 801 4871 not.
830 4820 864 4872 2
888 4820 1087 4886 Qucsn.

355 4901 379 4929 ε
419 4890 624 4963 llatisp.
657 4890 857 4963 omittit
876 4890 1021 4954 talia,
1053 4900 1107 4946 et
1137 4907 1232 4959 pro
1263 4894 1557 4963 episwpum
1581 4909 1700 4949 cum
1729 4894 1859 4948 Vin-

279 4961 486 5015 debon.
532 4962 680 5027 llisp.
725 4959 911 5026 habet,
958 4962 1253 5017 antistitem.
1301 4965 1374 5019 De
1401 4959 1637 5021 Luciano
1681 4976 1858 5021 autem

278 5034 406 5086 vide
441 5042 549 5087 not.
581 5033 616 5087 5
644 5031 847 5098 Qucsn.

351 5103 376 5140 ea
420 5104 591 5169 Epist.
629 5100 729 5156 los
760 5112 813 5156 et
846 5102 965 5157 106.

347 5185 371 5211 ε
405 5171 531 5227 Vat.
560 5174 709 5241 llisp.
735 5184 783 5227 et
814 5172 961 5235 lsid.,
998 5172 1063 5225 Et
1084 5175 1221 5244 quia.

254 5284 259 5304 ,
352 5245 368 5281 τ
410 5244 487 5298 lia
516 5244 897 5315 omnesnostri
924 5245 1086 5315 codd.
1116 5257 1169 5299 et
1193 5246 1473 5299 editiones.
1499 5244 1653 5301 Solus
1684 5247 1855 5315 Ques-

275 5317 478 5380 m-llus,
513 5313 773 5385 indicatis.
802 5314 995 5369 Confer
1022 5326 1205 5369 annot.
1239 5320 1271 5371 5
1295 5316 1430 5385 (Col.
1459 5316 1613 5375 lOl‘J,
1645 5336 1673 5369 η
1709 5313 1731 5355 ἆ
1758 5317 1775 5385 )
1800 5318 1853 5372 in

274 5392 439 5449 epist.
472 5386 594 5440 ΗΟ.
622 5384 750 5437 Post
778 5399 941 5451 pauca
964 5400 1029 5439 ex
1060 5389 1307 5440 versione
1322 5386 1528 5450 Gra'ca,
1550 5404 1659 5441 rum
1692 5384 1854 5455 vobis,

272 5458 655 5528 gloriosissime
682 5458 982 5528 imperator,
1010 5457 1219 5528 placere
1233 5473 1499 5525 cognosco.

348 5538 373 5569 κ
411 5528 562 5583 Licet
593 5527 646 5581 in
678 5526 928 5580 Marciani
952 5526 1175 5595 epistola
1202 5526 1325 5593 llO,
1349 5530 1429 5581 cui
1466 5542 1607 5582 nunc
1636 5527 1743 5582 Leo
1765 5544 1855 5582 re-

274 5601 535 5668 spondet,
563 5598 706 5652 nulla
737 5598 804 5651 sit
828 5613 1083 5664 expressa
1101 5598 1328 5653 Nicaeum
1358 5598 1476 5652 ﬁdei
1507 5600 1728 5657 mentio.
1751 5614 1855 5653 non

273 5682 466 5724 tamen
500 5671 621 5723 hinc
666 5669 1041 5731 susnicandum
1082 5680 1163 5725 est
1198 5684 1317 5724 cum
1350 5669 1621 5724 noonullis
1660 5668 1857 5737 aliquid

270 5740 322 5793 in
366 5756 435 5795 ea
484 5739 705 5809 epistola
746 5740 1058 5795 desiderari.
1106 5740 1185 5795 Ad
1229 5740 1495 5795 Nicaenam
1527 5742 1667 5795 enim
1698 5740 1857 5795 ﬁdem

270 5813 590 5866 referuntur
619 5810 706 5865 illa
734 5809 973 5882 ejusdem
996 5811 1154 5882 epist.
1191 5813 1314 5878 llo,
1346 5811 1540 5882 quibus
1570 5813 1860 5878 imperator

273 5895 334 5938 se
373 5882 672 5937 sollicitum
716 5880 944 5951 przbuit
994 5880 1090 5951 pro
1123 5881 1535 5940 conﬁrmatione
1579 5882 1859 5941 catholicae

561 5973 834 6036 ΡΑτιοε..
882 5973 1039 6040 LIV.

1958 3374 1980 3405 ⁸
2008 3374 2216 3431 πίστιν,
2250 3373 2337 3425 καί
2382 3372 2449 3426 τὰ
2502 3370 2756 3445 προνόμια
2806 3376 2905 3423 τῶν
2950 3370 3222 3429 ἐκκλησιῶν
3276 3371 3539 3428 ἀσάλευτα

1957 3462 2277 3535 διαμείναιεν·
2324 3463 2367 3516 εὶ
2409 3464 2492 3515 καί
2535 3463 2601 3515 τά
2646 3462 2867 3532 μάλιστα
2914 3459 2967 3515 δὲ
3010 3464 3129 3535 περί
3172 3467 3261 3515 τοῦ
3305 3462 3535 3539 λαμπροῦ

1956 3556 2108 3634 ἔργον
2145 3564 2237 3618 τῆς
2272 3555 2523 3629 ὐμετίρας
2559 3556 2780 3613 πίστεως
2820 3551 2963 3607 οὐδέν
2988 3573 3076 3627 μοι
3116 3554 3149 3611 ἡ
3194 3558 3262 3612 σὴ
3309 3555 3537 3611 εὐσέϐεια

1961 3650 2225 3721 ἐμήνυσεν,
2256 3644 2391 3720 ὅμως
2417 3646 2527 3718 ἐμοὶ
2554 3643 2636 3701 διὰ
2661 3651 2754 3701 τοῦ
2781 3644 3019 3706 σέϐοντας
3054 3646 3194 3718 ὑμᾶς
3225 3644 3396 3709 ἱδικῶς
3425 3656 3535 3716 μετ’

1963 3833 2083 3888 ﬁdei
2131 3842 2315 3889 contra
2348 3831 2709 3904 Eutychianos
2741 3831 2801 3904 in
2844 3830 3262 3888 Chalcedonensi
3299 3836 3532 3894 concilio

1960 3905 2217 3979 deﬁnitae,
2250 3919 2368 3969 quae
2415 3900 2605 3979 eadem
2636 3917 2697 3956 ac
2739 3900 2953 3957 Nicaena
2985 3904 3118 3979 ﬁdes
3142 3906 3407 3979 (exactius
3438 3922 3538 3979 pro

1962 3978 2280 4030 necessitate
2313 3976 2567 4039 temporis
2606 3984 2789 4027 contra
2832 3988 3021 4027 novam
3068 3976 3313 4030 lmresim
3353 3976 3539 4034 decla-

1962 4048 2101 4117 rata)
2134 4047 2401 4117 communi
2433 4045 2701 4117 locutione
2744 4043 3042 4117 dicebatur.
3082 4045 3213 4099 Vide
3254 4049 3420 4112 ipSam
3450 4051 3538 4106 de.

1961 4115 2253 4172 ﬁnitionem
2291 4115 2778 4169 Chalcedonensem
2823 4116 3033 4169 actione
3074 4116 3126 4171 5.
3172 4116 3331 4172 Forte
3372 4122 3535 4177 etiam

1960 4189 2022 4245 S.
2065 4186 2299 4258 pontifex
2346 4188 2426 4258 his
2456 4186 2633 4258 verbis
2676 4184 3181 4258 respicitiMarciani
3238 4189 3442 4245 litteras
3469 4192 3537 4247 ad

1961 4256 2255 4313 monachos
2284 4256 2616 4322 Palrcsunos,
2657 4270 2789 4323 quas
2834 4272 2859 4307 a
2890 4257 3103 4311 Juliano
3141 4259 3333 4314 Coensi
3365 4271 3539 4317 trans-

1961 4332 2154 4385 missas
2192 4344 2292 4382 una
2334 4344 2452 4379 cum
2496 4328 2830 4395 imperatoris
2869 4328 3092 4398 epistola
3122 4340 3431 4397 acceperat;
3481 4334 3536 4389 in

1962 4402 2091 4470 ipsis
2112 4402 2253 4455 enim
2283 4398 2497 4453 Nicacna
2522 4398 2651 4451 ﬁdes
2675 4414 2705 4452 a
2739 4398 2983 4470 Patribns
3002 4399 3536 4457 Chalcedoiiensibus

1960 4468 2271 4526 confirmata
2323 4477 2377 4523 et
2427 4470 2685 4536 explicata
2737 4468 2978 4523 traditur.
3046 4470 3244 4526 Confer
3291 4484 3420 4527 tom.
3465 4474 3534 4530 IV

1961 4542 2167 4611 Concil.
2198 4541 2415 4595 Veneta:
2442 4539 2692 4611 editionis
2724 4553 2842 4607 pag.
2874 4540 3030 4595 1805,

2033 4610 2058 4649 ιλ
2086 4612 2256 4666 Voces
2274 4628 2378 4665 una
2405 4626 2600 4663 mecum
2622 4609 2938 4678 Quesnellus
2958 4612 3169 4676 omisit;
3206 4612 3539 4671 restituimus

1959 4699 2024 4739 ex
2053 4684 2249 4737 nostris
2281 4697 2409 4735 mss.
2440 4696 2504 4736 ac
2535 4686 2829 4754 praesertim
2860 4697 2926 4754 ex
2960 4680 3257 4754 Vindebon.
3298 4684 3446 4754 llisp.
3480 4698 3538 4743 et

1958 4755 2142 4811 Graeca
2173 4754 2437 4819 versione,
2476 4752 2670 4821 quibus
2715 4751 2920 4807 accedit
2960 4751 3196 4824 Ratisp.,
3238 4751 3537 4824 praeferens

1959 4840 2177 4881 mecum.

2039 4894 2056 4933 ί
2094 4895 2415 4950 Particulam
2446 4902 2492 4948 et
2523 4907 2588 4947 ex
2630 4891 2837 4962 Ratisp.
2869 4900 2927 4947 et
2961 4892 3145 4949 Graeca
3177 4894 3428 4954 versione
3453 4901 3541 4954 ad-

1958 4966 2207 5035 iecimus.
2242 4965 2549 5020 Indicantur
2578 4972 2758 5018 autem
2792 4964 3097 5035 imperiales
3125 4965 3317 5021 littera:
3349 4983 3538 5026 contra

1964 5034 2351 5107 tumultuantes
2372 5034 2672 5107 Palaestina
2703 5034 2997 5090 monachos
3024 5035 3203 5107 editae,
3228 5053 3344 5106 quae
3374 5044 3538 5107 gestis

1964 5106 2492 5179 Cbalcredonensibus
2535 5106 2890 5175 subjiciuntur
2928 5112 3062 5161 tom.
3095 5106 3184 5175 ιν,
3217 5122 3337 5179 pag.
3377 5106 3537 5166 l7v8.

2030 5185 2049 5217 ί
2076 5178 2187 5252 AL,
2210 5180 2516 5252 προθέσεως.

2030 5245 2625 5325 ξΔυ-ι’-ι)ᾁθῑεύρίσκεται
2650 5245 3045 5325 dees_t_aliquid,
3076 5257 3197 5316 puta
3228 5250 3539 5325 καταϐληθύν

1957 5318 2419 5446 ἶοιΑιιίόεὶηιὶιέ,
2444 5328 2535 5373 aut
2568 5320 2725 5387 longe
2748 5318 2906 5374 aliter
2933 5332 3092 5389 quam
3120 5331 3239 5384 nos,
3268 5319 3539 5391 interpres

1980 5401 2106 5446 emt.

1980 5401 2106 5445 eait.

2011 5405 2255 5537 8_'“[_‘.‘orte,
2286 5458 2756 5537 πληρωθησόμενον.

2032 5529 2053 5559 ⁵
2085 5530 2238 5599 Leg.,
2266 5529 2573 5591 συναίνεσις.

2031 5602 2054 5678 ξ
2078 5600 2204 5678 1383.
2217 5642 2232 5667 ,
2260 5604 2636 5678 προστίθεεται.

2034 5672 2055 5744 ξ
2076 5670 2233 5744 μεᾲο,
2265 5670 2615 5744 δὶεϐεϐλήκειν.

2032 5742 2054 5776 ⁷
2075 5742 2230 5813 Leg.,
2259 5743 2469 5801 ἑαυτοῦ.

2034 5816 2056 5848 ⁸
2082 5814 2262 5883 Forte,
2286 5822 2377 5876 τήν
2405 5818 2569 5887 ἰσχύν
