  <div class='ocr_page' id='page_1' title='image "/cluster/home/n/w/nwhite01/storage/ocr_20150623/54/hvd.32044015471584/523.png"; bbox 0 0 4072 6358; ppageno 0'>
   <div class='ocr_carea' id='block_1_1' title="bbox 462 380 602 447">
    <p class='ocr_par' dir='ltr' id='par_1_1' title="bbox 462 380 602 447">
     <span class='ocr_line' id='line_1_1' title="bbox 462 380 602 447; baseline 0.021 -4"><span class='ocrx_word' id='word_1_1' title='bbox 462 380 602 447; x_wconf 64' lang='grc'><strong>1059</strong></span> 
     </span>
    </p>
   </div>
   <div class='ocr_carea' id='block_1_2' title="bbox 1574 371 2588 434">
    <p class='ocr_par' dir='ltr' id='par_1_2' title="bbox 1574 371 2588 434">
     <span class='ocr_line' id='line_1_2' title="bbox 1574 371 2588 434; baseline -0.001 0"><span class='ocrx_word' id='word_1_2' title='bbox 1574 373 1634 434; x_wconf 92' lang='lat' dir='ltr'><strong>S.</strong></span> <span class='ocrx_word' id='word_1_3' title='bbox 1676 372 1921 433; x_wconf 86' lang='lat' dir='ltr'><strong>LEONIS</strong></span> <span class='ocrx_word' id='word_1_4' title='bbox 1957 372 2172 433; x_wconf 82' lang='lat' dir='ltr'><strong>MAGNI</strong></span> <span class='ocrx_word' id='word_1_5' title='bbox 2212 371 2588 433; x_wconf 65' lang='lat' dir='ltr'><strong>EPlSTOLE.</strong></span> 
     </span>
    </p>
   </div>
   <div class='ocr_carea' id='block_1_3' title="bbox 3596 369 3736 434">
    <p class='ocr_par' dir='ltr' id='par_1_3' title="bbox 3596 369 3736 434">
     <span class='ocr_line' id='line_1_3' title="bbox 3596 369 3736 434; baseline -0.021 0"><span class='ocrx_word' id='word_1_6' title='bbox 3596 369 3736 434; x_wconf 65' lang='lat' dir='ltr'><strong>IO‘O</strong></span> 
     </span>
    </p>
   </div>
   <div class='ocr_carea' id='block_1_4' title="bbox 459 480 3738 564">
    <p class='ocr_par' dir='ltr' id='par_1_4' title="bbox 459 480 3738 564">
     <span class='ocr_line' id='line_1_4' title="bbox 459 480 3738 564; baseline -0.005 -9"><span class='ocrx_word' id='word_1_7' title='bbox 459 498 782 555; x_wconf 82' lang='lat' dir='ltr'><strong>tltolicorum</strong></span> <span class='ocrx_word' id='word_1_8' title='bbox 814 491 1065 564; x_wconf 83' lang='lat' dir='ltr'><strong>injuriam</strong></span> <span class='ocrx_word' id='word_1_9' title='bbox 1092 490 1386 563; x_wconf 87' lang='lat' dir='ltr'><strong>pertinere.</strong></span> <span class='ocrx_word' id='word_1_10' title='bbox 1410 486 1515 545; x_wconf 85' lang='lat' dir='ltr'><strong>Sed</strong></span> <span class='ocrx_word' id='word_1_11' title='bbox 1535 489 1802 557; x_wconf 74' lang='lat' dir='ltr'><strong>patienter</strong></span> <span class='ocrx_word' id='word_1_12' title='bbox 1830 487 2044 545; x_wconf 78' lang='lat' dir='ltr'><strong>interim</strong></span> <span class='ocrx_word' id='word_1_13' title='bbox 2076 492 2127 551; x_wconf 73' lang='grc' dir='ltr'>Α</span> <span class='ocrx_word' id='word_1_14' title='bbox 2151 486 2292 544; x_wconf 90' lang='lat' dir='ltr'><strong>nodo</strong></span> <span class='ocrx_word' id='word_1_15' title='bbox 2325 489 2537 563; x_wconf 86' lang='lat'><strong>1211</strong></span> <span class='ocrx_word' id='word_1_16' title='bbox 2591 490 2911 557; x_wconf 85' lang='lat' dir='ltr'><strong>congregata</strong></span> <span class='ocrx_word' id='word_1_17' title='bbox 2938 525 2955 551; x_wconf 96' lang='lat'><strong>,</strong></span> <span class='ocrx_word' id='word_1_18' title='bbox 2985 480 3237 540; x_wconf 66' lang='lat' dir='ltr'><strong>haeretica</strong></span> <span class='ocrx_word' id='word_1_19' title='bbox 3268 480 3615 538; x_wconf 80' lang='lat' dir='ltr'><strong>damnaretur</strong></span> <span class='ocrx_word' id='word_1_20' title='bbox 3634 481 3738 537; x_wconf 84' lang='lat' dir='ltr'><strong>im-</strong></span> 
     </span>
    </p>
   </div>
   <div class='ocr_carea' id='block_1_5' title="bbox 460 581 2051 649">
    <p class='ocr_par' dir='ltr' id='par_1_5' title="bbox 460 581 2051 649">
     <span class='ocr_line' id='line_1_5' title="bbox 460 581 2051 649; baseline -0.004 -6"><span class='ocrx_word' id='word_1_21' title='bbox 460 590 561 643; x_wconf 90' lang='lat' dir='ltr'><strong>ista</strong></span> <span class='ocrx_word' id='word_1_22' title='bbox 615 585 889 642; x_wconf 87' lang='lat' dir='ltr'><strong>toleranda</strong></span> <span class='ocrx_word' id='word_1_23' title='bbox 939 592 1084 649; x_wconf 88' lang='lat' dir='ltr'><strong>sunt,</strong></span> <span class='ocrx_word' id='word_1_24' title='bbox 1136 598 1203 637; x_wconf 90' lang='lat' dir='ltr'><strong>ne</strong></span> <span class='ocrx_word' id='word_1_25' title='bbox 1244 596 1551 637; x_wconf 85' lang='lat' dir='ltr'><strong>mensuram</strong></span> <span class='ocrx_word' id='word_1_26' title='bbox 1597 592 1621 619; x_wconf 73' lang='grc' dir='ltr'>ἰ</span> <span class='ocrx_word' id='word_1_27' title='bbox 1665 581 2051 639; x_wconf 78' lang='lat' dir='ltr'><strong>moderationis</strong></span> 
     </span>
    </p>
   </div>
   <div class='ocr_carea' id='block_1_6' title="bbox 461 674 2053 746">
    <p class='ocr_par' dir='ltr' id='par_1_6' title="bbox 461 674 2053 746">
     <span class='ocr_line' id='line_1_6' title="bbox 461 674 2053 746; baseline -0.003 -13"><span class='ocrx_word' id='word_1_28' title='bbox 461 680 636 734; x_wconf 73' lang='lat' dir='ltr'><strong>solita:</strong></span> <span class='ocrx_word' id='word_1_29' title='bbox 664 678 943 732; x_wconf 83' lang='lat' dir='ltr'><strong>videamur</strong></span> <span class='ocrx_word' id='word_1_30' title='bbox 967 675 1263 741; x_wconf 80' lang='lat' dir='ltr'><strong>excedere;</strong></span> <span class='ocrx_word' id='word_1_31' title='bbox 1306 690 1427 731; x_wconf 82' lang='lat' dir='ltr'><strong>cum</strong></span> <span class='ocrx_word' id='word_1_32' title='bbox 1461 674 1632 746; x_wconf 76' lang='lat' dir='ltr'><strong>p035it</strong></span> <span class='ocrx_word' id='word_1_33' title='bbox 1670 689 1769 746; x_wconf 92' lang='lat' dir='ltr'><strong>pro</strong></span> <span class='ocrx_word' id='word_1_34' title='bbox 1810 685 2053 745; x_wconf 88' lang='lat' dir='ltr'><strong>tempore</strong></span> 
     </span>
    </p>
   </div>
   <div class='ocr_carea' id='block_1_7' title="bbox 458 764 2055 838">
    <p class='ocr_par' dir='ltr' id='par_1_7' title="bbox 458 764 2055 838">
     <span class='ocr_line' id='line_1_7' title="bbox 458 764 2055 838; baseline -0.003 -14"><span class='ocrx_word' id='word_1_35' title='bbox 458 771 592 826; x_wconf 86' lang='lat' dir='ltr'><strong>satis</strong></span> <span class='ocrx_word' id='word_1_36' title='bbox 617 784 737 825; x_wconf 90' lang='lat' dir='ltr'><strong>esse</strong></span> <span class='ocrx_word' id='word_1_37' title='bbox 775 768 1054 837; x_wconf 79' lang='lat' dir='ltr'><strong>praedicto,</strong></span> <span class='ocrx_word' id='word_1_38' title='bbox 1103 768 1245 838; x_wconf 89' lang='lat' dir='ltr'><strong>quod</strong></span> <span class='ocrx_word' id='word_1_39' title='bbox 1274 766 1824 824; x_wconf 90' lang='lat' dir='ltr'><strong>clementissimorum</strong></span> <span class='ocrx_word' id='word_1_40' title='bbox 1852 764 2055 836; x_wconf 85' lang='lat' dir='ltr'><strong>princi-</strong></span> 
     </span>
    </p>
   </div>
   <div class='ocr_carea' id='block_1_8' title="bbox 460 857 2055 931">
    <p class='ocr_par' dir='ltr' id='par_1_8' title="bbox 460 857 2055 931">
     <span class='ocr_line' id='line_1_8' title="bbox 460 857 2055 931; baseline 0 -16"><span class='ocrx_word' id='word_1_41' title='bbox 460 878 586 930; x_wconf 85' lang='lat' dir='ltr'><strong>pum</strong></span> <span class='ocrx_word' id='word_1_42' title='bbox 619 862 807 916; x_wconf 79' lang='lat' dir='ltr'><strong>favore</strong></span> <span class='ocrx_word' id='word_1_43' title='bbox 849 861 1109 928; x_wconf 89' lang='lat' dir='ltr'><strong>munitur,</strong></span> <span class='ocrx_word' id='word_1_44' title='bbox 1135 860 1330 930; x_wconf 84' lang='lat' dir='ltr'><strong>quibus</strong></span> <span class='ocrx_word' id='word_1_45' title='bbox 1360 876 1481 915; x_wconf 93' lang='lat' dir='ltr'><strong>eum</strong></span> <span class='ocrx_word' id='word_1_46' title='bbox 1522 860 1771 931; x_wconf 80' lang='lat' dir='ltr'><strong>proxime</strong></span> <span class='ocrx_word' id='word_1_47' title='bbox 1800 858 1826 898; x_wconf 73' lang='grc' dir='ltr'>δ</span> <span class='ocrx_word' id='word_1_48' title='bbox 1858 857 2055 915; x_wconf 86' lang='lat' dir='ltr'><strong>litteris</strong></span> 
     </span>
    </p>
   </div>
   <div class='ocr_carea' id='block_1_9' title="bbox 460 954 2057 1026">
    <p class='ocr_par' dir='ltr' id='par_1_9' title="bbox 460 954 2057 1026">
     <span class='ocr_line' id='line_1_9' title="bbox 460 954 2057 1026; baseline -0.002 -15"><span class='ocrx_word' id='word_1_49' title='bbox 460 958 595 1012; x_wconf 89' lang='lat' dir='ltr'><strong>meis</strong></span> <span class='ocrx_word' id='word_1_50' title='bbox 627 956 696 1010; x_wconf 90' lang='lat' dir='ltr'><strong>ita</strong></span> <span class='ocrx_word' id='word_1_51' title='bbox 718 957 1090 1012; x_wconf 90' lang='lat' dir='ltr'><strong>commendavi</strong></span> <span class='ocrx_word' id='word_1_52' title='bbox 1114 998 1129 1022; x_wconf 96' lang='lat'><strong>,</strong></span> <span class='ocrx_word' id='word_1_53' title='bbox 1156 955 1365 1026; x_wconf 89' lang='lat' dir='ltr'><strong>utapud</strong></span> <span class='ocrx_word' id='word_1_54' title='bbox 1387 954 1821 1025; x_wconf 86' lang='lat' dir='ltr'><strong>religiosissimas</strong></span> <span class='ocrx_word' id='word_1_55' title='bbox 1848 962 2057 1009; x_wconf 82' lang='lat' dir='ltr'><strong>mentes</strong></span> 
     </span>
    </p>
   </div>
   <div class='ocr_carea' id='block_1_10' title="bbox 459 1032 2018 1119">
    <p class='ocr_par' dir='ltr' id='par_1_10' title="bbox 459 1032 2018 1119">
     <span class='ocr_line' id='line_1_10' title="bbox 459 1032 2018 1119; baseline 0 -17"><span class='ocrx_word' id='word_1_56' title='bbox 459 1048 685 1119; x_wconf 79' lang='lat' dir='ltr'><strong>gratiam</strong></span> <span class='ocrx_word' id='word_1_57' title='bbox 712 1049 882 1119; x_wconf 89' lang='lat' dir='ltr'><strong>ipsius</strong></span> <span class='ocrx_word' id='word_1_58' title='bbox 909 1048 1205 1118; x_wconf 81' lang='lat' dir='ltr'><strong>augendam</strong></span> <span class='ocrx_word' id='word_1_59' title='bbox 1230 1064 1350 1103; x_wconf 88' lang='lat' dir='ltr'><strong>esse</strong></span> <span class='ocrx_word' id='word_1_60' title='bbox 1378 1064 1483 1104; x_wconf 91' lang='lat' dir='ltr'><strong>non</strong></span> <span class='ocrx_word' id='word_1_61' title='bbox 1509 1049 1773 1103; x_wconf 91' lang='lat' dir='ltr'><strong>dubitem.</strong></span> <span class='ocrx_word' id='word_1_62' title='bbox 2012 1032 2018 1039; x_wconf 60' lang='grc'><strong>’</strong></span> 
     </span>
    </p>
   </div>
   <div class='ocr_carea' id='block_1_11' title="bbox 533 1142 2060 1209">
    <p class='ocr_par' dir='ltr' id='par_1_11' title="bbox 533 1142 2060 1209">
     <span class='ocr_line' id='line_1_11' title="bbox 533 1142 2060 1209; baseline -0.002 -11"><span class='ocrx_word' id='word_1_63' title='bbox 533 1144 663 1198; x_wconf 73' lang='lat' dir='ltr'><strong>Car.</strong></span> <span class='ocrx_word' id='word_1_64' title='bbox 691 1142 755 1197; x_wconf 86' lang='lat' dir='ltr'><strong>V.</strong></span> <span class='ocrx_word' id='word_1_65' title='bbox 800 1142 1025 1197; x_wconf 89' lang='lat' dir='ltr'><strong>—lllud</strong></span> <span class='ocrx_word' id='word_1_66' title='bbox 1058 1143 1220 1198; x_wconf 90' lang='lat' dir='ltr'><strong>etiam</strong></span> <span class='ocrx_word' id='word_1_67' title='bbox 1254 1158 1414 1198; x_wconf 85' lang='lat' dir='ltr'><strong>nosse</strong></span> <span class='ocrx_word' id='word_1_68' title='bbox 1446 1151 1497 1199; x_wconf 88' lang='lat' dir='ltr'><strong>te</strong></span> <span class='ocrx_word' id='word_1_69' title='bbox 1538 1143 1811 1209; x_wconf 91' lang='lat' dir='ltr'><strong>volumus,</strong></span> <span class='ocrx_word' id='word_1_70' title='bbox 1856 1143 2060 1197; x_wconf 85' lang='lat' dir='ltr'><strong>Anato-</strong></span> 
     </span>
    </p>
   </div>
   <div class='ocr_carea' id='block_1_12' title="bbox 459 1235 2059 1305">
    <p class='ocr_par' dir='ltr' id='par_1_12' title="bbox 459 1235 2059 1305">
     <span class='ocr_line' id='line_1_12' title="bbox 459 1235 2059 1305; baseline -0.001 -13"><span class='ocrx_word' id='word_1_71' title='bbox 459 1235 591 1292; x_wconf 92' lang='lat' dir='ltr'><strong>lium</strong></span> <span class='ocrx_word' id='word_1_72' title='bbox 631 1237 942 1305; x_wconf 82' lang='lat' dir='ltr'><strong>episcopum</strong></span> <span class='ocrx_word' id='word_1_73' title='bbox 980 1246 1100 1303; x_wconf 90' lang='lat' dir='ltr'><strong>post</strong></span> <span class='ocrx_word' id='word_1_74' title='bbox 1136 1237 1517 1291; x_wconf 90' lang='lat' dir='ltr'><strong>coercitionem</strong></span> <span class='ocrx_word' id='word_1_75' title='bbox 1561 1247 1800 1291; x_wconf 90' lang='lat' dir='ltr'><strong>nostram</strong></span> <span class='ocrx_word' id='word_1_76' title='bbox 1851 1236 1905 1290; x_wconf 91' lang='lat' dir='ltr'><strong>in</strong></span> <span class='ocrx_word' id='word_1_77' title='bbox 1946 1250 2059 1291; x_wconf 65' lang='lat' dir='ltr'><strong>suae</strong></span> 
     </span>
    </p>
   </div>
   <div class='ocr_carea' id='block_1_13' title="bbox 464 1328 2059 1401">
    <p class='ocr_par' dir='ltr' id='par_1_13' title="bbox 464 1328 2059 1401">
     <span class='ocr_line' id='line_1_13' title="bbox 464 1328 2059 1401; baseline 0 -18"><span class='ocrx_word' id='word_1_78' title='bbox 464 1329 903 1399; x_wconf 84' lang='lat' dir='ltr'><strong>praesumptionis</strong></span> <span class='ocrx_word' id='word_1_79' title='bbox 941 1328 1078 1383; x_wconf 89' lang='lat' dir='ltr'><strong>adeo</strong></span> <span class='ocrx_word' id='word_1_80' title='bbox 1106 1329 1411 1384; x_wconf 84' lang='lat' dir='ltr'><strong>temeritate</strong></span> <span class='ocrx_word' id='word_1_81' title='bbox 1444 1328 1758 1401; x_wconf 87' lang='lat' dir='ltr'><strong>persistere,</strong></span> <span class='ocrx_word' id='word_1_82' title='bbox 1794 1338 1851 1383; x_wconf 93' lang='lat' dir='ltr'><strong>ut</strong></span> <span class='ocrx_word' id='word_1_83' title='bbox 1883 1328 2059 1399; x_wconf 85' lang='lat' dir='ltr'><strong>Illyri-</strong></span> 
     </span>
    </p>
   </div>
   <div class='ocr_carea' id='block_1_14' title="bbox 462 1418 2058 1489">
    <p class='ocr_par' dir='ltr' id='par_1_14' title="bbox 462 1418 2058 1489">
     <span class='ocr_line' id='line_1_14' title="bbox 462 1418 2058 1489; baseline 0.002 -18"><span class='ocrx_word' id='word_1_84' title='bbox 462 1418 651 1474; x_wconf 89' lang='lat' dir='ltr'><strong>cianos</strong></span> <span class='ocrx_word' id='word_1_85' title='bbox 682 1421 986 1489; x_wconf 90' lang='lat' dir='ltr'><strong>episcopos,</strong></span> <span class='ocrx_word' id='word_1_86' title='bbox 1022 1430 1077 1474; x_wconf 90' lang='lat' dir='ltr'><strong>ut</strong></span> <span class='ocrx_word' id='word_1_87' title='bbox 1106 1421 1206 1474; x_wconf 89' lang='lat' dir='ltr'><strong>sibi</strong></span> <span class='ocrx_word' id='word_1_88' title='bbox 1240 1422 1663 1486; x_wconf 87' lang='lat' dir='ltr'><strong>subscriberent,</strong></span> <span class='ocrx_word' id='word_1_89' title='bbox 1708 1420 2058 1487; x_wconf 82' lang='lat' dir='ltr'><strong>conveniret;</strong></span> 
     </span>
    </p>
   </div>
   <div class='ocr_carea' id='block_1_15' title="bbox 463 1512 2063 1583">
    <p class='ocr_par' dir='ltr' id='par_1_15' title="bbox 463 1512 2063 1583">
     <span class='ocr_line' id='line_1_15' title="bbox 463 1512 2063 1583; baseline 0.004 -18"><span class='ocrx_word' id='word_1_90' title='bbox 463 1512 609 1581; x_wconf 89' lang='lat' dir='ltr'><strong>quod</strong></span> <span class='ocrx_word' id='word_1_91' title='bbox 634 1514 788 1566; x_wconf 88' lang='lat' dir='ltr'><strong>nobis</strong></span> <span class='ocrx_word' id='word_1_92' title='bbox 814 1516 1098 1583; x_wconf 85' lang='lat' dir='ltr'><strong>episcopus</strong></span> <span class='ocrx_word' id='word_1_93' title='bbox 1120 1514 1259 1583; x_wconf 91' lang='lat' dir='ltr'><strong>quia</strong></span> <span class='ocrx_word' id='word_1_94' title='bbox 1282 1513 1756 1569; x_wconf 82' lang='lat' dir='ltr'><strong>Thessalonicensi</strong></span> <span class='ocrx_word' id='word_1_95' title='bbox 1792 1526 1813 1553; x_wconf 77' lang='grc' dir='ltr'><strong>ο</strong></span> <span class='ocrx_word' id='word_1_96' title='bbox 1845 1513 2063 1571; x_wconf 88' lang='lat' dir='ltr'><strong>ordina-</strong></span> 
     </span>
    </p>
   </div>
   <div class='ocr_carea' id='block_1_16' title="bbox 463 1605 2061 1668">
    <p class='ocr_par' dir='ltr' id='par_1_16' title="bbox 463 1605 2061 1668">
     <span class='ocr_line' id='line_1_16' title="bbox 463 1605 2061 1668; baseline 0.004 -7"><span class='ocrx_word' id='word_1_97' title='bbox 463 1605 629 1662; x_wconf 80' lang='lat' dir='ltr'><strong>tionis</strong></span> <span class='ocrx_word' id='word_1_98' title='bbox 657 1607 874 1662; x_wconf 90' lang='lat' dir='ltr'><strong>nuutius</strong></span> <span class='ocrx_word' id='word_1_99' title='bbox 896 1609 1095 1663; x_wconf 89' lang='lat' dir='ltr'><strong>missus</strong></span> <span class='ocrx_word' id='word_1_100' title='bbox 1126 1621 1203 1663; x_wconf 88' lang='lat' dir='ltr'><strong>est</strong></span> <span class='ocrx_word' id='word_1_101' title='bbox 1237 1609 1525 1664; x_wconf 86' lang='lat' dir='ltr'><strong>intitnavit.</strong></span> <span class='ocrx_word' id='word_1_102' title='bbox 1574 1610 1600 1647; x_wconf 76' lang='grc' dir='ltr'>ά</span> <span class='ocrx_word' id='word_1_103' title='bbox 1633 1608 1734 1666; x_wconf 91' lang='lat' dir='ltr'><strong>Cui</strong></span> <span class='ocrx_word' id='word_1_104' title='bbox 1774 1612 1894 1667; x_wconf 88' lang='lat' dir='ltr'><strong>ideo</strong></span> <span class='ocrx_word' id='word_1_105' title='bbox 1922 1611 2061 1668; x_wconf 86' lang='lat' dir='ltr'><strong>scri-</strong></span> 
     </span>
    </p>
   </div>
   <div class='ocr_carea' id='block_1_17' title="bbox 464 1696 2063 1773">
    <p class='ocr_par' dir='ltr' id='par_1_17' title="bbox 464 1696 2063 1773">
     <span class='ocr_line' id='line_1_17' title="bbox 464 1696 2063 1773; baseline 0.004 -20"><span class='ocrx_word' id='word_1_106' title='bbox 464 1696 596 1753; x_wconf 91' lang='lat' dir='ltr'><strong>bere</strong></span> <span class='ocrx_word' id='word_1_107' title='bbox 642 1700 948 1766; x_wconf 90' lang='lat' dir='ltr'><strong>noluimus,</strong></span> <span class='ocrx_word' id='word_1_108' title='bbox 991 1701 1237 1771; x_wconf 76' lang='lat' dir='ltr'><strong>quamtis</strong></span> <span class='ocrx_word' id='word_1_109' title='bbox 1279 1702 1395 1769; x_wconf 89' lang='lat' dir='ltr'><strong>ipse</strong></span> <span class='ocrx_word' id='word_1_110' title='bbox 1444 1702 1546 1758; x_wconf 81' lang='lat' dir='ltr'><strong>lioc</strong></span> <span class='ocrx_word' id='word_1_111' title='bbox 1592 1712 1809 1773; x_wconf 88' lang='lat' dir='ltr'><strong>peteres</strong></span> <span class='ocrx_word' id='word_1_112' title='bbox 1859 1702 2063 1760; x_wconf 86' lang='lat' dir='ltr'><strong>debere</strong></span> 
     </span>
    </p>
   </div>
   <div class='ocr_carea' id='block_1_18' title="bbox 466 1789 2063 1869">
    <p class='ocr_par' dir='ltr' id='par_1_18' title="bbox 466 1789 2063 1869">
     <span class='ocr_line' id='line_1_18' title="bbox 466 1789 2063 1869; baseline 0.008 -26"><span class='ocrx_word' id='word_1_113' title='bbox 466 1789 605 1853; x_wconf 84' lang='lat' dir='ltr'><strong>fieri,</strong></span> <span class='ocrx_word' id='word_1_114' title='bbox 656 1793 780 1861; x_wconf 91' lang='lat' dir='ltr'><strong>quia</strong></span> <span class='ocrx_word' id='word_1_115' title='bbox 826 1808 947 1847; x_wconf 91' lang='lat' dir='ltr'><strong>eum</strong></span> <span class='ocrx_word' id='word_1_116' title='bbox 986 1792 1181 1863; x_wconf 79' lang='lat' dir='ltr'><strong>corrigi</strong></span> <span class='ocrx_word' id='word_1_117' title='bbox 1225 1793 1369 1848; x_wconf 91' lang='lat' dir='ltr'><strong>nolle</strong></span> <span class='ocrx_word' id='word_1_118' title='bbox 1409 1795 1803 1865; x_wconf 74' lang='lat' dir='ltr'><strong>perspeximus.</strong></span> <span class='ocrx_word' id='word_1_119' title='bbox 1852 1796 2063 1869; x_wconf 76' lang='lat'><strong>1210</strong></span> 
     </span>
    </p>
   </div>
   <div class='ocr_carea' id='block_1_19' title="bbox 476 1879 1742 1956">
    <p class='ocr_par' dir='ltr' id='par_1_19' title="bbox 476 1879 1742 1956">
     <span class='ocr_line' id='line_1_19' title="bbox 476 1879 1742 1956; baseline 0.004 -21"><span class='ocrx_word' id='word_1_120' title='bbox 476 1879 620 1935; x_wconf 86' lang='lat' dir='ltr'><strong>Duas</strong></span> <span class='ocrx_word' id='word_1_121' title='bbox 666 1898 695 1933; x_wconf 90' lang='lat' dir='ltr'><strong>a</strong></span> <span class='ocrx_word' id='word_1_122' title='bbox 729 1883 841 1950; x_wconf 92' lang='lat' dir='ltr'><strong>pari</strong></span> <span class='ocrx_word' id='word_1_123' title='bbox 870 1883 936 1937; x_wconf 91' lang='lat' dir='ltr'><strong>ad</strong></span> <span class='ocrx_word' id='word_1_124' title='bbox 981 1885 1244 1955; x_wconf 87' lang='lat' dir='ltr'><strong>synodum</strong></span> <span class='ocrx_word' id='word_1_125' title='bbox 1286 1886 1542 1956; x_wconf 79' lang='lat' dir='ltr'><strong>episwlas</strong></span> <span class='ocrx_word' id='word_1_126' title='bbox 1580 1886 1681 1942; x_wconf 90' lang='lat' dir='ltr'><strong>feci</strong></span> <span class='ocrx_word' id='word_1_127' title='bbox 1728 1904 1742 1940; x_wconf 89' lang='lat'><strong>:</strong></span> 
     </span>
    </p>
   </div>
   <div class='ocr_carea' id='block_1_20' title="bbox 468 1972 2063 2051">
    <p class='ocr_par' dir='ltr' id='par_1_20' title="bbox 468 1972 2063 2051">
     <span class='ocr_line' id='line_1_20' title="bbox 468 1972 2063 2051; baseline 0.004 -23"><span class='ocrx_word' id='word_1_128' title='bbox 468 1972 799 2041; x_wconf 79' lang='lat' dir='ltr'><strong>exemplaria</strong></span> <span class='ocrx_word' id='word_1_129' title='bbox 844 1976 1092 2041; x_wconf 65' lang='lat' dir='ltr'><strong>epistolae</strong></span> <span class='ocrx_word' id='word_1_130' title='bbox 1120 1994 1252 2031; x_wconf 72' lang='lat' dir='ltr'><strong>mete</strong></span> <span class='ocrx_word' id='word_1_131' title='bbox 1282 1976 1348 2031; x_wconf 92' lang='lat' dir='ltr'><strong>ad</strong></span> <span class='ocrx_word' id='word_1_132' title='bbox 1391 1978 1699 2033; x_wconf 84' lang='lat' dir='ltr'><strong>Anatolium</strong></span> <span class='ocrx_word' id='word_1_133' title='bbox 1749 1978 2063 2051; x_wconf 88' lang='lat' dir='ltr'><strong>episcopum</strong></span> 
     </span>
    </p>
   </div>
   <div class='ocr_carea' id='block_1_21' title="bbox 467 2061 2059 2140">
    <p class='ocr_par' dir='ltr' id='par_1_21' title="bbox 467 2061 2059 2140">
     <span class='ocr_line' id='line_1_21' title="bbox 467 2061 2059 2140; baseline 0.006 -21"><span class='ocrx_word' id='word_1_134' title='bbox 467 2061 607 2119; x_wconf 69' lang='lat' dir='ltr'><strong>datae</strong></span> <span class='ocrx_word' id='word_1_135' title='bbox 648 2065 799 2120; x_wconf 90' lang='lat' dir='ltr'><strong>subdi</strong></span> <span class='ocrx_word' id='word_1_136' title='bbox 847 2065 979 2132; x_wconf 90' lang='lat' dir='ltr'><strong>feci,</strong></span> <span class='ocrx_word' id='word_1_137' title='bbox 1018 2066 1261 2136; x_wconf 48' lang='lat' dir='ltr'><strong>alteram,</strong></span> <span class='ocrx_word' id='word_1_138' title='bbox 1305 2084 1427 2139; x_wconf 72' lang='lat' dir='ltr'><strong>qua:</strong></span> <span class='ocrx_word' id='word_1_139' title='bbox 1467 2072 1797 2140; x_wconf 82' lang='lat' dir='ltr'><strong>exemplaria</strong></span> <span class='ocrx_word' id='word_1_140' title='bbox 1845 2070 2059 2128; x_wconf 80' lang='lat' dir='ltr'><strong>subdita</strong></span> 
     </span>
    </p>
   </div>
   <div class='ocr_carea' id='block_1_22' title="bbox 469 2156 2067 2233">
    <p class='ocr_par' dir='ltr' id='par_1_22' title="bbox 469 2156 2067 2233">
     <span class='ocr_line' id='line_1_22' title="bbox 469 2156 2067 2233; baseline 0.006 -23"><span class='ocrx_word' id='word_1_141' title='bbox 469 2169 581 2210; x_wconf 87' lang='lat' dir='ltr'><strong>non</strong></span> <span class='ocrx_word' id='word_1_142' title='bbox 606 2156 859 2223; x_wconf 88' lang='lat' dir='ltr'><strong>haberet;</strong></span> <span class='ocrx_word' id='word_1_143' title='bbox 895 2167 988 2212; x_wconf 88' lang='lat' dir='ltr'><strong>tuo</strong></span> <span class='ocrx_word' id='word_1_144' title='bbox 1021 2161 1337 2227; x_wconf 89' lang='lat' dir='ltr'><strong>permittens</strong></span> <span class='ocrx_word' id='word_1_145' title='bbox 1378 2161 1625 2230; x_wconf 85' lang='lat' dir='ltr'><strong>arbitrio,</strong></span> <span class='ocrx_word' id='word_1_146' title='bbox 1664 2174 1719 2217; x_wconf 94' lang='lat' dir='ltr'><strong>ut</strong></span> <span class='ocrx_word' id='word_1_147' title='bbox 1742 2178 1901 2233; x_wconf 91' lang='lat' dir='ltr'><strong>quam</strong></span> <span class='ocrx_word' id='word_1_148' title='bbox 1932 2164 2067 2220; x_wconf 86' lang='lat' dir='ltr'><strong>dan-</strong></span> 
     </span>
    </p>
   </div>
   <div class='ocr_carea' id='block_1_23' title="bbox 468 2247 2068 2323">
    <p class='ocr_par' dir='ltr' id='par_1_23' title="bbox 468 2247 2068 2323">
     <span class='ocr_line' id='line_1_23' title="bbox 468 2247 2068 2323; baseline 0.008 -19"><span class='ocrx_word' id='word_1_149' title='bbox 468 2247 593 2304; x_wconf 87' lang='lat' dir='ltr'><strong>dam</strong></span> <span class='ocrx_word' id='word_1_150' title='bbox 637 2265 759 2306; x_wconf 90' lang='lat' dir='ltr'><strong>esse</strong></span> <span class='ocrx_word' id='word_1_151' title='bbox 789 2253 1212 2307; x_wconf 89' lang='lat' dir='ltr'><strong>clementissimo</strong></span> <span class='ocrx_word' id='word_1_152' title='bbox 1242 2254 1471 2323; x_wconf 90' lang='lat' dir='ltr'><strong>principi</strong></span> <span class='ocrx_word' id='word_1_153' title='bbox 1514 2255 1752 2323; x_wconf 81' lang='lat' dir='ltr'><strong>duxeris,</strong></span> <span class='ocrx_word' id='word_1_154' title='bbox 1790 2259 1927 2314; x_wconf 88' lang='lat' dir='ltr'><strong>hanc</strong></span> <span class='ocrx_word' id='word_1_155' title='bbox 1956 2267 2068 2316; x_wconf 81' lang='lat' dir='ltr'><strong>tra-</strong></span> 
     </span>
    </p>
   </div>
   <div class='ocr_carea' id='block_1_24' title="bbox 468 2338 2068 2413">
    <p class='ocr_par' dir='ltr' id='par_1_24' title="bbox 468 2338 2068 2413">
     <span class='ocr_line' id='line_1_24' title="bbox 468 2338 2068 2413; baseline 0.008 -16"><span class='ocrx_word' id='word_1_156' title='bbox 468 2338 569 2397; x_wconf 85' lang='lat' dir='ltr'><strong>das</strong></span> <span class='ocrx_word' id='word_1_157' title='bbox 590 2384 607 2409; x_wconf 90' lang='lat'><strong>,</strong></span> <span class='ocrx_word' id='word_1_158' title='bbox 638 2342 807 2398; x_wconf 89' lang='lat' dir='ltr'><strong>altera</strong></span> <span class='ocrx_word' id='word_1_159' title='bbox 851 2343 992 2413; x_wconf 90' lang='lat' dir='ltr'><strong>apud</strong></span> <span class='ocrx_word' id='word_1_160' title='bbox 1024 2351 1078 2399; x_wconf 89' lang='lat' dir='ltr'><strong>te</strong></span> <span class='ocrx_word' id='word_1_161' title='bbox 1114 2352 1346 2400; x_wconf 86' lang='lat' dir='ltr'><strong>retenta.</strong></span> <span class='ocrx_word' id='word_1_162' title='bbox 1367 2345 1499 2402; x_wconf 89' lang='lat' dir='ltr'><strong>Data</strong></span> <span class='ocrx_word' id='word_1_163' title='bbox 1528 2347 1851 2407; x_wconf 89' lang='lat' dir='ltr'><strong>duodecimo</strong></span> <span class='ocrx_word' id='word_1_164' title='bbox 1878 2349 2068 2409; x_wconf 81' lang='lat' dir='ltr'><strong>kalen-</strong></span> 
     </span>
    </p>
   </div>
   <div class='ocr_carea' id='block_1_25' title="bbox 471 2432 1853 2506">
    <p class='ocr_par' dir='ltr' id='par_1_25' title="bbox 471 2432 1853 2506">
     <span class='ocr_line' id='line_1_25' title="bbox 471 2432 1853 2506; baseline 0.006 -16"><span class='ocrx_word' id='word_1_165' title='bbox 471 2432 572 2490; x_wconf 81' lang='lat' dir='ltr'><strong>das</strong></span> <span class='ocrx_word' id='word_1_166' title='bbox 599 2434 820 2506; x_wconf 84' lang='lat' dir='ltr'><strong>Aprilis,</strong></span> <span class='ocrx_word' id='word_1_167' title='bbox 854 2434 1105 2506; x_wconf 92' lang='lat' dir='ltr'><strong>Opilione</strong></span> <span class='ocrx_word' id='word_1_168' title='bbox 1132 2436 1251 2492; x_wconf 87' lang='lat' dir='ltr'><strong>viro</strong></span> <span class='ocrx_word' id='word_1_169' title='bbox 1278 2437 1583 2495; x_wconf 89' lang='lat' dir='ltr'><strong>clarissimo</strong></span> <span class='ocrx_word' id='word_1_170' title='bbox 1606 2442 1853 2498; x_wconf 89' lang='lat' dir='ltr'><strong>consule.</strong></span> 
     </span>
    </p>
   </div>
   <div class='ocr_carea' id='block_1_26' title="bbox 943 2548 1596 2608">
    <p class='ocr_par' dir='ltr' id='par_1_26' title="bbox 943 2548 1596 2608">
     <span class='ocr_line' id='line_1_26' title="bbox 943 2548 1596 2608; baseline 0.008 -5"><span class='ocrx_word' id='word_1_171' title='bbox 943 2548 1281 2606; x_wconf 80' lang='lat' dir='ltr'><strong>EPISTOLA</strong></span> <span class='ocrx_word' id='word_1_172' title='bbox 1310 2560 1333 2588; x_wconf 78' lang='lat'><strong><em>°</em></strong></span> <span class='ocrx_word' id='word_1_173' title='bbox 1359 2551 1596 2608; x_wconf 75' lang='lat' dir='ltr'>CXVIII.</span> 
     </span>
    </p>
   </div>
   <div class='ocr_carea' id='block_1_27' title="bbox 642 2657 1897 2727">
    <p class='ocr_par' dir='ltr' id='par_1_27' title="bbox 642 2657 1897 2727">
     <span class='ocr_line' id='line_1_27' title="bbox 642 2657 1897 2727; baseline 0.009 -12"><span class='ocrx_word' id='word_1_174' title='bbox 642 2657 665 2699; x_wconf 70' lang='grc' dir='ltr'>ί</span> <span class='ocrx_word' id='word_1_175' title='bbox 690 2676 757 2716; x_wconf 68' lang='grc' dir='ltr'><strong>ΑΒ</strong></span> <span class='ocrx_word' id='word_1_176' title='bbox 785 2677 1002 2718; x_wconf 73' lang='lat' dir='ltr'><strong>neuneu</strong></span> <span class='ocrx_word' id='word_1_177' title='bbox 1022 2678 1283 2721; x_wconf 76' lang='lat' dir='ltr'><strong>JULIANUI</strong></span> <span class='ocrx_word' id='word_1_178' title='bbox 1321 2680 1565 2723; x_wconf 73' lang='lat' dir='ltr'><strong>coanssu</strong></span> <span class='ocrx_word' id='word_1_179' title='bbox 1586 2682 1897 2727; x_wconf 78' lang='lat' dir='ltr'><strong>EPISCOPUI.</strong></span> 
     </span>
    </p>
   </div>
   <div class='ocr_carea' id='block_1_28' title="bbox 470 2772 2067 2853">
    <p class='ocr_par' dir='ltr' id='par_1_28' title="bbox 470 2772 2067 2853">
     <span class='ocr_line' id='line_1_28' title="bbox 470 2772 2067 2853; baseline 0.008 -23"><span class='ocrx_word' id='word_1_180' title='bbox 470 2772 741 2853; x_wconf 62' lang='lat' dir='ltr'><strong>Sanorsts.</strong></span> <span class='ocrx_word' id='word_1_181' title='bbox 780 2807 850 2817; x_wconf 91' lang='lat'><strong><em>—</em></strong></span> <span class='ocrx_word' id='word_1_182' title='bbox 882 2777 1111 2853; x_wconf 35' lang='lat' dir='ltr'><strong>[allii/ii!</strong></span> <span class='ocrx_word' id='word_1_183' title='bbox 1137 2796 1205 2853; x_wconf 80' lang='lat' dir='ltr'><strong>se</strong></span> <span class='ocrx_word' id='word_1_184' title='bbox 1236 2796 1343 2853; x_wconf 85' lang='lat' dir='ltr'><strong>pro</strong></span> <span class='ocrx_word' id='word_1_185' title='bbox 1363 2797 1521 2836; x_wconf 71' lang='lat' dir='ltr'><strong>causa</strong></span> <span class='ocrx_word' id='word_1_186' title='bbox 1558 2783 1684 2853; x_wconf 83' lang='lat' dir='ltr'><strong>ﬁdei</strong></span> <span class='ocrx_word' id='word_1_187' title='bbox 1721 2793 1768 2839; x_wconf 81' lang='lat' dir='ltr'><strong>et</strong></span> <span class='ocrx_word' id='word_1_188' title='bbox 1818 2785 2067 2844; x_wconf 72' lang='lat' dir='ltr'><strong>Ecclesia:</strong></span> 
     </span>
    </p>
   </div>
   <div class='ocr_carea' id='block_1_29' title="bbox 543 2847 2069 2914">
    <p class='ocr_par' dir='ltr' id='par_1_29' title="bbox 543 2847 2069 2914">
     <span class='ocr_line' id='line_1_29' title="bbox 543 2847 2069 2914; baseline 0.009 -13"><span class='ocrx_word' id='word_1_189' title='bbox 543 2847 793 2901; x_wconf 79' lang='lat' dir='ltr'><strong>omisisse.</strong></span> <span class='ocrx_word' id='word_1_190' title='bbox 824 2878 895 2888; x_wconf 89' lang='lat'>—</span> <span class='ocrx_word' id='word_1_191' title='bbox 922 2849 985 2904; x_wconf 93' lang='lat' dir='ltr'><strong>ll.</strong></span> <span class='ocrx_word' id='word_1_192' title='bbox 1032 2847 1365 2906; x_wconf 72' lang='lat' dir='ltr'><strong>Prwdicandi</strong></span> <span class='ocrx_word' id='word_1_193' title='bbox 1395 2847 1577 2908; x_wconf 71' lang='lat' dir='ltr'><strong>manus</strong></span> <span class='ocrx_word' id='word_1_194' title='bbox 1625 2857 1858 2911; x_wconf 77' lang='lat' dir='ltr'><strong>solorum</strong></span> <span class='ocrx_word' id='word_1_195' title='bbox 1898 2875 2069 2914; x_wconf 82' lang='lat' dir='ltr'><strong>sacer-</strong></span> 
     </span>
    </p>
   </div>
   <div class='ocr_carea' id='block_1_30' title="bbox 541 2918 2066 2996">
    <p class='ocr_par' dir='ltr' id='par_1_30' title="bbox 541 2918 2066 2996">
     <span class='ocr_line' id='line_1_30' title="bbox 541 2918 2066 2996; baseline 0.01 -26"><span class='ocrx_word' id='word_1_196' title='bbox 541 2918 720 2996; x_wconf 78' lang='lat' dir='ltr'><strong>dotum</strong></span> <span class='ocrx_word' id='word_1_197' title='bbox 746 2964 777 2996; x_wconf 83' lang='lat'><strong>,_</strong></span> <span class='ocrx_word' id='word_1_198' title='bbox 812 2937 914 2996; x_wconf 69' lang='lat' dir='ltr'><strong>non</strong></span> <span class='ocrx_word' id='word_1_199' title='bbox 953 2921 1320 2996; x_wconf 72' lang='lat' dir='ltr'><strong>monachorum</strong></span> <span class='ocrx_word' id='word_1_200' title='bbox 1362 2941 1499 2991; x_wconf 77' lang='lat' dir='ltr'><strong>esse;</strong></span> <span class='ocrx_word' id='word_1_201' title='bbox 1545 2935 1726 2980; x_wconf 79' lang='lat' dir='ltr'><strong>contra</strong></span> <span class='ocrx_word' id='word_1_202' title='bbox 1778 2931 2066 2996; x_wconf 77' lang='lat' dir='ltr'><strong>parricidas</strong></span> 
     </span>
    </p>
   </div>
   <div class='ocr_carea' id='block_1_31' title="bbox 542 2988 2065 3062">
    <p class='ocr_par' dir='ltr' id='par_1_31' title="bbox 542 2988 2065 3062">
     <span class='ocr_line' id='line_1_31' title="bbox 542 2988 2065 3062; baseline 0.011 -19"><span class='ocrx_word' id='word_1_203' title='bbox 542 2988 919 3045; x_wconf 80' lang='lat' dir='ltr'><strong>Alexandrinos</strong></span> <span class='ocrx_word' id='word_1_204' title='bbox 968 2993 1298 3062; x_wconf 79' lang='lat' dir='ltr'><strong>imperatoria</strong></span> <span class='ocrx_word' id='word_1_205' title='bbox 1327 2988 1494 3050; x_wconf 74' lang='lat' dir='ltr'><strong>zelum</strong></span> <span class='ocrx_word' id='word_1_206' title='bbox 1519 2988 1901 3054; x_wconf 75' lang='lat' dir='ltr'><strong>accendendam</strong></span> <span class='ocrx_word' id='word_1_207' title='bbox 1934 3018 2065 3059; x_wconf 78' lang='lat' dir='ltr'><strong>esse.</strong></span> 
     </span>
    </p>
   </div>
   <div class='ocr_carea' id='block_1_32' title="bbox 661 3084 1864 3164">
    <p class='ocr_par' dir='ltr' id='par_1_32' title="bbox 661 3084 1864 3164">
     <span class='ocr_line' id='line_1_32' title="bbox 661 3084 1864 3164; baseline 0.008 -25"><span class='ocrx_word' id='word_1_208' title='bbox 661 3084 775 3140; x_wconf 81' lang='lat' dir='ltr'><strong>Leo</strong></span> <span class='ocrx_word' id='word_1_209' title='bbox 803 3086 1091 3156; x_wconf 87' lang='lat' dir='ltr'><strong>episcopus</strong></span> <span class='ocrx_word' id='word_1_210' title='bbox 1115 3086 1344 3144; x_wconf 75' lang='lat' dir='ltr'><strong>.luuano</strong></span> <span class='ocrx_word' id='word_1_211' title='bbox 1368 3088 1561 3146; x_wconf 90' lang='lat' dir='ltr'><strong>Coensi</strong></span> <span class='ocrx_word' id='word_1_212' title='bbox 1589 3092 1864 3164; x_wconf 90' lang='lat' dir='ltr'><strong>episcopo.</strong></span> 
     </span>
    </p>
   </div>
   <div class='ocr_carea' id='block_1_33' title="bbox 541 3176 2065 3255">
    <p class='ocr_par' dir='ltr' id='par_1_33' title="bbox 541 3176 2065 3255">
     <span class='ocr_line' id='line_1_33' title="bbox 541 3176 2065 3255; baseline 0.005 -21"><span class='ocrx_word' id='word_1_213' title='bbox 541 3176 671 3234; x_wconf 72' lang='lat' dir='ltr'><strong>Car.</strong></span> <span class='ocrx_word' id='word_1_214' title='bbox 694 3176 737 3233; x_wconf 93' lang='lat' dir='ltr'><strong>l.</strong></span> <span class='ocrx_word' id='word_1_215' title='bbox 764 3208 835 3218; x_wconf 94' lang='lat'><strong>—</strong></span> <span class='ocrx_word' id='word_1_216' title='bbox 855 3179 1083 3233; x_wconf 88' lang='lat' dir='ltr'><strong>Litteras</strong></span> <span class='ocrx_word' id='word_1_217' title='bbox 1104 3179 1412 3236; x_wconf 89' lang='lat' dir='ltr'><strong>dilectionis</strong></span> <span class='ocrx_word' id='word_1_218' title='bbox 1443 3193 1571 3248; x_wconf 70' lang='lat' dir='ltr'><strong>tum,</strong></span> <span class='ocrx_word' id='word_1_219' title='bbox 1614 3199 1748 3254; x_wconf 89' lang='lat' dir='ltr'><strong>quas</strong></span> <span class='ocrx_word' id='word_1_220' title='bbox 1778 3199 1874 3255; x_wconf 93' lang='lat' dir='ltr'><strong>per</strong></span> <span class='ocrx_word' id='word_1_221' title='bbox 1897 3184 2065 3242; x_wconf 82' lang='lat' dir='ltr'><strong>ﬁlium</strong></span> 
     </span>
    </p>
   </div>
   <div class='ocr_carea' id='block_1_34' title="bbox 2157 574 3739 651">
    <p class='ocr_par' dir='ltr' id='par_1_34' title="bbox 2157 574 3739 651">
     <span class='ocr_line' id='line_1_34' title="bbox 2157 574 3739 651; baseline -0.001 -18"><span class='ocrx_word' id='word_1_222' title='bbox 2157 581 2350 651; x_wconf 89' lang='lat' dir='ltr'><strong>pietas,</strong></span> <span class='ocrx_word' id='word_1_223' title='bbox 2384 594 2451 634; x_wconf 80' lang='lat' dir='ltr'><strong>ne</strong></span> <span class='ocrx_word' id='word_1_224' title='bbox 2482 582 2560 633; x_wconf 72' lang='lat' dir='ltr'><strong>vel</strong></span> <span class='ocrx_word' id='word_1_225' title='bbox 2592 579 2872 650; x_wconf 84' lang='lat' dir='ltr'><strong>quisquam</strong></span> <span class='ocrx_word' id='word_1_226' title='bbox 2904 585 3137 634; x_wconf 86' lang='lat' dir='ltr'><strong>sectator</strong></span> <span class='ocrx_word' id='word_1_227' title='bbox 3178 575 3445 642; x_wconf 85' lang='lat' dir='ltr'><strong>Nestorii,</strong></span> <span class='ocrx_word' id='word_1_228' title='bbox 3477 577 3563 632; x_wconf 85' lang='lat' dir='ltr'><strong>vel</strong></span> <span class='ocrx_word' id='word_1_229' title='bbox 3593 574 3739 633; x_wconf 89' lang='lat' dir='ltr'><strong>ullus</strong></span> 
     </span>
    </p>
   </div>
   <div class='ocr_carea' id='block_1_35' title="bbox 2155 668 3741 745">
    <p class='ocr_par' dir='ltr' id='par_1_35' title="bbox 2155 668 3741 745">
     <span class='ocr_line' id='line_1_35' title="bbox 2155 668 3741 745; baseline -0.003 -15"><span class='ocrx_word' id='word_1_230' title='bbox 2155 675 2451 744; x_wconf 87' lang='lat' dir='ltr'><strong>discipulus</strong></span> <span class='ocrx_word' id='word_1_231' title='bbox 2499 672 2755 745; x_wconf 81' lang='lat' dir='ltr'><strong>Eutychis</strong></span> <span class='ocrx_word' id='word_1_232' title='bbox 2798 672 3025 728; x_wconf 85' lang='lat' dir='ltr'><strong>liberum</strong></span> <span class='ocrx_word' id='word_1_233' title='bbox 3080 670 3251 741; x_wconf 84' lang='lat' dir='ltr'><strong>possit</strong></span> <span class='ocrx_word' id='word_1_234' title='bbox 3295 683 3417 725; x_wconf 90' lang='lat' dir='ltr'><strong>cum</strong></span> <span class='ocrx_word' id='word_1_235' title='bbox 3458 668 3741 726; x_wconf 75' lang='lat' dir='ltr'><strong>catholicis</strong></span> 
     </span>
    </p>
   </div>
   <div class='ocr_carea' id='block_1_36' title="bbox 2155 762 3743 838">
    <p class='ocr_par' dir='ltr' id='par_1_36' title="bbox 2155 762 3743 838">
     <span class='ocr_line' id='line_1_36' title="bbox 2155 762 3743 838; baseline -0.003 -15"><span class='ocrx_word' id='word_1_236' title='bbox 2155 767 2350 828; x_wconf 86' lang='lat' dir='ltr'><strong>habere</strong></span> <span class='ocrx_word' id='word_1_237' title='bbox 2381 770 2707 826; x_wconf 88' lang='lat' dir='ltr'><strong>consortium</strong></span> <span class='ocrx_word' id='word_1_238' title='bbox 2742 782 2908 822; x_wconf 53' lang='lat' dir='ltr'><strong>:rcum</strong></span> <span class='ocrx_word' id='word_1_239' title='bbox 2937 766 3080 838; x_wconf 87' lang='lat' dir='ltr'><strong>quod</strong></span> <span class='ocrx_word' id='word_1_240' title='bbox 3119 765 3183 820; x_wconf 91' lang='lat' dir='ltr'><strong>ad</strong></span> <span class='ocrx_word' id='word_1_241' title='bbox 3208 764 3382 821; x_wconf 90' lang='lat' dir='ltr'><strong>sancti</strong></span> <span class='ocrx_word' id='word_1_242' title='bbox 3404 762 3617 820; x_wconf 86' lang='lat' dir='ltr'><strong>concilii</strong></span> <span class='ocrx_word' id='word_1_243' title='bbox 3645 777 3743 819; x_wconf 79' lang='lat' dir='ltr'><strong>au-</strong></span> 
     </span>
    </p>
   </div>
   <div class='ocr_carea' id='block_1_37' title="bbox 2156 857 3743 933">
    <p class='ocr_par' dir='ltr' id='par_1_37' title="bbox 2156 857 3743 933">
     <span class='ocr_line' id='line_1_37' title="bbox 2156 857 3743 933; baseline -0.001 -16"><span class='ocrx_word' id='word_1_244' title='bbox 2156 864 2460 919; x_wconf 89' lang='lat' dir='ltr'><strong>ctoritatem</strong></span> <span class='ocrx_word' id='word_1_245' title='bbox 2507 863 2777 933; x_wconf 87' lang='lat' dir='ltr'><strong>pertinet,</strong></span> <span class='ocrx_word' id='word_1_246' title='bbox 2829 861 2972 917; x_wconf 90' lang='lat' dir='ltr'><strong>nulla</strong></span> <span class='ocrx_word' id='word_1_247' title='bbox 3013 875 3235 931; x_wconf 88' lang='lat' dir='ltr'><strong>usquam</strong></span> <span class='ocrx_word' id='word_1_248' title='bbox 3270 859 3593 916; x_wconf 85' lang='lat' dir='ltr'><strong>remanserit</strong></span> <span class='ocrx_word' id='word_1_249' title='bbox 3632 857 3743 915; x_wconf 83' lang='lat' dir='ltr'><strong>dis-</strong></span> 
     </span>
    </p>
   </div>
   <div class='ocr_carea' id='block_1_38' title="bbox 2157 952 3741 1026">
    <p class='ocr_par' dir='ltr' id='par_1_38' title="bbox 2157 952 3741 1026">
     <span class='ocr_line' id='line_1_38' title="bbox 2157 952 3741 1026; baseline -0.001 -15"><span class='ocrx_word' id='word_1_250' title='bbox 2157 956 2360 1021; x_wconf 87' lang='lat' dir='ltr'><strong>cordia.</strong></span> <span class='ocrx_word' id='word_1_251' title='bbox 2394 956 2447 1011; x_wconf 92' lang='lat' dir='ltr'><strong>Si</strong></span> <span class='ocrx_word' id='word_1_252' title='bbox 2479 955 2567 1026; x_wconf 89' lang='lat' dir='ltr'><strong>qui</strong></span> <span class='ocrx_word' id='word_1_253' title='bbox 2612 967 2790 1011; x_wconf 88' lang='lat' dir='ltr'><strong>autem</strong></span> <span class='ocrx_word' id='word_1_254' title='bbox 2836 971 2927 1009; x_wconf 84' lang='lat' dir='ltr'><strong>sua</strong></span> <span class='ocrx_word' id='word_1_255' title='bbox 2959 954 3317 1010; x_wconf 89' lang='lat' dir='ltr'><strong>obduratione</strong></span> <span class='ocrx_word' id='word_1_256' title='bbox 3345 953 3555 1017; x_wconf 64' lang='lat' dir='ltr'><strong>menti,</strong></span> <span class='ocrx_word' id='word_1_257' title='bbox 3588 952 3659 1007; x_wconf 90' lang='lat' dir='ltr'><strong>ita</strong></span> <span class='ocrx_word' id='word_1_258' title='bbox 3687 952 3741 1009; x_wconf 85' lang='lat' dir='ltr'><strong>iu</strong></span> 
     </span>
    </p>
   </div>
   <div class='ocr_carea' id='block_1_39' title="bbox 2158 1044 3743 1117">
    <p class='ocr_par' dir='ltr' id='par_1_39' title="bbox 2158 1044 3743 1117">
     <span class='ocr_line' id='line_1_39' title="bbox 2158 1044 3743 1117; baseline -0.002 -14"><span class='ocrx_word' id='word_1_259' title='bbox 2158 1048 2373 1117; x_wconf 85' lang='lat' dir='ltr'><strong>reprobi</strong></span> <span class='ocrx_word' id='word_1_260' title='bbox 2404 1064 2597 1105; x_wconf 91' lang='lat' dir='ltr'><strong>sensus</strong></span> <span class='ocrx_word' id='word_1_261' title='bbox 2637 1047 2928 1104; x_wconf 86' lang='lat' dir='ltr'><strong>amentiam</strong></span> <span class='ocrx_word' id='word_1_262' title='bbox 2970 1046 3320 1109; x_wconf 87' lang='lat' dir='ltr'><strong>transierunt,</strong></span> <span class='ocrx_word' id='word_1_263' title='bbox 3352 1053 3413 1102; x_wconf 91' lang='lat' dir='ltr'><strong>ut</strong></span> <span class='ocrx_word' id='word_1_264' title='bbox 3440 1044 3628 1100; x_wconf 89' lang='lat' dir='ltr'><strong>malint</strong></span> <span class='ocrx_word' id='word_1_265' title='bbox 3657 1045 3743 1100; x_wconf 89' lang='lat' dir='ltr'><strong>fu-</strong></span> 
     </span>
    </p>
   </div>
   <div class='ocr_carea' id='block_1_40' title="bbox 2159 1140 3745 1212">
    <p class='ocr_par' dir='ltr' id='par_1_40' title="bbox 2159 1140 3745 1212">
     <span class='ocr_line' id='line_1_40' title="bbox 2159 1140 3745 1212; baseline 0.001 -16"><span class='ocrx_word' id='word_1_266' title='bbox 2159 1156 2279 1197; x_wconf 89' lang='lat' dir='ltr'><strong>rere</strong></span> <span class='ocrx_word' id='word_1_267' title='bbox 2300 1156 2457 1212; x_wconf 67' lang='lat' dir='ltr'><strong>quam</strong></span> <span class='ocrx_word' id='word_1_268' title='bbox 2484 1141 2684 1207; x_wconf 89' lang='lat' dir='ltr'><strong>sanari,</strong></span> <span class='ocrx_word' id='word_1_269' title='bbox 2711 1142 2775 1196; x_wconf 91' lang='lat' dir='ltr'><strong>ad</strong></span> <span class='ocrx_word' id='word_1_270' title='bbox 2809 1140 3140 1212; x_wconf 89' lang='lat' dir='ltr'><strong>imperialem</strong></span> <span class='ocrx_word' id='word_1_271' title='bbox 3173 1140 3395 1209; x_wconf 76' lang='lat' dir='ltr'><strong>pertinet</strong></span> <span class='ocrx_word' id='word_1_272' title='bbox 3429 1148 3745 1209; x_wconf 85' lang='lat' dir='ltr'><strong>potestatem</strong></span> 
     </span>
    </p>
   </div>
   <div class='ocr_carea' id='block_1_41' title="bbox 2162 1234 3747 1305">
    <p class='ocr_par' dir='ltr' id='par_1_41' title="bbox 2162 1234 3747 1305">
     <span class='ocr_line' id='line_1_41' title="bbox 2162 1234 3747 1305; baseline 0.001 -15"><span class='ocrx_word' id='word_1_273' title='bbox 2162 1244 2220 1290; x_wconf 91' lang='lat' dir='ltr'><strong>ut</strong></span> <span class='ocrx_word' id='word_1_274' title='bbox 2250 1235 2657 1304; x_wconf 89' lang='lat' dir='ltr'><strong>pcrturhatores</strong></span> <span class='ocrx_word' id='word_1_275' title='bbox 2690 1234 2704 1288; x_wconf 91' lang='lat' dir='ltr'><strong>i</strong></span> <span class='ocrx_word' id='word_1_276' title='bbox 2739 1236 3122 1292; x_wconf 73' lang='lat' dir='ltr'><strong>ecclesiasticae</strong></span> <span class='ocrx_word' id='word_1_277' title='bbox 3151 1237 3296 1305; x_wconf 86' lang='lat' dir='ltr'><strong>pacis</strong></span> <span class='ocrx_word' id='word_1_278' title='bbox 3317 1244 3374 1291; x_wconf 91' lang='lat' dir='ltr'><strong>et</strong></span> <span class='ocrx_word' id='word_1_279' title='bbox 3400 1234 3710 1304; x_wconf 76' lang='lat' dir='ltr'><strong>reipublica:</strong></span> <span class='ocrx_word' id='word_1_280' title='bbox 3730 1275 3747 1304; x_wconf 94' lang='lat'><strong>,</strong></span> 
     </span>
    </p>
   </div>
   <div class='ocr_carea' id='block_1_42' title="bbox 2162 1326 3747 1398">
    <p class='ocr_par' dir='ltr' id='par_1_42' title="bbox 2162 1326 3747 1398">
     <span class='ocr_line' id='line_1_42' title="bbox 2162 1326 3747 1398; baseline 0.001 -16"><span class='ocrx_word' id='word_1_281' title='bbox 2162 1344 2281 1398; x_wconf 72' lang='lat' dir='ltr'><strong>quae</strong></span> <span class='ocrx_word' id='word_1_282' title='bbox 2308 1326 2627 1384; x_wconf 87' lang='lat' dir='ltr'><strong>Christianis</strong></span> <span class='ocrx_word' id='word_1_283' title='bbox 2649 1327 2981 1398; x_wconf 90' lang='lat' dir='ltr'><strong>principibus</strong></span> <span class='ocrx_word' id='word_1_284' title='bbox 3002 1328 3194 1384; x_wconf 86' lang='lat' dir='ltr'><strong>merito</strong></span> <span class='ocrx_word' id='word_1_285' title='bbox 3214 1327 3495 1398; x_wconf 77' lang='lat' dir='ltr'><strong>gloriatur,</strong></span> <span class='ocrx_word' id='word_1_286' title='bbox 3520 1327 3747 1396; x_wconf 87' lang='lat' dir='ltr'><strong>inimici,</strong></span> 
     </span>
    </p>
   </div>
   <div class='ocr_carea' id='block_1_43' title="bbox 2162 1419 2921 1487">
    <p class='ocr_par' dir='ltr' id='par_1_43' title="bbox 2162 1419 2921 1487">
     <span class='ocr_line' id='line_1_43' title="bbox 2162 1419 2921 1487; baseline -0.001 -11"><span class='ocrx_word' id='word_1_287' title='bbox 2162 1419 2448 1476; x_wconf 67' lang='lat' dir='ltr'><strong>Sollicitius</strong></span> <span class='ocrx_word' id='word_1_288' title='bbox 2476 1420 2921 1487; x_wconf 84' lang='lat' dir='ltr'><strong>comprimantur.</strong></span> 
     </span>
    </p>
   </div>
   <div class='ocr_carea' id='block_1_44' title="bbox 2233 1510 3752 1581">
    <p class='ocr_par' dir='ltr' id='par_1_44' title="bbox 2233 1510 3752 1581">
     <span class='ocr_line' id='line_1_44' title="bbox 2233 1510 3752 1581; baseline 0.001 -15"><span class='ocrx_word' id='word_1_289' title='bbox 2233 1510 2364 1567; x_wconf 75' lang='lat' dir='ltr'><strong>Car.</strong></span> <span class='ocrx_word' id='word_1_290' title='bbox 2395 1511 2458 1567; x_wconf 92' lang='lat' dir='ltr'><strong>ll.</strong></span> <span class='ocrx_word' id='word_1_291' title='bbox 2501 1540 2571 1553; x_wconf 91' lang='lat'><strong>—-</strong></span> <span class='ocrx_word' id='word_1_292' title='bbox 2606 1511 2672 1567; x_wconf 88' lang='lat' dir='ltr'><strong>Ut</strong></span> <span class='ocrx_word' id='word_1_293' title='bbox 2710 1521 2888 1567; x_wconf 90' lang='lat' dir='ltr'><strong>autem</strong></span> <span class='ocrx_word' id='word_1_294' title='bbox 2930 1511 3228 1581; x_wconf 89' lang='lat' dir='ltr'><strong>imperialis</strong></span> <span class='ocrx_word' id='word_1_295' title='bbox 3250 1519 3365 1580; x_wconf 87' lang='lat' dir='ltr'><strong>est,</strong></span> <span class='ocrx_word' id='word_1_296' title='bbox 3398 1520 3457 1566; x_wconf 91' lang='lat' dir='ltr'><strong>ut</strong></span> <span class='ocrx_word' id='word_1_297' title='bbox 3490 1512 3752 1577; x_wconf 80' lang='lat' dir='ltr'><strong>diximus,</strong></span> 
     </span>
    </p>
   </div>
   <div class='ocr_carea' id='block_1_45' title="bbox 2165 1603 3755 1675">
    <p class='ocr_par' dir='ltr' id='par_1_45' title="bbox 2165 1603 3755 1675">
     <span class='ocr_line' id='line_1_45' title="bbox 2165 1603 3755 1675; baseline -0.001 -17"><span class='ocrx_word' id='word_1_298' title='bbox 2165 1604 2468 1675; x_wconf 89' lang='lat' dir='ltr'><strong>potestatis,</strong></span> <span class='ocrx_word' id='word_1_299' title='bbox 2504 1606 2764 1659; x_wconf 91' lang='lat' dir='ltr'><strong>tumultus</strong></span> <span class='ocrx_word' id='word_1_300' title='bbox 2795 1604 3035 1670; x_wconf 88' lang='lat' dir='ltr'><strong>publicos</strong></span> <span class='ocrx_word' id='word_1_301' title='bbox 3057 1619 3122 1659; x_wconf 89' lang='lat' dir='ltr'><strong>ac</strong></span> <span class='ocrx_word' id='word_1_302' title='bbox 3142 1603 3438 1659; x_wconf 85' lang='lat' dir='ltr'><strong>seditiones</strong></span> <span class='ocrx_word' id='word_1_303' title='bbox 3462 1603 3755 1675; x_wconf 88' lang='lat' dir='ltr'><strong>sacrilegas</strong></span> 
     </span>
    </p>
   </div>
   <div class='ocr_carea' id='block_1_46' title="bbox 2162 1694 3754 1761">
    <p class='ocr_par' dir='ltr' id='par_1_46' title="bbox 2162 1694 3754 1761">
     <span class='ocr_line' id='line_1_46' title="bbox 2162 1694 3754 1761; baseline -0.003 -8"><span class='ocrx_word' id='word_1_304' title='bbox 2162 1697 2401 1753; x_wconf 84' lang='lat' dir='ltr'><strong>severius</strong></span> <span class='ocrx_word' id='word_1_305' title='bbox 2440 1711 2727 1761; x_wconf 85' lang='lat' dir='ltr'><strong>coercere,</strong></span> <span class='ocrx_word' id='word_1_306' title='bbox 2769 1697 2840 1750; x_wconf 89' lang='lat' dir='ltr'><strong>ita</strong></span> <span class='ocrx_word' id='word_1_307' title='bbox 2870 1694 3207 1751; x_wconf 86' lang='lat' dir='ltr'><strong>auctoritatis</strong></span> <span class='ocrx_word' id='word_1_308' title='bbox 3246 1706 3330 1752; x_wconf 90' lang='lat' dir='ltr'><strong>est</strong></span> <span class='ocrx_word' id='word_1_309' title='bbox 3375 1696 3754 1761; x_wconf 82' lang='lat' dir='ltr'><strong>sacerdotalis,</strong></span> 
     </span>
    </p>
   </div>
   <div class='ocr_carea' id='block_1_47' title="bbox 2165 1786 3756 1861">
    <p class='ocr_par' dir='ltr' id='par_1_47' title="bbox 2165 1786 3756 1861">
     <span class='ocr_line' id='line_1_47' title="bbox 2165 1786 3756 1861; baseline -0.001 -15"><span class='ocrx_word' id='word_1_310' title='bbox 2165 1790 2445 1846; x_wconf 87' lang='lat' dir='ltr'><strong>monachis</strong></span> <span class='ocrx_word' id='word_1_311' title='bbox 2475 1789 2797 1861; x_wconf 76' lang='lat' dir='ltr'><strong>praedicandi</strong></span> <span class='ocrx_word' id='word_1_312' title='bbox 2823 1788 3057 1859; x_wconf 89' lang='lat' dir='ltr'><strong>aliquam</strong></span> <span class='ocrx_word' id='word_1_313' title='bbox 3083 1798 3268 1843; x_wconf 91' lang='lat' dir='ltr'><strong>contra</strong></span> <span class='ocrx_word' id='word_1_314' title='bbox 3295 1786 3452 1843; x_wconf 87' lang='lat' dir='ltr'><strong>fidem</strong></span> <span class='ocrx_word' id='word_1_315' title='bbox 3486 1788 3756 1845; x_wconf 84' lang='lat' dir='ltr'><strong>licentiam</strong></span> 
     </span>
    </p>
   </div>
   <div class='ocr_carea' id='block_1_48' title="bbox 1788 1880 3757 1953">
    <p class='ocr_par' dir='ltr' id='par_1_48' title="bbox 1788 1880 3757 1953">
     <span class='ocr_line' id='line_1_48' title="bbox 1788 1880 3757 1953; baseline -0.003 -12"><span class='ocrx_word' id='word_1_316' title='bbox 1788 1902 1947 1942; x_wconf 88' lang='lat' dir='ltr'><strong>unam</strong></span> <span class='ocrx_word' id='word_1_317' title='bbox 1976 1889 2060 1943; x_wconf 90' lang='lat' dir='ltr'><strong>cui</strong></span> <span class='ocrx_word' id='word_1_318' title='bbox 2094 1881 2143 1943; x_wconf 85' lang='lat' dir='ltr'><strong>B</strong></span> <span class='ocrx_word' id='word_1_319' title='bbox 2168 1899 2271 1939; x_wconf 91' lang='lat' dir='ltr'><strong>non</strong></span> <span class='ocrx_word' id='word_1_320' title='bbox 2297 1884 2558 1953; x_wconf 63' lang='lat' dir='ltr'><strong>pra-bere,</strong></span> <span class='ocrx_word' id='word_1_321' title='bbox 2589 1892 2644 1937; x_wconf 91' lang='lat' dir='ltr'><strong>et</strong></span> <span class='ocrx_word' id='word_1_322' title='bbox 2665 1882 2809 1936; x_wconf 89' lang='lat' dir='ltr'><strong>omni</strong></span> <span class='ocrx_word' id='word_1_323' title='bbox 2842 1883 3039 1938; x_wconf 90' lang='lat' dir='ltr'><strong>virtute</strong></span> <span class='ocrx_word' id='word_1_324' title='bbox 3064 1883 3341 1947; x_wconf 83' lang='lat' dir='ltr'><strong>resistere,</strong></span> <span class='ocrx_word' id='word_1_325' title='bbox 3373 1898 3440 1937; x_wconf 92' lang='lat' dir='ltr'><strong>ne</strong></span> <span class='ocrx_word' id='word_1_326' title='bbox 3462 1896 3525 1937; x_wconf 87' lang='lat' dir='ltr'><strong>ea</strong></span> <span class='ocrx_word' id='word_1_327' title='bbox 3548 1898 3668 1950; x_wconf 65' lang='lat' dir='ltr'><strong>quae</strong></span> <span class='ocrx_word' id='word_1_328' title='bbox 3688 1880 3757 1941; x_wconf 91' lang='lat' dir='ltr'><strong>ad</strong></span> 
     </span>
    </p>
   </div>
   <div class='ocr_carea' id='block_1_49' title="bbox 2166 1972 3759 2045">
    <p class='ocr_par' dir='ltr' id='par_1_49' title="bbox 2166 1972 3759 2045">
     <span class='ocr_line' id='line_1_49' title="bbox 2166 1972 3759 2045; baseline 0 -14"><span class='ocrx_word' id='word_1_329' title='bbox 2166 1976 2479 2031; x_wconf 87' lang='lat' dir='ltr'><strong>sacerdotes</strong></span> <span class='ocrx_word' id='word_1_330' title='bbox 2528 1976 2828 2045; x_wconf 90' lang='lat' dir='ltr'><strong>pertinent,</strong></span> <span class='ocrx_word' id='word_1_331' title='bbox 2860 1974 2962 2029; x_wconf 87' lang='lat' dir='ltr'><strong>sibi</strong></span> <span class='ocrx_word' id='word_1_332' title='bbox 2998 1973 3242 2033; x_wconf 69' lang='lat' dir='ltr'><strong>audeant</strong></span> <span class='ocrx_word' id='word_1_333' title='bbox 3277 1973 3573 2029; x_wconf 91' lang='lat' dir='ltr'><strong>vindicare.</strong></span> <span class='ocrx_word' id='word_1_334' title='bbox 3604 1972 3759 2031; x_wconf 77' lang='lat' dir='ltr'><strong>Unde</strong></span> 
     </span>
    </p>
   </div>
   <div class='ocr_carea' id='block_1_50' title="bbox 2169 2066 3760 2139">
    <p class='ocr_par' dir='ltr' id='par_1_50' title="bbox 2169 2066 3760 2139">
     <span class='ocr_line' id='line_1_50' title="bbox 2169 2066 3760 2139; baseline 0.001 -16"><span class='ocrx_word' id='word_1_335' title='bbox 2169 2069 2428 2123; x_wconf 84' lang='lat' dir='ltr'><strong>miramur</strong></span> <span class='ocrx_word' id='word_1_336' title='bbox 2471 2069 2687 2124; x_wconf 91' lang='lat' dir='ltr'><strong>fratrem</strong></span> <span class='ocrx_word' id='word_1_337' title='bbox 2726 2067 2751 2107; x_wconf 79' lang='grc' dir='ltr'><strong>¹ι</strong></span> <span class='ocrx_word' id='word_1_338' title='bbox 2794 2067 3130 2123; x_wconf 88' lang='lat' dir='ltr'><strong>Thalassium</strong></span> <span class='ocrx_word' id='word_1_339' title='bbox 3194 2067 3509 2138; x_wconf 89' lang='lat' dir='ltr'><strong>episcopum</strong></span> <span class='ocrx_word' id='word_1_340' title='bbox 3537 2111 3553 2136; x_wconf 97' lang='lat'><strong>,</strong></span> <span class='ocrx_word' id='word_1_341' title='bbox 3614 2066 3760 2139; x_wconf 87' lang='lat' dir='ltr'><strong>quod</strong></span> 
     </span>
    </p>
   </div>
   <div class='ocr_carea' id='block_1_51' title="bbox 2167 2160 3762 2233">
    <p class='ocr_par' dir='ltr' id='par_1_51' title="bbox 2167 2160 3762 2233">
     <span class='ocr_line' id='line_1_51' title="bbox 2167 2160 3762 2233; baseline -0.001 -15"><span class='ocrx_word' id='word_1_342' title='bbox 2167 2160 2399 2233; x_wconf 87' lang='lat' dir='ltr'><strong>Georgio</strong></span> <span class='ocrx_word' id='word_1_343' title='bbox 2426 2163 2607 2217; x_wconf 91' lang='lat' dir='ltr'><strong>nescio</strong></span> <span class='ocrx_word' id='word_1_344' title='bbox 2626 2162 2734 2227; x_wconf 90' lang='lat' dir='ltr'><strong>cui,</strong></span> <span class='ocrx_word' id='word_1_345' title='bbox 2770 2161 2860 2231; x_wconf 86' lang='lat' dir='ltr'><strong>qui</strong></span> <span class='ocrx_word' id='word_1_346' title='bbox 2888 2161 3266 2233; x_wconf 69' lang='lat' dir='ltr'><strong>praasumendo</strong></span> <span class='ocrx_word' id='word_1_347' title='bbox 3308 2161 3515 2233; x_wconf 90' lang='lat' dir='ltr'><strong>illicita,</strong></span> <span class='ocrx_word' id='word_1_348' title='bbox 3542 2170 3601 2217; x_wconf 88' lang='lat' dir='ltr'><strong>et</strong></span> <span class='ocrx_word' id='word_1_349' title='bbox 3627 2176 3762 2233; x_wconf 60' lang='lat' dir='ltr'><strong>pro.</strong></span> 
     </span>
    </p>
   </div>
   <div class='ocr_carea' id='block_1_52' title="bbox 2168 2253 3761 2328">
    <p class='ocr_par' dir='ltr' id='par_1_52' title="bbox 2168 2253 3761 2328">
     <span class='ocr_line' id='line_1_52' title="bbox 2168 2253 3761 2328; baseline 0 -17"><span class='ocrx_word' id='word_1_350' title='bbox 2168 2257 2399 2328; x_wconf 90' lang='lat' dir='ltr'><strong>positum</strong></span> <span class='ocrx_word' id='word_1_351' title='bbox 2446 2257 2692 2311; x_wconf 88' lang='lat' dir='ltr'><strong>monachi</strong></span> <span class='ocrx_word' id='word_1_352' title='bbox 2731 2266 2787 2311; x_wconf 91' lang='lat' dir='ltr'><strong>et</strong></span> <span class='ocrx_word' id='word_1_353' title='bbox 2829 2270 3025 2311; x_wconf 87' lang='lat' dir='ltr'><strong>nomen</strong></span> <span class='ocrx_word' id='word_1_354' title='bbox 3083 2255 3295 2323; x_wconf 90' lang='lat' dir='ltr'><strong>amisit,</strong></span> <span class='ocrx_word' id='word_1_355' title='bbox 3351 2254 3624 2309; x_wconf 88' lang='lat' dir='ltr'><strong>scribendi</strong></span> <span class='ocrx_word' id='word_1_356' title='bbox 3674 2253 3761 2312; x_wconf 90' lang='lat' dir='ltr'><strong>vel</strong></span> 
     </span>
    </p>
   </div>
   <div class='ocr_carea' id='block_1_53' title="bbox 2170 2346 3763 2419">
    <p class='ocr_par' dir='ltr' id='par_1_53' title="bbox 2170 2346 3763 2419">
     <span class='ocr_line' id='line_1_53' title="bbox 2170 2346 3763 2419; baseline -0.001 -16"><span class='ocrx_word' id='word_1_357' title='bbox 2170 2348 2499 2419; x_wconf 78' lang='lat' dir='ltr'><strong>praedicandi</strong></span> <span class='ocrx_word' id='word_1_358' title='bbox 2527 2348 2760 2418; x_wconf 88' lang='lat' dir='ltr'><strong>aliquam</strong></span> <span class='ocrx_word' id='word_1_359' title='bbox 2787 2347 3096 2417; x_wconf 89' lang='lat' dir='ltr'><strong>permiserit</strong></span> <span class='ocrx_word' id='word_1_360' title='bbox 3124 2347 3459 2403; x_wconf 83' lang='lat' dir='ltr'><strong>facultatem.</strong></span> <span class='ocrx_word' id='word_1_361' title='bbox 3493 2346 3575 2401; x_wconf 77' lang='lat' dir='ltr'><strong>Ad</strong></span> <span class='ocrx_word' id='word_1_362' title='bbox 3598 2361 3763 2417; x_wconf 89' lang='lat' dir='ltr'><strong>quem</strong></span> 
     </span>
    </p>
   </div>
   <div class='ocr_carea' id='block_1_54' title="bbox 2169 2438 3765 2513">
    <p class='ocr_par' dir='ltr' id='par_1_54' title="bbox 2169 2438 3765 2513">
     <span class='ocr_line' id='line_1_54' title="bbox 2169 2438 3765 2513; baseline 0 -16"><span class='ocrx_word' id='word_1_363' title='bbox 2169 2440 2515 2513; x_wconf 91' lang='lat' dir='ltr'><strong>episcopum,</strong></span> <span class='ocrx_word' id='word_1_364' title='bbox 2565 2441 2609 2495; x_wconf 90' lang='lat' dir='ltr'><strong>si</strong></span> <span class='ocrx_word' id='word_1_365' title='bbox 2653 2439 2930 2495; x_wconf 90' lang='lat' dir='ltr'><strong>dilectioni</strong></span> <span class='ocrx_word' id='word_1_366' title='bbox 2961 2450 3065 2496; x_wconf 75' lang='lat' dir='ltr'><strong>tute</strong></span> <span class='ocrx_word' id='word_1_367' title='bbox 3104 2439 3281 2496; x_wconf 91' lang='lat' dir='ltr'><strong>visum</strong></span> <span class='ocrx_word' id='word_1_368' title='bbox 3329 2439 3521 2506; x_wconf 90' lang='lat' dir='ltr'><strong>fuerit,</strong></span> <span class='ocrx_word' id='word_1_369' title='bbox 3562 2454 3631 2495; x_wconf 89' lang='lat' dir='ltr'><strong>ex</strong></span> <span class='ocrx_word' id='word_1_370' title='bbox 3660 2438 3765 2497; x_wconf 85' lang='lat' dir='ltr'><strong>hac</strong></span> 
     </span>
    </p>
   </div>
   <div class='ocr_carea' id='block_1_55' title="bbox 2170 2529 3766 2604">
    <p class='ocr_par' dir='ltr' id='par_1_55' title="bbox 2170 2529 3766 2604">
     <span class='ocr_line' id='line_1_55' title="bbox 2170 2529 3766 2604; baseline 0.001 -18"><span class='ocrx_word' id='word_1_371' title='bbox 2170 2542 2321 2604; x_wconf 89' lang='lat' dir='ltr'><strong>parte</strong></span> <span class='ocrx_word' id='word_1_372' title='bbox 2362 2531 2722 2602; x_wconf 88' lang='lat' dir='ltr'><strong>competentia</strong></span> <span class='ocrx_word' id='word_1_373' title='bbox 2755 2532 2955 2602; x_wconf 89' lang='lat' dir='ltr'><strong>scripta</strong></span> <span class='ocrx_word' id='word_1_374' title='bbox 3007 2529 3347 2586; x_wconf 77' lang='lat' dir='ltr'><strong>1mittemus.</strong></span> <span class='ocrx_word' id='word_1_375' title='bbox 3399 2532 3535 2600; x_wconf 85' lang='lat' dir='ltr'><strong>Agat</strong></span> <span class='ocrx_word' id='word_1_376' title='bbox 3583 2531 3766 2600; x_wconf 76' lang='lat' dir='ltr'><strong>itaque</strong></span> 
     </span>
    </p>
   </div>
   <div class='ocr_carea' id='block_1_56' title="bbox 2170 2623 3765 2697">
    <p class='ocr_par' dir='ltr' id='par_1_56' title="bbox 2170 2623 3765 2697">
     <span class='ocr_line' id='line_1_56' title="bbox 2170 2623 3765 2697; baseline -0.004 -14"><span class='ocrx_word' id='word_1_377' title='bbox 2170 2627 2479 2683; x_wconf 63' lang='lat' dir='ltr'><strong>fraternitas</strong></span> <span class='ocrx_word' id='word_1_378' title='bbox 2509 2639 2599 2681; x_wconf 87' lang='lat' dir='ltr'><strong>tua</strong></span> <span class='ocrx_word' id='word_1_379' title='bbox 2628 2626 2946 2697; x_wconf 90' lang='lat' dir='ltr'><strong>opportunis</strong></span> <span class='ocrx_word' id='word_1_380' title='bbox 2970 2623 3425 2695; x_wconf 86' lang='lat' dir='ltr'><strong>suggestionibns.</strong></span> <span class='ocrx_word' id='word_1_381' title='bbox 3449 2633 3507 2678; x_wconf 91' lang='lat' dir='ltr'><strong>ttt</strong></span> <span class='ocrx_word' id='word_1_382' title='bbox 3526 2623 3765 2679; x_wconf 50' lang='lat' dir='ltr'><strong>clemens</strong></span> 
     </span>
    </p>
   </div>
   <div class='ocr_carea' id='block_1_57' title="bbox 2170 2715 3768 2792">
    <p class='ocr_par' dir='ltr' id='par_1_57' title="bbox 2170 2715 3768 2792">
     <span class='ocr_line' id='line_1_57' title="bbox 2170 2715 3768 2792; baseline -0.003 -17"><span class='ocrx_word' id='word_1_383' title='bbox 2170 2719 2412 2776; x_wconf 89' lang='lat' dir='ltr'><strong>tissimus</strong></span> <span class='ocrx_word' id='word_1_384' title='bbox 2442 2722 2694 2792; x_wconf 90' lang='lat' dir='ltr'><strong>princeps</strong></span> <span class='ocrx_word' id='word_1_385' title='bbox 2732 2735 2851 2790; x_wconf 65' lang='lat' dir='ltr'><strong>quae</strong></span> <span class='ocrx_word' id='word_1_386' title='bbox 2884 2718 3113 2774; x_wconf 87' lang='lat' dir='ltr'><strong>Domino</strong></span> <span class='ocrx_word' id='word_1_387' title='bbox 3142 2728 3267 2773; x_wconf 90' lang='lat' dir='ltr'><strong>sunt</strong></span> <span class='ocrx_word' id='word_1_388' title='bbox 3296 2716 3551 2787; x_wconf 88' lang='lat' dir='ltr'><strong>placitura</strong></span> <span class='ocrx_word' id='word_1_389' title='bbox 3574 2715 3768 2787; x_wconf 77' lang='lat' dir='ltr'><strong>praeci-</strong></span> 
     </span>
    </p>
   </div>
   <div class='ocr_carea' id='block_1_58' title="bbox 2172 2809 3767 2883">
    <p class='ocr_par' dir='ltr' id='par_1_58' title="bbox 2172 2809 3767 2883">
     <span class='ocr_line' id='line_1_58' title="bbox 2172 2809 3767 2883; baseline 0.001 -16"><span class='ocrx_word' id='word_1_390' title='bbox 2172 2813 2326 2883; x_wconf 92' lang='lat' dir='ltr'><strong>piat,</strong></span> <span class='ocrx_word' id='word_1_391' title='bbox 2376 2824 2431 2869; x_wconf 89' lang='lat' dir='ltr'><strong>et</strong></span> <span class='ocrx_word' id='word_1_392' title='bbox 2479 2814 2787 2870; x_wconf 87' lang='lat' dir='ltr'><strong>incentores</strong></span> <span class='ocrx_word' id='word_1_393' title='bbox 2821 2820 3166 2869; x_wconf 90' lang='lat' dir='ltr'><strong>cruentarum</strong></span> <span class='ocrx_word' id='word_1_394' title='bbox 3211 2809 3534 2866; x_wconf 88' lang='lat' dir='ltr'><strong>seditionum</strong></span> <span class='ocrx_word' id='word_1_395' title='bbox 3580 2810 3767 2879; x_wconf 78' lang='lat' dir='ltr'><strong>iubeat</strong></span> 
     </span>
    </p>
   </div>
   <div class='ocr_carea' id='block_1_59' title="bbox 2170 2900 3769 2976">
    <p class='ocr_par' dir='ltr' id='par_1_59' title="bbox 2170 2900 3769 2976">
     <span class='ocr_line' id='line_1_59' title="bbox 2170 2900 3769 2976; baseline -0.006 -12"><span class='ocrx_word' id='word_1_396' title='bbox 2170 2906 2561 2976; x_wconf 89' lang='lat' dir='ltr'><strong>competentius</strong></span> <span class='ocrx_word' id='word_1_397' title='bbox 2604 2906 2871 2973; x_wconf 89' lang='lat' dir='ltr'><strong>coerceri,</strong></span> <span class='ocrx_word' id='word_1_398' title='bbox 2903 2916 2957 2961; x_wconf 92' lang='lat' dir='ltr'><strong>ut</strong></span> <span class='ocrx_word' id='word_1_399' title='bbox 3015 2920 3114 2960; x_wconf 90' lang='lat' dir='ltr'><strong>nec</strong></span> <span class='ocrx_word' id='word_1_400' title='bbox 3151 2914 3191 2942; x_wconf 78' lang='grc' dir='ltr'><em>ω</em></span> <span class='ocrx_word' id='word_1_401' title='bbox 3221 2905 3293 2960; x_wconf 80' lang='grc' dir='ltr'><strong>ἰΙΙι</strong></span> <span class='ocrx_word' id='word_1_402' title='bbox 3327 2900 3577 2972; x_wconf 89' lang='lat' dir='ltr'><strong>impuniti</strong></span> <span class='ocrx_word' id='word_1_403' title='bbox 3622 2902 3769 2969; x_wconf 85' lang='lat' dir='ltr'><strong>sint,</strong></span> 
     </span>
    </p>
   </div>
   <div class='ocr_carea' id='block_1_60' title="bbox 2169 2994 3769 3073">
    <p class='ocr_par' dir='ltr' id='par_1_60' title="bbox 2169 2994 3769 3073">
     <span class='ocr_line' id='line_1_60' title="bbox 2169 2994 3769 3073; baseline -0.002 -17"><span class='ocrx_word' id='word_1_404' title='bbox 2169 3016 2396 3073; x_wconf 90' lang='lat' dir='ltr'><strong>quorum</strong></span> <span class='ocrx_word' id='word_1_405' title='bbox 2432 3015 2624 3055; x_wconf 89' lang='lat' dir='ltr'><strong>manus</strong></span> <span class='ocrx_word' id='word_1_406' title='bbox 2671 3000 2876 3055; x_wconf 88' lang='lat' dir='ltr'><strong>scelera</strong></span> <span class='ocrx_word' id='word_1_407' title='bbox 2924 3007 3343 3070; x_wconf 89' lang='lat' dir='ltr'><strong>perpetrarunt,</strong></span> <span class='ocrx_word' id='word_1_408' title='bbox 3398 3013 3498 3054; x_wconf 90' lang='lat' dir='ltr'><strong>nec</strong></span> <span class='ocrx_word' id='word_1_409' title='bbox 3547 2994 3625 3052; x_wconf 91' lang='lat' dir='ltr'><strong>illi</strong></span> <span class='ocrx_word' id='word_1_410' title='bbox 3659 2996 3769 3067; x_wconf 82' lang='lat' dir='ltr'><strong>qui</strong></span> 
     </span>
    </p>
   </div>
   <div class='ocr_carea' id='block_1_61' title="bbox 2172 3088 3770 3159">
    <p class='ocr_par' dir='ltr' id='par_1_61' title="bbox 2172 3088 3770 3159">
     <span class='ocr_line' id='line_1_61' title="bbox 2172 3088 3770 3159; baseline -0.001 -12"><span class='ocrx_word' id='word_1_411' title='bbox 2172 3092 2356 3147; x_wconf 88' lang='lat' dir='ltr'><strong>talimn</strong></span> <span class='ocrx_word' id='word_1_412' title='bbox 2384 3100 2607 3147; x_wconf 89' lang='lat' dir='ltr'><strong>utuntur</strong></span> <span class='ocrx_word' id='word_1_413' title='bbox 2628 3092 2855 3147; x_wconf 91' lang='lat' dir='ltr'><strong>insania.</strong></span> <span class='ocrx_word' id='word_1_414' title='bbox 2879 3090 2937 3147; x_wconf 91' lang='lat' dir='ltr'><strong>Si</strong></span> <span class='ocrx_word' id='word_1_415' title='bbox 2964 3101 3144 3146; x_wconf 89' lang='lat' dir='ltr'><strong>autem</strong></span> <span class='ocrx_word' id='word_1_416' title='bbox 3176 3088 3454 3159; x_wconf 90' lang='lat' dir='ltr'><strong>inquisitio</strong></span> <span class='ocrx_word' id='word_1_417' title='bbox 3479 3088 3770 3158; x_wconf 73' lang='lat' dir='ltr'><strong>iudiciaria</strong></span> 
     </span>
    </p>
   </div>
   <div class='ocr_carea' id='block_1_62' title="bbox 2170 3179 3771 3252">
    <p class='ocr_par' dir='ltr' id='par_1_62' title="bbox 2170 3179 3771 3252">
     <span class='ocr_line' id='line_1_62' title="bbox 2170 3179 3771 3252; baseline -0.004 -12"><span class='ocrx_word' id='word_1_418' title='bbox 2170 3194 2225 3240; x_wconf 91' lang='lat' dir='ltr'><strong>et</strong></span> <span class='ocrx_word' id='word_1_419' title='bbox 2252 3184 2520 3241; x_wconf 85' lang='lat' dir='ltr'><strong>confessio</strong></span> <span class='ocrx_word' id='word_1_420' title='bbox 2553 3198 2770 3239; x_wconf 92' lang='lat' dir='ltr'><strong>reorum</strong></span> <span class='ocrx_word' id='word_1_421' title='bbox 2816 3182 2881 3238; x_wconf 91' lang='lat' dir='ltr'><strong>ad</strong></span> <span class='ocrx_word' id='word_1_422' title='bbox 2911 3197 3002 3238; x_wconf 89' lang='lat' dir='ltr'><strong>eas</strong></span> <span class='ocrx_word' id='word_1_423' title='bbox 3036 3179 3603 3252; x_wconf 90' lang='lat' dir='ltr'><strong>personas.pervenit,</strong></span> <span class='ocrx_word' id='word_1_424' title='bbox 3632 3193 3771 3249; x_wconf 77' lang='lat' dir='ltr'><strong>qua-</strong></span> 
     </span>
    </p>
   </div>
   <div class='ocr_carea' id='block_1_63' title="bbox 468 3267 3770 3346">
    <p class='ocr_par' dir='ltr' id='par_1_63' title="bbox 468 3267 3770 3346">
     <span class='ocr_line' id='line_1_63' title="bbox 468 3267 3770 3346; baseline -0 -19"><span class='ocrx_word' id='word_1_425' title='bbox 468 3285 651 3327; x_wconf 86' lang='lat' dir='ltr'><strong>meum</strong></span> <span class='ocrx_word' id='word_1_426' title='bbox 681 3271 857 3325; x_wconf 88' lang='lat' dir='ltr'><strong>virum</strong></span> <span class='ocrx_word' id='word_1_427' title='bbox 888 3271 1153 3327; x_wconf 91' lang='lat' dir='ltr'><strong>illustrem</strong></span> <span class='ocrx_word' id='word_1_428' title='bbox 1186 3281 1211 3319; x_wconf 79' lang='lat'><strong>8</strong></span> <span class='ocrx_word' id='word_1_429' title='bbox 1234 3272 1526 3346; x_wconf 88' lang='lat' dir='ltr'><strong>Esychium</strong></span> <span class='ocrx_word' id='word_1_430' title='bbox 1550 3272 1815 3343; x_wconf 88' lang='lat' dir='ltr'><strong>direxisti,</strong></span> <span class='ocrx_word' id='word_1_431' title='bbox 1839 3293 1905 3333; x_wconf 88' lang='lat' dir='ltr'><strong>eo</strong></span> <span class='ocrx_word' id='word_1_432' title='bbox 1928 3287 2065 3334; x_wconf 88' lang='lat' dir='ltr'><strong>tem-</strong></span> <span class='ocrx_word' id='word_1_433' title='bbox 2097 3267 2144 3331; x_wconf 86' lang='lat' dir='ltr'><strong>C</strong></span> <span class='ocrx_word' id='word_1_434' title='bbox 2175 3292 2293 3331; x_wconf 92' lang='lat' dir='ltr'><strong>rum</strong></span> <span class='ocrx_word' id='word_1_435' title='bbox 2323 3277 2404 3331; x_wconf 89' lang='lat' dir='ltr'><strong>vel</strong></span> <span class='ocrx_word' id='word_1_436' title='bbox 2444 3275 2669 3331; x_wconf 90' lang='lat' dir='ltr'><strong>consilio</strong></span> <span class='ocrx_word' id='word_1_437' title='bbox 2704 3275 2787 3329; x_wconf 86' lang='lat' dir='ltr'><strong>vel</strong></span> <span class='ocrx_word' id='word_1_438' title='bbox 2839 3274 3068 3343; x_wconf 88' lang='lat' dir='ltr'><strong>impulsu</strong></span> <span class='ocrx_word' id='word_1_439' title='bbox 3109 3274 3248 3327; x_wconf 87' lang='lat' dir='ltr'><strong>mala</strong></span> <span class='ocrx_word' id='word_1_440' title='bbox 3294 3281 3437 3325; x_wconf 87' lang='lat' dir='ltr'><strong>tanta</strong></span> <span class='ocrx_word' id='word_1_441' title='bbox 3474 3271 3770 3329; x_wconf 83' lang='lat' dir='ltr'><strong>commissa</strong></span> 
     </span>
    </p>
   </div>
   <div class='ocr_carea' id='block_1_64' title="bbox 471 3364 2067 3435">
    <p class='ocr_par' dir='ltr' id='par_1_64' title="bbox 471 3364 2067 3435">
     <span class='ocr_line' id='line_1_64' title="bbox 471 3364 2067 3435; baseline 0.006 -20"><span class='ocrx_word' id='word_1_442' title='bbox 471 3376 604 3434; x_wconf 86' lang='lat' dir='ltr'><strong>pore</strong></span> <span class='ocrx_word' id='word_1_443' title='bbox 634 3364 838 3431; x_wconf 87' lang='lat' dir='ltr'><strong>accepi,</strong></span> <span class='ocrx_word' id='word_1_444' title='bbox 871 3377 979 3433; x_wconf 92' lang='lat' dir='ltr'><strong>quo</strong></span> <span class='ocrx_word' id='word_1_445' title='bbox 1004 3364 1395 3421; x_wconf 85' lang='lat' dir='ltr'><strong>recentioribus</strong></span> <span class='ocrx_word' id='word_1_446' title='bbox 1414 3365 1659 3435; x_wconf 85' lang='lat' dir='ltr'><strong>epistolis</strong></span> <span class='ocrx_word' id='word_1_447' title='bbox 1683 3368 1788 3423; x_wconf 88' lang='lat' dir='ltr'><strong>tuis</strong></span> <span class='ocrx_word' id='word_1_448' title='bbox 1815 3366 1844 3405; x_wconf 81' lang='grc' dir='ltr'><strong>ιι</strong></span> <span class='ocrx_word' id='word_1_449' title='bbox 1875 3370 2067 3426; x_wconf 85' lang='lat' dir='ltr'><strong>iterata</strong></span> 
     </span>
    </p>
   </div>
   <div class='ocr_carea' id='block_1_65' title="bbox 467 3454 2069 3530">
    <p class='ocr_par' dir='ltr' id='par_1_65' title="bbox 467 3454 2069 3530">
     <span class='ocr_line' id='line_1_65' title="bbox 467 3454 2069 3530; baseline 0.007 -23"><span class='ocrx_word' id='word_1_450' title='bbox 467 3454 583 3525; x_wconf 86' lang='lat' dir='ltr'><strong>jam</strong></span> <span class='ocrx_word' id='word_1_451' title='bbox 622 3456 907 3511; x_wconf 85' lang='lat' dir='ltr'><strong>occasione</strong></span> <span class='ocrx_word' id='word_1_452' title='bbox 932 3457 1341 3526; x_wconf 89' lang='lat' dir='ltr'><strong>responderam.</strong></span> <span class='ocrx_word' id='word_1_453' title='bbox 1382 3456 1538 3515; x_wconf 86' lang='lat' dir='ltr'><strong>Unde</strong></span> <span class='ocrx_word' id='word_1_454' title='bbox 1567 3459 1690 3530; x_wconf 90' lang='lat' dir='ltr'><strong>quia</strong></span> <span class='ocrx_word' id='word_1_455' title='bbox 1719 3462 1880 3517; x_wconf 90' lang='lat' dir='ltr'><strong>etiam</strong></span> <span class='ocrx_word' id='word_1_456' title='bbox 1910 3464 1964 3517; x_wconf 91' lang='lat' dir='ltr'><strong>in</strong></span> <span class='ocrx_word' id='word_1_457' title='bbox 1988 3463 2069 3520; x_wconf 88' lang='lat' dir='ltr'><strong>his</strong></span> 
     </span>
    </p>
   </div>
   <div class='ocr_carea' id='block_1_66' title="bbox 468 3549 2070 3629">
    <p class='ocr_par' dir='ltr' id='par_1_66' title="bbox 468 3549 2070 3629">
     <span class='ocr_line' id='line_1_66' title="bbox 468 3549 2070 3629; baseline 0.007 -25"><span class='ocrx_word' id='word_1_458' title='bbox 468 3549 718 3620; x_wconf 86' lang='lat' dir='ltr'><strong>alloquiis</strong></span> <span class='ocrx_word' id='word_1_459' title='bbox 773 3550 881 3606; x_wconf 91' lang='lat' dir='ltr'><strong>tuis</strong></span> <span class='ocrx_word' id='word_1_460' title='bbox 917 3552 1105 3607; x_wconf 91' lang='lat' dir='ltr'><strong>eadem</strong></span> <span class='ocrx_word' id='word_1_461' title='bbox 1145 3552 1214 3609; x_wconf 90' lang='lat' dir='ltr'><strong>de</strong></span> <span class='ocrx_word' id='word_1_462' title='bbox 1264 3552 1597 3624; x_wconf 88' lang='lat' dir='ltr'><strong>impiissimis</strong></span> <span class='ocrx_word' id='word_1_463' title='bbox 1638 3556 1907 3614; x_wconf 78' lang='lat' dir='ltr'><strong>haereticis</strong></span> <span class='ocrx_word' id='word_1_464' title='bbox 1922 3559 2070 3629; x_wconf 89' lang='lat' dir='ltr'><strong>justo</strong></span> 
     </span>
    </p>
   </div>
   <div class='ocr_carea' id='block_1_67' title="bbox 469 3641 2070 3717">
    <p class='ocr_par' dir='ltr' id='par_1_67' title="bbox 469 3641 2070 3717">
     <span class='ocr_line' id='line_1_67' title="bbox 469 3641 2070 3717; baseline 0.007 -20"><span class='ocrx_word' id='word_1_465' title='bbox 469 3641 661 3697; x_wconf 90' lang='lat' dir='ltr'><strong>dolore</strong></span> <span class='ocrx_word' id='word_1_466' title='bbox 681 3657 1011 3714; x_wconf 88' lang='lat' dir='ltr'><strong>conquestus</strong></span> <span class='ocrx_word' id='word_1_467' title='bbox 1043 3659 1123 3709; x_wconf 87' lang='lat' dir='ltr'><strong>es,</strong></span> <span class='ocrx_word' id='word_1_468' title='bbox 1147 3660 1444 3715; x_wconf 83' lang='lat' dir='ltr'><strong>congruum</strong></span> <span class='ocrx_word' id='word_1_469' title='bbox 1472 3645 1570 3703; x_wconf 86' lang='lat' dir='ltr'><strong>fuit</strong></span> <span class='ocrx_word' id='word_1_470' title='bbox 1596 3693 1611 3717; x_wconf 89' lang='lat'><strong>,</strong></span> <span class='ocrx_word' id='word_1_471' title='bbox 1644 3651 1769 3717; x_wconf 87' lang='lat' dir='ltr'><strong>quia</strong></span> <span class='ocrx_word' id='word_1_472' title='bbox 1799 3651 2070 3709; x_wconf 81' lang='lat' dir='ltr'><strong>scribendi</strong></span> 
     </span>
    </p>
   </div>
   <div class='ocr_carea' id='block_1_68' title="bbox 468 3736 2069 3815">
    <p class='ocr_par' dir='ltr' id='par_1_68' title="bbox 468 3736 2069 3815">
     <span class='ocr_line' id='line_1_68' title="bbox 468 3736 2069 3815; baseline 0.006 -25"><span class='ocrx_word' id='word_1_473' title='bbox 468 3736 843 3804; x_wconf 85' lang='lat' dir='ltr'><strong>opportunitas</strong></span> <span class='ocrx_word' id='word_1_474' title='bbox 878 3737 1116 3802; x_wconf 80' lang='lat' dir='ltr'><strong>exstitit,</strong></span> <span class='ocrx_word' id='word_1_475' title='bbox 1160 3753 1266 3792; x_wconf 91' lang='lat' dir='ltr'><strong>non</strong></span> <span class='ocrx_word' id='word_1_476' title='bbox 1316 3747 1517 3795; x_wconf 89' lang='lat' dir='ltr'><strong>tacere.</strong></span> <span class='ocrx_word' id='word_1_477' title='bbox 1581 3740 1637 3794; x_wconf 90' lang='lat' dir='ltr'><strong>In</strong></span> <span class='ocrx_word' id='word_1_478' title='bbox 1683 3756 1845 3797; x_wconf 87' lang='lat' dir='ltr'><strong>causa</strong></span> <span class='ocrx_word' id='word_1_479' title='bbox 1887 3742 2069 3815; x_wconf 89' lang='lat' dir='ltr'><strong>itaque</strong></span> 
     </span>
    </p>
   </div>
   <div class='ocr_carea' id='block_1_69' title="bbox 468 3827 2072 3906">
    <p class='ocr_par' dir='ltr' id='par_1_69' title="bbox 468 3827 2072 3906">
     <span class='ocr_line' id='line_1_69' title="bbox 468 3827 2072 3906; baseline 0.005 -24"><span class='ocrx_word' id='word_1_480' title='bbox 468 3827 618 3895; x_wconf 78' lang='lat' dir='ltr'><strong>ﬁdei,</strong></span> <span class='ocrx_word' id='word_1_481' title='bbox 648 3828 906 3899; x_wconf 90' lang='lat' dir='ltr'><strong>quidquid</strong></span> <span class='ocrx_word' id='word_1_482' title='bbox 932 3844 1029 3899; x_wconf 87' lang='lat' dir='ltr'><strong>pro</strong></span> <span class='ocrx_word' id='word_1_483' title='bbox 1056 3840 1245 3885; x_wconf 85' lang='lat' dir='ltr'><strong>nostro</strong></span> <span class='ocrx_word' id='word_1_484' title='bbox 1272 3829 1452 3885; x_wconf 90' lang='lat' dir='ltr'><strong>ofticio</strong></span> <span class='ocrx_word' id='word_1_485' title='bbox 1507 3830 1523 3868; x_wconf 79' lang='grc' dir='ltr'><strong>ί</strong></span> <span class='ocrx_word' id='word_1_486' title='bbox 1565 3834 1648 3903; x_wconf 88' lang='lat' dir='ltr'><strong>agi</strong></span> <span class='ocrx_word' id='word_1_487' title='bbox 1680 3835 1854 3903; x_wconf 92' lang='lat' dir='ltr'><strong>potuit</strong></span> <span class='ocrx_word' id='word_1_488' title='bbox 1886 3850 1949 3889; x_wconf 90' lang='lat' dir='ltr'><strong>ac</strong></span> <span class='ocrx_word' id='word_1_489' title='bbox 1976 3850 2072 3906; x_wconf 83' lang='lat' dir='ltr'><strong>po-</strong></span> 
     </span>
    </p>
   </div>
   <div class='ocr_carea' id='block_1_70' title="bbox 470 3920 2071 3999">
    <p class='ocr_par' dir='ltr' id='par_1_70' title="bbox 470 3920 2071 3999">
     <span class='ocr_line' id='line_1_70' title="bbox 470 3920 2071 3999; baseline 0.005 -24"><span class='ocrx_word' id='word_1_490' title='bbox 470 3924 599 3987; x_wconf 88' lang='lat' dir='ltr'><strong>test,</strong></span> <span class='ocrx_word' id='word_1_491' title='bbox 614 3920 840 3990; x_wconf 84' lang='lat' dir='ltr'><strong>juvante</strong></span> <span class='ocrx_word' id='word_1_492' title='bbox 858 3920 1111 3988; x_wconf 84' lang='lat' dir='ltr'><strong>Domino,</strong></span> <span class='ocrx_word' id='word_1_493' title='bbox 1142 3931 1196 3977; x_wconf 90' lang='lat' dir='ltr'><strong>et</strong></span> <span class='ocrx_word' id='word_1_494' title='bbox 1223 3921 1454 3979; x_wconf 90' lang='lat' dir='ltr'><strong>sollicite</strong></span> <span class='ocrx_word' id='word_1_495' title='bbox 1483 3932 1537 3979; x_wconf 90' lang='lat' dir='ltr'><strong>et</strong></span> <span class='ocrx_word' id='word_1_496' title='bbox 1566 3924 1800 3983; x_wconf 90' lang='lat' dir='ltr'><strong>libenter</strong></span> <span class='ocrx_word' id='word_1_497' title='bbox 1823 3929 2071 3999; x_wconf 88' lang='lat' dir='ltr'><strong>exsequi-</strong></span> 
     </span>
    </p>
   </div>
   <div class='ocr_carea' id='block_1_71' title="bbox 468 4011 2073 4087">
    <p class='ocr_par' dir='ltr' id='par_1_71' title="bbox 468 4011 2073 4087">
     <span class='ocr_line' id='line_1_71' title="bbox 468 4011 2073 4087; baseline 0.006 -22"><span class='ocrx_word' id='word_1_498' title='bbox 468 4026 595 4066; x_wconf 89' lang='lat' dir='ltr'><strong>mur</strong></span> <span class='ocrx_word' id='word_1_499' title='bbox 636 4028 650 4065; x_wconf 90' lang='lat'><strong>:</strong></span> <span class='ocrx_word' id='word_1_500' title='bbox 683 4020 743 4067; x_wconf 91' lang='lat' dir='ltr'><strong>ut</strong></span> <span class='ocrx_word' id='word_1_501' title='bbox 788 4012 1080 4084; x_wconf 86' lang='lat' dir='ltr'><strong>Evangelio</strong></span> <span class='ocrx_word' id='word_1_502' title='bbox 1125 4011 1331 4069; x_wconf 84' lang='lat' dir='ltr'><strong>Christi</strong></span> <span class='ocrx_word' id='word_1_503' title='bbox 1364 4014 1920 4087; x_wconf 88' lang='lat' dir='ltr'><strong>irreprehensibiliter</strong></span> <span class='ocrx_word' id='word_1_504' title='bbox 1955 4034 2073 4075; x_wconf 87' lang='lat' dir='ltr'><strong>ser-</strong></span> 
     </span>
    </p>
   </div>
   <div class='ocr_carea' id='block_1_72' title="bbox 469 4104 2070 4180">
    <p class='ocr_par' dir='ltr' id='par_1_72' title="bbox 469 4104 2070 4180">
     <span class='ocr_line' id='line_1_72' title="bbox 469 4104 2070 4180; baseline 0.006 -23"><span class='ocrx_word' id='word_1_505' title='bbox 469 4104 705 4171; x_wconf 73' lang='lat' dir='ltr'><strong>viamus,</strong></span> <span class='ocrx_word' id='word_1_506' title='bbox 737 4121 806 4161; x_wconf 93' lang='lat' dir='ltr'><strong>ne</strong></span> <span class='ocrx_word' id='word_1_507' title='bbox 837 4120 934 4176; x_wconf 92' lang='lat' dir='ltr'><strong>per</strong></span> <span class='ocrx_word' id='word_1_508' title='bbox 956 4105 1219 4162; x_wconf 90' lang='lat' dir='ltr'><strong>desidiam</strong></span> <span class='ocrx_word' id='word_1_509' title='bbox 1250 4116 1490 4163; x_wconf 89' lang='lat' dir='ltr'><strong>nostram</strong></span> <span class='ocrx_word' id='word_1_510' title='bbox 1515 4110 1621 4164; x_wconf 91' lang='lat' dir='ltr'><strong>ulla</strong></span> <span class='ocrx_word' id='word_1_511' title='bbox 1644 4124 1771 4180; x_wconf 89' lang='lat' dir='ltr'><strong>pars</strong></span> <span class='ocrx_word' id='word_1_512' title='bbox 1810 4108 2070 4168; x_wconf 71' lang='lat' dir='ltr'><strong>Ecclesia:</strong></span> 
     </span>
    </p>
   </div>
   <div class='ocr_carea' id='block_1_73' title="bbox 468 4195 2072 4272">
    <p class='ocr_par' dir='ltr' id='par_1_73' title="bbox 468 4195 2072 4272">
     <span class='ocr_line' id='line_1_73' title="bbox 468 4195 2072 4272; baseline 0.004 -21"><span class='ocrx_word' id='word_1_513' title='bbox 468 4195 748 4252; x_wconf 63' lang='lat' dir='ltr'><strong>catholicae</strong></span> <span class='ocrx_word' id='word_1_514' title='bbox 794 4197 1035 4267; x_wconf 87' lang='lat' dir='ltr'><strong>neglecta</strong></span> <span class='ocrx_word' id='word_1_515' title='bbox 1085 4197 1352 4253; x_wconf 91' lang='lat' dir='ltr'><strong>videatur.</strong></span> <span class='ocrx_word' id='word_1_516' title='bbox 1402 4197 1633 4268; x_wconf 85' lang='lat' dir='ltr'><strong>Propter</strong></span> <span class='ocrx_word' id='word_1_517' title='bbox 1677 4201 1820 4272; x_wconf 87' lang='lat' dir='ltr'><strong>quod</strong></span> <span class='ocrx_word' id='word_1_518' title='bbox 1852 4242 1867 4267; x_wconf 93' lang='lat'><strong>,</strong></span> <span class='ocrx_word' id='word_1_519' title='bbox 1931 4203 2072 4258; x_wconf 88' lang='lat' dir='ltr'><strong>sicut</strong></span> 
     </span>
    </p>
   </div>
   <div class='ocr_carea' id='block_1_74' title="bbox 471 4287 2068 4358">
    <p class='ocr_par' dir='ltr' id='par_1_74' title="bbox 471 4287 2068 4358">
     <span class='ocr_line' id='line_1_74' title="bbox 471 4287 2068 4358; baseline 0.006 -17"><span class='ocrx_word' id='word_1_520' title='bbox 471 4287 725 4342; x_wconf 90' lang='lat' dir='ltr'><strong>omnibus</strong></span> <span class='ocrx_word' id='word_1_521' title='bbox 756 4298 939 4344; x_wconf 90' lang='lat' dir='ltr'><strong>notum</strong></span> <span class='ocrx_word' id='word_1_522' title='bbox 970 4298 1084 4355; x_wconf 90' lang='lat' dir='ltr'><strong>est,</strong></span> <span class='ocrx_word' id='word_1_523' title='bbox 1116 4304 1221 4344; x_wconf 92' lang='lat' dir='ltr'><strong>non</strong></span> <span class='ocrx_word' id='word_1_524' title='bbox 1244 4289 1428 4345; x_wconf 91' lang='lat' dir='ltr'><strong>destiti</strong></span> <span class='ocrx_word' id='word_1_525' title='bbox 1477 4290 1729 4348; x_wconf 85' lang='lat' dir='ltr'><strong>laborare</strong></span> <span class='ocrx_word' id='word_1_526' title='bbox 1752 4333 1767 4358; x_wconf 95' lang='lat'><strong>,</strong></span> <span class='ocrx_word' id='word_1_527' title='bbox 1802 4301 1859 4348; x_wconf 92' lang='lat' dir='ltr'><strong>ut</strong></span> <span class='ocrx_word' id='word_1_528' title='bbox 1890 4295 2068 4350; x_wconf 91' lang='lat' dir='ltr'><strong>mani-</strong></span> 
     </span>
    </p>
   </div>
   <div class='ocr_carea' id='block_1_75' title="bbox 470 4378 2061 4458">
    <p class='ocr_par' dir='ltr' id='par_1_75' title="bbox 470 4378 2061 4458">
     <span class='ocr_line' id='line_1_75' title="bbox 470 4378 2061 4458; baseline 0.007 -25"><span class='ocrx_word' id='word_1_529' title='bbox 470 4378 664 4436; x_wconf 79' lang='lat' dir='ltr'><strong>festata</strong></span> <span class='ocrx_word' id='word_1_530' title='bbox 682 4390 842 4451; x_wconf 92' lang='lat' dir='ltr'><strong>atque</strong></span> <span class='ocrx_word' id='word_1_531' title='bbox 856 4381 1071 4438; x_wconf 89' lang='lat' dir='ltr'><strong>defensa</strong></span> <span class='ocrx_word' id='word_1_532' title='bbox 1093 4383 1479 4439; x_wconf 89' lang='lat' dir='ltr'><strong>incarnationis</strong></span> <span class='ocrx_word' id='word_1_533' title='bbox 1500 4384 1795 4441; x_wconf 64' lang='lat' dir='ltr'><strong>Dominicae</strong></span> <span class='ocrx_word' id='word_1_534' title='bbox 1814 4388 2061 4458; x_wconf 90' lang='lat' dir='ltr'><strong>veritate,</strong></span> 
     </span>
    </p>
   </div>
   <div class='ocr_carea' id='block_1_76' title="bbox 470 4472 2064 4546">
    <p class='ocr_par' dir='ltr' id='par_1_76' title="bbox 470 4472 2064 4546">
     <span class='ocr_line' id='line_1_76' title="bbox 470 4472 2064 4546; baseline 0.006 -19"><span class='ocrx_word' id='word_1_535' title='bbox 470 4473 649 4528; x_wconf 89' lang='lat' dir='ltr'><strong>omnis</strong></span> <span class='ocrx_word' id='word_1_536' title='bbox 678 4472 1004 4538; x_wconf 87' lang='lat' dir='ltr'><strong>fraternitas,</strong></span> <span class='ocrx_word' id='word_1_537' title='bbox 1036 4475 1162 4545; x_wconf 90' lang='lat' dir='ltr'><strong>quid</strong></span> <span class='ocrx_word' id='word_1_538' title='bbox 1201 4475 1397 4546; x_wconf 92' lang='lat' dir='ltr'><strong>ubique</strong></span> <span class='ocrx_word' id='word_1_539' title='bbox 1428 4477 1728 4533; x_wconf 89' lang='lat' dir='ltr'><strong>secundum</strong></span> <span class='ocrx_word' id='word_1_540' title='bbox 1764 4479 2064 4536; x_wconf 89' lang='lat' dir='ltr'><strong>doctrinam</strong></span> 
     </span>
    </p>
   </div>
   <div class='ocr_carea' id='block_1_77' title="bbox 471 4566 2063 4645">
    <p class='ocr_par' dir='ltr' id='par_1_77' title="bbox 471 4566 2063 4645">
     <span class='ocr_line' id='line_1_77' title="bbox 471 4566 2063 4645; baseline 0.005 -25"><span class='ocrx_word' id='word_1_541' title='bbox 471 4566 849 4635; x_wconf 86' lang='lat' dir='ltr'><strong>apostolicam,</strong></span> <span class='ocrx_word' id='word_1_542' title='bbox 876 4576 931 4623; x_wconf 87' lang='lat' dir='ltr'><strong>et</strong></span> <span class='ocrx_word' id='word_1_543' title='bbox 958 4567 1247 4623; x_wconf 90' lang='lat' dir='ltr'><strong>tenendum</strong></span> <span class='ocrx_word' id='word_1_544' title='bbox 1285 4580 1337 4623; x_wconf 90' lang='lat' dir='ltr'><strong>et</strong></span> <span class='ocrx_word' id='word_1_545' title='bbox 1366 4569 1669 4625; x_wconf 86' lang='lat' dir='ltr'><strong>docendum</strong></span> <span class='ocrx_word' id='word_1_546' title='bbox 1701 4584 1866 4640; x_wconf 88' lang='lat' dir='ltr'><strong>esset,</strong></span> <span class='ocrx_word' id='word_1_547' title='bbox 1896 4588 2063 4645; x_wconf 84' lang='lat' dir='ltr'><strong>agno-</strong></span> 
     </span>
    </p>
   </div>
   <div class='ocr_carea' id='block_1_78' title="bbox 2170 3366 3767 3439">
    <p class='ocr_par' dir='ltr' id='par_1_78' title="bbox 2170 3366 3767 3439">
     <span class='ocr_line' id='line_1_78' title="bbox 2170 3366 3767 3439; baseline -0.004 -11"><span class='ocrx_word' id='word_1_548' title='bbox 2170 3382 2330 3436; x_wconf 89' lang='lat' dir='ltr'><strong>sunt,</strong></span> <span class='ocrx_word' id='word_1_549' title='bbox 2391 3371 2589 3426; x_wconf 88' lang='lat' dir='ltr'><strong>nullius</strong></span> <span class='ocrx_word' id='word_1_550' title='bbox 2642 3369 2843 3425; x_wconf 84' lang='lat' dir='ltr'><strong>favoris</strong></span> <span class='ocrx_word' id='word_1_551' title='bbox 2887 3369 2970 3426; x_wconf 88' lang='lat' dir='ltr'><strong>eis</strong></span> <span class='ocrx_word' id='word_1_552' title='bbox 3009 3380 3137 3425; x_wconf 92' lang='lat' dir='ltr'><strong>sunt</strong></span> <span class='ocrx_word' id='word_1_553' title='bbox 3190 3369 3493 3439; x_wconf 68' lang='lat' dir='ltr'><strong>praestanda</strong></span> <span class='ocrx_word' id='word_1_554' title='bbox 3545 3366 3767 3424; x_wconf 83' lang='lat' dir='ltr'><strong>solatia.</strong></span> 
     </span>
    </p>
   </div>
   <div class='ocr_carea' id='block_1_79' title="bbox 2170 3464 3769 3536">
    <p class='ocr_par' dir='ltr' id='par_1_79' title="bbox 2170 3464 3769 3536">
     <span class='ocr_line' id='line_1_79' title="bbox 2170 3464 3769 3536; baseline -0.004 -13"><span class='ocrx_word' id='word_1_555' title='bbox 2170 3470 2439 3536; x_wconf 83' lang='lat' dir='ltr'><strong>Quantum</strong></span> <span class='ocrx_word' id='word_1_556' title='bbox 2478 3468 2621 3521; x_wconf 87' lang='lat' dir='ltr'><strong>enim</strong></span> <span class='ocrx_word' id='word_1_557' title='bbox 2666 3466 2888 3521; x_wconf 90' lang='lat' dir='ltr'><strong>meliora</strong></span> <span class='ocrx_word' id='word_1_558' title='bbox 2932 3464 3002 3520; x_wconf 91' lang='lat' dir='ltr'><strong>de</strong></span> <span class='ocrx_word' id='word_1_559' title='bbox 3032 3465 3161 3534; x_wconf 86' lang='lat' dir='ltr'><strong>ipsis</strong></span> <span class='ocrx_word' id='word_1_560' title='bbox 3200 3476 3324 3520; x_wconf 90' lang='lat' dir='ltr'><strong>sunt</strong></span> <span class='ocrx_word' id='word_1_561' title='bbox 3346 3464 3580 3527; x_wconf 89' lang='lat' dir='ltr'><strong>credita,</strong></span> <span class='ocrx_word' id='word_1_562' title='bbox 3613 3470 3769 3516; x_wconf 85' lang='lat' dir='ltr'><strong>tanto</strong></span> 
     </span>
    </p>
   </div>
   <div class='ocr_carea' id='block_1_80' title="bbox 2171 3554 3770 3627">
    <p class='ocr_par' dir='ltr' id='par_1_80' title="bbox 2171 3554 3770 3627">
     <span class='ocr_line' id='line_1_80' title="bbox 2171 3554 3770 3627; baseline -0.006 -12"><span class='ocrx_word' id='word_1_563' title='bbox 2171 3571 2297 3615; x_wconf 91' lang='lat' dir='ltr'><strong>sunt</strong></span> <span class='ocrx_word' id='word_1_564' title='bbox 2326 3560 2556 3627; x_wconf 87' lang='lat' dir='ltr'><strong>amplius</strong></span> <span class='ocrx_word' id='word_1_565' title='bbox 2574 3557 2899 3625; x_wconf 84' lang='lat' dir='ltr'><strong>detestandi,</strong></span> <span class='ocrx_word' id='word_1_566' title='bbox 2930 3572 3156 3625; x_wconf 90' lang='lat' dir='ltr'><strong>quorum</strong></span> <span class='ocrx_word' id='word_1_567' title='bbox 3180 3570 3323 3610; x_wconf 88' lang='lat' dir='ltr'><strong>nunc</strong></span> <span class='ocrx_word' id='word_1_568' title='bbox 3349 3554 3617 3625; x_wconf 88' lang='lat' dir='ltr'><strong>impietas,</strong></span> <span class='ocrx_word' id='word_1_569' title='bbox 3642 3565 3770 3623; x_wconf 69' lang='lat' dir='ltr'><strong>quae</strong></span> 
     </span>
    </p>
   </div>
   <div class='ocr_carea' id='block_1_81' title="bbox 2173 3646 3771 3723">
    <p class='ocr_par' dir='ltr' id='par_1_81' title="bbox 2173 3646 3771 3723">
     <span class='ocr_line' id='line_1_81' title="bbox 2173 3646 3771 3723; baseline -0.004 -16"><span class='ocrx_word' id='word_1_570' title='bbox 2173 3667 2267 3722; x_wconf 88' lang='lat' dir='ltr'><strong>per</strong></span> <span class='ocrx_word' id='word_1_571' title='bbox 2296 3651 2625 3723; x_wconf 86' lang='lat' dir='ltr'><strong>hypocrisim</strong></span> <span class='ocrx_word' id='word_1_572' title='bbox 2656 3648 2833 3704; x_wconf 90' lang='lat' dir='ltr'><strong>fuerat</strong></span> <span class='ocrx_word' id='word_1_573' title='bbox 2854 3648 3050 3714; x_wconf 89' lang='lat' dir='ltr'><strong>velata,</strong></span> <span class='ocrx_word' id='word_1_574' title='bbox 3075 3646 3367 3718; x_wconf 89' lang='lat' dir='ltr'><strong>detegitur.</strong></span> <span class='ocrx_word' id='word_1_575' title='bbox 3401 3647 3466 3701; x_wconf 86' lang='lat' dir='ltr'><strong>Et</strong></span> <span class='ocrx_word' id='word_1_576' title='bbox 3499 3646 3620 3699; x_wconf 77' lang='lat' dir='ltr'><strong>ideo</strong></span> <span class='ocrx_word' id='word_1_577' title='bbox 3640 3651 3771 3714; x_wconf 80' lang='lat' dir='ltr'><strong>agat</strong></span> 
     </span>
    </p>
   </div>
   <div class='ocr_carea' id='block_1_82' title="bbox 2172 3736 3771 3809">
    <p class='ocr_par' dir='ltr' id='par_1_82' title="bbox 2172 3736 3771 3809">
     <span class='ocr_line' id='line_1_82' title="bbox 2172 3736 3771 3809; baseline -0.006 -10"><span class='ocrx_word' id='word_1_578' title='bbox 2172 3743 2660 3800; x_wconf 85' lang='lat' dir='ltr'><strong>Christianissimus</strong></span> <span class='ocrx_word' id='word_1_579' title='bbox 2708 3752 2764 3795; x_wconf 91' lang='lat' dir='ltr'><strong>et</strong></span> <span class='ocrx_word' id='word_1_580' title='bbox 2797 3740 3070 3809; x_wconf 78' lang='lat' dir='ltr'><strong>piissimus</strong></span> <span class='ocrx_word' id='word_1_581' title='bbox 3108 3739 3426 3808; x_wconf 90' lang='lat' dir='ltr'><strong>imperator,</strong></span> <span class='ocrx_word' id='word_1_582' title='bbox 3473 3736 3613 3808; x_wconf 92' lang='lat' dir='ltr'><strong>quod</strong></span> <span class='ocrx_word' id='word_1_583' title='bbox 3647 3736 3771 3806; x_wconf 81' lang='lat' dir='ltr'><strong>paci</strong></span> 
     </span>
    </p>
   </div>
   <div class='ocr_carea' id='block_1_83' title="bbox 2170 3830 3770 3901">
    <p class='ocr_par' dir='ltr' id='par_1_83' title="bbox 2170 3830 3770 3901">
     <span class='ocr_line' id='line_1_83' title="bbox 2170 3830 3770 3901; baseline -0.004 -12"><span class='ocrx_word' id='word_1_584' title='bbox 2170 3833 2552 3889; x_wconf 64' lang='lat' dir='ltr'><strong>ecclesiastica:</strong></span> <span class='ocrx_word' id='word_1_585' title='bbox 2600 3831 2849 3901; x_wconf 90' lang='lat' dir='ltr'><strong>intelligit</strong></span> <span class='ocrx_word' id='word_1_586' title='bbox 2905 3830 3262 3900; x_wconf 88' lang='lat' dir='ltr'><strong>profuturum.</strong></span> <span class='ocrx_word' id='word_1_587' title='bbox 3311 3830 3479 3898; x_wconf 82' lang='lat' dir='ltr'><strong>Quem</strong></span> <span class='ocrx_word' id='word_1_588' title='bbox 3533 3843 3770 3898; x_wconf 82' lang='lat' dir='ltr'><strong>superna</strong></span> 
     </span>
    </p>
   </div>
   <div class='ocr_carea' id='block_1_84' title="bbox 2172 3919 3771 3995">
    <p class='ocr_par' dir='ltr' id='par_1_84' title="bbox 2172 3919 3771 3995">
     <span class='ocr_line' id='line_1_84' title="bbox 2172 3919 3771 3995; baseline -0.005 -15"><span class='ocrx_word' id='word_1_589' title='bbox 2172 3924 2525 3995; x_wconf 86' lang='lat' dir='ltr'><strong>inspiratione</strong></span> <span class='ocrx_word' id='word_1_590' title='bbox 2562 3924 2630 3977; x_wconf 91' lang='lat' dir='ltr'><strong>ita</strong></span> <span class='ocrx_word' id='word_1_591' title='bbox 2668 3922 3038 3978; x_wconf 82' lang='lat' dir='ltr'><strong>inStruendttm</strong></span> <span class='ocrx_word' id='word_1_592' title='bbox 3080 3936 3203 3978; x_wconf 88' lang='lat' dir='ltr'><strong>esse</strong></span> <span class='ocrx_word' id='word_1_593' title='bbox 3227 3921 3463 3983; x_wconf 86' lang='lat' dir='ltr'><strong>confido.</strong></span> <span class='ocrx_word' id='word_1_594' title='bbox 3494 3929 3625 3975; x_wconf 89' lang='lat' dir='ltr'><strong>utet</strong></span> <span class='ocrx_word' id='word_1_595' title='bbox 3652 3919 3771 3973; x_wconf 82' lang='lat' dir='ltr'><strong>dis-</strong></span> 
     </span>
    </p>
   </div>
   <div class='ocr_carea' id='block_1_85' title="bbox 2171 4015 3772 4089">
    <p class='ocr_par' dir='ltr' id='par_1_85' title="bbox 2171 4015 3772 4089">
     <span class='ocr_line' id='line_1_85' title="bbox 2171 4015 3772 4089; baseline -0.001 -16"><span class='ocrx_word' id='word_1_596' title='bbox 2171 4019 2363 4089; x_wconf 87' lang='lat' dir='ltr'><strong>ciplina</strong></span> <span class='ocrx_word' id='word_1_597' title='bbox 2412 4017 2681 4088; x_wconf 90' lang='lat' dir='ltr'><strong>inquietos</strong></span> <span class='ocrx_word' id='word_1_598' title='bbox 2716 4017 3006 4071; x_wconf 83' lang='lat' dir='ltr'><strong>nrevocari</strong></span> <span class='ocrx_word' id='word_1_599' title='bbox 3032 4056 3049 4079; x_wconf 91' lang='lat'><strong>,</strong></span> <span class='ocrx_word' id='word_1_600' title='bbox 3086 4026 3139 4072; x_wconf 90' lang='lat' dir='ltr'><strong>et</strong></span> <span class='ocrx_word' id='word_1_601' title='bbox 3189 4030 3220 4069; x_wconf 89' lang='lat' dir='ltr'><strong>a</strong></span> <span class='ocrx_word' id='word_1_602' title='bbox 3262 4015 3527 4086; x_wconf 87' lang='lat' dir='ltr'><strong>sanguine</strong></span> <span class='ocrx_word' id='word_1_603' title='bbox 3575 4028 3772 4071; x_wconf 83' lang='lat' dir='ltr'><strong>eorum</strong></span> 
     </span>
    </p>
   </div>
   <div class='ocr_carea' id='block_1_86' title="bbox 2168 4107 3771 4179">
    <p class='ocr_par' dir='ltr' id='par_1_86' title="bbox 2168 4107 3771 4179">
     <span class='ocr_line' id='line_1_86' title="bbox 2168 4107 3771 4179; baseline -0.001 -16"><span class='ocrx_word' id='word_1_604' title='bbox 2168 4108 2356 4179; x_wconf 76' lang='lat' dir='ltr'><strong>iubeat</strong></span> <span class='ocrx_word' id='word_1_605' title='bbox 2415 4108 2675 4163; x_wconf 88' lang='lat' dir='ltr'><strong>abstineri</strong></span> <span class='ocrx_word' id='word_1_606' title='bbox 2732 4124 2749 4164; x_wconf 87' lang='lat'><strong>:</strong></span> <span class='ocrx_word' id='word_1_607' title='bbox 2816 4109 3064 4177; x_wconf 87' lang='lat' dir='ltr'><strong>quamvis</strong></span> <span class='ocrx_word' id='word_1_608' title='bbox 3128 4107 3261 4163; x_wconf 86' lang='lat' dir='ltr'><strong>nihil</strong></span> <span class='ocrx_word' id='word_1_609' title='bbox 3325 4110 3585 4163; x_wconf 80' lang='lat' dir='ltr'><strong>ultioimm</strong></span> <span class='ocrx_word' id='word_1_610' title='bbox 3655 4120 3771 4161; x_wconf 88' lang='lat' dir='ltr'><strong>non</strong></span> 
     </span>
    </p>
   </div>
   <div class='ocr_carea' id='block_1_87' title="bbox 2171 4198 3774 4269">
    <p class='ocr_par' dir='ltr' id='par_1_87' title="bbox 2171 4198 3774 4269">
     <span class='ocr_line' id='line_1_87' title="bbox 2171 4198 3774 4269; baseline -0.002 -11"><span class='ocrx_word' id='word_1_611' title='bbox 2171 4213 2481 4259; x_wconf 89' lang='lat' dir='ltr'><strong>mereantur</strong></span> <span class='ocrx_word' id='word_1_612' title='bbox 2505 4204 2707 4269; x_wconf 91' lang='lat' dir='ltr'><strong>subire,</strong></span> <span class='ocrx_word' id='word_1_613' title='bbox 2738 4202 2829 4268; x_wconf 83' lang='lat' dir='ltr'><strong>qui</strong></span> <span class='ocrx_word' id='word_1_614' title='bbox 2854 4203 2969 4257; x_wconf 89' lang='lat' dir='ltr'><strong>ausi</strong></span> <span class='ocrx_word' id='word_1_615' title='bbox 2991 4214 3115 4257; x_wconf 91' lang='lat' dir='ltr'><strong>sunt</strong></span> <span class='ocrx_word' id='word_1_616' title='bbox 3137 4212 3195 4258; x_wconf 92' lang='lat' dir='ltr'><strong>et</strong></span> <span class='ocrx_word' id='word_1_617' title='bbox 3217 4201 3413 4257; x_wconf 89' lang='lat' dir='ltr'><strong>divinis</strong></span> <span class='ocrx_word' id='word_1_618' title='bbox 3433 4213 3485 4255; x_wconf 90' lang='lat' dir='ltr'><strong>et</strong></span> <span class='ocrx_word' id='word_1_619' title='bbox 3516 4198 3774 4255; x_wconf 73' lang='lat' dir='ltr'><strong>humanis</strong></span> 
     </span>
    </p>
   </div>
   <div class='ocr_carea' id='block_1_88' title="bbox 2169 4296 3768 4368">
    <p class='ocr_par' dir='ltr' id='par_1_88' title="bbox 2169 4296 3768 4368">
     <span class='ocr_line' id='line_1_88' title="bbox 2169 4296 3768 4368; baseline -0.005 -15"><span class='ocrx_word' id='word_1_620' title='bbox 2169 4297 2643 4353; x_wconf 87' lang='lat' dir='ltr'><strong>constitutionibus</strong></span> <span class='ocrx_word' id='word_1_621' title='bbox 2661 4298 2870 4368; x_wconf 88' lang='lat'><strong>1212</strong></span> <span class='ocrx_word' id='word_1_622' title='bbox 2885 4311 3205 4365; x_wconf 86' lang='lat' dir='ltr'><strong>repugnare.</strong></span> <span class='ocrx_word' id='word_1_623' title='bbox 3226 4304 3251 4330; x_wconf 85' lang='grc' dir='ltr'><strong>ο</strong></span> <span class='ocrx_word' id='word_1_624' title='bbox 3285 4296 3412 4350; x_wconf 85' lang='lat' dir='ltr'><strong>Data</strong></span> <span class='ocrx_word' id='word_1_625' title='bbox 3439 4304 3632 4365; x_wconf 88' lang='lat' dir='ltr'><strong>quarto</strong></span> <span class='ocrx_word' id='word_1_626' title='bbox 3661 4305 3768 4348; x_wconf 82' lang='lat' dir='ltr'><strong>no-</strong></span> 
     </span>
    </p>
   </div>
   <div class='ocr_carea' id='block_1_89' title="bbox 2171 4388 3533 4462">
    <p class='ocr_par' dir='ltr' id='par_1_89' title="bbox 2171 4388 3533 4462">
     <span class='ocr_line' id='line_1_89' title="bbox 2171 4388 3533 4462; baseline -0.004 -15"><span class='ocrx_word' id='word_1_627' title='bbox 2171 4405 2268 4447; x_wconf 87' lang='lat' dir='ltr'><strong>nas</strong></span> <span class='ocrx_word' id='word_1_628' title='bbox 2296 4390 2515 4462; x_wconf 87' lang='lat' dir='ltr'><strong>Aprilis,</strong></span> <span class='ocrx_word' id='word_1_629' title='bbox 2537 4390 2786 4461; x_wconf 90' lang='lat' dir='ltr'><strong>Opilione</strong></span> <span class='ocrx_word' id='word_1_630' title='bbox 2815 4394 2931 4442; x_wconf 89' lang='lat' dir='ltr'><strong>viro</strong></span> <span class='ocrx_word' id='word_1_631' title='bbox 2960 4388 3263 4444; x_wconf 88' lang='lat' dir='ltr'><strong>clarissimo</strong></span> <span class='ocrx_word' id='word_1_632' title='bbox 3293 4390 3533 4443; x_wconf 89' lang='lat' dir='ltr'><strong>consule.</strong></span> 
     </span>
    </p>
   </div>
   <div class='ocr_carea' id='block_1_90' title="bbox 2668 4481 3260 4538">
    <p class='ocr_par' dir='ltr' id='par_1_90' title="bbox 2668 4481 3260 4538">
     <span class='ocr_line' id='line_1_90' title="bbox 2668 4481 3260 4538; baseline -0.007 0"><span class='ocrx_word' id='word_1_633' title='bbox 2668 4481 2997 4538; x_wconf 80' lang='lat' dir='ltr'><strong>EPISTULA</strong></span> <span class='ocrx_word' id='word_1_634' title='bbox 3024 4492 3049 4532; x_wconf 84' lang='lat' dir='ltr'><strong>P</strong></span> <span class='ocrx_word' id='word_1_635' title='bbox 3072 4481 3260 4537; x_wconf 76' lang='lat' dir='ltr'><strong>CXIX.</strong></span> 
     </span>
    </p>
   </div>
   <div class='ocr_carea' id='block_1_91' title="bbox 2402 4586 3528 4633">
    <p class='ocr_par' dir='ltr' id='par_1_91' title="bbox 2402 4586 3528 4633">
     <span class='ocr_line' id='line_1_91' title="bbox 2402 4586 3528 4633; baseline -0.004 -5"><span class='ocrx_word' id='word_1_636' title='bbox 2402 4587 2431 4628; x_wconf 70' lang='grc' dir='ltr'>εἰ</span> <span class='ocrx_word' id='word_1_637' title='bbox 2451 4593 2517 4633; x_wconf 75' lang='grc' dir='ltr'><strong>ΔΙ)</strong></span> <span class='ocrx_word' id='word_1_638' title='bbox 2540 4591 2783 4632; x_wconf 69' lang='grc' dir='ltr'><strong>ΙᾹΧΙΙυΙ</strong></span> <span class='ocrx_word' id='word_1_639' title='bbox 2814 4588 3189 4630; x_wconf 71' lang='lat' dir='ltr'><strong>ANTIOCIIENUI</strong></span> <span class='ocrx_word' id='word_1_640' title='bbox 3220 4586 3528 4627; x_wconf 73' lang='lat' dir='ltr'><strong>EPISCOPUI.</strong></span> 
     </span>
    </p>
   </div>
   <div class='ocr_carea' id='block_1_92' title="bbox 472 4651 3770 4739">
    <p class='ocr_par' dir='ltr' id='par_1_92' title="bbox 472 4651 3770 4739">
     <span class='ocr_line' id='line_1_92' title="bbox 472 4651 3770 4739; baseline 0.002 -26"><span class='ocrx_word' id='word_1_641' title='bbox 472 4666 673 4726; x_wconf 81' lang='lat' dir='ltr'><strong>sceret,</strong></span> <span class='ocrx_word' id='word_1_642' title='bbox 702 4658 989 4714; x_wconf 85' lang='lat' dir='ltr'><strong>accedente</strong></span> <span class='ocrx_word' id='word_1_643' title='bbox 1008 4658 1523 4730; x_wconf 80' lang='lat' dir='ltr'><strong>gloriosissimorum</strong></span> <span class='ocrx_word' id='word_1_644' title='bbox 1552 4663 1852 4734; x_wconf 88' lang='lat' dir='ltr'><strong>principum</strong></span> <span class='ocrx_word' id='word_1_645' title='bbox 1884 4668 2062 4725; x_wconf 85' lang='lat' dir='ltr'><strong>Studio</strong></span> <span class='ocrx_word' id='word_1_646' title='bbox 2090 4651 2141 4713; x_wconf 80' lang='lat' dir='ltr'><strong>D</strong></span> <span class='ocrx_word' id='word_1_647' title='bbox 2166 4668 2271 4726; x_wconf 85' lang='lat' dir='ltr'><strong>Per</strong></span> <span class='ocrx_word' id='word_1_648' title='bbox 2316 4668 2611 4724; x_wconf 79' lang='lat' dir='ltr'><strong>Marianum</strong></span> <span class='ocrx_word' id='word_1_649' title='bbox 2662 4668 3006 4739; x_wconf 80' lang='lat' dir='ltr'><strong>presbyterum</strong></span> <span class='ocrx_word' id='word_1_650' title='bbox 3030 4675 3084 4720; x_wconf 88' lang='lat' dir='ltr'><strong>et</strong></span> <span class='ocrx_word' id='word_1_651' title='bbox 3123 4664 3421 4735; x_wconf 81' lang='lat' dir='ltr'><strong>Olympium</strong></span> <span class='ocrx_word' id='word_1_652' title='bbox 3465 4664 3770 4721; x_wconf 67' lang='lat' dir='ltr'><strong>diaconum.</strong></span> 
     </span>
    </p>
   </div>
   <div class='ocr_carea' id='block_1_93' title="bbox 472 4745 2064 4832">
    <p class='ocr_par' dir='ltr' id='par_1_93' title="bbox 472 4745 2064 4832">
     <span class='ocr_line' id='line_1_93' title="bbox 472 4745 2064 4832; baseline 0.008 -29"><span class='ocrx_word' id='word_1_653' title='bbox 472 4745 733 4804; x_wconf 88' lang='lat' dir='ltr'><strong>divinitus</strong></span> <span class='ocrx_word' id='word_1_654' title='bbox 778 4748 1059 4820; x_wconf 89' lang='lat' dir='ltr'><strong>inspirato,</strong></span> <span class='ocrx_word' id='word_1_655' title='bbox 1095 4761 1150 4805; x_wconf 89' lang='lat' dir='ltr'><strong>ut</strong></span> <span class='ocrx_word' id='word_1_656' title='bbox 1184 4750 1238 4805; x_wconf 91' lang='lat' dir='ltr'><strong>in</strong></span> <span class='ocrx_word' id='word_1_657' title='bbox 1263 4751 1479 4807; x_wconf 88' lang='lat' dir='ltr'><strong>civitate</strong></span> <span class='ocrx_word' id='word_1_658' title='bbox 1508 4752 1941 4813; x_wconf 89' lang='lat' dir='ltr'><strong>Chalcedonensi</strong></span> <span class='ocrx_word' id='word_1_659' title='bbox 1970 4774 2064 4832; x_wconf 91' lang='lat' dir='ltr'><strong>sy-</strong></span> 
     </span>
    </p>
   </div>
   <div class='ocr_carea' id='block_1_94' title="bbox 549 4882 2062 4966">
    <p class='ocr_par' dir='ltr' id='par_1_94' title="bbox 549 4882 2062 4966">
     <span class='ocr_line' id='line_1_94' title="bbox 549 4882 2062 4966; baseline 0.013 -34"><span class='ocrx_word' id='word_1_660' title='bbox 549 4882 682 4966; x_wconf 40' lang='lat' dir='ltr'><strong>:lta.</strong></span> <span class='ocrx_word' id='word_1_661' title='bbox 714 4882 921 4965; x_wconf 74' lang='lat' dir='ltr'><strong>Ratisp.</strong></span> <span class='ocrx_word' id='word_1_662' title='bbox 968 4898 1071 4941; x_wconf 90' lang='lat' dir='ltr'><strong>ms.</strong></span> <span class='ocrx_word' id='word_1_663' title='bbox 1100 4886 1420 4954; x_wconf 85' lang='lat' dir='ltr'><strong>Quesnellus</strong></span> <span class='ocrx_word' id='word_1_664' title='bbox 1442 4903 1508 4945; x_wconf 88' lang='lat' dir='ltr'><strong>ex</strong></span> <span class='ocrx_word' id='word_1_665' title='bbox 1551 4888 1722 4947; x_wconf 89' lang='lat' dir='ltr'><strong>Grim.</strong></span> <span class='ocrx_word' id='word_1_666' title='bbox 1753 4906 2062 4965; x_wconf 91' lang='lat' dir='ltr'><strong>perperam,</strong></span> 
     </span>
    </p>
   </div>
   <div class='ocr_carea' id='block_1_95' title="bbox 475 4954 815 5011">
    <p class='ocr_par' dir='ltr' id='par_1_95' title="bbox 475 4954 815 5011">
     <span class='ocr_line' id='line_1_95' title="bbox 475 4954 815 5011; baseline -0.006 0"><span class='ocrx_word' id='word_1_667' title='bbox 475 4954 815 5011; x_wconf 76' lang='lat' dir='ltr'><strong>solidationis.</strong></span> 
     </span>
    </p>
   </div>
   <div class='ocr_carea' id='block_1_96' title="bbox 548 5024 2066 5179">
    <p class='ocr_par' dir='ltr' id='par_1_96' title="bbox 548 5024 2066 5179">
     <span class='ocr_line' id='line_1_96' title="bbox 548 5024 1172 5094; baseline 0.006 -16"><span class='ocrx_word' id='word_1_668' title='bbox 548 5025 578 5066; x_wconf 70' lang='grc' dir='ltr'>δ</span> <span class='ocrx_word' id='word_1_669' title='bbox 604 5024 797 5094; x_wconf 82' lang='lat' dir='ltr'><strong>Epistt.</strong></span> <span class='ocrx_word' id='word_1_670' title='bbox 832 5025 929 5081; x_wconf 81' lang='lat' dir='ltr'><strong>III</strong></span> <span class='ocrx_word' id='word_1_671' title='bbox 964 5036 1017 5082; x_wconf 90' lang='lat' dir='ltr'><strong>et</strong></span> <span class='ocrx_word' id='word_1_672' title='bbox 1048 5026 1172 5082; x_wconf 70' lang='grc' dir='ltr'><strong>1η.</strong></span> 
     </span>
     <span class='ocr_line' id='line_1_97' title="bbox 554 5095 2066 5179; baseline 0.008 -28"><span class='ocrx_word' id='word_1_673' title='bbox 554 5106 578 5136; x_wconf 73' lang='grc' dir='ltr'>α</span> <span class='ocrx_word' id='word_1_674' title='bbox 607 5096 868 5179; x_wconf 72' lang='lat' dir='ltr'><strong>Euxithaei</strong></span> <span class='ocrx_word' id='word_1_675' title='bbox 897 5095 1396 5179; x_wconf 69' lang='lat' dir='ltr'><strong>Thessalonicensis</strong></span> <span class='ocrx_word' id='word_1_676' title='bbox 1437 5101 1691 5179; x_wconf 29' lang='lat' dir='ltr'><strong>episcopi.</strong></span> <span class='ocrx_word' id='word_1_677' title='bbox 1714 5102 2066 5179; x_wconf 27' lang='lat' dir='ltr'><strong>in‘nnastasii</strong></span> 
     </span>
    </p>
   </div>
   <div class='ocr_carea' id='block_1_97' title="bbox 478 5167 2069 5251">
    <p class='ocr_par' dir='ltr' id='par_1_97' title="bbox 478 5167 2069 5251">
     <span class='ocr_line' id='line_1_98' title="bbox 478 5167 2069 5251; baseline 0.007 -29"><span class='ocrx_word' id='word_1_678' title='bbox 478 5167 660 5251; x_wconf 78' lang='lat' dir='ltr'><strong>locum</strong></span> <span class='ocrx_word' id='word_1_679' title='bbox 687 5169 979 5251; x_wconf 71' lang='lat' dir='ltr'><strong>subrogati,</strong></span> <span class='ocrx_word' id='word_1_680' title='bbox 1018 5169 1084 5251; x_wconf 74' lang='lat' dir='ltr'><strong>ad</strong></span> <span class='ocrx_word' id='word_1_681' title='bbox 1116 5187 1276 5251; x_wconf 88' lang='lat' dir='ltr'><strong>quem</strong></span> <span class='ocrx_word' id='word_1_682' title='bbox 1307 5172 1419 5227; x_wconf 90' lang='lat' dir='ltr'><strong>Leo</strong></span> <span class='ocrx_word' id='word_1_683' title='bbox 1440 5167 1584 5251; x_wconf 68' lang='lat' dir='ltr'><strong>dedit</strong></span> <span class='ocrx_word' id='word_1_684' title='bbox 1608 5167 1890 5251; x_wconf 15' lang='lat' dir='ltr'><strong>epist‘ISO,</strong></span> <span class='ocrx_word' id='word_1_685' title='bbox 1922 5178 2069 5233; x_wconf 66' lang='lat' dir='ltr'><strong>ordio</strong></span> 
     </span>
    </p>
   </div>
   <div class='ocr_carea' id='block_1_98' title="bbox 475 5240 2063 5317">
    <p class='ocr_par' dir='ltr' id='par_1_98' title="bbox 475 5240 2063 5317">
     <span class='ocr_line' id='line_1_99' title="bbox 475 5240 2063 5317; baseline 0.007 -23"><span class='ocrx_word' id='word_1_686' title='bbox 475 5240 632 5317; x_wconf 70' lang='lat' dir='ltr'><strong>natio</strong></span> <span class='ocrx_word' id='word_1_687' title='bbox 650 5248 705 5317; x_wconf 89' lang='lat' dir='ltr'><strong>e_t</strong></span> <span class='ocrx_word' id='word_1_688' title='bbox 727 5240 1084 5317; x_wconf 71' lang='lat' dir='ltr'><strong>ordinationis</strong></span> <span class='ocrx_word' id='word_1_689' title='bbox 1110 5240 1319 5317; x_wconf 77' lang='lat' dir='ltr'><strong>tempus</strong></span> <span class='ocrx_word' id='word_1_690' title='bbox 1345 5258 1413 5297; x_wconf 88' lang='lat' dir='ltr'><strong>ex</strong></span> <span class='ocrx_word' id='word_1_691' title='bbox 1440 5242 1541 5299; x_wconf 93' lang='lat' dir='ltr'><strong>hoc</strong></span> <span class='ocrx_word' id='word_1_692' title='bbox 1568 5240 1687 5301; x_wconf 78' lang='lat' dir='ltr'><strong>loco</strong></span> <span class='ocrx_word' id='word_1_693' title='bbox 1711 5240 2063 5317; x_wconf 84' lang='lat' dir='ltr'><strong>dignoscitur.</strong></span> 
     </span>
    </p>
   </div>
   <div class='ocr_carea' id='block_1_99' title="bbox 548 5308 1527 5371">
    <p class='ocr_par' dir='ltr' id='par_1_99' title="bbox 548 5308 1527 5371">
     <span class='ocr_line' id='line_1_100' title="bbox 548 5308 1527 5371; baseline 0.002 -4"><span class='ocrx_word' id='word_1_694' title='bbox 548 5308 578 5348; x_wconf 69' lang='grc' dir='ltr'><em>δ</em></span> <span class='ocrx_word' id='word_1_695' title='bbox 605 5310 686 5367; x_wconf 82' lang='lat' dir='ltr'><strong>Ad</strong></span> <span class='ocrx_word' id='word_1_696' title='bbox 714 5310 1022 5366; x_wconf 83' lang='lat' dir='ltr'><strong>Anatolium</strong></span> <span class='ocrx_word' id='word_1_697' title='bbox 1055 5313 1171 5368; x_wconf 67' lang='lat' dir='ltr'><strong>haec</strong></span> <span class='ocrx_word' id='word_1_698' title='bbox 1202 5308 1527 5371; x_wconf 75' lang='lat' dir='ltr'><strong>referuntur.</strong></span> 
     </span>
    </p>
   </div>
   <div class='ocr_carea' id='block_1_100' title="bbox 552 5381 2063 5486">
    <p class='ocr_par' dir='ltr' id='par_1_100' title="bbox 552 5381 2063 5486">
     <span class='ocr_line' id='line_1_101' title="bbox 552 5381 2063 5486; baseline 0.009 -52"><span class='ocrx_word' id='word_1_699' title='bbox 552 5382 757 5486; x_wconf 39' lang='lat' dir='ltr'><strong>iﬁlli?</strong></span> <span class='ocrx_word' id='word_1_700' title='bbox 778 5381 1239 5486; x_wconf 43' lang='lat' dir='ltr'><strong>gllzgufnau‘tsizn</strong></span> <span class='ocrx_word' id='word_1_701' title='bbox 1264 5393 1422 5441; x_wconf 90' lang='lat' dir='ltr'><strong>antea</strong></span> <span class='ocrx_word' id='word_1_702' title='bbox 1454 5386 1556 5443; x_wconf 83' lang='grc'><strong>118</strong></span> <span class='ocrx_word' id='word_1_703' title='bbox 1586 5395 1724 5454; x_wconf 89' lang='lat' dir='ltr'><strong>erat,</strong></span> <span class='ocrx_word' id='word_1_704' title='bbox 1769 5404 1909 5445; x_wconf 91' lang='lat' dir='ltr'><strong>nunc</strong></span> <span class='ocrx_word' id='word_1_705' title='bbox 1936 5390 2063 5448; x_wconf 77' lang='grc'><strong>149.</strong></span> 
     </span>
    </p>
   </div>
   <div class='ocr_carea' id='block_1_101' title="bbox 480 5452 2063 5606">
    <p class='ocr_par' dir='ltr' id='par_1_101' title="bbox 480 5452 2063 5606">
     <span class='ocr_line' id='line_1_102' title="bbox 480 5452 1717 5537; baseline 0.002 -28"><span class='ocrx_word' id='word_1_706' title='bbox 480 5452 689 5521; x_wconf 87' lang='lat' dir='ltr'><strong>Scripta</strong></span> <span class='ocrx_word' id='word_1_707' title='bbox 709 5454 745 5508; x_wconf 72' lang='grc'>2</span> <span class='ocrx_word' id='word_1_708' title='bbox 772 5453 968 5537; x_wconf 63' lang='grc' dir='ltr'><strong>ᾼρτίιξε</strong></span> <span class='ocrx_word' id='word_1_709' title='bbox 993 5470 1082 5509; x_wconf 90' lang='lat' dir='ltr'><strong>an.</strong></span> <span class='ocrx_word' id='word_1_710' title='bbox 1115 5456 1240 5512; x_wconf 75' lang='grc'><strong>455.</strong></span> <span class='ocrx_word' id='word_1_711' title='bbox 1711 5452 1717 5454; x_wconf 51' lang='grc'><strong><em>⁷</em></strong></span> 
     </span>
     <span class='ocr_line' id='line_1_103' title="bbox 555 5522 2063 5606; baseline 0.007 -28"><span class='ocrx_word' id='word_1_712' title='bbox 555 5522 575 5561; x_wconf 75' lang='grc' dir='ltr'>ί</span> <span class='ocrx_word' id='word_1_713' title='bbox 620 5524 980 5606; x_wconf 51' lang='lat' dir='ltr'><strong>Inveniturnn</strong></span> <span class='ocrx_word' id='word_1_714' title='bbox 1013 5541 1144 5606; x_wconf 79' lang='lat' dir='ltr'><strong>mss.</strong></span> <span class='ocrx_word' id='word_1_715' title='bbox 1182 5527 1393 5583; x_wconf 91' lang='lat' dir='ltr'><strong>collect.</strong></span> <span class='ocrx_word' id='word_1_716' title='bbox 1433 5528 1541 5599; x_wconf 75' lang='grc'><strong>12,</strong></span> <span class='ocrx_word' id='word_1_717' title='bbox 1584 5530 1651 5585; x_wconf 87' lang='grc'><strong>18</strong></span> <span class='ocrx_word' id='word_1_718' title='bbox 1693 5540 1747 5585; x_wconf 93' lang='lat' dir='ltr'><strong>et</strong></span> <span class='ocrx_word' id='word_1_719' title='bbox 1774 5533 1867 5599; x_wconf 69' lang='grc'><strong>21,</strong></span> <span class='ocrx_word' id='word_1_720' title='bbox 1910 5547 1974 5588; x_wconf 91' lang='lat' dir='ltr'><strong>ac</strong></span> <span class='ocrx_word' id='word_1_721' title='bbox 2008 5533 2063 5588; x_wconf 93' lang='lat' dir='ltr'><strong>in</strong></span> 
     </span>
    </p>
   </div>
   <div class='ocr_carea' id='block_1_102' title="bbox 482 5595 1183 5664">
    <p class='ocr_par' dir='ltr' id='par_1_102' title="bbox 482 5595 1183 5664">
     <span class='ocr_line' id='line_1_104' title="bbox 482 5595 1183 5664; baseline 0 -14"><span class='ocrx_word' id='word_1_722' title='bbox 482 5599 774 5664; x_wconf 83' lang='lat' dir='ltr'><strong>exemplari</strong></span> <span class='ocrx_word' id='word_1_723' title='bbox 806 5595 1183 5652; x_wconf 87' lang='lat' dir='ltr'><strong>Sichardiano.</strong></span> 
     </span>
    </p>
   </div>
   <div class='ocr_carea' id='block_1_103' title="bbox 554 5666 2062 5741">
    <p class='ocr_par' dir='ltr' id='par_1_103' title="bbox 554 5666 2062 5741">
     <span class='ocr_line' id='line_1_105' title="bbox 554 5666 2062 5741; baseline 0.007 -22"><span class='ocrx_word' id='word_1_724' title='bbox 554 5676 580 5741; x_wconf 57' lang='grc' dir='ltr'><em>ε</em></span> <span class='ocrx_word' id='word_1_725' title='bbox 613 5666 754 5741; x_wconf 73' lang='lat' dir='ltr'><strong>I_£d_iti</strong></span> <span class='ocrx_word' id='word_1_726' title='bbox 775 5668 1144 5741; x_wconf 9' lang='lat' dir='ltr'><strong>antchuesn”</strong></span> <span class='ocrx_word' id='word_1_727' title='bbox 1175 5667 1461 5738; x_wconf 81' lang='lat' dir='ltr'><strong>lsicltium;</strong></span> <span class='ocrx_word' id='word_1_728' title='bbox 1489 5670 1800 5741; x_wconf 89' lang='lat' dir='ltr'><strong>Sicbardus,</strong></span> <span class='ocrx_word' id='word_1_729' title='bbox 1828 5670 2062 5730; x_wconf 77' lang='lat' dir='ltr'><strong>Isicium.</strong></span> 
     </span>
    </p>
   </div>
   <div class='ocr_carea' id='block_1_104' title="bbox 552 5737 1175 5796">
    <p class='ocr_par' dir='ltr' id='par_1_104' title="bbox 552 5737 1175 5796">
     <span class='ocr_line' id='line_1_106' title="bbox 552 5737 1175 5796; baseline 0.01 -6"><span class='ocrx_word' id='word_1_730' title='bbox 552 5737 581 5773; x_wconf 70' lang='grc'>³³</span> <span class='ocrx_word' id='word_1_731' title='bbox 611 5738 802 5796; x_wconf 71' lang='lat' dir='ltr'><strong>Epistt.</strong></span> <span class='ocrx_word' id='word_1_732' title='bbox 836 5740 941 5794; x_wconf 77' lang='grc'><strong>115</strong></span> <span class='ocrx_word' id='word_1_733' title='bbox 970 5751 1024 5794; x_wconf 87' lang='lat' dir='ltr'><strong>et</strong></span> <span class='ocrx_word' id='word_1_734' title='bbox 1050 5739 1175 5796; x_wconf 82' lang='grc'><strong>117.</strong></span> 
     </span>
    </p>
   </div>
   <div class='ocr_carea' id='block_1_105' title="bbox 558 5805 2064 5889">
    <p class='ocr_par' dir='ltr' id='par_1_105' title="bbox 558 5805 2064 5889">
     <span class='ocr_line' id='line_1_107' title="bbox 558 5805 2064 5889; baseline 0.01 -29"><span class='ocrx_word' id='word_1_735' title='bbox 558 5805 574 5843; x_wconf 75' lang='grc' dir='ltr'>ί</span> <span class='ocrx_word' id='word_1_736' title='bbox 605 5805 775 5889; x_wconf 62' lang='lat' dir='ltr'><strong>alias,</strong></span> <span class='ocrx_word' id='word_1_737' title='bbox 825 5811 1046 5878; x_wconf 79' lang='lat' dir='ltr'><strong>oportuit</strong></span> <span class='ocrx_word' id='word_1_738' title='bbox 1082 5827 1148 5867; x_wconf 88' lang='lat' dir='ltr'><strong>ex</strong></span> <span class='ocrx_word' id='word_1_739' title='bbox 1174 5826 1307 5869; x_wconf 85' lang='lat' dir='ltr'><strong>mss.</strong></span> <span class='ocrx_word' id='word_1_740' title='bbox 1337 5810 1554 5872; x_wconf 86' lang='lat' dir='ltr'><strong>collect.</strong></span> <span class='ocrx_word' id='word_1_741' title='bbox 1583 5814 1675 5870; x_wconf 67' lang='lat'><strong>24.</strong></span> <span class='ocrx_word' id='word_1_742' title='bbox 1726 5814 2022 5876; x_wconf 84' lang='lat' dir='ltr'><strong>Sicbardus</strong></span> <span class='ocrx_word' id='word_1_743' title='bbox 2044 5855 2064 5887; x_wconf 86' lang='lat'><strong>,</strong></span> 
     </span>
    </p>
   </div>
   <div class='ocr_carea' id='block_1_106' title="bbox 476 5884 1103 5947">
    <p class='ocr_par' dir='ltr' id='par_1_106' title="bbox 476 5884 1103 5947">
     <span class='ocr_line' id='line_1_108' title="bbox 476 5884 1103 5947; baseline 0.006 -15"><span class='ocrx_word' id='word_1_744' title='bbox 476 5884 702 5946; x_wconf 67' lang='lat' dir='ltr'><strong>oportuit</strong></span> <span class='ocrx_word' id='word_1_745' title='bbox 727 5894 790 5933; x_wconf 86' lang='lat' dir='ltr'><strong>ac</strong></span> <span class='ocrx_word' id='word_1_746' title='bbox 820 5896 1103 5947; x_wconf 74' lang='lat' dir='ltr'><strong>possumus.</strong></span> 
     </span>
    </p>
   </div>
   <div class='ocr_carea' id='block_1_107' title="bbox 2162 4757 3771 4818">
    <p class='ocr_par' dir='ltr' id='par_1_107' title="bbox 2162 4757 3771 4818">
     <span class='ocr_line' id='line_1_109' title="bbox 2162 4757 3771 4818; baseline -0.004 0"><span class='ocrx_word' id='word_1_747' title='bbox 2162 4760 2434 4818; x_wconf 75' lang='lat' dir='ltr'><strong>SYNOPSIS.</strong></span> <span class='ocrx_word' id='word_1_748' title='bbox 2464 4787 2537 4801; x_wconf 92' lang='lat'><em>-</em></span> <span class='ocrx_word' id='word_1_749' title='bbox 2565 4758 2604 4814; x_wconf 89' lang='grc' dir='ltr'><strong>Ι.</strong></span> <span class='ocrx_word' id='word_1_750' title='bbox 2635 4757 2820 4813; x_wconf 77' lang='lat' dir='ltr'><strong>Fidem</strong></span> <span class='ocrx_word' id='word_1_751' title='bbox 2848 4758 2981 4812; x_wconf 84' lang='lat' dir='ltr'><strong>inter</strong></span> <span class='ocrx_word' id='word_1_752' title='bbox 3002 4758 3103 4811; x_wconf 84' lang='lat' dir='ltr'><strong>duo</strong></span> <span class='ocrx_word' id='word_1_753' title='bbox 3130 4766 3356 4810; x_wconf 71' lang='lat' dir='ltr'><strong>extrema</strong></span> <span class='ocrx_word' id='word_1_754' title='bbox 3383 4758 3603 4811; x_wconf 80' lang='lat' dir='ltr'><strong>mediam</strong></span> <span class='ocrx_word' id='word_1_755' title='bbox 3628 4773 3771 4814; x_wconf 76' lang='lat' dir='ltr'><strong>esse.</strong></span> 
     </span>
    </p>
   </div>
   <div class='ocr_carea' id='block_1_108' title="bbox 2249 4892 3772 4967">
    <p class='ocr_par' dir='ltr' id='par_1_108' title="bbox 2249 4892 3772 4967">
     <span class='ocr_line' id='line_1_110' title="bbox 2249 4892 3772 4967; baseline 0.001 -16"><span class='ocrx_word' id='word_1_756' title='bbox 2249 4908 2263 4967; x_wconf 58' lang='grc' dir='ltr'><em>ξ</em></span> <span class='ocrx_word' id='word_1_757' title='bbox 2300 4896 2375 4951; x_wconf 87' lang='lat' dir='ltr'><strong>lta</strong></span> <span class='ocrx_word' id='word_1_758' title='bbox 2397 4895 2735 4965; x_wconf 86' lang='lat' dir='ltr'><strong>Quesnelltts.</strong></span> <span class='ocrx_word' id='word_1_759' title='bbox 2758 4895 2927 4959; x_wconf 82' lang='lat' dir='ltr'><strong>Alias,</strong></span> <span class='ocrx_word' id='word_1_760' title='bbox 2946 4892 3190 4950; x_wconf 76' lang='lat' dir='ltr'><strong>Ecclesia:</strong></span> <span class='ocrx_word' id='word_1_761' title='bbox 3206 4896 3348 4967; x_wconf 80' lang='lat' dir='ltr'><strong>pacis</strong></span> <span class='ocrx_word' id='word_1_762' title='bbox 3370 4905 3416 4949; x_wconf 82' lang='lat' dir='ltr'><strong>et</strong></span> <span class='ocrx_word' id='word_1_763' title='bbox 3444 4896 3772 4967; x_wconf 69' lang='lat' dir='ltr'><strong>reipublic-tv.</strong></span> 
     </span>
    </p>
   </div>
   <div class='ocr_carea' id='block_1_109' title="bbox 2247 4966 3735 5035">
    <p class='ocr_par' dir='ltr' id='par_1_109' title="bbox 2247 4966 3735 5035">
     <span class='ocr_line' id='line_1_111' title="bbox 2247 4966 3735 5035; baseline -0.001 -13"><span class='ocrx_word' id='word_1_764' title='bbox 2247 4966 2270 5003; x_wconf 79' lang='grc'>¹¹</span> <span class='ocrx_word' id='word_1_765' title='bbox 2307 4968 2405 5023; x_wconf 88' lang='lat' dir='ltr'><strong>llic</strong></span> <span class='ocrx_word' id='word_1_766' title='bbox 2428 4968 2738 5022; x_wconf 79' lang='lat' dir='ltr'><strong>Thalassius</strong></span> <span class='ocrx_word' id='word_1_767' title='bbox 2765 4967 2974 5020; x_wconf 87' lang='lat' dir='ltr'><strong>videtur</strong></span> <span class='ocrx_word' id='word_1_768' title='bbox 2997 4982 3118 5021; x_wconf 81' lang='lat' dir='ltr'><strong>esse</strong></span> <span class='ocrx_word' id='word_1_769' title='bbox 3153 4969 3239 5019; x_wconf 78' lang='lat' dir='ltr'><strong>lllt:</strong></span> <span class='ocrx_word' id='word_1_770' title='bbox 3271 4966 3555 5035; x_wconf 76' lang='lat' dir='ltr'><strong>episcopus</strong></span> <span class='ocrx_word' id='word_1_771' title='bbox 3580 4968 3735 5021; x_wconf 61' lang='lat' dir='ltr'><strong>Caesa</strong></span> 
     </span>
    </p>
   </div>
   <div class='ocr_carea' id='block_1_110' title="bbox 2174 5038 3773 5109">
    <p class='ocr_par' dir='ltr' id='par_1_110' title="bbox 2174 5038 3773 5109">
     <span class='ocr_line' id='line_1_112' title="bbox 2174 5038 3773 5109; baseline -0.003 -14"><span class='ocrx_word' id='word_1_772' title='bbox 2174 5054 2281 5095; x_wconf 70' lang='lat' dir='ltr'><strong>rete</strong></span> <span class='ocrx_word' id='word_1_773' title='bbox 2319 5038 2696 5108; x_wconf 62' lang='lat' dir='ltr'><strong>Cappadociae,</strong></span> <span class='ocrx_word' id='word_1_774' title='bbox 2745 5040 2834 5108; x_wconf 86' lang='lat' dir='ltr'><strong>qui</strong></span> <span class='ocrx_word' id='word_1_775' title='bbox 2865 5040 2966 5090; x_wconf 89' lang='lat' dir='ltr'><strong>etsi</strong></span> <span class='ocrx_word' id='word_1_776' title='bbox 2996 5045 3132 5109; x_wconf 86' lang='lat' dir='ltr'><strong>inter</strong></span> <span class='ocrx_word' id='word_1_777' title='bbox 3167 5039 3647 5109; x_wconf 72' lang='lat' dir='ltr'><strong>psetnloepliesinm</strong></span> <span class='ocrx_word' id='word_1_778' title='bbox 3678 5055 3773 5106; x_wconf 74' lang='lat' dir='ltr'><strong>sy-</strong></span> 
     </span>
    </p>
   </div>
   <div class='ocr_carea' id='block_1_111' title="bbox 2175 5108 3776 5179">
    <p class='ocr_par' dir='ltr' id='par_1_111' title="bbox 2175 5108 3776 5179">
     <span class='ocr_line' id='line_1_113' title="bbox 2175 5108 3776 5179; baseline -0.001 -14"><span class='ocrx_word' id='word_1_779' title='bbox 2175 5110 2301 5165; x_wconf 91' lang='lat' dir='ltr'><strong>nodi</strong></span> <span class='ocrx_word' id='word_1_780' title='bbox 2332 5116 2506 5179; x_wconf 89' lang='lat' dir='ltr'><strong>capita</strong></span> <span class='ocrx_word' id='word_1_781' title='bbox 2533 5110 2758 5169; x_wconf 80' lang='lat' dir='ltr'><strong>exStitit.</strong></span> <span class='ocrx_word' id='word_1_782' title='bbox 2787 5120 2960 5165; x_wconf 89' lang='lat' dir='ltr'><strong>tamen</strong></span> <span class='ocrx_word' id='word_1_783' title='bbox 2992 5108 3117 5163; x_wconf 86' lang='lat' dir='ltr'><strong>facti</strong></span> <span class='ocrx_word' id='word_1_784' title='bbox 3155 5108 3426 5178; x_wconf 74' lang='lat' dir='ltr'><strong>paenitens</strong></span> <span class='ocrx_word' id='word_1_785' title='bbox 3462 5110 3511 5163; x_wconf 90' lang='lat' dir='ltr'><strong>in</strong></span> <span class='ocrx_word' id='word_1_786' title='bbox 3542 5109 3776 5163; x_wconf 78' lang='lat' dir='ltr'><strong>Chalce-</strong></span> 
     </span>
    </p>
   </div>
   <div class='ocr_carea' id='block_1_112' title="bbox 2176 5181 2824 5247">
    <p class='ocr_par' dir='ltr' id='par_1_112' title="bbox 2176 5181 2824 5247">
     <span class='ocr_line' id='line_1_114' title="bbox 2176 5181 2824 5247; baseline -0.005 -11"><span class='ocrx_word' id='word_1_787' title='bbox 2176 5181 2402 5237; x_wconf 85' lang='lat' dir='ltr'><strong>donensi</strong></span> <span class='ocrx_word' id='word_1_788' title='bbox 2434 5188 2680 5247; x_wconf 87' lang='lat' dir='ltr'><strong>receptus</strong></span> <span class='ocrx_word' id='word_1_789' title='bbox 2709 5181 2824 5234; x_wconf 94' lang='lat' dir='ltr'><strong>fuit.</strong></span> 
     </span>
    </p>
   </div>
   <div class='ocr_carea' id='block_1_113' title="bbox 2251 5250 3773 5322">
    <p class='ocr_par' dir='ltr' id='par_1_113' title="bbox 2251 5250 3773 5322">
     <span class='ocr_line' id='line_1_115' title="bbox 2251 5250 3773 5322; baseline -0.001 -16"><span class='ocrx_word' id='word_1_790' title='bbox 2251 5250 2267 5289; x_wconf 85' lang='grc'><strong>¹</strong></span> <span class='ocrx_word' id='word_1_791' title='bbox 2302 5255 2373 5306; x_wconf 89' lang='lat' dir='ltr'><strong>lta</strong></span> <span class='ocrx_word' id='word_1_792' title='bbox 2400 5252 2565 5322; x_wconf 92' lang='lat' dir='ltr'><strong>probe</strong></span> <span class='ocrx_word' id='word_1_793' title='bbox 2586 5251 2925 5318; x_wconf 66' lang='lat' dir='ltr'><strong>Quesnellus.</strong></span> <span class='ocrx_word' id='word_1_794' title='bbox 2956 5254 3121 5305; x_wconf 72' lang='lat' dir='ltr'><strong>Antea</strong></span> <span class='ocrx_word' id='word_1_795' title='bbox 3148 5266 3453 5321; x_wconf 88' lang='lat' dir='ltr'><strong>perperam,</strong></span> <span class='ocrx_word' id='word_1_796' title='bbox 3478 5252 3773 5304; x_wconf 75' lang='lat' dir='ltr'><strong>mittamus.</strong></span> 
     </span>
    </p>
   </div>
   <div class='ocr_carea' id='block_1_114' title="bbox 2249 5322 3776 5391">
    <p class='ocr_par' dir='ltr' id='par_1_114' title="bbox 2249 5322 3776 5391">
     <span class='ocr_line' id='line_1_116' title="bbox 2249 5322 3776 5391; baseline -0.003 -14"><span class='ocrx_word' id='word_1_797' title='bbox 2249 5322 2416 5378; x_wconf 75' lang='lat' dir='ltr'><strong>InVou</strong></span> <span class='ocrx_word' id='word_1_798' title='bbox 2444 5324 2524 5377; x_wconf 81' lang='lat' dir='ltr'><strong>illi</strong></span> <span class='ocrx_word' id='word_1_799' title='bbox 2552 5340 2581 5376; x_wconf 90' lang='lat' dir='ltr'><strong>a</strong></span> <span class='ocrx_word' id='word_1_800' title='bbox 2610 5323 2899 5389; x_wconf 79' lang='lat' dir='ltr'><strong>Qttesnello</strong></span> <span class='ocrx_word' id='word_1_801' title='bbox 2930 5323 3312 5391; x_wconf 69' lang='lat' dir='ltr'><strong>praetermissa,</strong></span> <span class='ocrx_word' id='word_1_802' title='bbox 3335 5340 3402 5380; x_wconf 86' lang='lat' dir='ltr'><strong>ex</strong></span> <span class='ocrx_word' id='word_1_803' title='bbox 3444 5324 3643 5377; x_wconf 78' lang='lat' dir='ltr'><strong>n05tris</strong></span> <span class='ocrx_word' id='word_1_804' title='bbox 3672 5337 3776 5376; x_wconf 80' lang='lat' dir='ltr'><strong>co-</strong></span> 
     </span>
    </p>
   </div>
   <div class='ocr_carea' id='block_1_115' title="bbox 2175 5393 2733 5450">
    <p class='ocr_par' dir='ltr' id='par_1_115' title="bbox 2175 5393 2733 5450">
     <span class='ocr_line' id='line_1_117' title="bbox 2175 5393 2733 5450; baseline -0.009 -1"><span class='ocrx_word' id='word_1_805' title='bbox 2175 5393 2387 5450; x_wconf 89' lang='lat' dir='ltr'><strong>dicibus</strong></span> <span class='ocrx_word' id='word_1_806' title='bbox 2412 5394 2733 5449; x_wconf 88' lang='lat' dir='ltr'><strong>restituitur.</strong></span> 
     </span>
    </p>
   </div>
   <div class='ocr_carea' id='block_1_116' title="bbox 2246 5464 3772 5531">
    <p class='ocr_par' dir='ltr' id='par_1_116' title="bbox 2246 5464 3772 5531">
     <span class='ocr_line' id='line_1_118' title="bbox 2246 5464 3772 5531; baseline -0.003 -12"><span class='ocrx_word' id='word_1_807' title='bbox 2246 5474 2273 5502; x_wconf 82' lang='grc' dir='ltr'><strong>ιι</strong></span> <span class='ocrx_word' id='word_1_808' title='bbox 2308 5464 2586 5520; x_wconf 87' lang='lat' dir='ltr'><strong>Editiones</strong></span> <span class='ocrx_word' id='word_1_809' title='bbox 2629 5464 2918 5531; x_wconf 65' lang='lat' dir='ltr'><strong>Quosnello</strong></span> <span class='ocrx_word' id='word_1_810' title='bbox 2966 5465 3266 5520; x_wconf 85' lang='lat' dir='ltr'><strong>anteriores</strong></span> <span class='ocrx_word' id='word_1_811' title='bbox 3296 5468 3455 5531; x_wconf 89' lang='lat' dir='ltr'><strong>male,</strong></span> <span class='ocrx_word' id='word_1_812' title='bbox 3504 5478 3772 5517; x_wconf 79' lang='lat' dir='ltr'><strong>revocare.</strong></span> 
     </span>
    </p>
   </div>
   <div class='ocr_carea' id='block_1_117' title="bbox 2248 5536 3773 5603">
    <p class='ocr_par' dir='ltr' id='par_1_117' title="bbox 2248 5536 3773 5603">
     <span class='ocr_line' id='line_1_119' title="bbox 2248 5536 3773 5603; baseline -0.005 -12"><span class='ocrx_word' id='word_1_813' title='bbox 2248 5546 2271 5571; x_wconf 95' lang='lat'><strong>°</strong></span> <span class='ocrx_word' id='word_1_814' title='bbox 2304 5536 2429 5591; x_wconf 60' lang='lat' dir='ltr'><strong>Haec</strong></span> <span class='ocrx_word' id='word_1_815' title='bbox 2467 5545 2591 5590; x_wconf 90' lang='lat' dir='ltr'><strong>nota</strong></span> <span class='ocrx_word' id='word_1_816' title='bbox 2626 5538 2879 5591; x_wconf 89' lang='lat' dir='ltr'><strong>chronica</strong></span> <span class='ocrx_word' id='word_1_817' title='bbox 2929 5552 2956 5590; x_wconf 89' lang='lat' dir='ltr'><strong>a</strong></span> <span class='ocrx_word' id='word_1_818' title='bbox 2998 5536 3290 5603; x_wconf 83' lang='lat' dir='ltr'><strong>Quesncllo</strong></span> <span class='ocrx_word' id='word_1_819' title='bbox 3329 5536 3505 5590; x_wconf 82' lang='lat' dir='ltr'><strong>addita</strong></span> <span class='ocrx_word' id='word_1_820' title='bbox 3549 5551 3615 5589; x_wconf 77' lang='lat' dir='ltr'><strong>ex</strong></span> <span class='ocrx_word' id='word_1_821' title='bbox 3662 5551 3773 5587; x_wconf 59' lang='lat' dir='ltr'><strong>ius.</strong></span> 
     </span>
    </p>
   </div>
   <div class='ocr_carea' id='block_1_118' title="bbox 2174 5606 3776 5673">
    <p class='ocr_par' dir='ltr' id='par_1_118' title="bbox 2174 5606 3776 5673">
     <span class='ocr_line' id='line_1_120' title="bbox 2174 5606 3776 5673; baseline -0.002 -11"><span class='ocrx_word' id='word_1_822' title='bbox 2174 5606 2482 5662; x_wconf 81' lang='lat' dir='ltr'><strong>Gritnanico</strong></span> <span class='ocrx_word' id='word_1_823' title='bbox 2505 5610 2718 5663; x_wconf 89' lang='lat' dir='ltr'><strong>collect.</strong></span> <span class='ocrx_word' id='word_1_824' title='bbox 2756 5606 2843 5673; x_wconf 81' lang='grc'><strong>18,</strong></span> <span class='ocrx_word' id='word_1_825' title='bbox 2890 5608 2941 5661; x_wconf 94' lang='lat' dir='ltr'><strong>in</strong></span> <span class='ocrx_word' id='word_1_826' title='bbox 2975 5622 3103 5663; x_wconf 85' lang='lat' dir='ltr'><strong>mss.</strong></span> <span class='ocrx_word' id='word_1_827' title='bbox 3130 5607 3355 5661; x_wconf 89' lang='lat' dir='ltr'><strong>aliarum</strong></span> <span class='ocrx_word' id='word_1_828' title='bbox 3381 5607 3776 5661; x_wconf 85' lang='lat' dir='ltr'><strong>collectionum</strong></span> 
     </span>
    </p>
   </div>
   <div class='ocr_carea' id='block_1_119' title="bbox 2173 5680 2536 5733">
    <p class='ocr_par' dir='ltr' id='par_1_119' title="bbox 2173 5680 2536 5733">
     <span class='ocr_line' id='line_1_121' title="bbox 2173 5680 2536 5733; baseline 0 0"><span class='ocrx_word' id='word_1_829' title='bbox 2173 5680 2536 5733; x_wconf 83' lang='lat' dir='ltr'><strong>desideratur.</strong></span> 
     </span>
    </p>
   </div>
   <div class='ocr_carea' id='block_1_120' title="bbox 2246 5747 3774 5819">
    <p class='ocr_par' dir='ltr' id='par_1_120' title="bbox 2246 5747 3774 5819">
     <span class='ocr_line' id='line_1_122' title="bbox 2246 5747 3774 5819; baseline 0.001 -16"><span class='ocrx_word' id='word_1_830' title='bbox 2246 5760 2271 5798; x_wconf 76' lang='grc' dir='ltr'><strong>ι’</strong></span> <span class='ocrx_word' id='word_1_831' title='bbox 2296 5751 2439 5804; x_wconf 62' lang='grc' dir='ltr'><strong>Αιιιις</strong></span> <span class='ocrx_word' id='word_1_832' title='bbox 2469 5749 2559 5805; x_wconf 77' lang='grc'><strong>92.</strong></span> <span class='ocrx_word' id='word_1_833' title='bbox 2593 5748 2725 5816; x_wconf 71' lang='lat' dir='ltr'><strong>Qua:</strong></span> <span class='ocrx_word' id='word_1_834' title='bbox 2753 5758 2931 5804; x_wconf 89' lang='lat' dir='ltr'><strong>autem</strong></span> <span class='ocrx_word' id='word_1_835' title='bbox 2962 5758 3118 5806; x_wconf 90' lang='lat' dir='ltr'><strong>antea</strong></span> <span class='ocrx_word' id='word_1_836' title='bbox 3156 5750 3256 5806; x_wconf 63' lang='lat' dir='ltr'><strong>Ila</strong></span> <span class='ocrx_word' id='word_1_837' title='bbox 3287 5757 3425 5819; x_wconf 86' lang='lat' dir='ltr'><strong>erat,</strong></span> <span class='ocrx_word' id='word_1_838' title='bbox 3464 5763 3605 5806; x_wconf 87' lang='lat' dir='ltr'><strong>nunc</strong></span> <span class='ocrx_word' id='word_1_839' title='bbox 3635 5747 3774 5805; x_wconf 79' lang='grc' dir='ltr'><strong>15θ.</strong></span> 
     </span>
    </p>
   </div>
   <div class='ocr_carea' id='block_1_121' title="bbox 2175 5819 2904 5890">
    <p class='ocr_par' dir='ltr' id='par_1_121' title="bbox 2175 5819 2904 5890">
     <span class='ocr_line' id='line_1_123' title="bbox 2175 5819 2904 5890; baseline -0.004 -14"><span class='ocrx_word' id='word_1_840' title='bbox 2175 5820 2386 5890; x_wconf 87' lang='lat' dir='ltr'><strong>Scripta</strong></span> <span class='ocrx_word' id='word_1_841' title='bbox 2412 5821 2469 5875; x_wconf 82' lang='grc' dir='ltr'>Η</span> <span class='ocrx_word' id='word_1_842' title='bbox 2501 5822 2641 5876; x_wconf 81' lang='lat' dir='ltr'><strong>Junii</strong></span> <span class='ocrx_word' id='word_1_843' title='bbox 2663 5836 2752 5876; x_wconf 86' lang='lat' dir='ltr'><strong>an.</strong></span> <span class='ocrx_word' id='word_1_844' title='bbox 2781 5819 2904 5877; x_wconf 65' lang='grc'><strong>455.</strong></span> 
     </span>
    </p>
   </div>
   <div class='ocr_carea' id='block_1_122' title="bbox 2246 5888 3774 5960">
    <p class='ocr_par' dir='ltr' id='par_1_122' title="bbox 2246 5888 3774 5960">
     <span class='ocr_line' id='line_1_124' title="bbox 2246 5888 3774 5960; baseline 0.005 -17"><span class='ocrx_word' id='word_1_845' title='bbox 2246 5902 2273 5943; x_wconf 73' lang='grc' dir='ltr'><strong><em>οι</em></strong></span> <span class='ocrx_word' id='word_1_846' title='bbox 2297 5888 2483 5947; x_wconf 80' lang='lat' dir='ltr'><strong>Exstat</strong></span> <span class='ocrx_word' id='word_1_847' title='bbox 2512 5893 2563 5948; x_wconf 91' lang='lat' dir='ltr'><strong>in</strong></span> <span class='ocrx_word' id='word_1_848' title='bbox 2592 5906 2720 5947; x_wconf 87' lang='lat' dir='ltr'><strong>mss.</strong></span> <span class='ocrx_word' id='word_1_849' title='bbox 2762 5892 2975 5948; x_wconf 88' lang='lat' dir='ltr'><strong>collect.</strong></span> <span class='ocrx_word' id='word_1_850' title='bbox 3006 5890 3061 5960; x_wconf 80' lang='lat'><strong>3,</strong></span> <span class='ocrx_word' id='word_1_851' title='bbox 3085 5895 3140 5955; x_wconf 86' lang='lat'><strong>8,</strong></span> <span class='ocrx_word' id='word_1_852' title='bbox 3168 5891 3365 5954; x_wconf 75' lang='grc'><strong>12.18.</strong></span> <span class='ocrx_word' id='word_1_853' title='bbox 3398 5891 3489 5955; x_wconf 78' lang='grc'><strong>19.</strong></span> <span class='ocrx_word' id='word_1_854' title='bbox 3510 5889 3600 5955; x_wconf 72' lang='grc'><strong>23.</strong></span> <span class='ocrx_word' id='word_1_855' title='bbox 3627 5896 3683 5948; x_wconf 82' lang='lat' dir='ltr'><strong>et</strong></span> <span class='ocrx_word' id='word_1_856' title='bbox 3702 5888 3774 5951; x_wconf 83' lang='lat' dir='ltr'><strong>ill</strong></span> 
     </span>
    </p>
   </div>
  </div>
