4072 6358
376 393 513 457 1041

1729 383 1879 439 Ειιιδ
1893 385 1914 438 l
1928 387 2061 439 DLA
2099 381 2280 439 CXIX.

3510 376 3653 441 l0“

443 540 515 555 —
538 508 604 568 ll.
637 506 927 565 ﬂammam
957 507 1014 563 in
1052 501 1395 561 Orientalibus
1422 497 1677 573 Ecclesia
1710 516 1805 573 pro
1831 498 1952 573 ﬁdei
1978 504 2029 563 Α
2055 505 2109 553 et
2128 495 2244 567 ejus
2276 494 2587 553 meminisse
2611 493 2894 561 doctrinae,
2915 506 3075 566 quam
3098 491 3397 564 praecipuus
3423 501 3645 563 aposto-

444 583 665 657 puritate
715 582 926 655 vigilare
953 579 1150 633 debere.
1181 605 1254 657 -—¢
1280 574 1369 631 lll.
1412 572 1761 657 Baetasiorum
1784 572 1952 657 privi-

445 645 579 727 iegia
624 645 925 727 inconcussa
955 656 1340 727 esse__oportere.
1376 675 1441 689 —-
1473 645 1557 727 ιγ.
1590 645 1837 727 .Anat‘olii
1866 658 1956 697 co-

446 717 595 781 natus
630 723 858 779 Niccnis
886 717 1164 775 canonibus
1198 724 1463 783 adversos,
1508 717 1681 771 irritos
1727 719 1855 785 fore.
1886 742 1958 755 —-

446 797 513 853 V.
537 798 599 853 Si
636 796 761 867 quid
789 796 939 865 legati
969 794 1021 870 in
1045 792 1246 870 synodo
1267 789 1601 870 approbarint
1623 796 1806 870 praeter
1835 785 1959 870 ﬁdei

447 858 681 933 causam',
720 858 1267 920 esse'rcscinde'ndum.
1298 858 1371 902 '-'-
1404 861 1486 914 Vl.
1522 858 1730 933 Nemini
1760 858 1959 929 jprwter

446 930 708 1010 episcopos
734 936 1050 1008 praedicandi
1080 950 1262 988 manus
1290 946 1397 987 esse
1424 930 1826 985 concedendum.

786 1063 807 1090 ο
831 1052 945 1108 Leo
967 1051 1186 1107 Mutuo
1207 1047 1569 1107 Antiocheno.

445 1167 574 1225 Cn.
604 1167 645 1223 l.
664 1196 734 1207 —
762 1166 1031 1236 Quantum
1052 1161 1326 1219 dilectioni
1357 1170 1459 1217 tuae
1490 1161 1699 1231 placeat
1723 1173 1957 1215 commu-

372 1264 460 1319 nis
492 1262 615 1317 fidei
643 1257 1000 1315 sacratissima
1041 1255 1251 1321 unitas,
1294 1264 1349 1310 et
1398 1252 1545 1324 pacis
1578 1250 1959 1309 ecclesiastica:

374 1351 662 1425 tranquilla
690 1348 1004 1416 concordia,
1030 1348 1330 1403 litterarum
1358 1355 1565 1401 tuarum
1590 1348 1764 1399 test‘us
1781 1355 1961 1398 osten-

372 1447 481 1514 dit,
519 1457 651 1516 quas
695 1443 763 1497 ad
795 1456 883 1496 me
911 1440 1006 1494 filii
1038 1439 1204 1493 nostri
1233 1435 1259 1474 δ
1294 1437 1561 1492 Marianas
1593 1434 1870 1507 presbyter
1907 1442 1963 1490 et

373 1539 655 1611 Olympius
695 1535 955 1589 diaconus
997 1530 1306 1586 detulerunt
1334 1571 1347 1591 .
1388 1544 1455 1585 eo
1496 1530 1650 1583 nobis
1698 1528 1960 1598 gratiores

372 1628 514 1701 quod
546 1638 567 1666 ε
602 1642 697 1696 per
716 1625 861 1693 ipsas
892 1622 1124 1693 nlloquia
1151 1623 1352 1675 alterna
1376 1622 1683 1683 miscemus,
1709 1629 1764 1674 et
1791 1619 1960 1690 magis

372 1723 651 1792 magisque
677 1717 702 1756 ἀ
729 1718 1016 1773 innotescit
1043 1716 1212 1786 gratia
1237 1716 1349 1779 Dei,
1369 1731 1471 1785 qua
1503 1713 1560 1769 fit
1589 1722 1646 1769 ut
1675 1729 1770 1784 per
1793 1722 1958 1768 totum

372 1814 631 1872 mundum
670 1813 736 1868 de
775 1810 1116 1866 tnauifeSIato
1157 1808 1436 1863 catholicae
1477 1808 1714 1864 veritatis
1759 1807 1961 1864 lumine

2059 590 2234 647 lorum
2263 590 2506 645 omnium
2546 588 2886 645 beatissimus
2931 586 3143 652 Petrus,
3195 600 3291 657 per
3328 593 3498 642 totum
3530 586 3651 656 qui-
3748 654 3751 658 ι

2059 683 2183 740 dem
2230 682 2487 739 mundum
2539 683 2790 738 uniformi
2824 680 3240 753 praedicatione,
3283 679 3378 736 sed
3426 677 3650 749 speciali

2057 775 2090 816 δ
2110 778 2424 850 magisterio
2446 779 2499 834 in
2523 776 2856 833 Antiochena
2886 784 2941 830 et
2965 775 3209 831 Romana
3225 773 3359 831 urbe
3376 773 3648 831 fundavit:
3720 770 3735 849 ι’

2060 870 2278 927 utillum
2295 872 2345 925 in
2364 886 2474 925 sua:
2496 868 2903 941 glorificationis
2916 866 3189 923 domicilio
3204 866 3647 939 przeeminentem

2058 978 2126 1021 ea
2154 963 2420 1035 intelligas
2466 976 2773 1033 reposcere,
2815 961 3052 1017 instituta
3082 975 3204 1033 qute
3235 959 3476 1028 tradidit,
3510 962 3650 1016 sicut
3712 963 3718 969 '

2059 1056 2130 1112 ab
2164 1057 2278 1127 ipsa
2306 1072 2467 1127 quam
2501 1056 2784 1112 confessus
2825 1065 2909 1111 est
2933 1056 3162 1112 veritate
3181 1056 3435 1125 suscepit.
3462 1053 3649 1125 Neque

2062 1149 2171 1205 ullo
2194 1149 2356 1205 modo
2383 1149 2530 1205 sinas
2556 1146 2574 1187 ί
2612 1149 2665 1205 in
2692 1148 3055 1205 Orientalibus
3083 1147 3359 1213 Ecclesiis,
3392 1148 3650 1205 maxime-
3712 1208 3717 1219 κ

2061 1257 2167 1313 que
2194 1243 2247 1299 in
2269 1241 2353 1299 his
2374 1258 2508 1315 quas
2529 1242 2878 1299 Antiochense
2901 1240 3016 1298 sedi
3041 1242 3522 1298 sacratissimorum
3547 1243 3650 1298 Pa-

2063 1346 2204 1391 trum
2234 1335 2437 1392 Nicaani
2465 1350 2699 1393 canones
2726 1336 3137 1407 deputaverunt,
3161 1334 3229 1391 ab
3256 1334 3513 1406 improbis
3542 1335 3651 1390 lue-

2063 1431 2245 1487 reticis
2270 1429 2563 1502 Evangelio
2593 1431 2838 1486 resultari
2857 1472 2871 1495 ,
2918 1437 2973 1487 et
3001 1432 3083 1486 vel
3112 1427 3347 1484 Nestorii
3370 1426 3458 1483 vel
3485 1428 3649 1500 Euty-

2062 1527 2179 1582 chis
2203 1542 2233 1582 a
2258 1541 2523 1596 quoquam
2554 1526 2746 1598 dogma
2772 1524 3009 1581 defendi.
3032 1524 3318 1593 Quoniam,
3351 1522 3492 1579 sicut
3509 1522 3648 1590 dixi,

2063 1618 2346 1678 catholicae
2377 1618 2496 1674 fidei
2528 1629 2701 1689 petra,
2725 1618 2877 1687 cujus
2898 1632 3198 1689 cognomen
3220 1617 3409 1673 beatus
3434 1626 3650 1688 aposto-

2063 1712 2148 1767 lus
2184 1713 2374 1767 Petrus
2424 1712 2653 1782 sumpsit
2692 1727 2720 1766 a
2756 1713 3003 1775 Domino,
3050 1712 3254 1767 nullum
3299 1712 3531 1783 recipiti
3582 1712 3652 1769 ab

2064 1816 2295 1877 utraque
2333 1806 2611 1875 impietate
2658 1806 2974 1875 vestigium;
3018 1807 3112 1863 sed
3163 1807 3441 1863 evidenter
3487 1816 3652 1878 atque

372 1908 688 1978 gaudeatur.
722 1905 997 1974 Quamvis,
1021 1903 1160 1972 quod
1191 1903 1419 1957 multum
1449 1901 1715 1968 dolemus,
1736 1902 1952 1972 quidam
1986 1911 2035 1972 Β
2063 1902 2343 1972 perspicue
2368 1909 2421 1955 et
2440 1900 2749 1955 Nestorium
2772 1900 3212 1968 anathematizat,
3235 1901 3325 1970 qui
3348 1900 3509 1957 Verbi
3534 1914 3652 1956 car-

371 1999 547 2055 adhuc
568 1998 729 2070 (sicut
757 2011 935 2052 sermo
966 1994 1163 2050 indicat
1187 1990 1521 2063 nuntiorum)
1553 1992 1805 2048 tenebras
1832 2007 1957 2048 suas

372 2090 617 2162 diligant,
648 2098 701 2144 et
752 2105 872 2143 cum
905 2087 1101 2156 ubique
1145 2084 1252 2140 diei
1302 2086 1552 2154 splendor
1581 2092 1803 2140 exortus
1854 2085 1955 2153 sit,

372 2186 532 2240 etiam
582 2198 722 2238 nunc
770 2181 1027 2236 cmcitatis
1068 2193 1182 2235 sum
1226 2178 1561 2234 delectentur
1598 2178 1857 2245 obscuro,
1907 2189 1960 2235 et

372 2274 578 2347 perdita
615 2274 737 2339 fide,
785 2274 902 2327 solo
931 2287 994 2327 ac
1023 2285 1192 2326 vacuo
1240 2271 1459 2326 nomine
1511 2270 1718 2343 1213
1750 2286 1959 2326 reman-

372 2369 543 2424 serint
586 2364 910 2431 Christiani;
961 2380 1068 2419 non
1118 2363 1381 2421 habentes
1422 2363 1824 2432 intelligentiam
1856 2378 1960 2432 qua

374 2476 617 2516 errorem
647 2460 715 2514 ab
742 2473 931 2515 errore
965 2456 1306 2525 discernunt,
1342 2465 1397 2513 et
1438 2455 1827 2526 blasphemiam
1856 2455 1962 2512 Ne-

373 2554 527 2611 storii
567 2554 635 2607 ab
667 2553 921 2625 Eutychis
962 2551 1238 2621 impietate
1284 2548 1634 2621 distinguunt.
1670 2548 1780 2604 Nec
1817 2550 1958 2605 enim

375 2647 498 2704 tdeo
526 2647 847 2703 excusabilis
878 2644 1048 2700 videri
1092 2643 1269 2714 aliqua
1299 2658 1483 2700 eorum
1532 2643 1736 2700 falsitas
1763 2652 1959 2713 poteSt,

377 2742 496 2810 quia
522 2739 623 2808 ipsi
652 2739 751 2793 sibi
781 2746 908 2792 sunt
933 2739 999 2793 in,
1018 2753 1111 2791 sua
1141 2737 1491 2807 perversitate
1531 2738 1804 2792 contrarii.
1828 2735 1959 2791 Nam

380 2840 405 2870 ⁸
435 2831 564 2888 licet
591 2828 894 2886 Nestorium
926 2829 1184 2901 Eutychis
1227 2828 1471 2899 discipuli
1520 2829 1879 2896 detestentur,
1910 2838 1964 2884 et

378 2923 656 2995 Eutychen
687 2923 1147 2978 anathematizent
1174 2919 1409 2977 Nestorii
1438 2931 1755 2988 sectatores,
1779 2922 1964 2977 catho-

384 3014 610 3071 licorum
645 3025 820 3069 tamen
867 3015 1070 3083 judicio
1122 3029 1246 3084 pars
1296 3023 1519 3084 utraque
1567 3015 1967 3080 damnatur,et

380 3109 554 3163 amba:
582 3107 742 3162 simul
770 3105 1006 3162 haereses
1035 3121 1064 3160 a
1089 3121 1315 3176 corpore
1343 3105 1595 3161 Ecclesiae
1625 3116 1959 3174 resecantur,

381 3199 504 3270 quia
538 3209 722 3253 neutra
757 3197 962 3252 falsitas
990 3198 1266 3252 nobiscum
1298 3206 1471 3265 potest
1516 3196 1711 3251 habere
1736 3210 1963 3253 concor-

2063 1994 2256 2064 nisque
2295 2001 2536 2048 naturam
2577 1993 2630 2048 in
2662 1994 2835 2048 beatae
2877 1992 3112 2062 Virginis
3134 1991 3160 2030 κ
3190 1994 3544 2064 conceptione
3565 2008 3653 2049 se-

2058 2084 2314 2158 jungens,
2335 2101 2610 2157 unumque
2635 2084 2847 2158 1215.
2867 2084 3136 2141 Christum
3157 2084 3212 2139 in
3229 2085 3365 2142 duos
3383 2085 3650 2151 dividens,

2062 2177 2225 2233 aliam
2258 2177 2503 2244 Deitatis,
2532 2188 2588 2233 et
2610 2178 2769 2231 aliam
2814 2175 3156 2231 humanitatis
3181 2176 3349 2231 voluit
3378 2191 3500 2233 esse
3528 2192 3653 2248 per-

2062 2285 2283 2337 sonam;
2313 2286 2434 2327 cum
2465 2271 2686 2326 omnino
2711 2284 2852 2326 unus
2876 2270 3126 2337 idemque
3155 2270 3245 2338 sit,
3276 2271 3365 2342 qui
3389 2279 3444 2327 et
3462 2286 3655 2329 secun-

2063 2365 2191 2421 dum
2226 2366 2609 2436 sempiternam
2642 2365 2904 2421 Deitatem
2944 2362 3012 2418 de
3038 2361 3202 2419 Patre
3240 2374 3323 2420 est
3351 2376 3508 2421 natus
3536 2365 3656 2423 sine

2063 2468 2330 2529 tempore,
2372 2467 2429 2515 et
2453 2457 2748 2515 secundum
2779 2472 2960 2512 veram
2990 2469 3210 2512 carnem
3252 2456 3320 2513 de
3358 2468 3533 2514 matre
3572 2467 3655 2515 est

2063 2559 2222 2607 natus
2251 2552 2305 2606 in
2337 2560 2616 2621 tempore;
2649 2559 2703 2606 et
2733 2549 3007 2622 Eutychen
3041 2548 3288 2605 similiter
3318 2560 3653 2619 exsecratur,

2063 2642 2153 2714 qui
2175 2643 2226 2697 in
2250 2640 2479 2697 Domino
2504 2639 2629 2697 Jesu
2653 2639 2870 2697 Christo
2898 2644 3176 2701 veritatem
3206 2643 3456 2699 humanae
3476 2644 3656 2700 carnis

2063 2747 2350 2797 evacuans,
2398 2732 2576 2803 ipsum
2612 2733 2842 2789 Verbum
2872 2735 2925 2790 in
2956 2751 3175 2791 carnem
3203 2732 3223 2774 ι
3254 2735 3451 2791 asserit
3479 2746 3656 2792 trans-

2064 2826 2375 2894 formatum,
2402 2836 2457 2881 ut
2478 2828 2646 2893 nasci,
2669 2829 2882 2893 nutriri,
2910 2831 3191 2899 proficere,
3222 2831 3351 2900 pati,
3380 2830 3537 2896 mori,
3566 2839 3651 2886 at-

2068 2936 2173 2989 que
2197 2920 2439 2990 sepeliri,
2471 2928 2525 2977 et
2554 2920 2639 2976 die
2664 2921 2823 2977 tertio
2852 2922 3126 2991 suscitari,
3162 2922 3331 2979 solius
3352 2922 3509 2978 fuerit
3533 2922 3659 2979 Dei-

2066 3015 2211 3076 tatis.
2260 3029 2379 3083 quae
2410 3014 2620 3070 servilis
2658 3013 2848 3072 formae
2878 3033 2985 3074 non
3025 3020 3303 3074 veritatem
3334 3017 3654 3089 susceperit,

2065 3107 2158 3164 sed
2191 3106 2437 3177 figuram.

2136 3197 2268 3255 Cn.
2307 3198 2396 3254 lll.
2427 3226 2499 3239 —
2528 3198 2755 3254 Summa
2804 3198 2987 3270 itaque
3033 3200 3308 3271 vigilantia
3347 3209 3560 3256 cautum
3604 3208 3659 3256 te

382 3289 550 3346 diam.
580 3288 689 3345 Nec
732 3290 958 3345 interest
1006 3303 1114 3360 quo
1145 3288 1427 3358 sacrilegio
1474 3286 1543 3341 ab
1588 3286 1968 3343 incarnationis
1993 3292 2038 3356 C
2071 3307 2193 3349 esse
2221 3293 2496 3359 convenit,
2526 3308 2594 3350 ne
2623 3293 2749 3364 quid
2773 3294 2872 3349 sibi
2914 3294 3167 3350 haeretica
3199 3294 3434 3363 pravitas
3462 3294 3661 3350 audeat

382 3381 674 3437 Dominica:
707 3382 931 3437 veritate
975 3379 1309 3445 discordent,
1356 3394 1479 3434 cum
1512 3378 1562 3432 id
1590 3379 1732 3450 quod
1761 3378 1959 3449 pravis-

383 3476 519 3531 sime
561 3474 816 3542 sentiunt,
873 3471 892 3511 ί
925 3489 1025 3529 nec
1046 3473 1338 3529 auctoritas
1371 3472 1670 3543 Evangelii,
1703 3486 1803 3528 nec
1828 3472 1965 3527 ratio

383 3567 639 3635 suscipiat
666 3566 1007 3621 sacramenti.

453 3659 583 3714 Cu.
620 3657 685 3715 ll.
707 3687 773 3699 —
800 3658 860 3712 Et
887 3656 1027 3724 ideo,
1058 3654 1222 3711 frater
1248 3655 1586 3723 charissime,
1634 3665 1848 3726 oportet
1885 3656 1968 3711 di-

387 3753 667 3808 lectionem
716 3760 858 3805 tuam
906 3760 1015 3805 toto
1045 3751 1211 3804 corde
1242 3757 1267 3795 ε
1301 3751 1626 3821 perspicere,
1676 3751 1828 3820 cujus
1859 3752 1965 3808 Ec-

385 3844 562 3902 clesiae
597 3842 970 3915 gubernaculis
1009 3849 1062 3897 te
1091 3840 1349 3899 Dominus
1379 3843 1609 3899 voluerit
1648 3845 1962 3917 przesidere,

392 4046 526 4134 Ῡιιι.Δ
564 4049 690 4114 5M,
731 4049 873 4134 inter
897 4050 1174 4134 epistolas,
1215 4068 1336 4134 qua}
1362 4052 1666 4134 collectioni
1689 4054 1974 4134 _2l_subji-

386 4117 619 4189 ciuntur,
642 4135 714 4197 ac
730 4117 946 4197 tandem
966 4122 1017 4177 in
1044 4117 1338 4197 exemplari
1358 4126 1548 4194 primae
1573 4126 1825 4183 editionis
1855 4117 1969 4183 ser-

387 4204 609 4247 monutn
638 4191 696 4247 S.
732 4192 943 4249 Leonis.

462 4290 487 4317 ι
519 4283 573 4336 In
610 4284 987 4357 vulgatisunost
1025 4286 1297 4341 Canisium
1326 4296 1381 4344 et
1417 4298 1543 4345 ante
1571 4289 1916 4357 Quesnellum
1950 4308 1965 4344 :

386 4350 492 4431 ζιεο
531 4350 799 4431 catholica:
829 4354 1071 4431 Ecclesia
1105 4362 1373 4431 episcopus
1414 4350 1645 4415 Maximo
1671 4360 1972 4415 charissima

388 4425 559 4499 fratri
587 4426 821 4499 episcOpo
850 4425 1185 4499 Amice/leno.
1226 4425 1374 4485 Hanc
1404 4431 1808 4499 Inscriptionem
1839 4432 1971 4488 nulli

390 4494 562 4551 nostri
582 4497 797 4551 codices
824 4497 1133 4567 praeferunt.
1168 4500 1301 4557 Vide
1329 4510 1441 4557 not.
1475 4504 1502 4557 1
1531 4494 1730 4571 Quesn.

462 4586 487 4628 δ
518 4587 614 4641 Ms.
650 4588 876 4657 Ratisp.,
907 4589 1272 4646 Martinianus.

465 4691 485 4757 ς
514 4680 889 4757 ldcntﬁutisp.
908 4692 956 4738 et
976 4683 1470 4757 Vn_||ice|l.collect.
1495 4686 1550 4751 8,
1581 4701 1643 4742 ac
1669 4687 1971 4757 exemplum

390 4751 577 4873 plritnte
610 4751 893 4820 editionis,
921 4771 1011 4826 per
1039 4755 1200 4825 ipsos.
1244 4755 1366 4811 Mos
1405 4757 1510 4812 duo
1542 4762 1794 4828 postremi
1827 4751 1969 4826 libri,

384 4838 412 4875 c
436 4840 607 4886 oquta.

460 4901 485 4938 ά
512 4902 586 4955 lta
615 4903 919 4978 cumcditis
944 4904 1325 4961 Conciliorum.
1345 4905 1556 4978 Vulgati
1577 4907 1795 4970 Leonis.
1824 4910 1975 4964 inno-

388 4982 615 5049 t_esceret.
647 4974 783 5049 Cod.
805 4977 1035 5045 liatisp.,
1065 4987 1120 5031 ut
1140 4979 1303 5047 magis
1332 4974 1593 5049 magisque
1616 4983 1970 5035 innotesceret.

386 5043 513 5119 _Post
540 5047 813 5119 pauca,_de
833 5043 1102 5119 manifesto
1129 5050 1180 5103 in
1203 5043 1363 5105 editis
1385 5043 1893 5119 ahteQuesnellum,
1919 5062 1974 5107 et

384 5114 439 5169 in
473 5117 657 5182 primze
679 5116 929 5171 editionis
955 5122 1223 5190 exemplo.

464 5216 485 5243 ε
514 5206 585 5262 Ita
612 5223 798 5281 omnes
828 5211 994 5264 nostri
1038 5210 1195 5267 codd.
1233 5212 1389 5269 Barb.
1433 5223 1489 5270 et
1518 5212 1636 5269 Vat.
1671 5214 1882 5270 collect.
1912 5215 1967 5281 5,

386 5291 617 5351 quatuor
645 5280 858 5334 collect.
886 5280 941 5345 8,
970 5288 1025 5333 et
1047 5281 1253 5349 thtisp.
1277 5285 1497 5341 collect.
1539 5286 1627 5347 19,
1654 5301 1773 5341 cum
1800 5280 1969 5351 prima

383 5348 658 5474 sditione;
685 5359 741 5407 et
766 5365 898 5407 sane
936 5353 1127 5408 melius
1153 5370 1312 5425 quam
1338 5354 1391 5411 in
1422 5356 1673 5427 vulgatis,
1713 5348 1831 5411 cura
1860 5355 1969 5411 Ne-

433 5436 615 5474 artum.

433 5436 508 5474 οη
516 5437 615 5473 um.

460 5489 486 5569 ξ
513 5491 690 5545 Prima
717 5491 907 5569 editio,
935 5509 1029 5569 nec
1047 5497 1326 5552 auctoritas
1354 5495 1625 5569 Evangelii
1644 5499 1846 5568 habeat,
1878 5515 1971 5554 nec

383 5563 518 5641 ratio
538 5566 860 5641 sacramenti.
880 5564 1032 5633 Dein,
1050 5570 1295 5640 suscipiat
1318 5584 1415 5640 pro
1440 5563 1651 5641 recipiat
1671 5586 1737 5627 ex
1759 5563 1971 5641 Ra'tisp.

386 5634 509 5688 eod.
542 5634 895 5700 praitulimus.

457 5734 481 5771 ε
510 5726 623 5779 Duo
651 5725 865 5781 codices
887 5743 1009 5784 cum
1041 5730 1212 5800 prima
1236 5730 1493 5797 editione,
1519 5737 1779 5803 prcescire.

453 5811 484 5851 ι
509 5814 606 5871 Ms.
635 5817 795 5889 Barb.
826 5821 1037 5876 collect.
1059 5821 1114 5889 3,
1143 5824 1449 5881 ministerio.
1483 5826 1606 5882 Mox
1638 5839 1762 5887 ante
1786 5844 1968 5887 vocem

388 5882 627 5943 Romana
657 5888 863 5958 Ratisp.
893 5882 1137 5962 etprima
1165 5896 1331 5953 editio
1359 5908 1607 5966 repetunt
1630 5882 1706 5956 in:

2074 3387 2348 3443 vindicare
2377 3405 2392 3442 :
2422 3401 2544 3442 cum
2576 3395 2630 3442 te
2659 3387 2850 3443 deceat
2880 3388 2963 3444 his
2992 3388 3312 3444 sacerdotali
3339 3389 3661 3445 auctoritate

2070 3480 2353 3547 resistere,
2372 3494 2577 3550 nosque
2599 3480 2795 3550 saepius
2811 3480 2880 3536 de
2910 3480 3151 3550 profectu
3172 3480 3531 3536 Ecclesiarum
3554 3482 3660 3537 tuis

2070 3572 2420 3629 relationibus
2448 3572 2575 3644 quid
2606 3582 2795 3643 agatur
2824 3571 3112 3629 instruere.
3143 3571 3371 3643 Dignum
3402 3582 3485 3629 est
3513 3573 3659 3630 enim

2069 3673 2125 3721 te
2150 3667 2459 3736 apostolicae
2486 3666 2632 3723 sedis
2663 3668 2715 3721 in
2749 3668 2850 3722 hac
2884 3666 3249 3723 sollicitudine
3276 3682 3396 3722 esse
3433 3681 3660 3723 consor-

2071 3766 2242 3815 temIn
2270 3768 2326 3815 et
2361 3758 2426 3814 ad
2470 3758 2661 3830 agendi
2710 3758 2956 3815 ﬁduciam
2997 3758 3274 3831 privilegia
3310 3759 3483 3815 tertia:
3517 3759 3662 3817 sedis

2072 3865 2389 3923 agnoscere,
2417 3859 2447 3888 ιι
2477 3866 2598 3923 qua:
2627 3852 2679 3906 in
2708 3852 2856 3908 nullo
2880 3851 3200 3922 cujusquam
3238 3852 3531 3909 ambitione
3555 3853 3662 3908 mi-

2152 4057 2170 4095 ί
2208 4057 2404 4113 Eadem
2443 4058 2610 4127 prima
2652 4058 2839 4126 editio,
2881 4059 2935 4113 in
2983 4057 3208 4113 Orientis
3234 4058 3499 4115 Ecclesiis.
3529 4060 3664 4117 Late

2076 4126 2194 4182 haec
2234 4128 2396 4193 sumi,
2446 4126 2554 4183 non
2600 4139 2779 4185 autem
2824 4130 3026 4195 stricte,
3071 4134 3297 4185 de’solts
3326 4133 3529 4187 scilicet
3561 4133 3664 4190 Ec-

2073 4199 2249 4274 clesiis
2282 4200 2618 4274 Antiocheno
2667 4202 2921 4269 episcopo
2975 4201 3232 4274 subditis,
3292 4215 3436 4259 recte
3470 4205 3663 4274 probat

2073 4270 2391 4343 Quesnellus
2421 4279 2534 4325 not.
2559 4272 2623 4333 2;
2672 4288 2791 4326 cum
2816 4288 2918 4343 qua
2945 4273 3129 4331 confer
3162 4281 3375 4332 nostras
3407 4270 3664 4331 observa-

2078 4345 2253 4398 tiones
2274 4342 2447 4397 eidem
2474 4342 2855 4410 subjiciendus.

2120 4434 2181 4562 .il
2204 4435 2336 4558 (god.
2367 4433 2625 4490 Vallicell.
2659 4443 2716 4491 et
2748 4436 2916 4506 prima
2947 4436 3137 4506 editio,
3168 4441 3237 4495 ad
3262 4448 3533 4510 utramque
3559 4437 3662 4493 im-

2120 4523 2161 4561 te
2185 4523 2215 4559 a
2243 4522 2342 4560 em.

2079 4522 2342 4579 putarem.

2146 4585 2172 4624 ¹ι
2206 4585 2417 4656 Vulgati
2466 4584 2915 4658 mendosissime,
2965 4592 3346 4658 conjunctione.
3389 4590 3664 4654 Ouesnelli

2076 4659 2509 4732 emendationem
2541 4673 2605 4712 ex
2638 4657 2806 4732 (irim.
2842 4669 2896 4711 et
2927 4676 3032 4715 uno
3059 4657 3221 4717 Barb.
3257 4662 3426 4716 nostri
3450 4677 3665 4732 quoque

2077 4729 2237 4803 codd.
2271 4728 2389 4784 Vat.
2420 4728 2708 4803 collect.73,
2739 4741 2851 4803 tres
2868 4732 3084 4803 collect.
3117 4734 3171 4796 8,
3204 4733 3413 4803 Ralisp.
3447 4728 3662 4789 collect.
3706 4766 3729 4803 ,ι

2078 4800 2146 4855 19
2168 4810 2217 4852 et
2240 4800 2544 4868 exemplum
2580 4802 2762 4865 prima:
2791 4801 3039 4856 editionis
3060 4800 3401 4859 continuant.
3435 4804 3510 4859 De
3538 4822 3665 4858 con-

2002 4883 2049 4943 D
2077 4871 2306 4943 ceptione
2333 4858 2524 4943 aciiva.
2553 4858 2654 4940 qua
2682 4870 2844 4940 Virgo
2873 4876 3120 4941 concepit
3152 4876 3242 4931 Dei
3278 4858 3501 4939 Filium,
3523 4875 3665 4930 hunc
3714 4858 3733 4893 ⁷

2077 4941 2252 4996 locum
2303 4942 2705 5011 intelligendum
2757 4952 2906 4998 recte
2945 4944 3264 5013 Quesnellus
3306 4950 3515 5001 monuit
3544 4959 3657 5001 not.

2075 5013 2127 5067 5.
2152 5013 2315 5067 Paulo
2333 5027 2447 5081 p03t
2473 5014 2798 5067 additionetu
2822 5030 3010 5069 vocum
3036 5018 3323 5072 secundum
3352 5034 3523 5071 ueram
3547 5034 3664 5071 car-

2073 5099 2190 5137 nem
2225 5086 2292 5137 ah
2320 5086 2509 5140 eodem
2542 5084 2831 5149 Quesnello
2863 5088 3134 5143 inductam
3180 5089 3344 5145 iidem
3375 5088 3545 5144 nostri
3572 5103 3665 5142 co-

2073 5152 2242 5220 dices,
2268 5166 2319 5209 et
2344 5155 2510 5224 prima
2541 5157 2706 5210 editio
2726 5157 3048 5224 approbant.

2149 5243 2167 5284 ι
2204 5247 2409 5321 Ratisp.
2454 5258 2508 5303 et
2545 5246 2669 5303 Vat.
2716 5248 2929 5304 collect.
2973 5250 3008 5307 8
3032 5266 3154 5307 cum
3186 5252 3355 5321 prima
3397 5250 3661 5314 editione.

2072 5320 2310 5372 asseruit.

2144 5390 2345 5461 @_Editi
2373 5399 2496 5445 ante
2517 5390 2742 5456 Quesn.,
2772 5400 2819 5444 et
2846 5390 2915 5443 ad
2938 5390 3224 5460 augendam
3252 5392 3518 5461 ﬁduciam.
3546 5392 3663 5446 Duo

2075 5459 2232 5532 Codd.
2262 5461 2472 5515 collect.
2514 5461 2568 5527 8,
2600 5472 2646 5515 et
2682 5462 2749 5514 ad
2782 5459 3013 5532 augendi
3032 5459 3294 5531 ﬁduciam.
3337 5464 3456 5517 Mox
3488 5462 3662 5531 Ques-

2077 5531 2564 5604 uellus-privilegia
2603 5533 2750 5586 tertia
2790 5533 3019 5594 induxit,
3052 5548 3148 5601 pro
3190 5533 3455 5604 privilegia
3497 5538 3659 5589 tertia:

2074 5601 2229 5655 sedis.
2255 5601 2502 5659 Veterem
2537 5606 2817 5658 lectionem
2846 5619 2909 5656 ex
2953 5601 3201 5657 omnibus
3232 5601 3428 5659 nostris
3456 5606 3657 5660 codici-

2074 5670 2176 5727 bus
2202 5681 2257 5726 et
2284 5674 2457 5743 prima
2482 5675 2717 5730 editione
2744 5673 3095 5729 restituimus.

2147 5771 2175 5798 ³
2203 5764 2275 5817 Ita
2304 5779 2424 5819 cum
2446 5764 2648 5832 Quesn.
2680 5766 2882 5834 Batisp.
2906 5773 2961 5819 et
2984 5766 3141 5820 codd.
3172 5766 3382 5821 collect.
3411 5768 3464 5822 5.
3491 5766 3656 5832 Editi,

2075 5835 2224 5908 utuiu
2264 5835 2410 5908 nullo
2450 5839 2748 5908 cujusquam
2797 5836 3071 5908 mubitione
3110 5837 3423 5891 minuantur.
3466 5838 3658 5893 Pritnte

2077 5903 2331 5965 editionis
2356 5903 2629 5977 exet-{pler
2654 5926 2665 5957 :
2706 5907 2835 5973 Qua:
2864 5906 3088 5975 (scilicet
3115 5908 3283 5975 sedes)
3307 5909 3360 5964 ist
3394 5911 3538 5966 nullo
3569 5925 3661 5973 cu-
