4072 6358
442 350 579 413 1οη

1602 356 1661 414 S.
1700 354 1943 413 LEOle
1984 355 2195 413 MAGNI
2223 357 2593 415 EPISTULA}.

3579 361 3719 419 1048

433 454 785 523 fraternitatis
820 463 1191 521 irretractabili
1231 464 1461 520 ﬁrmavit
1498 478 1762 523 assensu:
1797 476 1855 523 ut
1884 480 2013 524 vere
2039 470 2092 528 A
2121 465 2325 526 incitati
2355 480 2573 525 auctore
2613 468 2680 524 ad
2711 466 3196 525 contradictionum
3229 469 3366 525 bella
3408 472 3714 547 prosiliunt,

433 571 467 613 a
497 573 555 615 se
582 557 843 628 prodiisse
869 557 1201 625 ostenderet,
1244 557 1382 628 quod
1414 558 1562 629 prius
1592 569 1619 600 ι
1646 576 1675 615 a
1700 561 1871 632 prima
1901 577 2020 617 om-

435 649 583 707 nium
606 649 733 706 sede
758 648 1065 716 formatum,
1099 654 1258 706 totius
1280 649 1571 709 Christiani
1594 655 2020 726 orbisjudiciutn

437 742 732 810 recepisset
757 758 769 795 :
798 748 855 796 ut
878 741 927 796 in
953 742 1053 796 hoc
1072 758 1282 813 quoque
1303 742 1331 783 δ
1355 744 1516 815 capiti
1538 748 1776 803 membra
1798 761 2022 802 concor-

438 833 588 889 dent.
619 832 677 887 ln
706 846 813 903 quo
838 843 859 872 ο
885 832 1113 904 amplior
1140 836 1294 891 nobis
1321 838 1586 893 accrescit
1616 837 1880 909 gaudendi
1910 853 2023 893 ma-

436 925 595 991 teria,
627 925 754 980 dum
788 936 935 982 tanto
957 928 1127 999 magis
1152 943 1210 985 se
1241 929 1470 999 perculit
1504 930 1785 998 inimicus,
1822 939 2020 1001 quanto

437 1015 465 1054 ἀ
492 1025 678 1074 contra
710 1017 907 1075 Christi
936 1023 1211 1079 ministros
1230 1025 1425 1079 sacvius
1453 1024 1762 1081 insurrexit.
1790 1024 1922 1079 Nam
1953 1040 2022 1081 ne

437 1111 665 1167 aliarum
687 1114 891 1169 sedium
925 1114 990 1169 ad
1020 1130 1139 1171 eam
1170 1132 1326 1185 quam
1350 1119 1561 1172 caeteris
1582 1117 1819 1171 onmium
1842 1115 2026 1171 Domi-

437 1218 542 1259 nus
564 1214 588 1242 °
610 1206 793 1260 statuit
824 1207 1135 1277 praesidere,
1166 1224 1458 1264 consensus
1489 1210 1783 1264 assentatio
1812 1208 2022 1265 videre-

439 1301 562 1366 tur,
612 1300 825 1371 1220
852 1308 942 1355 aut
978 1300 1083 1355 alia
1112 1301 1366 1371 quaelibet
1394 1302 1688 1371 subrepere
1712 1310 1897 1371 posset
1922 1300 2020 1354 ad-

440 1400 600 1445 versa
634 1390 905 1459 suspicio;
946 1390 964 1429 ί
1000 1390 1199 1447 inventi
1231 1393 1379 1463 prius
1418 1402 1543 1447 sunt
1580 1394 1671 1463 qui
1711 1392 1780 1447 de
1806 1391 2023 1462 judiciis

439 1481 640 1537 nostris
660 1481 1011 1552 ambigerent.
1045 1483 1113 1539 Et
1133 1484 1257 1540 dum
1284 1484 1528 1540 nonnulli
1559 1494 1586 1534 ε
1616 1498 1646 1539 a
1670 1484 2021 1542 dissensionis

441 1724 637 1785 similia
672 1726 800 1779 alibi
831 1740 973 1795 smpe
1002 1726 1053 1781 in
1084 1724 1311 1793 postillis
1340 1724 1587 1780 inculcat.
1625 1723 1732 1779 Sed
1759 1738 1867 1795 non
1892 1737 2014 1778 eum

438 1811 657 1854 sensum
688 1798 880 1850 Leonis
903 1794 1064 1851 Verba
1094 1797 1413 1865 prati-runt,
1443 1807 1497 1849 ut
1526 1794 1725 1865 judicia
1760 1794 2019 1848 Romana:

440 1868 608 1933 sedis,
636 1867 783 1935 quasi
810 1882 902 1936 per
926 1883 984 1922 se
1012 1864 1116 1921 non
1131 1870 1257 1919 satis
1277 1868 1450 1933 ﬁrma,
1475 1864 1685 1920 conctlti
1702 1866 2017 1920 tecumenici

439 1954 662 1995 assensu
686 1948 737 1992 et
760 1937 1164 1991 coaﬁrmatioue
1185 1938 1472 2007 indigeant.
1502 1936 1731 1990 Verbum
1762 1939 1902 1990 enim
1926 1936 2019 2005 ﬁr-

441 2010 597 2063 mavit
622 2024 726 2062 non
757 2008 918 2063 afﬁcit
950 2010 1061 2076 ipsa
1090 2008 1273 2077 primae
1304 2006 1447 2062 sedis
1473 2006 1698 2074 judicia,
1735 2007 1827 2061 sed
1860 2009 1925 2060 ad
1956 2022 2017 2060 ea

436 2080 678 2137 refertur
700 2095 820 2149 qua:
841 2079 1077 2147 ejusdem
1110 2080 1253 2134 sedis
1279 2077 1480 2146 judicio
1512 2080 1658 2146 prius
1688 2077 1898 2132 fuerant
1922 2078 2015 2131 de-

440 2150 613 2221 ﬁnita,
648 2148 806 2221 itaut
830 2150 1231 2205 irretractabilis
1260 2152 1325 2204 sit
1353 2148 1562 2202 concilii
1588 2162 1859 2221 assensus,
1880 2163 2014 2221 cum

439 2236 505 2277 ea
532 2218 817 2276 confirmat
852 2237 970 2290 qua:
1010 2222 1155 2290 prius
1198 2220 1264 2274 ab
1302 2220 1594 2290 apostolica
1611 2220 1760 2290 Asede
1799 2218 2014 2274 deﬁnita

437 2290 676 2348 fuerunt.
710 2287 971 2345 (lieteruut
1011 2287 1142 2345 alibi
1187 2292 1291 2358 jam
1336 2289 1567 2345 vidimus
1609 2287 1841 2343 Leonem
1884 2289 2016 2343 satis

440 2362 651 2418 ﬁrmam
690 2372 741 2416 ct
781 2361 1225 2416 irretractabilem
1262 2377 1355 2429 per
1384 2376 1503 2415 sese
1545 2361 1825 2427 agnovisse
1864 2374 2013 2413 suam

439 2433 806 2488 definitionem
831 2433 1023 2487 editam
1057 2432 1111 2486 itt
1140 2434 1295 2500 epist.
1323 2432 1413 2494 28,
1447 2430 1511 2483 ad
1538 2429 1868 2495 Flavianum,
1895 2446 2012 2499 qua:

438 2503 532 2559 hic
575 2503 879 2567 indicatur,
930 2504 1000 2557 ita
1044 2512 1099 2557 ut
1145 2503 1342 2555 nullam
1387 2502 1595 2555 concilii
1640 2503 2013 2555 necessitatem

437 2577 755 2645 agnoverit,
800 2589 899 2628 nec
930 2576 980 2628 itt
1012 2575 1240 2627 concilio
1270 2574 1335 2626 de
1366 2571 1473 2627 ﬁde
1512 2572 1742 2626 voluerit
1765 2572 2019 2642 quaestio-

440 2644 565 2701 nem
600 2645 834 2705 moveri,
887 2659 950 2698 ac
992 2646 1035 2698 si
1078 2644 1236 2696 dubia
1280 2654 1329 2698 et
1378 2658 1576 2712 anceps
1605 2653 1747 2697 esset
1772 2645 2012 2696 doctrina

480 2731 600 2770 uam
644 2716 694 2768 in
727 2716 911 2769 eadem
943 2715 1167 2783 epistola
1196 2714 1499 2768 deﬁnierat.
1557 2712 1684 2767 Vide
1722 2715 1878 2777 epist.
1922 2713 2013 2780 82,

480 2731 600 2770 uam
644 2732 694 2768 tn
727 2731 911 2769 eadem
943 2731 1167 2783 eptst0ta
1196 2731 1499 2768 aettnterat.
1562 2731 1684 2767 Viue
1722 2731 1878 2777 epISt.
1922 2731 2013 2780 az,

440 2731 513 2843 30
539 2793 593 2840 et
631 2788 720 2851 9'5,
753 2800 802 2839 c.
843 2786 908 2854 2,
943 2796 997 2839 et
1023 2784 1183 2853 epiSt.
1214 2784 1301 2839 94.
1332 2784 1481 2851 Quod
1514 2784 1555 2836 si
1588 2788 1685 2837 sub
1714 2783 2017 2838 Theodo~io

439 2858 725 2913 concilium
744 2858 915 2926 petiit,
937 2856 1063 2910 illud
1088 2872 1190 2908 non
1215 2857 1284 2909 ob
1307 2856 1733 2909 incertitudinem
1757 2856 2015 2926 doctrinae

436 2929 547 2998 jam
576 2925 830 2989 deﬁnitae,
864 2942 1020 2998 quam
1054 2926 1326 2998 retractari
1352 2927 1584 2998 nolebat,
1617 2926 1709 2979 sed
1741 2925 1812 2998 ob
1836 2942 2015 2998 remo-

438 2994 610 3054 venda
654 2994 899 3052 scandala
943 3008 997 3052 et
1041 2997 1111 3051 ob
1159 3012 1341 3063 pacem
1389 2996 1592 3050 facilius
1628 2994 2016 3051 conciliandam

437 3070 774 3139 postulasse,
829 3068 945 3123 fuse
983 3068 1332 3123 OSIendemus
1370 3067 1421 3119 itt
1450 3067 1912 3139 observationibus
1950 3068 2015 3120 ad

439 3136 575 3195 iliss.
598 3142 630 3194 8
652 3140 942 3206 QueSnelli.
978 3140 1206 3193 Econtra
1236 3154 1365 3192 vero
1385 3153 1503 3191 cum
1532 3137 1631 3203 ipsi
1659 3138 1843 3191 Patres
1862 3136 2019 3190 Chal-

434 3211 792 3273 cedonenses,
835 3225 898 3264 ac
937 3210 1058 3263 dein
1088 3210 1382 3263 Marcianus
1413 3213 1701 3275 imperator
1725 3206 2020 3262 Chalcedon

438 3281 627 3339 nensis
665 3280 992 3336 deﬁnitionis
1018 3280 1476 3333 conﬁrmationem
1508 3293 1534 3330 a
1570 3277 1822 3348 pontiﬁce
1854 3277 2019 3348 petie-

438 3359 601 3417 runt,
634 3367 700 3405 ne
738 3352 954 3404 dubium
987 3351 1278 3405 haberetur
1319 3350 1459 3418 quod
1501 3351 1550 3401 iu
1590 3349 1816 3418 concilio
1846 3349 2019 3402 fuerat

439 3421 716 3493 definitum
752 3421 894 3493 (vide
925 3424 1062 3475 inter
1090 3436 1311 3475 crateras
1339 3417 1496 3489 epist.
1531 3419 1598 3493 98
1633 3430 1687 3471 et
1720 3417 1841 3493 HQ)
1889 3433 2018 3472 con-

438 3491 549 3547 cilii
574 3490 771 3561 judicia
806 3504 859 3544 ut
891 3492 1295 3546 irretractabilia
1324 3493 1465 3561 sint,
1502 3491 1685 3555 prim't-
1718 3490 1859 3561 sedis
1890 3505 2019 3543 con-

434 3558 745 3616 ﬁrmatione
774 3563 1009 3629 indigere
1033 3562 1255 3629 professi
1276 3569 1417 3614 sunt.
1438 3558 1564 3613 Post
1580 3560 1829 3629 nonnulla
1849 3570 2019 3614 osten—

440 3631 573 3688 derit
608 3635 660 3686 in
686 3632 805 3685 Vat.
829 3628 1042 3686 collect.
1072 3632 1141 3685 24
1164 3645 1215 3685 et
1244 3631 1383 3697 apud
1416 3628 1753 3685 Sieltardum.

420 3753 427 3765 ,
516 3711 543 3740 ι
567 3703 692 3756 Mss.
712 3715 937 3771 quatuor
950 3702 1185 3763 Tltuan.,
1204 3718 1234 3753 α
1256 3706 1421 3770 prima
1443 3700 1779 3768 omnium/ide
1798 3708 1843 3752 et
1868 3699 2020 3764 sede;

442 3773 530 3830 cui
562 3773 776 3827 lectioni
806 3773 980 3826 afﬁnis
1006 3784 1087 3826 est
1110 3773 1230 3826 cod.
1253 3772 1407 3825 Barb.
1434 3773 1520 3835 57,
1552 3788 1581 3820 η
1608 3774 1773 3836 prima
1796 3772 2021 3823 omnium

439 3843 661 3915 fideliter
686 3846 818 3897 sede.
849 3843 966 3898 Mox
993 3858 1086 3911 pro
1108 3844 1379 3915 {armatu-tt
1404 3841 1511 3915 dno
1530 3841 1688 3895 codd.
1716 3840 1859 3915 Van,
1884 3843 2020 3894 alter

444 3912 662 3970 collect.
698 3917 798 3981 11,
844 3917 976 3968 alter
1015 3914 1227 3967 cullect.
1275 3913 1333 3967 2f
1363 3957 1375 3974 ,
1411 3914 1685 3976 ﬁrmatum.
1730 3912 2020 3980 Cecropius

439 3985 749 4066 episcopus,
778 4001 894 4039 cum
923 3984 1289 4039 deﬁnitionem
1310 3998 1337 4036 a
1362 3981 2020 4063 PatribusChalcedoneuo

439 4052 591 4112 sibus
616 4056 825 4126 judices
852 4064 1196 4126 Qtl'l'l‘el‘ettll
1218 4068 1278 4108 ea
1312 4069 1446 4123 opus
1471 4069 1575 4106 non
1599 4068 1718 4126 esse
1746 4052 2020 4126 insinuans

439 4133 548 4180 act.
576 4122 640 4189 2⁷,
674 4142 791 4195 pag.
827 4122 959 4181 1267
992 4128 1067 4179 ait
1092 4143 1105 4178 :
1148 4122 1476 4178 Emerserunt
1505 4141 1617 4194 qua:
1642 4124 1708 4175 ad
1738 4122 2018 4191 Eutychetn

438 4198 761 4268 pertinebant
786 4213 801 4261 ;
837 4208 883 4268 et
908 4213 1059 4264 super
1089 4197 1151 4249 iis
1189 4211 1363 4268 sonus
1394 4199 1613 4268 datarest
1642 4212 1671 4244 α
1700 4196 2020 4268 sanctissimo

438 4265 821 4338 archiepiscopo
851 4267 1097 4321 Romana:
1123 4267 1257 4338 urbis
1275 4307 1289 4328 ,
1322 4278 1365 4318 et
1391 4267 1647 4335 sequimur
1671 4279 1785 4316 eum
1802 4304 1815 4326 ,
1849 4275 1893 4315 et
1914 4265 2020 4338 epi-

437 4338 587 4392 stolte
616 4334 846 4407 '(2$,ad
875 4336 1210 4405 Flavianum)
1251 4352 1422 4389 omnes
1458 4334 1873 4402 subscripsimus.
1910 4334 2022 4390 Nec

439 4409 592 4462 solus
612 4409 902 4475 Cecropius
933 4408 1001 4460 ita
1030 4410 1220 4468 sensit,
1245 4410 1338 4459 sed
1367 4408 1674 4460 universum
1707 4407 1866 4457 etiam
1894 4421 2024 4459 con-

440 4479 658 4543 cilium;
693 4480 939 4531 subditur
969 4478 1108 4530 ettim
1138 4496 1151 4529 :
1192 4477 1621 4530 Reverendissimi
1658 4477 1880 4545 episcopi
1916 4478 2022 4529 cla-

438 4559 746 4602 mauerunt:
783 4548 894 4601 Ista
922 4564 1091 4601 omnes
1126 4548 1381 4612 dicimus;
1423 4547 1674 4615 sufficiunt
1712 4562 1825 4614 qua:
1866 4564 2023 4617 expo-

440 4619 542 4673 sita
571 4631 685 4672 sunt
711 4636 728 4673 :
755 4622 969 4672 alterunt
996 4620 1363 4686 expositionem
1392 4634 1488 4669 non
1524 4620 1636 4670 licet
1668 4617 1800 4683 ﬁeri.

511 4688 541 4728 δ
578 4692 630 4743 In
666 4693 924 4745 relatione
951 4690 1159 4743 concilii
1188 4689 1515 4741 Chalcedon.
1551 4687 1615 4741 ad
1638 4687 1895 4750 Leonem,
1926 4702 2022 4742 seu

437 4760 597 4829 epist.
634 4761 731 4829 98,
762 4776 880 4831 cap.
915 4763 976 4824 1,
1019 4760 1198 4829 quibus
1218 4760 1423 4824 quidem
1452 4762 1582 4813 sicut
1611 4769 1759 4828 caput
1790 4761 2023 4812 membris

437 4846 680 4901 prteeras.

2122 565 2189 620 ad
2220 565 2393 634 majus
2424 565 2646 629 bonum,
2678 560 2705 601 ιι
2740 565 2880 618 malo
2903 562 3040 633 ejus,
3072 573 3294 619 auctore
3325 567 3487 619 totius
3512 566 3720 622 bonita-

2124 656 2193 711 tis
2238 655 2585 723 dispensante
2613 695 2628 717 ,
2680 665 2995 725 perventum
3038 664 3141 708 est.
3196 653 3416 709 Dulcius
3448 656 3717 725 siquidem

2123 762 2344 802 munera
2378 748 2564 817 gratiae
2594 746 2787 801 divinae
2822 746 3169 815 proveniunt,
3210 748 3423 817 quoties
3452 762 3559 802 non
3602 751 3721 807 sine

2122 839 2333 911 magnis
2360 839 2646 895 sudoribus
2676 840 3060 906 acquiruntur;
3094 846 3152 892 et
3181 838 3357 894 minus
3395 838 3595 893 bonum
3634 842 3719 894 vi-

2125 932 2243 995 deri
2271 932 2413 987 solet
2453 946 2553 1001 pax
2596 931 2905 986 continuata
2937 945 3032 1000 per
3058 932 3263 998 otium,
3307 946 3469 1001 quam
3511 932 3714 986 reddita

2135 1020 2151 1060 ί
2190 1038 2283 1091 per
2311 1022 2545 1077 labores.
2595 1022 2713 1091 Ipsa
2753 1037 2966 1093 quoque
3006 1022 3203 1076 veritas
3240 1032 3294 1077 et
3337 1022 3537 1079 clarius
3576 1026 3711 1079 reni-

2131 1115 2305 1182 tescit,
2331 1124 2385 1169 et
2412 1114 2602 1169 fortius
2630 1115 2914 1181 retinetur,
2947 1114 3071 1170 dum
3096 1131 3215 1187 qua:
3245 1115 3379 1171 ﬁdes
3404 1117 3549 1185 prius
3575 1119 3591 1168 Ι
3622 1116 3717 1171 do-

2130 1217 2335 1272 cuerat,
2377 1208 2491 1263 haec
2526 1218 2708 1277 postea
2749 1209 3077 1264 examinatio
3111 1209 3466 1263 confirmarit.
3494 1210 3714 1267 Multum

2128 1299 2357 1368 denique
2387 1300 2736 1356 sacerdotalis
2756 1299 2917 1355 ofﬁcii
2949 1300 3200 1357 meritum
3231 1302 3589 1371 splendescit,
3625 1300 3714 1361 ubi

2129 1393 2209 1450 sic
2246 1408 2576 1449 summorum
2606 1402 2852 1450 servatur
2879 1394 3168 1450 auctoritas
3187 1436 3202 1460 ,
3228 1392 3258 1433 ιι
3283 1395 3416 1449 utin
3446 1395 3592 1449 nullo
3624 1395 3713 1449 in-

2129 1484 2384 1542 feriorum
2411 1494 2628 1558 putetur
2656 1487 2935 1542 imminuta
2980 1482 2998 1525 ι
3035 1486 3273 1543 libertas.
3311 1489 3517 1559 1221
3551 1488 3616 1543 Et
3643 1487 3711 1543 ad

2119 1732 2242 1780 rant
2268 1740 2282 1785 :
2326 1734 2380 1780 et
2421 1725 2666 1779 similiter
2696 1725 2992 1791 Palaestini,
3040 1727 3114 1781 uti
3145 1726 3376 1782 traditur
3405 1729 3619 1785 actione
3651 1731 3709 1794 4,

2122 1810 2242 1865 pag.
2273 1796 2409 1851 l'582
2431 1806 2484 1850 et
2520 1798 2675 1851 1595.

2194 1875 2217 1913 8
2253 1868 2388 1920 Editi
2421 1876 2544 1921 ante
2572 1870 2805 1936 Quesn.,
2857 1869 3231 1925 dissensionum
3254 1869 3455 1922 incitati
3480 1881 3707 1931 auctore.

2121 1937 2189 2011 ad
2235 1938 2650 2011 contradictionis
2692 1939 2824 1993 bella
2873 1940 3166 2011 prosiliunt.
3220 1940 3347 2011 Mss.
3390 1939 3547 1994 codd.
3599 1950 3709 1995 tres

2122 2007 2397 2074 Quesnelli
2426 2018 2477 2060 et
2508 2011 2725 2063 totidem
2757 2007 2923 2065 nostri
2952 2026 3014 2064 ac
3052 2009 3192 2065 Snrii
3223 2010 3389 2064 editio
3416 2014 3581 2063 coacti
3613 2028 3710 2075 pro

2121 2078 2339 2131 incitati.
2377 2082 2524 2147 Apud
2559 2080 2873 2135 Sichardum
2895 2121 2909 2143 ,
2950 2083 3018 2134 ad
3048 2082 3389 2136 dissensiones
3417 2082 3615 2135 incitati
3643 2084 3706 2136 ab

2052 2134 2098 2194 Β
2124 2162 2325 2202 auctore
2345 2134 2778 2213 coritradictionis,
2807 2152 2875 2203 ad
2897 2134 3085 2205 insana
3113 2134 3247 2207 bella
3268 2151 3564 2216 prosiliunt.

2190 2218 2218 2256 ιι
2248 2220 2338 2275 Sic
2367 2224 2699 2274 correximus
2722 2237 2783 2276 ex
2817 2237 2945 2276 mss.
2978 2224 3137 2276 codd.
3167 2223 3287 2277 Vat.
3318 2223 3533 2276 collect.
3557 2222 3623 2277 21
3657 2234 3708 2279 et

2117 2290 2497 2362 aliis_qu:ttuor
2527 2309 2551 2341 a
2582 2292 3136 2359 Quesnelloallegatis
3166 2302 3289 2348 nota
3322 2297 3371 2362 t,
3404 2292 3546 2346 inter
3570 2310 3709 2362 quos

2118 2370 2201 2413 est
2223 2360 2559 2432 Griutauicus
2589 2378 2605 2427 ;
2637 2378 2755 2432 qua:
2787 2364 2947 2418 lectio
2977 2362 3312 2432 praeferenda
3344 2361 3444 2416 fuit
3477 2360 3708 2431 vulgata:

2118 2432 2185 2485 ab
2207 2432 2392 2485 eodem
2414 2431 2701 2498 Quesnello
2730 2431 3181 2497 retentammalum
3200 2438 3310 2499 eius
3329 2449 3345 2486 :
3364 2448 3536 2500 neque
3554 2438 3703 2489 enim

2120 2500 2478 2565 impersmtale
2498 2514 2791 2574 perventum
2812 2516 2884 2559 est
2918 2505 3140 2572 passiva:
3168 2505 3571 2574 significationis
3604 2504 3708 2561 hoc

2120 2573 2503 2645 norninatiVntn
2543 2573 2757 2641 patitur.
2810 2575 2992 2642 Recipi
3026 2582 3205 2641 posset
3227 2573 3429 2627 malum
3460 2576 3574 2645 ejus
3600 2617 3614 2641 ,
3660 2575 3705 2633 si

2120 2642 2385 2711 legeretur
2410 2655 2699 2711 provectum
2720 2656 2826 2710 est;
2847 2645 2940 2700 ενα
2973 2646 3102 2700 nulli
3131 2645 3345 2701 codices
3375 2642 3497 2699 huic
3522 2660 3705 2700 emen-

2118 2712 2318 2767 dationi
2347 2713 2725 2787 suﬁ'ragautur.
2749 2715 3060 2787 Sicltar-ius,
3086 2719 3276 2770 malum
3305 2717 3443 2786 ejus.
3467 2754 3483 2771 .
3504 2754 3520 2768 .
3537 2754 3552 2770 .
3581 2731 3706 2787 pro-

2119 2797 2330 2856 ventum
2352 2784 2535 2856 (forte.
2568 2784 2877 2856 provectum)
2908 2788 3241 2841 conuertitur.

2122 2854 2215 2979 labi
2258 2854 2398 2978 Editt
2422 2866 2542 2910 ante
2572 2856 2774 2924 Quesn.
2805 2854 2925 2911 cum
2952 2872 3054 2912 ms.
3080 2856 3204 2913 Vat.
3234 2857 3449 2913 collect.
3469 2856 3561 2923 24,
3592 2866 3705 2931 post

2212 2942 2270 2979 or
2303 2942 2371 2978 m.
3650 2974 3654 2979 .

2144 2940 2371 2979 acorem.
3650 2974 3654 2979 .

2194 2998 2210 3047 i
2249 2996 2419 3051 Codd.
2442 2997 2658 3051 collect.
2677 2995 2739 3049 21
2755 2997 3030 3064 ,docuerit.
3061 2997 3191 3053 Dein
3213 2999 3392 3054 eratin
3409 3000 3566 3054 editis
3583 3015 3706 3056 cum

2122 3080 2251 3119 mss.
2285 3068 2499 3121 collect.
2532 3066 2638 3132 24,
2671 3068 3019 3135 conﬁrmaret.
3064 3070 3244 3122 Potior
3271 3069 3383 3123 visa
3424 3081 3506 3123 est
3546 3070 3705 3126 lectio

2122 3151 2254 3190 mss.
2283 3139 2493 3191 collect.
2519 3136 2607 3200 21,
2636 3141 2825 3207 quibus
2849 3139 3083 3192 concinit
3103 3141 3263 3194 etiam
3284 3140 3403 3194 cod.
3439 3140 3555 3195 Vat.
3590 3142 3703 3196 col-

2130 3207 2256 3277 lect.
2290 3206 2375 3266 11.
2407 3210 2458 3261 in
2490 3224 2594 3277 quo
2624 3206 2706 3263 est
2734 3210 3127 3273 conﬁrmaverit.

2192 3275 2219 3314 ¹ι
2248 3278 2303 3332 ln
2339 3275 2574 3348 Vulgaits
2603 3290 2658 3333 et
2688 3282 2739 3332 in
2770 3282 2887 3333 solo
2907 3281 3028 3334 cod.
3063 3279 3231 3335 Grim.
3263 3279 3582 3345 Quesnellus
3607 3296 3702 3337 re-

2122 3348 2259 3416 perit
2287 3360 2489 3417 septem
2520 3364 2677 3403 voces
2704 3360 2987 3420 sequentes
3010 3391 3023 3411 ,
3056 3362 3111 3403 ut
3143 3352 3194 3402 in
3224 3351 3366 3404 nullo
3395 3351 3698 3420 inferiorum

2122 3428 2325 3487 putetur
2354 3421 2627 3489 imminuta
2657 3420 2880 3489 libertas.
2914 3419 3019 3474 Nos
3040 3430 3298 3489 praeterea
3329 3419 3627 3476 invenimus
3648 3423 3703 3476 in

2067 3502 2090 3558 ζ
2124 3503 2253 3543 is.
2278 3491 2487 3543 collect.
2514 3488 2581 3542 12
2602 3500 2655 3545 et
2680 3488 2770 3554 24,
2806 3506 2869 3543 ac
2897 3491 2947 3544 in
2975 3488 3269 3558 exemplari
3298 3490 3563 3546 Sichardi.
3593 3492 3702 3546 De-

2126 3559 2427 3613 siderantur
2456 3576 2583 3616 vero
2629 3562 2681 3614 in
2714 3562 2925 3615 caeteris
2959 3562 3154 3615 nostris
3184 3561 3340 3615 codd.
3381 3563 3593 3616 collect.
3630 3561 3692 3613 11

2124 3639 2177 3684 et
2219 3629 2307 3700 21,
2342 3633 2478 3685 sicut
2509 3633 2668 3685 etiam
2702 3632 2754 3685 in
2782 3643 2985 3700 septem
3017 3646 3045 3684 a
3075 3631 3361 3699 Quesnello
3392 3632 3704 3687 memoratis

2123 3712 2236 3754 not.
2263 3699 2317 3753 2.
2362 3700 2416 3755 lit
2446 3718 2548 3755 uno
2578 3701 2788 3755 Tltuan.
2810 3741 2823 3765 ,
2847 3699 2916 3755 in
2942 3700 3248 3770 Cantabrig.
3279 3712 3330 3756 et
3361 3702 3697 3770 Trecopith.,

2123 3771 2199 3844 sic
2224 3786 2319 3840 per
2347 3772 2548 3844 saltum
2568 3774 2807 3844 sequitur
2829 3813 2843 3835 ,
2874 3776 3023 3844 utad
3054 3774 3299 3841 majorem
3334 3772 3426 3826 Dei
3457 3773 3698 3844 gloriam.

2121 3840 2313 3895 Nostra
2345 3842 2668 3907 exemplaria
2693 3842 2903 3896 collect.
2930 3841 3015 3907 ll,
3048 3840 3143 3910 pro
3162 3840 3477 3896 summoruni
3503 3843 3701 3898 habent

2122 3927 2474 3977 summopere;
2497 3925 2700 3977 septem
2730 3913 2923 3967 laudati
2946 3916 3158 3967 codices
3177 3914 3449 3979 Quesnelli
3472 3928 3703 3967 summo-

2121 3998 2267 4054 pere,
2283 3983 2365 4036 vel
2394 3997 2805 4054 summaperum;
2828 3997 2896 4038 ex
2922 3998 3028 4051 quo
3049 3999 3234 4039 omnes
3255 4000 3319 4038 ex
3340 3984 3529 4041 eodem
3553 3984 3702 4040 fonte

2124 4053 2335 4118 prodire
2359 4053 2669 4107 noscuntur.

2197 4120 2216 4160 ι
2253 4123 2515 4178 Iudicatur
2544 4125 2745 4176 libertas
2771 4123 3029 4177 examinis
3058 4137 3088 4176 a
3120 4122 3365 4177 Patribus
3395 4124 3695 4179 Chalcedo-

2123 4194 2377 4265 nensibus
2406 4194 2604 4248 utiliter
2633 4193 2888 4265 adhibita,
2917 4195 3271 4265 utinonnullis
3290 4195 3573 4265 episcopis,
3606 4195 3703 4264 qui

2121 4264 2188 4318 de
2218 4264 2412 4318 Leonis
2440 4264 2749 4317 deﬁnitione
2777 4264 3147 4333 ambigebant,
3188 4264 3527 4318 difficultates
3570 4280 3703 4320 suas

2121 4334 2174 4389 in
2205 4335 2433 4389 concilio
2470 4334 2888 4404 proponentibns
2908 4375 2923 4399 ,
2956 4351 3050 4403 per
3078 4344 3365 4389 tractatum
3400 4350 3463 4389 ac
3489 4335 3697 4390 discus-

2122 4406 2328 4460 sionem
2357 4407 2606 4460 catholici
2635 4406 2894 4474 dogmatis
2925 4404 3324 4471 satisfacerent,
3370 4405 3703 4473 eosdemque

2121 4475 2440 4531 catholicum
2468 4491 2707 4535 sensum,
2741 4491 2895 4541 quem
2928 4476 3105 4529 minus
3136 4474 3522 4543 intelligehant,
3553 4476 3694 4531 edo-

2124 4556 2339 4611 cerent,
2386 4555 2545 4613 atque
2583 4546 2963 4600 conﬁrmarent
2992 4546 3044 4599 in
3088 4544 3211 4600 title.
3257 4545 3332 4599 lta
3366 4545 3456 4610 ﬁt,
3498 4556 3557 4599 ut
3581 4547 3702 4614 ipsa

2121 4619 2305 4671 veritas
2333 4625 2379 4670 et
2406 4616 2596 4670 clarius
2626 4617 2919 4679 renitescat,
2949 4628 2995 4669 et
3024 4617 3205 4685 fortius
3234 4617 3539 4675 retineatur.
3574 4617 3703 4670 dum

2122 4703 2237 4758 qua
2261 4687 2388 4756 ﬁdes
2417 4688 2559 4755 prius
2588 4687 2759 4740 docuit
2788 4702 2881 4755 per
2908 4686 3223 4758 pontiﬁces,
3251 4687 3360 4758 tunc
3384 4696 3555 4753 postea
3577 4704 3703 4741 exa-

2123 4755 2336 4829 minatio
2364 4760 2679 4821 conﬁrmat-it
2703 4774 2723 4824 ;
2760 4765 2805 4809 et
2827 4761 2895 4829 ad
2914 4759 3160 4829 majorem
3182 4755 3281 4810 Dei
3305 4757 3519 4829 gloriam
3540 4761 3704 4829 profi-

2126 4829 2226 4881 ciat
2255 4828 2371 4897 ﬁnis
2399 4829 2645 4881 examinis
2664 4869 2680 4892 ,
2714 4828 2918 4896 quando
2947 4828 3012 4880 ad
3049 4828 3144 4881 hoc
3170 4843 3225 4881 se
3250 4828 3430 4897 accipit
3460 4831 3704 4881 exerendi

516 4870 748 4965 ῗᾷξῆὲις,
776 4901 1028 4968 amplius.
1048 4944 1059 4955 .
1081 4941 1128 4957 ..
1157 4911 1206 4956 et
1232 4910 1372 4954 tanto
1400 4903 1584 4971 magis.
1610 4898 1741 4953 Cod.
1773 4900 1887 4953 Vat.
1907 4899 2017 4954 col-
2053 4870 2100 4929 υ
2125 4870 2920 4971 ξὲἷῖυέζ’ἓὶὲἧῖἰι’ἇὲῆε’άὲίέξῖξῖἆ
2940 4870 3699 4971 ἱεῖισὶίἷᾶτ”ᾇαῖἓῖἓ¹ἕὶξιεῖὲὀὲἱὶὖί

436 4967 563 5041 lect.
595 4971 665 5026 24
692 4986 739 5026 et
774 4967 1087 5037 Sicltardus,
1117 4972 1336 5041 amplior
1358 4967 1503 5024 nobis
1530 4973 1582 5025 in
1600 4975 1693 5024 hac
1724 4988 1778 5025 re
1805 4971 1860 5041 [it
1889 4986 2016 5041 gau-

438 5040 596 5113 dendi
624 5044 856 5109 materia,
884 5043 1002 5095 dum
1026 5054 1166 5097 tanto
1192 5040 1375 5113 magis,
1399 5051 1504 5096 etc.

509 5109 540 5151 ⁴¹
580 5113 678 5167 Ms.
711 5115 826 5167 Vat.
863 5115 1069 5167 cnllect.
1106 5114 1165 5167 11
1197 5156 1211 5178 ,
1259 5109 1411 5168 etiam
1438 5114 1490 5164 in
1519 5111 1705 5166 Christi
1736 5112 2013 5165 ministras.

439 5182 569 5241 Mss.
596 5185 806 5239 collect.
839 5181 902 5239 21
938 5185 1064 5238 item
1089 5184 1307 5251 habent,
1342 5186 1394 5237 in
1416 5180 1607 5237 Christi
1628 5184 1906 5243 ministros.

442 5264 449 5270 '
512 5253 536 5276 '
576 5254 705 5308 Tres
730 5256 887 5310 codd.
920 5256 1037 5310 Vat.
1066 5256 1278 5310 collect.
1311 5257 1369 5310 11
1408 5263 1461 5308 et
1486 5256 1575 5319 21,
1607 5255 1844 5308 instituit.

519 5322 540 5363 ί
579 5323 865 5395 Illyriciani
905 5326 1105 5381 scilicet
1139 5336 1193 5380 et
1230 5324 1497 5381 Palaesﬁni
1523 5367 1537 5388 ,
1585 5326 1709 5395 dum
1754 5324 2019 5393 legeretur

438 5397 599 5464 epist.
626 5394 716 5459 28,
738 5397 803 5450 ad
834 5396 1164 5461 Flavianum,
1193 5398 1403 5452 actiOtte
1429 5397 1485 5459 2,
1513 5394 1897 5449 dubitationem
1922 5397 2019 5448 tri-

438 5467 539 5523 bus
562 5468 612 5520 itt
643 5470 772 5522 locis
796 5470 1147 5535 protulerunt,
1173 5484 1330 5538 quam
1357 5468 1535 5520 Statim
1565 5467 1748 5538 Aetius
1767 5465 2014 5538 etg'l‘_hco-
2052 5516 2063 5533 ι

439 5538 648 5593 doritus
670 5540 955 5594 excludere
975 5540 1074 5594 nisi
1103 5535 1244 5593 sunt.
1269 5538 1545 5593 Videtom.
1563 5535 1627 5591 IV
1646 5535 1852 5591 Concil.
1875 5535 2007 5589 Ven.

440 5610 691 5664 editionis
725 5626 841 5679 pag.
890 5611 1046 5665 i238.
1082 5610 1361 5679 Illyriciani
1403 5622 1562 5671 vero,
1610 5610 1802 5679 quibus
1841 5606 2013 5679 adhuc

441 5681 776 5735 nonniltilnm
793 5676 1183 5749 ambigentide
1203 5695 1263 5733 ac
1289 5678 1528 5732 inducias
1545 5678 1848 5749 petentibus
1864 5676 2015 5749 quin-

442 5766 547 5819 que
569 5751 686 5804 dtes
714 5748 958 5805 concessi
988 5753 1217 5814 fuerunt,
1251 5751 1482 5802 didicere
1503 5764 1620 5815 quae
1641 5750 1709 5801 ob
1734 5748 2015 5819 diversita-

445 5817 555 5879 tem
583 5823 776 5887 lingua:
801 5822 855 5876 in
885 5821 1078 5878 Leonis
1104 5821 1388 5886 epistolam
1419 5833 1527 5873 non
1561 5827 1707 5873 recte
1734 5817 2014 5873 intellexe-

2123 4972 2373 5023 nimirum
2417 4971 2504 5039 qui
2545 4969 2777 5023 delinitis
2823 4983 2941 5023 sese
2979 4968 3341 5038 apponebant.
3394 4968 3523 5023 Cum
3572 4985 3704 5021 vero
3749 4998 3755 5025 ;

2123 5040 2267 5094 hunc
2289 5040 2444 5093 linem
2472 5050 2670 5093 tantum
2698 5039 2960 5108 ejusmodi
2984 5038 3189 5093 libertas
3210 5079 3225 5100 ,
3251 5048 3306 5093 et
3331 5053 3552 5093 examen
3577 5054 3703 5105 s[tc-
3750 5056 3759 5085 τ

2121 5120 2299 5175 cient,
2331 5118 2388 5163 ut
2412 5127 2529 5179 qua:
2556 5111 2878 5164 deﬁnierunt
2905 5112 3097 5163 summi
3127 5109 3428 5177 pontifices.
3458 5112 3698 5174 episcopi
3748 5130 3755 5168 ;

2122 5182 2474 5243 confirment,
2511 5191 2562 5235 et
2592 5191 2960 5251 oppugnantes
2991 5180 3284 5244 edoceant,
3320 5192 3383 5233 ac
3410 5180 3477 5232 ab
3512 5194 3701 5234 erron-
3751 5186 3755 5189 '

2124 5262 2455 5317 removeant,
2484 5251 2637 5309 facile
2660 5250 2969 5320 intelligitur
2996 5259 3258 5319 quatenus
3283 5250 3355 5303 sic
3376 5265 3699 5303 summorum

2121 5332 2344 5376 servetur
2368 5324 2646 5375 auctoritas
2667 5362 2682 5385 ,
2715 5331 2771 5374 ut
2792 5323 2845 5375 in
2872 5322 3016 5374 nullo
3041 5321 3344 5389 inferiorum
3372 5329 3578 5391 putetur
3602 5320 3701 5391 imo

2122 5394 2321 5445 minuto
2359 5391 2587 5446 libertas.
2639 5392 2915 5446 Falluntur
2940 5392 3160 5445 nimium
3191 5393 3281 5460 qui
3313 5390 3381 5445 ex
3414 5392 3497 5444 his
3520 5390 3700 5443 verbis

2122 5463 2375 5532 colligunt
2403 5463 2634 5517 Leonem
2665 5476 2879 5533 putasse
2903 5462 3168 5531 episcopis
3197 5462 3248 5515 in
3270 5461 3698 5533 Chalcedoneusi

2119 5531 2348 5587 concilio
2379 5536 2601 5587 liberum
2636 5531 2690 5587 et
2720 5535 2919 5587 licitum
2959 5534 3121 5587 fuisse
3151 5547 3302 5586 suam
3334 5531 3697 5586 deﬁnitionem

2123 5604 2174 5657 in
2203 5605 2425 5671 epistola
2452 5605 2523 5658 28
2567 5605 2630 5657 ad
2672 5604 2979 5658 Flavianum
3017 5605 3310 5671 expositam
3354 5604 3423 5656 ita
3466 5602 3697 5656 examini

2121 5676 2405 5743 subjicere,
2431 5685 2489 5728 ut
2520 5686 2736 5742 possent
2767 5676 2833 5726 alt
2859 5691 2921 5728 ea
2945 5677 3248 5733 dissentire.
3284 5683 3336 5726 et
3361 5674 3614 5741 judicium
3647 5674 3697 5726 ei

2119 5747 2445 5800 contrarium
2475 5748 2835 5813 pronuntiare.
2868 5746 2944 5798 Ad
2969 5761 3085 5797 eam
3114 5746 3479 5797 definitionem
3509 5754 3559 5797 et
3583 5744 3693 5809 epis

2121 5818 2311 5871 stolam
2344 5819 2646 5871 referuntur
2672 5816 2756 5871 illa
2780 5817 3041 5879 aute/ides
3060 5819 3204 5877 prius
3235 5816 3495 5879 docuerat,
3525 5823 3579 5867 et
3608 5813 3693 5873 illa
