4072 6358
335 482 476 541 1089

1715 469 2040 527 EPISTOLA
2082 466 2245 526 CXX.

3456 456 3594 520 £030

334 595 593 665 majorem
628 593 720 648 Dei
751 592 971 663 gloriam
997 593 1206 659 prolicit
1230 594 1346 646 linis
1376 593 1667 652 examinis.
1695 591 1907 661 quando
1934 595 1986 651 Α
2014 603 2209 643 nocere
2236 588 2366 642 nihil
2391 595 2592 655 posset.
2642 585 2721 643 De
2746 600 2852 656 quo
2872 593 2927 643 et
2965 583 3094 641 illud
3115 581 3463 650 Omnipotens
3487 580 3589 635 mi-

334 684 401 740 ad
427 689 526 739 hoc
542 700 599 738 se
627 686 814 751 accipit
836 686 1086 737 cserendi
1118 682 1328 748 ﬁducia,
1363 692 1419 736 ut
1446 684 1687 735 vincatur
1714 681 1901 735 adver-

334 777 464 829 sitas
497 793 510 827 :
567 792 632 829 ne
664 775 802 842 quod
839 789 933 843 per
962 792 1019 828 se
1062 775 1314 844 probatur
1353 776 1668 841 reprobum,
1712 771 1909 829 silentii

340 868 655 937 pra-judicio
683 868 925 922 videatur
945 882 1278 937 oppressam.

403 962 531 1018 CAP.
562 962 709 1017 Il.—-
740 964 954 1017 Exsulta
1010 963 1186 1032 igitur,
1217 962 1534 1017 charissime
1584 961 1766 1027 frater,
1801 969 1827 998 ⁸
1857 969 1912 1017 et

335 1056 387 1109 in
419 1057 579 1109 unico
612 1055 702 1107 Dei
730 1054 862 1109 Filio
890 1057 1062 1110 victor
1082 1057 1310 1109 exsiilta.
1351 1054 1485 1108 Vicit
1544 1070 1636 1118 per
1689 1066 1785 1107 nos
1825 1053 1914 1108 ille

338 1160 436 1208 pro
465 1158 546 1209 se,
569 1148 724 1209 cujus
752 1147 931 1199 carnis
960 1145 1159 1199 veritas
1191 1148 1499 1213 negabatur.
1531 1144 1667 1198 Vicit
1696 1160 1791 1212 per
1818 1159 1915 1198 nos

334 1247 390 1292 et
423 1254 515 1305 pro
541 1239 694 1291 nobis
726 1238 834 1299 ille.
886 1236 973 1291 eoi
1004 1238 1249 1291 vicinius.
1280 1238 1306 1275 δ
1357 1238 1603 1293 Secunda
1664 1246 1745 1292 est
1798 1246 1917 1306 post

334 1331 621 1384 adventum
654 1330 859 1385 Domini
889 1332 1003 1386 haec
1036 1334 1151 1385 orbi
1182 1330 1463 1386 festivitas.
1505 1332 1786 1386 Hedditum
1816 1344 1918 1385 saa-

336 1424 459 1476 ciilo
505 1430 609 1485 est,
658 1423 910 1490 praedone
955 1432 1246 1493 prostrato,
1294 1422 1676 1478 incarnationis
1722 1421 1917 1476 divinae

337 1514 654 1584 mysterium
681 1532 695 1568 :
727 1514 867 1584 quod
896 1514 1110 1568 humani
1140 1514 1643 1583 generisinimicus,
1676 1515 1798 1583 quia
1830 1528 1917 1568 re-

340 1607 442 1662 bus
465 1606 597 1673 ipsis
630 1606 842 1659 aulerre
868 1620 974 1659 non
1004 1615 1228 1669 poterat.
1260 1606 1540 1659 Calulllttiis
1574 1604 1914 1659 obscurabat.

337 1697 649 1765 Quinimmo
679 1697 748 1751 ab
771 1696 1168 1751 incredulornm
1197 1696 1360 1750 corde
1414 1697 1643 1764 perierat
1694 1696 1915 1749 iiiimor-

342 1789 450 1844 tale
480 1787 813 1853 mysterium,
843 1788 967 1855 quia
1000 1787 1133 1841 nihil
1169 1790 1383 1854 prodest
1412 1798 1552 1840 tanta
1584 1787 1726 1839 salus
1748 1786 1920 1842 incre-

340 1881 501 1945 dulis,
535 1881 646 1949 ipsa
683 1879 915 1934 Veritate
943 1879 1053 1932 suis
1092 1880 1301 1932 dicente
1325 1878 1603 1947 discipulis
1637 1894 1650 1930 :
1681 1878 1778 1943 Qui
1805 1892 1917 1932 cre-

2015 685 2235 739 rabilins
2264 686 2391 751 egit.
2420 683 2542 753 quia
2574 690 2627 735 el.
2647 697 2778 752 quos
2806 680 2906 735 sibi
2936 677 2956 718 ι
3006 678 3180 733 socios
3222 677 3287 730 ad
3314 672 3593 730 Israelitici

2012 776 2189 846 populi
2214 776 2388 829 ciedes
2417 776 2699 839 asciverat,
2729 788 2831 827 non
2861 786 2982 827 cum
3033 767 3334 841 tyrannidis
3365 774 3592 822 auctore

2010 866 2321 927 submersit,
2347 866 2437 919 sed
2459 881 2579 920 cum
2606 880 2704 919 suo
2732 864 2927 932 populo
2955 859 3325 931 congregavit;
3346 868 3420 927 et,
3453 859 3597 912 sicut

2012 976 2196 1017 reveri
2228 973 2285 1014 se
2325 959 2567 1028 dignum,
2602 967 2654 1009 et
2681 956 2779 1009 soli
2811 956 2910 1008 sibi
2954 953 3209 1020 possibile
3232 950 3350 1005 fons
3386 948 3599 1004 miseri-

2013 1051 2209 1107 cordae
2242 1058 2487 1111 noverat,
2514 1058 2539 1096 δ
2570 1050 2739 1101 victos
2775 1044 2984 1118 1223
3020 1058 3051 1097 a
3082 1044 3259 1109 nobis,
3320 1039 3595 1097 nobiseum

2017 1139 2144 1195 fecit
2164 1156 2285 1195 e~se
2312 1141 2556 1193 victores.
2580 1136 2710 1192 Nziin
2737 1138 2863 1190 dum
2898 1137 3043 1189 solus
3081 1148 3208 1187 vere
3257 1132 3328 1187 sit
3376 1130 3597 1187 humani

2016 1232 2234 1304 generis
2269 1234 2438 1286 hostis
2480 1232 2700 1299 spiritus
2747 1230 3013 1293 falsitatis,
3050 1241 3239 1282 omnes
3272 1226 3339 1282 de
3369 1224 3464 1280 illo
3489 1224 3598 1295 jam

2019 1330 2346 1397 triumphare
2370 1343 2473 1383 non
2506 1327 2728 1381 dubium
2770 1338 2874 1387 est,
2908 1339 3044 1395 quos
3076 1324 3178 1379 sibi
3206 1324 3401 1379 veritas
3431 1321 3603 1377 vindi-

2022 1425 2183 1479 cavit.
2211 1423 2359 1477 Nunc
2408 1437 2623 1488 prorsus
2674 1421 2759 1475 illa
2814 1418 3191 1486 Redemptoris
3247 1416 3416 1472 nostri
3458 1414 3600 1469 dicta

2024 1531 2187 1585 quam
2218 1517 2325 1569 siut
2352 1517 2545 1570 divinae
2584 1514 2922 1569 auctoritatis
2964 1521 3208 1581 apparet,
3250 1510 3376 1564 dum
3420 1515 3603 1563 contra

2020 1607 2201 1663 hostes
2230 1606 2349 1663 ﬁdei
2379 1608 2457 1663 sic
2502 1619 2769 1675 aptantur,
2804 1615 2859 1660 iit
2908 1606 2975 1659 de
3018 1604 3147 1673 ipsis
3174 1599 3202 1641 δ
3232 1602 3431 1657 dictum
3485 1613 3605 1654 esse

2019 1700 2265 1755 dubitare
2294 1716 2397 1753 non
2430 1700 2628 1754 liceat:
2668 1698 2809 1764 Vos,
2858 1698 3045 1767 inquit,
3104 1712 3166 1751 ex
3212 1704 3357 1768 patre
3400 1691 3603 1747 diabolo

2020 1791 2158 1853 estis,
2188 1801 2233 1843 et
2264 1790 2517 1843 desideria
2548 1790 2707 1859 patris
2736 1791 2883 1842 vestri
2910 1790 3058 1842 vultis
3085 1786 3314 1857 implere.
3362 1783 3464 1839 Ille
3514 1785 3604 1838 lio~

2022 1880 2208 1933 micida
2241 1882 2335 1950 fuit
2365 1882 2425 1931 ab
2458 1882 2623 1944 initio,
2658 1894 2700 1932 e‘
2732 1880 2781 1931 in
2814 1882 3021 1932 veritate
3062 1895 3162 1932 non
3190 1878 3343 1941 stetit,
3373 1876 3494 1946 quia
3523 1890 3607 1929 tte-

340 1974 558 2033 diderit,
618 1980 662 2023 et
704 1970 987 2037 baptizatus
1019 1971 1191 2038 fuerit,
1230 1972 1438 2040 1222
1468 1967 1639 2021 salvus
1682 1969 1806 2031 ενίῑῖ
1836 1968 1922 2036 qui
1954 1971 2001 2031 Β
2027 1974 2157 2027 ritas
2188 1975 2238 2028 in
2266 1990 2322 2027 eo
2342 1991 2439 2025 non
2470 1984 2541 2026 est
2597 1973 2813 2037 Quando
2845 1971 3068 2039 loquitur
3098 1969 3432 2034 mendacium,
3472 1965 3489 2004 ί
3545 1983 3605 2022 ea

340 2071 510 2116 autent
542 2078 642 2115 non
663 2060 957 2127 crediderit,
991 2062 1409 2114 condemnavitur
1446 2059 1637 2129 (Marc.
1670 2074 1777 2122 xvr,
1811 2058 1919 2127 16).

345 2153 1182 2221 °Solisjustitiaejiibar,densis
1221 2168 1314 2222 per
1361 2152 1635 2207 Orientem
1687 2151 1919 2205 Nestorii

340 2256 395 2302 et
430 2247 685 2317 Eutycliis
716 2247 927 2301 nebulis
954 2245 1287 2314 impeditum,
1345 2260 1477 2313 pure
1527 2245 1593 2297 ab
1634 2244 1921 2300 Occidente

340 2340 695 2408 resplr‘tiduil,
732 2334 759 2375 ά
811 2339 898 2391 ubi
931 2339 1140 2392 culmen
1172 2352 1436 2390 summum
1481 2338 1532 2389 in
1564 2338 1819 2404 apostolis
1866 2346 1920 2389 et

344 2430 658 2484 doctoribus
691 2430 1060 2497 principaliter
1087 2429 1386 2483 collocavit.
1411 2428 1664 2495 Quamvis
1697 2441 1793 2480 nec
1814 2427 1920 2481 illic

339 2536 594 2589 umquam
649 2522 885 2577 defuisse
936 2523 1238 2577 credendus
1282 2524 1382 2587 sit,
1438 2537 1544 2592 quo
1581 2521 1919 2576 confessiires

337 2612 441 2668 sibi
466 2613 713 2683 egregios
738 2614 1051 2677 reservavit,
1102 2614 1169 2667 ita
1200 2626 1249 2666 ιιι
1274 2613 1398 2666 dum
1431 2614 1606 2666 denuo
1636 2624 1921 2666 conaretur

337 2700 513 2759 hostis
539 2706 809 2773 antiquus,
830 2714 853 2741 ⁸
889 2721 979 2773 per
1006 2705 1225 2759 Secundi
1259 2704 1549 2758 Pharaonis
1579 2704 1918 2772 impmnitens

336 2806 456 2861 cor,
509 2796 628 2849 litlci
679 2797 911 2851 Abrahae
957 2811 1137 2851 semen
1194 2807 1246 2851 et
1299 2796 1435 2849 liliiis
1488 2796 1917 2864 repromissionis

336 2887 700 2955 exstinguere,
735 2887 845 2942 Deo
894 2889 1207 2952 miserante,
1264 2888 1612 2957 langiiescws
1665 2888 1767 2941 nisi
1812 2888 1915 2943 sibi

336 3046 541 3117 pariter
565 3047 719 3115 paulo
748 3056 871 3103 ante
902 3048 1174 3116 prmmissa
1200 3065 1213 3100 :
1243 3046 1567 3118 Qua-(Dens)
1588 3056 1758 3101 nostro
1776 3048 1918 3116 prius

335 3119 623 3171 ministerio
652 3119 940 3183 definierat.
962 3121 1092 3173 Num
1117 3127 1185 3171 ali
1209 3121 1270 3171 iis
1293 3136 1409 3185 qiia-
1440 3118 1565 3185 ﬁdes
1587 3120 1778 3181 docuit,
1802 3134 1918 3186 quze

337 3186 483 3243 Di-us
504 3190 751 3257 deﬁnivit,
779 3205 872 3255 per
893 3192 1263 3260 quodcumque
1286 3204 1508 3260 examen
1537 3190 1787 3242 recedere
1805 3189 1919 3244 Citi-

272 3312 285 3324 ,
334 3273 497 3328 quam
529 3260 691 3313 licet?
721 3260 855 3326 Quid
886 3259 1025 3328 quod
1050 3262 1260 3314 t'oncdit
1290 3259 1748 3314 Ciialcedouensis
1780 3272 1915 3314 tem-

336 3343 470 3397 pore
491 3333 747 3394 agebatur
768 3348 871 3384 non
892 3333 1063 3385 solum
1093 3334 1157 3385 de
1180 3332 1228 3384 ιι.
1253 3331 1491 3383 lliiitioiie
1509 3336 1695 3398 prima:
1716 3340 1767 3384 et
1789 3346 1917 3398 apo-

333 3400 542 3453 stolicae
574 3401 732 3463 sedis,
763 3418 919 3470 quam
940 3402 1047 3455 Leo
1074 3402 1231 3455 ctiam
1256 3405 1322 3454 ab
1354 3403 1501 3454 initio
1531 3411 1597 3454 ita
1631 3402 1911 3454 tenendam

2021 2064 2129 2117 suis
2157 2066 2405 2134 loquitur,
2462 2064 2585 2134 quia
2632 2064 2852 2116 mendax
2892 2071 2986 2129 est,
3023 2070 3071 2115 et
3111 2071 3255 2131 pater
3283 2062 3394 2133 ejus
3426 2056 3604 2132 (Joan.

2023 2169 2137 2219 νιιι,
2168 2154 2286 2225 44).

2096 2248 2224 2301 Csr.
2253 2246 2427 2301 lll.—
2458 2246 2593 2299 Nihil
2627 2260 2754 2314 ergo
2780 2244 3081 2300 mirandum
3109 2251 3192 2300 est
3234 2242 3375 2313 quod
3420 2241 3473 2296 hi
3518 2245 3605 2311 qui

2024 2340 2076 2392 in
2105 2340 2329 2392 veritate
2364 2339 2451 2391 llei
2488 2352 2583 2390 nos
2609 2352 2685 2390 ra:
2715 2348 2919 2389 natura;
2966 2335 3300 2389 mendacium
3354 2333 3606 2389 credide-

2024 2441 2165 2490 runt.
2201 2433 2332 2497 patri
2359 2446 2455 2482 suo
2500 2438 2556 2483 et
2605 2429 2744 2483 circa
2779 2430 2876 2483 ista
2929 2427 3292 2493 coiiciirdaiit;
3350 2426 3605 2498 quidquid

2027 2521 2223 2587 visuiii,
2267 2522 2523 2591 quidquid
2557 2520 2818 2585 auditum,
2852 2521 3106 2591 quidquid
3161 2521 3411 2591 denique,
3472 2530 3606 2576 teste

2026 2612 2334 2681 Evangelia,
2372 2623 2568 2665 tactum
2600 2624 2681 2666 est
2707 2623 2868 2680 atque
2903 2612 3169 2679 palpatum
3204 2611 3257 2665 in
3310 2612 3466 2664 unico
3508 2610 3604 2665 Dei

2026 2705 2183 2773 Filio,
2215 2722 2317 2759 non
2347 2707 2461 2775 ejus
2488 2705 2642 2774 cujus
2688 2705 2970 2773 probatum
3016 2717 3117 2774 est,
3146 2716 3470 2767 asserentes,
3512 2704 3605 2760 sed

2024 2808 2310 2852 comlernze
2339 2810 2391 2851 et
2419 2799 2790 2852 coe~senlialis
2841 2796 2985 2851 Patri
3036 2798 3197 2852 luisse
3244 2797 3604 2851 substantiae:

2023 2892 2175 2962 quasi
2224 2902 2315 2945 aut
2368 2891 2672 2946 Divinitatis
2704 2888 2717 2940 i
2770 2902 2955 2945 natura
2985 2893 3159 2946 crucis
3182 2892 3322 2960 ligno
3351 2889 3604 2945 transﬁxa

2022 3047 2232 3122 lect._2l
2252 3093 2263 3114 ,
2298 3066 2386 3122 per
2415 3066 2562 3122 quem
2591 3050 2816 3122 secunda
2842 3060 2932 3101 est.

2098 3130 2120 3159 °
2146 3120 2198 3175 lu
2227 3117 2461 3186 inirgine
2492 3120 2693 3173 Cuncil.
2730 3134 2795 3173 ex
2850 3134 2976 3173 mss.
3008 3118 3218 3174 collect.
3250 3117 3340 3186 21,
3369 3119 3462 3174 Sol
3484 3120 3597 3185 iuo-

2024 3191 2147 3245 titia:
2174 3192 2451 3245 subaideus
2472 3207 2560 3261 per
2585 3190 2859 3261 Orientem.
2888 3190 2982 3243 Hic
3010 3205 3160 3244 error
3210 3202 3358 3244 ortus
3403 3200 3487 3245 est
3532 3206 3600 3244 ex

2024 3263 2305 3315 arbitrario
2364 3260 2737 3315 emendatione
2793 3260 3095 3326 depravata!
3146 3262 3407 3328 lectionis,
3446 3275 3604 3328 quam

2023 3331 2319 3385 invenimus
2344 3335 2392 3385 in
2417 3334 2537 3385 ciid.
2565 3331 2682 3385 Vat.
2708 3332 2915 3385 collect.
2953 3331 3038 3395 ll,
3066 3330 3203 3386 Solis
3242 3333 3459 3399 justititz
3484 3330 3605 3385 sub-

2020 3404 2288 3467 ardentia;
2331 3406 2414 3457 ubi
2464 3412 2643 3456 tamen
2688 3402 2848 3456 lectio
2889 3403 3055 3456 textui
3088 3405 3286 3457 inserta
3314 3404 3443 3457 satis
3471 3401 3605 3457 emi-

334 3472 594 3535 credidit,
632 3481 687 3524 ut
714 3460 993 3527 litereticos‘
1020 3473 1307 3526 declararit
1334 3474 1421 3542 qui
1460 3474 1613 3525 aliter
1641 3484 1911 3536 saperent,
1943 3460 1990 3525 (Ξ
2023 3483 2127 3542 cat.

332 3542 599 3608 cujusque
618 3542 838 3610 proinde
852 3544 1295 3613 subscriptionem
1331 3546 1404 3597 iiii
1433 3543 1650 3595 omnino
1679 3543 1912 3596 debitam

330 3613 647 3678 requisivit,
691 3628 872 3667 verum
914 3617 1071 3667 etiam
1111 3615 1177 3667 de
1208 3614 1513 3667 tlelinitionc
1543 3618 1914 3682 cpi-Copoi'um

330 3682 818 3753 subscriptiOnibus
842 3686 905 3737 ab
933 3687 1164 3738 universa
1190 3683 1416 3738 Ecclesia
1440 3694 1672 3753 recepti,
1705 3696 1775 3737 uti
1805 3697 1913 3738 Ira-

330 3751 483 3822 ditnr
512 3755 669 3822 epist.
694 3754 783 3821 88,
816 3769 863 3808 c.
898 3758 920 3807 l
956 3766 1009 3809 et
1039 3757 1090 3818 5,
1125 3771 1187 3810 ac
1217 3762 1372 3819 epis'.
1401 3756 1488 3809 9|.
1517 3751 1645 3821 Quis
1672 3756 1831 3809 etiam
1862 3755 1912 3808 iri

330 3820 577 3895 liberiori
607 3826 983 3880 nonnullorum
1013 3834 1300 3895 systcmate
1323 3820 1618 3879 ileliniiioiii
1649 3825 1912 3892 ejusmodi

331 3894 667 3948 contrarium
698 3896 919 3953 sentire.
947 3894 1389 3950 antcoiitr.iriaiu
1424 3896 1745 3949 sententiam
1773 3900 1916 3949 terre

330 3962 543 4017 licitum
573 3967 861 4034 opinetur?
907 3966 1139 4021 Leonem
1171 3968 1381 4033 quidem
1426 3980 1531 4018 non
1572 3966 1639 4017 itu
1680 3965 1915 4019 sensisse

332 4041 507 4104 testes
552 4047 677 4089 sunt
716 4040 953 4103 ejusdem
983 4038 1221 4104 epistolze
1252 4038 1319 4091 30
1350 4050 1401 4090 et
1431 4035 1529 4095 93.
1569 4050 1686 4103 cap.
1721 4036 1784 4100 2,
1825 4034 1914 4089 ubi

328 4103 498 4158 ﬁdem
518 4106 624 4171 jam
658 4107 709 4160 in
741 4122 799 4159 ea
823 4106 1049 4176 epistola
1078 4107 1379 4169 delinitaiin,
1412 4109 1461 4159 in
1491 4104 1720 4160 concdio
1744 4119 1917 4159 retra-

329 4177 471 4229 etari
503 4192 563 4226 ac
592 4177 641 4229 in
671 4177 1083 4244 disputationem
1116 4176 1338 4240 adduci,
1371 4191 1432 4229 ac
1468 4178 1511 4229 si
1542 4192 1738 4242 anceps
1768 4184 1914 4229 esset

328 4254 502 4313 atque
524 4246 704 4310 dubia,
727 4250 945 4301 omnino
974 4248 1266 4302 interdixit.
1297 4249 1442 4300 Sicut
1463 4249 1746 4301 ctmt'ilium
1773 4248 1912 4313 cogi,

330 4313 413 4368 ita
438 4328 497 4369 et
517 4326 793 4370 tractatum
826 4321 877 4372 in
902 4335 967 4373 eo
992 4318 1174 4372 halieri
1197 4322 1497 4382 consensit,
1523 4328 1576 4370 ιιι
1597 4318 1684 4384 ιιιιί
1706 4318 1913 4382 decepti

327 4384 572 4450 fuerant,
601 4388 668 4439 ad
695 4389 935 4441 unitatem
963 4391 1101 4458 paris
1123 4405 1182 4441 ac
1214 4390 1333 4455 ﬁdei
1355 4404 1635 4457 compressa
1659 4390 1794 4441 omni
1819 4389 1917 4441 dis-

328 4458 571 4509 sensione
595 4472 971 4512 revocarentur.
1004 4459 1134 4513 Vide
1155 4462 1312 4528 epist.
1346 4460 1445 4513 89.
1474 4474 1536 4512 ac
1562 4458 1705 4527 plura
1740 4460 1788 4510 in
1820 4460 1912 4511 ob-

328 4528 731 4581 servationibus
745 4531 811 4583 ad
823 4531 1032 4583 dissert.
1054 4533 1087 4584 8
1105 4532 1392 4594 Questielli.
1414 4529 1682 4582 Adilemus
1700 4528 1912 4582 tandem

327 4606 396 4651 et
422 4598 585 4651 aliud.
625 4596 758 4652 Cum
788 4611 903 4667 post
938 4603 1105 4670 ipsam
1131 4600 1621 4654 Chalceilonensem
1654 4601 1913 4668 synodum

326 4672 408 4722 ad
435 4676 872 4734 compescendos,
906 4686 1001 4725 seu
1026 4671 1605 4738 revinrendasinjustas
1624 4670 1915 4739 Eutycliia-

329 4752 533 4792 norum
547 4739 867 4812 deejnsdem
887 4745 1075 4812 synodi
1094 4744 1401 4795 delinitione
1423 4741 1690 4809 qiieielas,
1718 4756 1913 4812 novum

2089 3540 2117 3580 ά
2147 3544 2349 3612 Vttlguli
2397 3543 2589 3597 Leonis
2627 3542 2833 3607 antiqui
2884 3559 3004 3597 cum
3060 3558 3188 3597 mss.
3215 3544 3427 3598 collect.
3457 3542 3527 3597 24
3548 3552 3605 3599 et

2018 3613 2299 3674 Sicliardo,
2331 3615 2413 3666 tibi
2438 3615 2796 3686 conmercium
2845 3615 2896 3667 in
2948 3615 3213 3686 apostolis.
3241 3614 3465 3686 Bittius,
3518 3614 3603 3667 ubi

2018 3688 2218 3738 culmen
2247 3696 2501 3739 sanctum.
2530 3685 2851 3751 Quesni-llus
2873 3700 2935 3739 ex
2981 3683 3100 3739 cod.
3161 3683 3493 3748 Grimaiiico,
3550 3691 3605 3739 et

2021 3770 2141 3809 ciiin
2166 3756 2398 3810 editione
2428 3758 2685 3820 liouiaiia,
2723 3755 2804 3809 ubi
2833 3756 3030 3809 culmen
3057 3771 3227 3808 suum.
3262 3755 3604 3810 Praetulimus

2021 3825 2305 3880 lectionem
2336 3843 2427 3880 sex
2453 3825 2676 3879 aliorum
2710 3839 2837 3879 mss.
2865 3824 3163 3893 Quesnelli,
3191 3836 3243 3879 et
3296 3836 3598 3879 nostrorum

2019 3896 2238 3951 collect.
2274 3898 2359 3952 ll.
2395 3896 2460 3950 12
2482 3895 2618 3948 etSt
2657 3910 2719 3950 ac
2748 3896 2999 3949 editionis
3028 3896 3190 3951 Surii.
3226 3895 3494 3960 Labbeus,
3519 3896 3604 3949 tibi

2017 3967 2219 4019 culmen
2241 3968 2293 4019 iu
2323 3968 2586 4037 apostolis,
2616 3980 2665 4020 et
2693 3983 2945 4020 sumntum
2972 3966 3024 4019 iii
3065 3969 3325 4035 margine.
3359 3966 3604 4021 lunuitur

2017 4039 2216 4089 culmen
2245 4036 2520 4098 summum,
2546 4053 2639 4091 seu
2673 4041 3024 4105 prteroaativa
3067 4037 3323 4091 Romanae
3352 4036 3604 4091 Ecclesia:

2016 4122 2177 4173 supra
2203 4120 2425 4161 cancros
2455 4110 2617 4161 etiam
2639 4109 2958 4175 principales
2985 4111 3056 4161 oh
3084 4109 3357 4176 apostolos
3384 4107 3598 4161 Petrum

2016 4189 2069 4231 et
2104 4178 2344 4231 Paulum.
2378 4179 2526 4236 Nam.
2561 4188 2617 4231 ut
2648 4177 2754 4232 Leo
2780 4182 2854 4231 ait
2880 4195 3043 4232 scrin.
3091 4178 3182 4242 82,
3240 4192 3358 4246 cap.
3412 4182 3465 4245 1,
3521 4178 3604 4231 isti

2015 4250 2241 4313 suntqui
2272 4264 2318 4299 tt’
2346 4248 2412 4318 ad
2433 4248 2565 4301 lianc
2594 4249 2812 4316 gloriam
2852 4258 3202 4318 provexerunt,
3229 4257 3283 4301 ut
3402 4265 3489 4315 per
3520 4264 3604 4301 sa—

2016 4333 2155 4370 cram
2178 4319 2311 4371 beati
2344 4316 2483 4371 Petri
2513 4322 2679 4373 sedem
2708 4316 2860 4388 caput
2879 4321 3013 4373 orbis
3044 4319 3246 4387 e/fecta,
3286 4319 3440 4373 latius
3471 4334 3603 4387 prte-

2016 4389 2208 4441 sideres
2239 4392 2484 4459 religione
2527 4392 2716 4453 divina,
2746 4406 2898 4458 quam
2926 4391 3274 4443 dominatione
3303 4397 3527 4443 terrena.

2092 4472 2115 4496 ε
2140 4461 2309 4514 Codd.
2338 4458 2552 4514 ciillcct.
2606 4464 2659 4514 tl
2702 4471 2755 4513 et
2779 4461 2867 4521 21,
2900 4478 2987 4529 per
3012 4462 3264 4529 sequentis
3292 4458 3602 4514 Pharaonis.

2016 4528 2290 4601 I_iidii~aiur
2358 4533 2641 4585 Dioscorus
2687 4528 2971 4601 Aigyptius
3004 4573 3016 4590 .
3058 4528 3145 4598 qui
3207 4532 3258 4584 in
3288 4600 3293 4601 γ
3323 4530 3605 4586 latrocinio

2018 4599 2291 4671 Ephesiiio
2320 4604 2482 4654 multa
2511 4604 2559 4652 in
2597 4599 2894 4655 catholicos
2918 4618 3009 4671 per
3038 4603 3141 4654 viin
3172 4600 3388 4655 molitus
3417 4608 3519 4664 est,
3548 4610 3605 4655 ut

2017 4670 2401 4742 Eiitycliianaiu
2428 4673 2676 4727 haeresim
2708 4670 3006 4726 induceret.
3034 4672 3134 4738 Qui
3175 4684 3351 4725 autem
3398 4683 3604 4727 terrore

2017 4744 2140 4795 victi
2188 4746 2235 4798 ei
2278 4755 2573 4808 ceSseriint,
2626 4752 2831 4797 remota
2874 4744 2921 4797 vi
2957 4744 3022 4798 ad
3053 4758 3241 4797 sanam
3271 4753 3504 4798 mentem
3548 4750 3605 4798 et

326 4822 587 4891 ex_a‘mcn.
604 4809 1457 4891 Leoneitiipéralorepostulonte,
1475 4813 1770 4891 institutum
1792 4810 1909 4891 fuit,
1946 4832 1990 4891 ο
2019 4811 2577 4891 Ecclesiani__redierc.

326 4882 603 4950 editasque
633 4884 1003 4950 episcoporum
1038 4883 1195 4936 totius
1226 4883 1369 4935 orbis
1390 4884 1687 4942 sementim,
1717 4897 1832 4946 qua:
1860 4881 1910 4935 in

323 4948 537 5021 codice
560 4948 799 5021 eiicyclio
818 4948 1180 5016 continentur,
1207 4968 1310 5005 non
1335 4953 1435 5005 alia
1457 4954 1648 5005 trilititii
1677 4951 1790 5009 fuit,
1816 4966 1914 5004 nec

328 5020 498 5073 tribui
540 5020 697 5083 potuit
738 5026 1000 5090 episcopis
1032 5025 1152 5076 novi
1212 5026 1468 5075 examinis
1511 5024 1766 5079 libertas,
1816 5024 1912 5074 nisi

327 5099 527 5157 utqui:
546 5092 827 5146 concilium
848 5094 1147 5157 deﬁnierat,
1176 5093 1287 5147 haec
1320 5110 1510 5146 novum
1543 5107 1765 5145 examen
1788 5107 1915 5145 con-

326 5160 611 5225 ﬁrmaret;
636 5178 698 5217 ac
725 5174 1001 5230 propterea
1025 5164 1477 5218 Chalcedonensis
1500 5163 1711 5216 concilii
1738 5172 1917 5215 aucto-

324 5232 471 5286 ritas
496 5233 623 5285 nihil
648 5235 840 5288 exinde
863 5236 1165 5289 detrimenti
1191 5236 1361 5301 cepit;
1385 5246 1435 5288 et
1458 5236 1569 5302 qui,
1590 5249 1650 5287 ea
1673 5234 1917 5288 libertate

322 5304 529 5368 abusi,
585 5302 1079 5359 Clialcedonensem
1128 5304 1494 5358 deﬁnitionem
1541 5306 1911 5371 repudiarunt,

324 5373 580 5445 haeretici
613 5375 777 5429 habili
808 5375 977 5431 luere.
1016 5375 1219 5432 Similis
1247 5376 1449 5429 libertas
1481 5376 1565 5429 hic
1594 5390 1807 5445 quoque
1835 5375 1915 5428 in-

324 5442 627 5511 telligenda
654 5456 754 5498 est.

417 5522 441 5549 ι
472 5516 914 5582 uonjnnctionem
944 5525 990 5568 et
1020 5531 1047 5567 a
1080 5514 1368 5583 Quesnello
1398 5514 1653 5570 omissam
1684 5514 1917 5569 auctori-

319 5592 450 5641 tate
481 5601 609 5639 mss.
642 5585 852 5639 collect.
884 5586 936 5639 ll
970 5596 1025 5641 et
1056 5587 1119 5639 12
1148 5587 1537 5640 reviicavimus.
1596 5587 1721 5639 Dein
1752 5586 1912 5641 codd.

316 5656 673 5728 collecta“,
703 5673 793 5728 per
819 5674 890 5717 se,
949 5659 1069 5711 loco
1098 5674 1190 5722 pro
1210 5672 1298 5721 se;
1351 5659 1507 5711 codd.
1538 5672 1666 5710 vero
1696 5658 1909 5711 ciillect.

314 5726 401 5783 ει
439 5736 493 5780 et
514 5726 577 5780 24
609 5743 672 5781 ac
701 5726 989 5783 Sichardus
1020 5738 1304 5796 utrumque
1350 5728 1676 5783 desiderant.
1726 5728 1911 5781 PoSIea

316 5812 439 5881 pro
490 5801 693 5853 vicimus
739 5802 864 5853 editi
923 5799 1121 5855 Leonis
1144 5808 1266 5855 ante
1294 5799 1495 5865 Quesu.
1524 5814 1808 5870 perperam
1840 5799 1914 5853 vi-

314 5885 513 5923 vsnuus

407 5938 436 5976 ι’
461 5939 738 6008 Pleraeque
775 5941 1040 5997 editiones
1093 5953 1218 5998 ante
1263 5941 1462 6008 Quesn.
1488 5957 1609 5997 cum
1640 5955 1772 5997 mss.
1805 5941 1915 5996 col-

2093 4880 2113 4919 ί
2148 4884 2280 4938 Cod.
2311 4884 2427 4937 Vat.
2456 4881 2769 4950 collecl.24,
2788 4886 3034 4939 conscios.
3059 4883 3418 4951 Dein,ctedem
3441 4886 3605 4938 socia-

2018 4964 2153 5007 verat
2186 4955 2238 5007 in
2272 4958 2373 5007 alio
2403 4954 2517 5009 Vat.
2551 4954 2771 5008 collect.
2801 4953 2888 5007 11.

2093 5026 2463 5091 KQuesnellus
2514 5026 2565 5078 in
2613 5039 2854 5090 margine
2905 5044 2917 5080 :
2968 5043 2986 5076 t
3022 5024 3190 5079 Codd.
3245 5025 3501 5080 Cantabr.
3547 5033 3601 5077 et

2020 5093 2207 5165 B.irb.,
2239 5098 2395 5149 victor
2414 5097 2677 5149 uobiscum
2700 5106 2791 5147 nos
2816 5112 2985 5148 secum
3017 5096 3132 5165 fecit
3171 5112 3276 5149 esse
3314 5097 3541 5147 victores.
3580 5114 3599 5146 ι

2020 5164 2363 5246 Aiitiiiuiores
2428 5168 2693 5221 editiones
2751 5166 2947 5222 Leonis
2995 5164 3092 5237 pro
3143 5167 3353 5221 victores
3405 5165 3605 5219 habent

2022 5246 2262 5289 victuros.

2095 5302 2123 5341 ιι
2145 5305 2235 5361 Sic
2267 5306 2453 5363 melius
2481 5319 2545 5360 ex
2570 5304 2689 5361 Vat.
2717 5306 2933 5363 collect.
2975 5305 3061 5362 Η.
3092 5306 3262 5373 Alias,
3298 5305 3430 5359 dicta
3455 5304 3605 5359 dubi-

2021 5385 2152 5429 tare.

2099 5445 2111 5481 ί
2151 5447 2291 5499 Idem
2335 5446 2524 5511 codex,
2578 5464 2640 5501 ex
2665 5465 2778 5503 suo.
2814 5448 2940 5503 Mss.
2969 5446 3178 5502 collect.
3219 5448 3303 5516 12,
3334 5446 3398 5501 21
3428 5456 3480 5500 et
3508 5446 3601 5511 24,

2018 5531 2136 5569 cum
2166 5518 2411 5584 exemplo
2431 5518 2670 5572 Sichardi
2696 5530 2749 5574 et
2772 5521 2929 5574 editis
2957 5530 3081 5572 ante
3133 5520 3358 5586 Quesn.,
3412 5533 3476 5571 ea:
3496 5520 3603 5570 suis

2019 5589 2238 5656 propriis
2269 5590 2510 5656 loquitur.
2550 5590 2755 5655 Bittius,
2786 5606 2849 5643 ex
2874 5591 3114 5660 propriis.

2094 5659 2107 5707 i
2148 5660 2535 5712 Niiiiiiiiativuiii
2564 5672 2746 5714 natura
2798 5674 2829 5713 a
2874 5658 3164 5728 Quesncllo
3207 5658 3485 5728 omissum,
3536 5673 3601 5712 ex

2021 5740 2230 5782 cmlcrzs
2298 5732 2454 5783 editis
2508 5735 2861 5798 omnibusque
2907 5727 3184 5785 codicibzis
3248 5727 3597 5784 restituimus.

2022 5799 2175 5863 Dein,
2208 5809 2446 5852 cresceret
2477 5818 2564 5863 per
2591 5814 2789 5856 aetatem
2820 5804 2869 5855 iii
2896 5804 3102 5857 dnobus
3122 5817 3250 5856 mss.
3276 5802 3486 5855 collect.
3507 5799 3600 5855 21.

2018 5872 2236 5936 Postea,
2260 5872 2442 5939 spiritu
2468 5870 2562 5924 Dei
2593 5875 2643 5926 iii
2685 5874 2951 5941 plerisque
2989 5875 3146 5929 editis
3195 5880 3320 5930 ante
3346 5870 3599 5940 Quesnel.

2021 5942 2132 5999 Ιιιιιι
2162 5957 2281 5998 cttm
2314 5941 2434 5999 cod.
2465 5942 2583 5997 Vat.
2611 5943 2821 5999 collect.
2847 5941 2935 6001 24.
