4072 6358
552 483 685 542 1051

1680 478 1739 535 S.
1778 468 2022 535 LEONlS
2059 478 2273 536 MAGNI
2316 476 2689 533 EI’IS’I‘OLKE.

3682 476 3817 536 {052

553 599 641 667 sit,
656 593 1175 654 autinconvertibilis
1188 600 1435 649 crescere
1451 607 1546 663 per
1562 592 1892 656 :etates.etin
1910 594 2121 663 sapien-
2146 598 2198 657 Α
2227 603 2618 664 perpetrentur,
2647 592 2839 662 scripta
2870 592 2997 659 sint,
3024 591 3089 645 ad
3136 590 3452 662 perditionis
3480 606 3593 647 sua:
3620 605 3812 648 cumu-

554 691 624 746 tia
654 691 917 761 prolicere
946 687 1203 757 sapientia
1234 687 1581 756 sempiterna,
1618 687 1701 741 vel
1731 685 1935 755 Spiritu
1964 686 2126 753 Deus,

555 781 644 852 qui
694 780 925 851 Spiritus
979 787 1081 846 est,
1138 778 1361 833 subinde
1414 779 1607 847 repleri
1658 778 1905 846 potuerit.
1942 775 2001 831 In
2030 778 2131 831 hoc

551 887 761 943 quoque
786 886 844 927 se
866 870 1058 925 acerba
1088 870 1329 937 vesania,
1360 884 1421 922 ex
1450 884 1554 938 quo
1581 879 1801 923 auctore
1828 877 1851 907 ι
1888 880 2131 923 accesse-

551 964 640 1028 rit,
676 963 871 1033 prodit,
897 963 1035 1033 quod
1062 970 1316 1033 quantum
1349 961 1401 1015 in
1425 974 1483 1015 se
1510 968 1615 1025 est,
1634 960 1899 1015 universis
1939 972 2131 1015 nocere
2176 1018 2179 1020 ,

553 1056 735 1110 molita
768 1065 869 1111 est.
898 1055 1030 1109 Nam
1056 1052 1144 1125 qui
1172 1052 1199 1093 δ
1232 1068 1326 1107 vos
1380 1052 1747 1122 persequendo
1789 1052 1995 1119 afﬂixit,
2028 1066 2133 1107 cae-

558 1155 701 1201 teros
733 1146 799 1201 ad
825 1150 1145 1200 consensum
1173 1143 1390 1199 sceleris
1422 1143 1747 1212 impellendo
1788 1142 2126 1212 depravavit.

557 1236 664 1293 Sed
695 1252 794 1293 nec
827 1244 947 1307 nos,
980 1239 1099 1293 licet
1127 1238 1177 1292 in
1198 1237 1419 1307 singulis
1442 1236 1713 1302 fratribus,
1745 1239 1866 1308 quia
1893 1237 2130 1292 membra

553 1340 733 1385 nostra
765 1340 913 1396 sunt,
939 1330 1293 1396 vulnerasset,
1323 1343 1353 1383 a
1378 1330 1595 1397 speciali
1627 1329 1812 1384 dolore
1869 1330 1995 1385 fecit
2039 1343 2134 1384 ex-

554 1436 759 1495 ceptos,
794 1426 988 1495 quibus
1016 1438 1151 1479 nova
1181 1433 1233 1478 et
1260 1421 1496 1477 inaudita
1533 1433 1555 1462 ο
1589 1424 1736 1493 prius
1764 1430 1924 1493 atque
1956 1424 2131 1479 incre-

560 1516 709 1571 dibili
740 1516 960 1570 audacia
983 1515 1180 1570 inferre
1210 1523 1393 1569 contra
1424 1529 1577 1570 suum
1606 1523 1761 1584 caput
1794 1524 1873 1569 est
1918 1514 2134 1571 molitus

554 1606 821 1675 iniuriam.
848 1604 952 1661 Sed
973 1609 1171 1662 utinam
1196 1606 1277 1662 vel
1295 1616 1413 1677 post
1436 1615 1509 1662 tot
1530 1609 1762 1676 pessima
1786 1608 2131 1677 resipiscens,

556 1712 660 1751 non
690 1712 787 1753 nos
814 1700 974 1753 etiam
1004 1698 1072 1753 de
1112 1711 1210 1753 suo
1264 1708 1477 1753 :zcternte
1509 1698 1867 1753 damnationis
1914 1698 2134 1754 interitu

555 1790 948 1847 centristasset.
980 1792 1148 1859 Quam
1178 1800 1485 1847 mensuram
1518 1792 1736 1847 sceleris
1770 1791 2129 1859 praetermisit,

561 1884 645 1936 cui
670 1896 767 1938 nec
785 1882 887 1938 hoc
910 1883 1159 1940 sufficere
1186 1886 1376 1954 potuit,
1394 1884 1537 1955 quod
1565 1899 1663 1939 nec
1682 1885 1815 1938 vivis
1843 1884 2129 1954 parcendo,

2234 687 2340 741 lum
2364 685 2597 749 trahens,
2621 700 2740 755 quae
2772 685 2863 739 Dei
2897 684 3061 739 Filius
3087 685 3295 739 monuit
3314 684 3380 739 ad
3406 684 3658 740 salutem.
3681 684 3814 743 Illud

2232 792 2444 847 quoque
2472 776 2631 831 surda
2656 776 2815 830 nimis
2837 789 2967 831 aure
2994 776 3327 845 praeteriens,
3354 776 3499 845 quod
3527 776 3593 831 ab
3620 776 3812 832 eodem

2233 870 2462 924 Domino
2506 870 2706 924 dictum
2760 877 2842 922 est
2886 885 2899 920 :
2944 866 3058 938 Ego
3100 868 3240 935 quod
3285 867 3389 921 vidi
3441 867 3581 936 apud
3610 865 3817 922 Patrem

2234 976 2420 1027 meum,
2443 962 2643 1028 loquor,
2674 969 2721 1014 et
2744 975 2830 1014 vos
2852 958 2877 1007 α
2908 959 3043 1028 quod
3075 958 3273 1012 vidistis
3320 956 3458 1029 apud
3496 962 3695 1027 patrem
3735 974 3820 1013 ue-

2233 1064 2416 1121 strum,
2447 1054 2614 1124 facitis
2639 1052 2689 1123 (Ι
2697 1052 2783 1107 bid
2791 1091 2830 1119 .,
2864 1050 2977 1122 58).
3378 1100 3397 1103 ἢ

2304 1144 2433 1201 Car.
2458 1146 2545 1200 IV.
2578 1175 2646 1187 --
2676 1145 2839 1215 Igitur
2866 1144 2994 1199 dum
3020 1152 3216 1199 sanctae
3242 1142 3516 1198 memoria:
3560 1142 3817 1199 Flaviano

2235 1240 2397 1295 vitam
2428 1240 2708 1309 praesentis
2730 1239 2909 1294 szeculi
2938 1238 3214 1292 moliretur
3240 1236 3469 1301 auferre,
3504 1233 3535 1272 λ
3571 1251 3631 1291 se
3675 1252 3820 1292 veras

2235 1331 2361 1387 vita:
2388 1331 2507 1387 luce
2533 1332 2784 1401 privavit.
2822 1331 2954 1385 Dum
2976 1344 3072 1383 vos
3094 1330 3161 1384 ab
3185 1328 3439 1384 Ecclesiis
3483 1328 3678 1384 vestris
3725 1342 3823 1384 co-

2238 1430 2454 1478 naretur
2479 1422 2776 1492 expellere,
2802 1434 2860 1477 se
2881 1434 2911 1475 a
2939 1419 3365 1476 Christianorum
3389 1419 3614 1489 collegio
3630 1433 3822 1489 segre-

2235 1516 2398 1587 gavit.
2434 1515 2567 1570 Dum
2604 1512 2622 1552 ί
2656 1514 2817 1569 trahit
2846 1514 3128 1583 plurimos,
3158 1522 3214 1568 et
3257 1512 3479 1582 impellit
3515 1512 3581 1567 ad
3617 1514 3825 1568 erroris

2238 1620 2538 1674 assensum,
2595 1606 2878 1676 multiplici
2909 1605 3144 1659 animam
3173 1618 3326 1659 suam
3347 1604 3570 1659 vulnere
3612 1605 3824 1658 saucia-

2236 1702 2311 1755 vit
2355 1717 2367 1754 :
2401 1701 2549 1756 solus
2570 1701 2709 1755 ultra
2740 1712 2945 1767 omnes,
2979 1706 3031 1753 et
3052 1711 3146 1768 per
3170 1708 3380 1766 omnes,
3419 1711 3483 1753 ac
3509 1712 3606 1767 pro
3641 1697 3825 1753 omni-

2236 1794 2337 1851 bus
2362 1807 2487 1850 reus
2515 1838 2529 1863 ,
2556 1795 2645 1865 qui
2689 1806 2846 1849 causa
2888 1796 3069 1847 reatus
3112 1791 3363 1847 omnibus
3393 1791 3509 1846 fuit.
3561 1791 3665 1848 Sed
3696 1792 3828 1847 licet

2238 1886 2321 1942 his
2351 1896 2437 1941 tua
2468 1886 2773 1941 fraternitas
2799 1884 2972 1938 solido
2997 1884 3117 1939 cibo
3166 1882 3372 1937 firmata
3422 1882 3661 1952 indigere
3718 1882 3827 1938 mi-

558 1972 769 2050 1224
798 1993 895 2033 nec
952 1980 1203 2047 mortuis,
1247 1980 1407 2035 etiam
1440 1981 1492 2035 in
1534 1982 1791 2050 sanguine
1841 1982 2142 2037 innocentis
2170 1989 2218 2049 Β
2247 1980 2389 2034 nime
2417 1979 2903 2045 videatur,lamen,
2926 1975 3146 2045 utquod
3172 1978 3342 2029 nostri
3372 1974 3473 2029 loci
3492 1985 3573 2028 est
3595 1974 3827 2041 implea-

550 2081 603 2125 et
633 2072 878 2127 catholici
907 2072 1204 2128 Sacerdotis
1246 2072 1472 2142 pollutas
1528 2072 1553 2107 ἀ
1575 2072 1916 2142 jampridem,
1976 2073 2131 2128 abdi-

556 2170 673 2216 cata
698 2162 920 2217 veritate
947 2170 1109 2232 atque
1165 2163 1454 2232 approbata
1508 2162 1760 2225 falsitate,
1810 2176 1995 2217 manus
2050 2162 2135 2217 iu-

553 2253 749 2308 tinxit?
771 2253 836 2308 Et
861 2269 981 2309 cum
1015 2256 1270 2324 scriptum
1295 2253 1363 2308 sit
1394 2272 1405 2307 :
1440 2254 1540 2320 Qui
1590 2254 1697 2307 odit
1726 2258 1934 2324 fratrem
1960 2268 2129 2321 suum,

550 2345 807 2401 homicida
842 2358 914 2401 est
936 2347 1165 2417 (lJoan.
1197 2362 1272 2414 tn,
1314 2347 1433 2419 I3);
1465 2347 1553 2403 ille
1583 2348 1724 2417 quod
1758 2348 1881 2401 odio
1908 2349 2015 2418 jam
2050 2350 2131 2404 fe-

551 2438 689 2493 cisse
718 2448 741 2475 °
786 2439 1031 2494 addictus
1074 2447 1197 2506 est,
1248 2440 1487 2507 implevit
1539 2439 1811 2509 operibus,
1853 2442 2000 2509 quasi
2035 2455 2133 2497 nec

553 2531 666 2586 haec
687 2532 944 2597 audisset,
971 2547 1069 2588 nec
1092 2532 1217 2587 illud
1241 2533 1381 2602 quod
1415 2531 1670 2587 Dominus
1697 2533 1769 2586 ait
1800 2547 1813 2586 :
1864 2532 2052 2589 Discite
2100 2551 2133 2587 α

549 2634 628 2679 me
664 2626 783 2695 quia
813 2626 950 2679 mitis
982 2642 1091 2679 sum
1130 2635 1177 2680 et
1206 2624 1414 2680 humilis
1454 2625 1632 2693 corde,
1672 2630 1720 2677 et
1758 2625 2018 2680 invenietis
2052 2642 2133 2680 re-

550 2715 719 2783 quiem
747 2714 1009 2769 animabus
1033 2716 1231 2771 vestris.
1277 2718 1467 2787 Iugum
1506 2716 1637 2769 enim
1663 2730 1828 2769 meum
1854 2730 2008 2770 suave
2035 2727 2128 2784 est,

550 2814 597 2861 et
618 2822 747 2862 onus
776 2820 942 2863 meum
973 2809 1073 2864 leve
1110 2809 1128 2848 f
1162 2821 1234 2864 est
1289 2809 1499 2879 (Matth.
1534 2823 1605 2872 xi,
1639 2809 1727 2873 29,
1764 2808 1874 2880 '50).
1931 2808 2131 2882 Dignus

550 2898 1139 2970 diaboliciprazdicator
1162 2903 1381 2966 erroris,
1416 2901 1696 2972 Egyptius
1752 2912 1991 2958 vastator
2045 2905 2129 2960 in-

551 3001 743 3047 ventus
784 3002 894 3057 est;
946 2994 1036 3064 qui
1078 3002 1343 3066 tamquam
1376 2994 1706 3047 saevissimus
1739 3004 1992 3064 tyrannus
2022 2995 2129 3052 Ec-

548 3086 747 3152 clesiae,
771 3088 1027 3145 nefandas
1041 3088 1399 3157 bIaSphemias
1429 3085 1823 3159 perviolentam
1850 3085 2131 3144 seditioso-

548 3194 666 3233 rum
700 3180 932 3252 turbam,
960 3190 1015 3238 et
1062 3196 1162 3252 per
1209 3189 1458 3236 cruentas
1499 3194 1689 3234 manus
1714 3179 1939 3234 militum
1969 3195 2130 3237 vene-

548 3270 997 3328 randisfratribns
1018 3273 1346 3342 imponebat.
1369 3271 1435 3326 Et
1456 3286 1575 3326 cum
1602 3284 1730 3325 voce
1754 3270 2128 3340 Redemptoris

2238 2088 2355 2127 mus
2380 2072 2519 2128 circa
2547 2087 2733 2127 vocem
2775 2070 3006 2125 dicentis
3046 2070 3324 2137 Apostoli:
3375 2067 3571 2123 Prwtcr
3605 2082 3665 2121 ea
3709 2083 3831 2137 quia

2236 2166 2549 2219 extrinsecus
2571 2172 2710 2229 sunt,
2733 2162 2979 2217 instantia
3008 2177 3120 2215 mea
3147 2161 3466 2231 quotidiana,
3487 2159 3694 2231 1225
3714 2160 3828 2213 sol-

2233 2255 2444 2310 licitudo
2474 2256 2699 2310 ontnium
2731 2253 3097 2307 Ecclesiarum.
3136 2254 3263 2319 Quis
3307 2254 3623 2320 infirmatur,
3656 2261 3705 2306 et
3734 2268 3831 2325 ego

2234 2363 2336 2403 non
2373 2348 2655 2417 inﬁrmari
2697 2348 2824 2415 Quis
2870 2347 3273 2413 scandalizatur,
3320 2355 3368 2400 et
3416 2362 3506 2414 ego
3546 2362 3647 2401 non
3701 2363 3833 2402 uror

2238 2439 2305 2509 (ll
2329 2438 2449 2494 Cor.
2474 2454 2545 2506 xi,
2566 2438 2657 2505 28,
2681 2438 2812 2509 29)?
2831 2438 2943 2494 Hoc
2974 2440 3239 2509 prmcipue
3260 2440 3511 2509 praesenti
3536 2440 3828 2495 occasione

2233 2532 2503 2588 credimus
2532 2531 2953 2599 admonendum,
3006 2531 3175 2587 frater
3203 2531 3517 2587 charissime
3540 2572 3554 2597 ,
3602 2541 3660 2586 ut
3686 2544 3832 2602 quo—

2236 2626 2567 2695 tiescumque
2589 2625 2766 2680 divina
2790 2625 2959 2696 gratia
2986 2623 3414 2690 administrante,
3434 2623 3553 2680 illos
3580 2625 3669 2695 qui
3692 2623 3833 2682 foris

2233 2725 2358 2772 sunt
2399 2712 2413 2768 i
2466 2719 2612 2773 fonte
2639 2718 2899 2773 doctrinae
2940 2724 3033 2771 aut
3075 2716 3470 2786 submergimus
3491 2725 3583 2772 aut
3630 2726 3833 2788 purga-

2238 2823 2377 2877 mus,
2424 2809 2477 2864 in
2522 2809 2669 2865 nullo
2696 2809 2763 2864 ab
2794 2809 2899 2864 illis
2926 2822 3058 2879 quas
3085 2806 3322 2877 Spiritus
3346 2808 3518 2863 sancti
3558 2804 3834 2865 Divinitas

2232 2901 2285 2957 in
2314 2901 2735 2958 Chalcedonensi
2778 2901 3010 2957 concilio
3051 2902 3305 2971 protulit,
3354 2901 3476 2957 fidei
3508 2902 3705 2971 regulis
3737 2914 3829 2957 re-

2242 2993 2519 3059 cedentes,
2550 2994 2690 3049 inter
2721 2992 2747 3030 ιι
2775 3004 3059 3062 utrumque
3089 2993 3295 3049 hostem
3330 2994 3555 3049 novellae
3588 2993 3833 3062 perfidia

2233 3099 2540 3140 sermonem
2566 3094 2807 3140 nostrum
2833 3098 2954 3139 cum
2979 3084 3123 3139 omni
3151 3085 3360 3153 cautela
3392 3082 3649 3141 libremus
3674 3102 3687 3138 :
3715 3098 3831 3141 non

2226 3177 2360 3247 jam,
2381 3177 2521 3248 quod
2546 3177 2705 3241 absit,
2726 3187 2995 3246 tamquam
3017 3178 3085 3232 de
3112 3177 3287 3233 dubiis
3316 3177 3699 3247 disceptantes.
3724 3178 3830 3234 sed

2231 3272 2545 3325 auctoritate
2573 3267 2591 3307 ι
2618 3284 2824 3325 summa
2856 3274 2974 3340 qum
3002 3269 3138 3325 bene
3167 3268 3386 3325 deﬁnita
3414 3276 3538 3324 sunt
3570 3268 3829 3325 astruen-

550 3358 1002 3419 nost'rifirmatum
1026 3366 1115 3428 sit.
1148 3381 1306 3420 unum
1337 3362 1687 3432 eumdemque
1713 3362 1983 3419 homicidii
2006 3380 2127 3420 csse
2156 3364 2201 3430 C
2232 3370 2347 3429 tes;
2401 3378 2521 3419 cum
2564 3370 2621 3419 et
2679 3362 2732 3418 in
2777 3360 3084 3433 apostolicae
3139 3360 3284 3417 sedis
3330 3358 3557 3431 epistola
3602 3362 3827 3417 univer-

553 3462 606 3506 et
632 3455 871 3511 falsitatis
905 3469 1174 3513 auctorem
1222 3458 1400 3532 (Joan.
1449 3473 1564 3524 VIII,
1610 3454 1727 3525 44),
1782 3456 1873 3513 ille
1926 3459 2127 3528 pariter

549 3555 833 3619 utrumque
860 3550 1152 3620 complevit
1178 3568 1191 3603 :
1225 3551 1377 3620 quasi
1402 3556 1509 3606 non
1534 3558 1590 3604 ut
1610 3556 1917 3616 caveantur,
1948 3551 2043 3606 sed
2070 3558 2131 3606 ut

618 3750 827 3822 tVulg.
860 3761 983 3809 ante
1006 3755 1241 3821 Quesn.,
1291 3769 1412 3810 cum
1461 3757 1649 3814 eodem
1704 3760 1889 3815 codice
1936 3765 1991 3814 et
2033 3757 2123 3814 Si-

547 3820 766 3881 cbardo.
784 3820 1111 3888 processerit.

618 3890 644 3931 ι)
670 3892 940 3949 Editiones
984 3896 1173 3950 Leonis
1226 3905 1348 3952 ante
1383 3900 1580 3963 Ques‘n.
1626 3906 1679 3954 et
1718 3900 1959 3955 Labbeus
2002 3912 2123 3953 cum

549 3977 680 4016 mss.
705 3964 916 4019 collect.
944 3967 998 4019 11
1038 3976 1091 4021 et
1133 3966 1202 4019 ‘24
1224 3980 1283 4021 ac
1330 3968 1742 4033 Sicbardo,nos.
1793 3971 2123 4024 lictintlimtis

546 4049 631 4109 uos
657 4034 775 4109 aliis
805 4049 927 4090 mss.
958 4046 1013 4091 et
1042 4036 1192 4091 Binio
1228 4036 1668 4109 suliragantibus;
1731 4042 1815 4096 hic
1839 4045 1981 4097 enim
2017 4041 2123 4094 Leo

546 4103 924 4228 IflIEtidtoritum
944 4109 1248 4178 alloquitur,
1274 4103 1429 4180 quem
1452 4103 1733 4167 Dioscorus
1755 4112 2123 4183 persequendo

708 4194 762 4228 I.

547 4184 762 4229 ιηιιχη.

676 4246 869 4322 Vocem
897 4250 1040 4318 prius
1073 4264 1115 4322 ra
1144 4250 1430 4316 Quesnello
1490 4255 1786 4308 restitutam
1836 4252 2127 4322 prmferunt

544 4318 711 4391 nostri
741 4318 954 4391 codices
983 4321 1194 4391 collect.
1228 4322 1283 4375 il
1313 4324 1473 4377 et2l.
1538 4322 1777 4378 Innuitur
1808 4318 2122 4379 excommu-

544 4388 740 4442 nicatio
771 4404 799 4443 a
831 4389 1083 4463 Dioscnro
1105 4388 1204 4445 lata
1234 4401 1419 4447 contra
1448 4394 1618 4463 ipsum
1646 4404 1802 4449 suum
1836 4406 1985 4460 caput
2008 4392 2118 4448 Ro-

541 4472 761 4532 manum
785 4461 1118 4532 pontificem;
1152 4477 1306 4532 quem
1344 4461 1527 4518 ausum
1557 4472 1709 4519 antea
1743 4466 2036 4520 inauditum
2067 4475 2121 4529 et

542 4528 911 4605 incredibilem
944 4528 1260 4605 _detesta'tur
1303 4534 1535 4605 synodus
1580 4535 2031 4590 Chalcedonensis
2065 4537 2115 4589 in

542 4600 699 4675 epist.
734 4600 826 4675 98,
850 4603 913 4656 ad
943 4600 1197 4675 Leonem,
1228 4600 1419 4673 capf2.
1458 4605 1585 4660 Vide
1621 4616 1731 4661 not.
1764 4610 1797 4662 5
1820 4606 2113 4675 Quesnelli.

546 4668 676 4723 Dein
706 4672 918 4737 quidam
950 4673 1159 4727 codices
1183 4668 1439 4728 omittunt
1470 4678 1687 4729 utinam.

613 4737 639 4821 ξι
666 4740 798 4807 Quid
823 4742 908 4796 hic
935 4742 1324 4821 Leorespiciat
1346 4746 1465 4821 vide
1504 4749 1639 4821 apud
1678 4748 1883 4821 Quesn.
1911 4757 2026 4802 not.
2054 4748 2110 4811 4,

541 4815 629 4883 qui
660 4827 777 4883 mox
824 4828 916 4879 pro
959 4815 1191 4868 abdicata
1223 4818 1436 4883 scripsit
1482 4818 1717 4881 addicta,
1766 4827 1822 4873 et
1876 4819 1925 4871 in
1973 4824 2115 4871 mar-

540 4882 663 4956 gine
691 4898 703 4933 :
738 4880 825 4956 Itn_
842 4897 965 4956 mss.
992 4900 1181 4938 omnes.
1210 4886 1264 4939 Id
1295 4880 1508 4956 quidem
1538 4880 1841 4943 invenimus
1870 4890 1921 4942 in
1953 4889 2109 4943 codd.

540 4952 749 5005 collect.
800 4953 887 5025 ξι.
934 4960 999 5007 At
1045 4958 1094 5009 in
1142 4957 1263 5010 aliis
1302 4952 1513 5010 collect.
1572 4960 1655 5021 Ii,
1708 4959 1795 5020 12,
1840 4959 1930 5025 24,
1973 4962 2111 5014 acin

540 5026 784 5143 ssciiiplo
808 5022 1049 5079 Sicliardi
1087 5040 1205 5080 cum
1234 5027 1589 5083 anteriorlbus
1621 5022 1965 5097 editionibus,
2018 5031 2110 5083 ab-

575 5110 651 5143 ιεα
680 5110 726 5143 η.

575 5103 726 5145 tcata.

613 5173 635 5200 ο
664 5164 733 5240 Ita
765 5178 949 5240 omnes
963 5165 1233 5240 Qucsnelli
1264 5176 1315 5221 et
1346 5170 1584 5240 plerique
1633 5172 1799 5225 nostri
1847 5170 2003 5225 codd.
2032 5172 2113 5225 at-

538 5250 640 5299 que
680 5235 986 5288 Sicliardus.
1045 5239 1186 5289 Alias
1228 5235 1412 5305 dictus,
1466 5235 1547 5296 vel
1596 5243 1786 5295 dictum
1834 5252 1926 5295 est.
1985 5241 2109 5295 Post

543 5320 706 5371 pauca
737 5307 876 5381 vulg.
909 5315 1033 5381 ante
1059 5307 1258 5381 Questi.
1286 5322 1404 5363 cum
1434 5326 1563 5365 mss.
1600 5313 1810 5366 cnliect.
1845 5312 1933 5371 12.
1962 5314 2112 5381 quasi

538 5392 631 5451 nec
654 5378 871 5451 audisset
901 5378 1032 5451 illud
1052 5379 1188 5448 quod
1211 5378 1455 5451 Dominus
1476 5384 1567 5435 ait.
1616 5382 1757 5438 Idem
1812 5378 2004 5451 legitur
2055 5384 2105 5436 in

537 5448 655 5499 cod.
689 5447 803 5518 Vat.
832 5449 1039 5503 collect.
1064 5446 1159 5513 Η,
1184 5446 1273 5518 qui
1306 5453 1475 5505 solum
1504 5452 1647 5505 addit
1682 5454 1813 5505 idem
1858 5446 1978 5507 ante
2012 5469 2106 5505 vo-

536 5531 652 5571 cem
682 5515 945 5589 Dominus.
975 5515 1291 5589 Recepimus
1344 5524 1621 5577 lectionem
1678 5524 1814 5578 Binii
1870 5532 1921 5577 et
1975 5538 2106 5578 mss.

535 5588 747 5661 collect.
769 5588 858 5655 9.4,
886 5594 950 5644 ad
982 5588 1137 5661 quant
1172 5591 1375 5647 accedit
1417 5596 1736 5660 Quesncllus
1781 5610 1901 5648 cum
1944 5595 2103 5649 codd.

533 5659 742 5713 collect.
766 5662 856 5725 “ll,
900 5659 1341 5729 praimittentibus
1369 5659 1500 5717 idem
1551 5676 1673 5717 ante
1724 5664 1968 5717 Dominus
2000 5679 2103 5719 non

534 5731 662 5805 satis
691 5741 833 5805 apte,
858 5747 975 5805 cum
1024 5734 1073 5786 in
1105 5736 1435 5789 antecedenti
1478 5736 1771 5805 Scriptura:
1799 5735 2107 5790 testimonio

536 5800 680 5853 nulla
712 5801 905 5855 Christi
939 5804 1142 5856 Domini
1177 5806 1377 5859 mentio
1405 5800 1669 5860 occurrat.

610 5868 628 5907 ί
663 5871 829 5945 codd.
858 5874 1066 5945 collect.
1094 5874 1153 5926 tl
1202 5876 1379 5931 delent
1423 5887 1514 5932 est.
1565 5877 1755 5932 Pestea
1798 5877 1919 5945 quia
1971 5884 2103 5930 tam-

534 5941 892 6009 quamlegitur
920 5944 970 5997 in
996 5945 1228 6014 antiquis
1252 5946 1443 6005 Leonis
1485 5948 1629 6016 vulg.
1671 5955 1724 6004 et
1777 5941 1917 6015 apud
1969 5946 2108 6003 Lab-

2139 4787 2193 4849 D

2234 3458 2361 3515 salis
2408 3467 2612 3515 sanctae
2656 3459 2851 3531 synodi
2898 3470 3123 3514 assensu
3162 3460 3403 3525 ilrmata,
3444 3466 3589 3514 tanta
3620 3457 3827 3513 divine

2232 3551 2568 3608 auctoritatis
2601 3550 2914 3607 testimonia
2949 3550 3260 3605 noverimus
3288 3558 3410 3607 esse
3440 3558 3695 3621 congesta
3715 3591 3733 3617 ,
3767 3559 3828 3606 ut

2235 3756 2391 3811 beum
2423 3771 2541 3811 cum
2568 3753 2726 3811 codd.
2760 3756 2970 3811 collect.
2995 3755 3065 3812 24
3090 3764 3147 3811 et
3169 3755 3450 3811 Sicbardo.

2306 3836 2331 3875 ϐ
2360 3826 2528 3882 Codd.
2558 3827 2769 3884 collect.
2796 3827 2856 3881 ll
2911 3835 2965 3884 et
2989 3828 3060 3883 24
3104 3842 3225 3883 cum
3252 3822 3511 3885 Sicbardo
3562 3832 3617 3882 et
3663 3824 3825 3882 Binio

2269 3898 2437 3951 ddunt
2461 3914 2599 3951 eruo.

2235 3910 2437 3953 addunt
2461 3914 2599 3953 (7'00.

2305 3967 2331 4007 ιι
2358 3970 2489 4022 Cod.
2519 3967 2706 4034 Barb.,
2738 3986 2791 4024 se
2832 3970 3037 4023 veritate
3061 3977 3108 4023 et
3154 3970 3302 4023 duce.
3349 3967 3471 4025 Vat.
3497 3969 3707 4025 collect.
3745 3967 3821 4022 24

2232 4049 2284 4094 et
2317 4038 2626 4104 Sichardus,
2658 4057 2711 4093 se
2736 4054 2926 4094 serena:
2953 4042 3066 4093 vitae
3092 4040 3223 4094 luce.

2311 4109 2327 4148 ί
2365 4112 2478 4165 Vat.
2508 4112 2719 4166 collect.
2747 4110 2804 4163 tl
2841 4120 2895 4166 et
2925 4108 3031 4164 duo
3058 4112 3268 4168 collect.
3308 4110 3401 4177 21,
3426 4110 3820 4164 tradit.Postea

2232 4182 2371 4235 Idem
2400 4183 2573 4235 codex
2607 4182 2819 4237 collect.
2850 4180 2937 4250 Η,
2970 4183 3109 4235 solus
3135 4184 3268 4235 ultra
3302 4183 3474 4235 omnia
3500 4196 3559 4234 ac
3579 4197 3673 4251 pro
3699 4194 3818 4235 ont-

2228 4253 2375 4305 nibus
2409 4268 2543 4305 reus.

2300 4328 2314 4373 t
2354 4324 2671 4377 Catecheses
2703 4322 2901 4376 indicat
2935 4323 3125 4391 quibus
3176 4321 3577 4376 instruebantur
3615 4322 3701 4388 qui
3741 4322 3812 4376 ad

2226 4394 2486 4462 baptisma
2528 4393 2884 4459 accedebant,
2918 4394 3001 4448 vel
3046 4394 3109 4446 ad
3144 4397 3400 4447 unitatem
3430 4392 3685 4446 Ecclesia:
3713 4409 3811 4447 re-

2224 4475 2514 4532 vertentes,
2548 4465 2616 4518 ab
2660 4463 2856 4518 haeresi
2891 4465 2970 4517 vel
3002 4462 3290 4518 schismate
3336 4463 3592 4532 purgandi
3626 4468 3812 4517 erant.

2298 4531 2325 4573 ¹ι
2358 4536 2409 4589 Id
2442 4545 2522 4590 est
2550 4536 2687 4588 inter
2715 4534 3074 4603 Entychianos
3102 4549 3161 4587 ac
3192 4531 3552 4597 NestorianOs,
3586 4535 3677 4603 qui
3710 4550 3814 4603 op-

2224 4608 2411 4675 positis
2445 4606 2717 4660 erroribus
2754 4605 3071 4659 catholicam
3115 4605 3273 4659 fidem
3316 4606 3661 4673 impetentes,
3696 4618 3816 4658 ma-

2222 4678 2419 4731 ximam
2446 4677 2697 4747 loquendl
2722 4680 3025 4730 cautionem
3056 4677 3358 4744 exigebant,
3386 4676 3458 4728 uti
3483 4675 3541 4731 S.
3566 4676 3812 4743 pontifex

2222 4748 2453 4813 explicat
2498 4748 2673 4808 capite
2720 4748 2985 4815 sequenti.
3040 4747 3167 4800 Post
3211 4760 3374 4815 pauca
3426 4756 3519 4816 pro
3562 4747 3815 4801 tibrcmus

2216 4819 2461 4887 quaedam
2508 4818 2768 4872 editiones
2812 4832 2933 4872 cum
2981 4832 3083 4872 ms.
3116 4816 3235 4872 Vat.
3287 4818 3491 4873 collect.
3533 4818 3587 4870 ll
3625 4826 3679 4872 et
3720 4816 3813 4872 Si-

2218 4890 2438 4951 cbardo.
2468 4888 2758 4943 liberemus.

2291 4957 2309 4996 ι
2345 4959 2417 5013 Ita
2446 4959 2646 5027 Quesn.
2694 4973 2759 5013 ex
2789 4957 2944 5012 codri.
2971 4957 3279 5026 Trecopith.
3329 4968 3383 5010 et
3409 4956 3643 5027 Thuan.,
3678 4969 3808 5011 cum

2216 5031 2409 5099 quibus
2455 5026 2783 5083 concordant
2823 5030 2927 5083 duo
2978 5030 3143 5082 nostri
3178 5028 3408 5099 collect.
3457 5026 3549 5080 21.
3583 5027 3807 5092 Vulgati

2216 5098 2540 5170 antiquiores
2571 5118 2663 5152 sua
2703 5115 2824 5153 cum
2853 5099 3063 5153 duobus
3090 5098 3268 5170 codd.
3289 5099 3493 5164 Quesn.
3524 5105 3577 5153 et
3611 5107 3807 5170 nostro

2217 5169 2581 5225 Vat.’collect.
2624 5172 2693 5224 Ἡ
2721 5179 2877 5239 atque
2908 5170 3189 5225 Sicbardo.
3223 5169 3342 5239 Mox
3375 5179 3495 5237 post
3525 5169 3690 5223 verba
3737 5170 3799 5221 in

2215 5244 2509 5309 apostolicis
2536 5242 2669 5293 sedis
2714 5238 2928 5311 cpistola
2972 5240 3183 5295 codices
3233 5238 3350 5311 Vat.
3400 5240 3613 5294 collect.
3652 5240 3707 5292 Ii
3749 5248 3811 5311 et

2211 5314 2298 5375 21,
2333 5328 2393 5365 ac
2418 5328 2507 5365 sex
2538 5328 2563 5362 a
2593 5309 2883 5379 Quesneilo
2911 5310 3105 5365 laudati
3135 5317 3246 5365 not.
3276 5309 3331 5373 5,
3367 5311 3455 5379 qui
3496 5311 3685 5379 partim
3720 5310 3798 5363 ad

2213 5383 2425 5437 easdem
2455 5377 2797 5436 colico—tiones
2825 5381 3123 5449 pertinent,
3164 5382 3355 5451 partim
3385 5377 3416 5434 e
3445 5377 3610 5435 simili
3641 5377 3807 5451 fonte

2214 5454 2488 5508 dimanant
2515 5493 2529 5512 .
2578 5468 2671 5522 per
2712 5453 2905 5506 saltum
2949 5449 3447 5522 aliquot—periodos
3479 5449 3803 5522 transiliunt

2211 5538 2379 5592 usque
2406 5525 2470 5577 ad
2502 5519 2592 5577 illa
2618 5524 2808 5593 capitis
2835 5519 3107 5592 sequentis
3147 5539 3159 5575 :
3196 5522 3299 5576 Sed
3320 5522 3624 5593 benedictus
3652 5519 3805 5593 Degis

2211 5588 2402 5658 noster,
2454 5588 2747 5658 earumque
2786 5588 3267 5648 loco'substituunt
3316 5592 3431 5646 haec
3480 5594 3641 5647 verba
3678 5607 3691 5643 :
3729 5588 3806 5644 Et

2213 5677 2395 5719 cartera
2418 5679 2529 5735 qua:
2550 5681 2638 5735 per
2659 5665 2890 5735 ordinem
2911 5680 3069 5732 supra
3094 5664 3375 5735 posuimus,
3400 5664 3803 5735 continuoagit.

2216 5736 2320 5790 Sed
2350 5732 2636 5789 benedictus
2677 5735 2828 5789 Deus.
2860 5734 2977 5804 Ipsa
3006 5732 3229 5789 formula
3267 5742 3311 5786 et
3340 5744 3520 5788 cratera
3550 5732 3808 5804 omissio-

2213 5821 2334 5861 netn
2365 5807 2581 5860 indicat.
2614 5802 3042 5875 Integrum‘vero
3070 5814 3270 5860 textum
3299 5805 3553 5859 exhibent
3580 5802 3808 5860 codices

2212 5878 2423 5935 collect.
2456 5877 2549 5945 12,
2578 5878 2648 5935 18
2674 5891 2739 5935 ac
2762 5875 2833 5932 24
2857 5883 2915 5934 et
2938 5877 3217 5947 exemplar
3241 5875 3510 5936 Sicbardi.
