4072 6358
343 388 483 471 4633

1701 402 2033 463 EPISTULA
2069 403 2233 463 CXX.

3470 414 3614 477 ωδε

342 508 522 591 bullus
563 520 722 601 queat
764 524 988 584 ulterius
1033 525 1294 595 dubitare,
1329 526 1432 584 nisi
1478 522 1567 598 qui
1598 526 1915 596 Sibimetipsi
1944 527 2000 586 Δ
2024 524 2286 581 catholica
2322 522 2429 583 ﬁde
2463 535 2478 565 ι
2514 522 2822 596 laborastis,
2851 528 3159 598 personam;
3198 527 3486 600 quidquam
3513 546 3603 588 re-

341 624 591 683 errornm
620 614 871 676 tenebras
901 618 1098 676 inferre
1141 621 1427 686 maluerit,
1474 631 1501 659 ι
1545 629 1599 677 et
1647 622 1926 695 synodalia

2031 619 2259 689 probum
2285 619 2458 675 videri
2489 621 2733 691 permisit
2772 637 2789 675 :
2829 624 2952 693 quia
2999 636 3101 678 nec
3128 628 3368 693 putarat;
3400 622 3607 695 Spiritu

344 722 513 789 gesta,
540 714 621 770 vel
654 714 849 785 quibus
871 710 899 751 δ
926 712 1149 783 primum
1175 711 1414 769 deﬁnitio
1444 714 1567 770 ﬁdei
1590 715 1783 785 legitur
1806 730 1929 771 esse
2030 720 2221 767 sancto
2238 711 2528 782 judicante,
2562 713 2842 784 quisquam
2870 715 3077 786 1227
3108 728 3175 771 ex
3200 715 3280 772 eis
3307 731 3411 771 non
3438 715 3610 773 victor

343 804 590 869 forinala,
621 805 706 861 vel
738 805 930 874 quibus
964 805 1197 875 prmfatm
1246 805 1436 861 litterae
1486 802 1793 876 apOStolicte
1830 824 1923 865 se-

348 902 445 971 dis,
474 901 634 955 etiam
668 900 689 936 δ
722 904 824 951 tute
851 896 1195 952 fraternitatis
1229 898 1406 953 studio
1433 899 1666 954 defensae
1694 908 1839 964 sunt,
1871 906 1927 957 ct

322 980 369 1085 μ
394 990 626 1046 maxime
658 990 721 1044 ad
751 986 1019 1060 piissi‘mos
1048 989 1316 1060 principes
1351 992 1513 1045 totius
1545 991 1761 1047 concilii
1788 992 1925 1047 allo—

341 1083 485 1137 cutio
515 1092 536 1119 ε
564 1126 578 1146 ,
622 1078 701 1137 tot
747 1081 853 1136 sint
895 1074 1309 1151 przecedentium
1358 1082 1571 1137 Patrum
1607 1083 1926 1139 testimoniis

341 1093 485 1137 cutio
515 1093 536 1119 ε
564 1126 578 1146 ,
622 1093 701 1137 tot
747 1093 853 1136 sttit
895 1093 1309 1151 prtecedenttum
1358 1093 1571 1137 Patrum
1607 1093 1921 1139 testimoniis

316 1093 616 1238 ,rOborata,
662 1181 721 1227 nt
744 1173 911 1228 cuivis
952 1173 1274 1243 imprudenti
1314 1186 1376 1229 ac
1422 1177 1680 1244 pertinaci
1721 1176 1921 1240 animo,

340 1264 384 1319 si
413 1272 589 1319 tamen
624 1279 729 1319 non
752 1264 860 1334 jam
892 1264 1011 1317 Cum
1044 1264 1255 1319 diabolo
1285 1260 1379 1335 pro
1407 1272 1499 1321 sua
1533 1265 1804 1336 impietate
1830 1265 1926 1321 da-

343 1354 555 1410 mnatus
581 1349 682 1421 csl,
711 1357 917 1408 valeant
944 1354 1190 1409 suadere.

416 1448 628 1519 1226
643 1447 769 1501 CAP.
790 1446 827 1499 V
839 1446 1080 1501 .—Unde
1095 1447 1193 1501 hoc
1208 1463 1417 1519 quoque
1434 1463 1531 1503 nos
1543 1459 1725 1504 contra
1743 1451 1924 1507 boetes

336 1540 589 1596 Ecclesia:
620 1540 895 1608 providere
921 1540 1353 1610 COndigntiu‘lCSt,
1372 1544 1519 1597 uteis
1564 1542 1583 1581 ί
1607 1542 1805 1599 nullam
1834 1558 1922 1599 ca-

337 1628 636 1685 lumniandi
666 1631 1019 1693 occasionem,
1052 1630 1191 1699 quod
1229 1632 1294 1685 ad
1322 1644 1419 1686 nos
1450 1633 1672 1699 attinet,
1706 1635 1923 1703 penitus

338 1723 732 1791 relinquamus,
775 1732 874 1775 nec
914 1732 1165 1791 umquam
1207 1731 1392 1777 contra
1434 1723 1782 1781 NeStorianos
1828 1737 1923 1782 aut

337 1810 702 1886 Eutyrhiauos
728 1816 959 1887 agentes
986 1857 999 1880 ,
1042 1815 1197 1871 alteri
1241 1818 1425 1873 eorum
1456 1818 1740 1875 videamur
1769 1827 1923 1890 terga

337 1909 601 1972 vertis-se;
644 1905 737 1961 sed
793 1916 1045 1977 utrosque
1090 1908 1283 1963 Christi
1329 1908 1511 1965 hostes
1559 1925 1710 1982 {equa
1768 1911 1922 1968 lance
1950 1900 1999 1961 Β

336 1996 570 2056 vitemus
612 1998 771 2069 atque
812 1998 1126 2053 damnemus
1170 2017 1183 2051 :
1228 2001 1297 2055 ita
1344 2008 1545 2067 utens,
1581 2004 1790 2073 quoties
1819 2018 1917 2058 au-

340 2090 601 2149 dientium
628 2089 959 2161 quantalibet
988 2091 1159 2160 poscit
1189 2092 1413 2158 utilitas,
1435 2102 1555 2148 cum
1580 2093 1921 2165 dogmatibus

340 2201 528 2242 eorum
567 2182 727 2257 digno
764 2186 1104 2242 anathemate
1153 2188 1551 2257 promptissime
1599 2197 1761 2258 atque
1804 2190 1919 2245 evi-

337 2278 651 2334 dentissime
682 2278 933 2333 feriamus
958 2297 969 2331 :
994 2292 1061 2333 ne
1088 2280 1131 2333 si
1162 2279 1262 2334 hoc
1289 2294 1316 2332 a
1344 2278 1499 2337 nobis
1520 2291 1609 2336 aut
1632 2281 1921 2338 obseurius

338 2369 456 2425 ﬁeri
500 2372 741 2424 videatur
783 2378 873 2424 adt
916 2370 1116 2428 tardius
1144 2416 1157 2439 ,
1206 2381 1425 2444 putetur
1474 2374 1718 2429 invitum.
1765 2376 1920 2444 Quod

338 2456 585 2533 ‘q‘ualnvls
618 2460 951 2533 prudentiam
988 2470 1128 2518 tuam
1164 2473 1189 2512 ε
1224 2474 1309 2520 res
1341 2466 1451 2537 ipsa
1484 2466 1776 2525 admonere
1805 2468 1920 2524 suf-

340 2548 523 2621 ficiat,
570 2552 679 2624 jam
724 2548 897 2609 iamcn
945 2563 998 2611 ct
1041 2559 1405 2626 experimenta
1447 2560 1764 2615 docuerunt.
1812 2561 1922 2617 Sed

340 2644 655 2700 benedictus
688 2646 824 2701 Deus
854 2656 1054 2715 noster,
1102 2648 1252 2718 cujus
1284 2649 1604 2706 invincibilis
1633 2654 1827 2707 veritas
1855 2654 1922 2708 ab

338 2738 485 2792 omni
516 2738 784 2795 hereseos
808 2742 1007 2794 macula
1036 2742 1286 2796 mundum
1317 2750 1390 2807 te,
1419 2743 1709 2817 secundum
1732 2741 1758 2781 ιι
1778 2746 1922 2801 sedis

339 2828 646 2896 apostolica:
672 2829 962 2898 judicium,
1009 2824 1411 2888 demonstravit.
1444 2834 1544 2890 Cui
1585 2835 1802 2905 dignam
1829 2852 1920 2893 re-

343 2921 544 2972 tribues
580 2935 674 2988 pro
703 2930 780 2975 tut
812 2921 1083 2979 laboribus
1108 2926 1353 2993 gratiam,
1378 2926 1422 2979 si
1450 2925 1606 2981 talem
1631 2935 1684 2982 te
1708 2928 1920 2997 qualem

338 3006 684 3091 probavimus
731 3028 793 3070 ac
828 3014 1146 3086 probamus,
1186 3020 1282 3087 pro‘
1312 3018 1631 3095 universalis
1668 3020 1923 3078 Ecclesia:

336 3105 655 3162 defensione
690 3110 1006 3163 servaveris.
1038 3109 1168 3165 Nam
1198 3111 1340 3181 quod
1385 3110 1524 3167 Deus
1562 3113 1801 3169 omnium
1832 3128 1923 3169 ca-

339 3197 729 3283 lumniosorum
775 3200 1009 3256 fallacias
1050 3203 1246 3269 solvit,
1292 3204 1582 3259 maximam
1628 3205 1921 3262 beatissimi
1959 3248 1977 3283 _.

2030 804 2199 871 exire,
2232 820 2457 875 quorum
2484 806 2594 876 jam
2622 806 2825 860 vicerat
2850 806 3003 861 ﬁdes.

2098 899 2229 955 Car.
2261 899 2350 953 Vl.
2375 888 2619 966 —Quod
2662 898 2947 967 superest,
2998 890 3345 955 exhortamur
3384 909 3441 956 ut
3483 903 3609 973 quia

2028 991 2139 1047 illic
2164 991 2450 1045 nonnullas
2480 989 2801 1061 Eutycbiani
2832 1003 2894 1045 ac
2930 990 3234 1046 Nestoriani
3276 995 3474 1048 erroris
3516 1009 3602 1049 re-

2027 1084 2223 1154 liquias
2250 1082 2597 1152 cognovimus
2624 1081 2974 1148 remansisse,
2996 1096 3139 1137 nunc
3165 1084 3326 1138 etiam
3350 1085 3464 1140 sedi
3485 1100 3613 1157 apo-

2027 1175 2229 1231 stolica:
2259 1173 2573 1231 collabores.
2608 1174 2846 1230 Victoria
2871 1175 3016 1231 enim
3045 1190 3203 1246 quam
3232 1174 3480 1233 Christus
3507 1179 3613 1234 Do-

2026 1266 2203 1323 minus
2233 1272 2417 1323 noster
2446 1282 2554 1323 sum
2577 1267 2795 1323 donavit
2826 1266 3103 1335 Ecclesize,
3136 1270 3389 1341 quamdiu
3427 1270 3481 1327 in
3508 1274 3611 1329 hoc

2028 1360 2229 1415 mundo
2269 1375 2568 1427 versamur,
2604 1359 2729 1414 licet
2771 1358 3017 1414 ﬁduciam
3066 1359 3322 1430 majorem
3370 1364 3608 1431 tribuat,

2026 1469 2135 1508 non
2164 1451 2427 1507 tamenin
2473 1456 2642 1506 totum
2682 1448 3090 1507 sollicitudinem
3138 1452 3381 1522 perimit;
3427 1468 3528 1509 nec
3556 1463 3612 1510 ut

2025 1544 2352 1600 dermiamus
2391 1542 2585 1599 donata
2630 1550 2749 1611 est,
2797 1541 2893 1598 sed
2920 1550 2979 1598 ut
3022 1542 3240 1599 suavius
3282 1544 3609 1602 laboremus.

2026 1636 2179 1694 Unde
2240 1635 2295 1691 in
2352 1636 2455 1691 hoc
2499 1649 2711 1706 quoque
2761 1642 2866 1689 tua;
2910 1633 3201 1705 vigilantiae
3250 1636 3613 1694 sollicitudine

2023 1732 2274 1786 volumus
2304 1727 2577 1799 adjuvari,
2609 1736 2669 1782 ut
2706 1734 2794 1781 tua
2827 1726 3086 1782 relatione
3128 1737 3382 1784 currente
3414 1727 3431 1779 t
3479 1728 3608 1800 quid

2024 1821 2164 1890 apud
2194 1818 2311 1875 illas
2340 1818 2586 1890 regiones
2615 1817 2859 1873 doctrina
2888 1816 3163 1873 Dominica
3181 1817 3444 1887 proﬁciat,
3476 1833 3612 1890 apo-

2026 1911 2271 1969 stolicam
2317 1911 2503 1967 sedem
2544 1908 2762 1966 festines
2804 1910 3069 1965 instruere
3102 1928 3117 1965 :
3154 1919 3417 1981 quatenus
3459 1912 3607 1970 illius

2026 2004 2261 2075 regionis
2307 2001 2654 2065 sacerdotes,
2708 2000 2761 2054 in
2806 2008 3147 2070 quocumque
3174 2014 3303 2056 usus
3350 2004 3610 2073 exegerit,

2025 2099 2361 2168 adjuvemus.
2389 2096 2467 2151 De
2494 2095 2577 2151 his
2605 2108 2735 2151 vero
2760 2108 2880 2165 qua:
2904 2092 2933 2131 ιι
2958 2093 3010 2149 in
3034 2108 3179 2163 ωερε
3208 2093 3353 2150 dicto
3380 2095 3613 2152 concilio

2026 2192 2211 2247 illicita
2246 2197 2431 2246 contra
2458 2186 2796 2244 venerabiles
2822 2185 3070 2241 Nicanos
3098 2196 3331 2242 canones
3360 2201 3611 2257 praesum-

2027 2288 2208 2357 ptione
2240 2291 2439 2340 tentata
2468 2288 2613 2347 sunt,
2638 2278 2656 2319 ι
2681 2279 2749 2335 ad
2776 2278 2998 2335 fratrem
3025 2287 3080 2335 et
3106 2280 3485 2350 coepiscopum
3510 2295 3612 2337 uo-

2024 2388 2194 2433 strum
2226 2374 2575 2431 Antiocheam
2596 2372 2740 2429 sedis
2768 2372 3053 2444 praesulem
3087 2372 3430 2441 scripsimus;
3456 2381 3498 2411 ιι
3517 2372 3612 2429 ad~

2020 2471 2270 2542 jicientes
2300 2476 2356 2524 et
2392 2467 2546 2536 illud,
2578 2465 2721 2538 quod
2766 2464 2921 2521 nobis
2959 2474 3181 2536 propter
3208 2463 3611 2535 improbitatem

2026 2562 2411 2619 monachorum
2475 2558 2831 2632 quorumdam
2896 2557 3129 2628 regionis
3196 2566 3391 2614 vestrae
3442 2558 3613 2614 verbo

2025 2655 2293 2712 mandasti
2340 2668 2436 2724 per
2482 2652 2713 2707 vinarios
2758 2655 3013 2713 nostros,
3062 2657 3120 2705 et
3162 2648 3268 2705 hoc
3305 2647 3611 2718 specialiter

2025 2756 2324 2804 statuentes
2349 2789 2363 2810 ,
2406 2753 2463 2800 ut
2505 2752 2702 2815 printer
2727 2741 2939 2796 Domini
2965 2739 3276 2796 sacerdotes
3304 2739 3481 2796 nullus
3512 2754 3609 2795 au-

2027 2840 2151 2896 deat
2179 2838 2507 2909 praedicare,
2539 2830 2633 2891 seu
2676 2833 3005 2900 monachus,
3048 2831 3161 2889 sive
3201 2830 3292 2911 ille
3321 2832 3390 2886 sit
3419 2830 3609 2901 laicus,

2026 2934 2117 3004 qui
2144 2932 2433 3002 cujuslibet
2460 2929 2699 2985 scientia:
2723 2926 2945 2983 nomine
2966 2926 3245 2996 glorietur.
3267 2924 3412 2993 Quas
3434 2933 3611 2986 tamen

2026 3023 2256 3089 litteras,
2293 3038 2390 3092 pro
2422 3020 2647 3075 utilitate
2683 3016 3003 3073 universalis
3034 3015 3317 3082 Ecclesia,
3349 3030 3450 3085 per
3476 3029 3611 3084 prte-

2027 3118 2225 3174 dictum
2257 3115 2475 3169 fratrem
2517 3118 2571 3166 et
2610 3110 2987 3179 coepiscopum
3028 3116 3269 3161 nostrum
3301 3100 3611 3174 Maximum,

2028 3210 2096 3265 ad
2139 3208 2378 3263 omnium
2426 3214 2452 3241 ιι
2491 3203 2761 3259 voluimus
2808 3200 3086 3271 pervenire
3118 3199 3360 3254 notitiam
3406 3216 3417 3252 :
3461 3208 3515 3254 et
3545 3199 3612 3254 ob

336 3276 486 3346 Petri
512 3288 692 3347 coram
721 3308 819 3364 pro
847 3293 1051 3349 cunctis
1079 3293 1233 3350 nbbis
1257 3297 1625 3367 agnoscimus;
1656 3298 1745 3369 qui
1778 3308 1921 3370 post-
1948 3274 1996 3339 ο
2029 3304 2131 3359 hoc
2176 3301 2259 3355 bis
2308 3298 2580 3354 noluimus
2625 3309 2809 3352 earum
2856 3294 3130 3363 exemplar
3171 3292 3405 3361 adjicere
3426 3332 3440 3357 ,
3489 3290 3613 3362 quia

338 3396 503 3451 quam
543 3398 652 3439 sua:
690 3383 835 3440 sedis
872 3380 1131 3454 judicium
1162 3386 1214 3442 in
1244 3382 1366 3443 lidei
1404 3388 1718 3446 deﬁnitione
1747 3390 1925 3447 ﬁrma-

341 3472 441 3540 vit,
472 3490 571 3531 nec
599 3476 742 3532 circa
769 3477 1081 3548 cujusquam
1107 3489 1367 3548 vestrum,
1397 3484 1488 3553 qui
1520 3483 1799 3542 nobiscum
1825 3502 1924 3558 pro

416 3684 442 3713 ει
475 3676 680 3747 Vulgati
702 3689 828 3735 ante
853 3678 1054 3746 Quesn.
1077 3695 1198 3736 cum
1230 3696 1361 3736 mss.
1392 3682 1605 3738 collect.
1652 3682 1719 3739 l2
1750 3692 1805 3739 et
1827 3684 1918 3749 24,

339 3762 462 3820 cum
492 3749 791 3820 synodalia,
826 3766 891 3805 ac
920 3762 1122 3817 postea,
1152 3762 1220 3806 tot
1252 3755 1339 3806 sit.
1368 3753 1644 3820 Quesnelli
1669 3756 1921 3811 emenda-

343 3817 568 3894 tionem,
600 3818 827 3894 (στω-ει
854 3822 1161 3894 Grimanico
1192 3839 1291 3878 ms.
1316 3817 1597 3879 contextus
1627 3825 1811 3894 exigit.

420 3887 445 3925 δ
477 3886 641 3965 Fidei
670 3892 909 3965 deﬁnitio
935 3892 988 3946 in
1021 3893 1440 3965 Chalcedonensi
1482 3895 1697 3950 actione
1716 3886 1917 3965 "quinta

342 3960 568 4013 formata
619 3961 743 4027 fuit;
790 3963 982 4018 littera
1028 3974 1204 4017 autem
1251 3964 1444 4020 Leonis
1493 3966 1559 4019 ad
1605 3960 1918 4022 Flavianum

342 4031 790 4087 antecedentibus
820 4034 1118 4091 actionibus
1163 4034 1394 4090 secunda
1422 4044 1475 4090 et
1501 4046 1712 4105 quarta,
1745 4036 1919 4093 viridi--

339 4109 485 4153 cata:
510 4116 571 4155 ac
601 4104 759 4176 totius
781 4106 969 4175 synodi
996 4120 1216 4159 assensu
1249 4114 1476 4174 recepta:
1504 4106 1681 4172 fuere;
1700 4104 1774 4162 ac
1799 4122 1921 4176 pro-

339 4183 532 4250 pterea
568 4175 897 4250 primumut:
925 4176 1113 4250 ordine
1153 4178 1409 4245 temporis
1448 4177 1671 4248 intelligi
1715 4175 1917 4250 nequit,

341 4241 432 4295 vel
460 4241 703 4298 exactum
730 4244 969 4301 ordinem
998 4247 1105 4301 Leo
1135 4241 1352 4302 secutus
1381 4263 1488 4301 non
1517 4258 1618 4303 est.

424 4323 444 4349 ε
478 4312 605 4367 Cum
636 4318 845 4389 actione
880 4319 1110 4371 secunda
1145 4317 1339 4372 Leonis
1368 4319 1590 4388 epistola
1621 4316 1690 4374 28
1717 4319 1923 4389 legere-

342 4394 457 4446 tur,
506 4400 729 4454 cumque
772 4387 1024 4441 adversus
1068 4389 1350 4457 quamdam
1401 4387 1637 4456 ejusdem
1677 4387 1919 4457 epistola:

340 4457 667 4528 sententiam
709 4458 776 4510 ab
825 4458 1135 4528 illyrii-inuis
1165 4470 1220 4513 et
1245 4459 1545 4514 Palaestinis
1578 4460 1921 4517 difﬁcultates

344 4526 743 4601 itigererentur,
777 4526 1130 4583 Theodoritus
1159 4529 1335 4601 simile
1376 4530 1649 4601 S.Cyri|li
1682 4532 1926 4587 testimo-

344 4598 498 4647 nium
530 4595 773 4664 aﬁ‘erens,
804 4614 922 4652 eain
954 4595 1322 4671 propugnavii.
1360 4600 1490 4656 Vide
1510 4595 1650 4657 tom.
1682 4602 1750 4657 lV
1781 4602 1927 4659 Cou-

344 4665 443 4718 cii.
475 4679 591 4722 nae.
626 4667 782 4722 1258.

340 4678 446 4734 οη.
475 4679 591 4734 pag.
626 4678 782 4722 1268.

423 4731 449 4770 ἀ
467 4731 724 4813 ﬁlatim:
754 4737 941 4809 inquit,
965 4740 1085 4813 quia
1113 4739 1165 4793 in
1185 4741 1504 4813 allocutione
1533 4740 1746 4798 concilii
1771 4744 1927 4813 plura

345 4804 660 4861 testimonia
686 4804 903 4863 Patrum
929 4804 1147 4864 recitata
1178 4810 1348 4866 fuere.

427 4884 450 4912 ε
478 4875 618 4930 Part.
646 4893 701 4932 Ill
733 4882 925 4934 concil.
956 4879 1206 4936 Chalced.
1236 4897 1290 4938 η.
1320 4884 1370 4937 1.

428 4943 448 4983 ί
487 4947 609 5001 llaec
632 4948 925 5023 admonitio
947 4951 1331 5007 Theodoritum
1355 4953 1595 5020 respicit,
1618 4954 1705 5023 qui
1734 4954 1803 5010 ob
1830 4953 1924 5010 de-

342 5014 748 5094 fensumantea
775 5020 1109 5088 Nestorium,
1144 5034 1196 5077 et
1244 5023 1313 5077 ob
1353 5014 1715 5094 impugnatum
1747 5024 1922 5094 Cyril-

342 5086 461 5141 lum
500 5088 549 5163 i_n
578 5088 981 5163 gestorianismi
1017 5086 1375 5163 suspicionem
1404 5086 1653 5161 v'enErat;
1698 5086 1837 5151 unde
1866 5096 1920 5152 in

341 5158 560 5237 gynodo
588 5156 1005 5237 Chalcedonensi
1034 5205 1048 5230 ,
1098 5156 1155 5218 ut
1193 5165 1603 5237 secatholicum
1639 5156 1915 5237 probaret,

402 5230 597 5307 estorio
632 5233 913 5307 anathema
954 5249 1205 5307 expresse
1234 5235 1395 5307 dixit;
1436 5238 1578 5307 quod
1606 5230 1673 5293 ne
1702 5230 1923 5307 exigen-

342 5298 500 5373 tibus
528 5300 773 5357 l’atribus
802 5304 968 5360 invite
999 5298 1190 5360 fecisse
1220 5298 1478 5373 videatur,
1506 5309 1590 5363 hic
1618 5298 1921 5364 eidevaeo

341 5371 603 5449 insinuat,
632 5380 693 5449 ut
711 5374 831 5429 data
862 5377 1139 5449 occasione
1167 5392 1269 5449 non
1303 5386 1407 5431 tam
1439 5371 1729 5449 Eutychem
1762 5394 1920 5448 quam

341 5439 657 5521 Nestorium
704 5460 831 5521 cum
850 5446 961 5521 suis
991 5447 1165 5515 impiis
1190 5439 1558 5521 dogmatibus;
1593 5451 1749 5521 digno
1780 5439 1919 5503 ona-

343 5510 591 5591 silent-ate,
613 5517 983 5591 promptissime
998 5510 1161 5586 patque
1182 5510 1552 5591 euidentissime
1582 5510 1751 5591 feriat.

422 5592 447 5629 Β
475 5582 548 5637 Ita
596 5582 769 5639 nostri
806 5582 1017 5642 codices
1065 5582 1183 5641 cum
1230 5588 1487 5645 Sicbardo
1516 5582 1752 5645 et'editis
1793 5600 1919 5646 ante

337 5654 761 5731 Ques_n.,_a_pud
798 5674 994 5726 quem,
1038 5676 1115 5713 res
1158 5660 1281 5731 ipsa:
1329 5662 1599 5715 admonere
1646 5662 1915 5731 sufficiant.

335 5718 499 5855 good
540 5718 773 5790 additur,
816 5718 1485 5798 experimenta'docuerunt
1510 5774 1523 5795 ,
1584 5718 1755 5787 innuit
1800 5747 1919 5802 qua:

398 5788 549 5855 obesi
578 5808 631 5850 et
658 5790 996 5854 Chalcedone
1023 5799 1352 5855 Thcodorito
1382 5804 1739 5855 conticerunt.

398 5796 499 5862 phe
532 5788 549 5849 i
578 5808 631 5850 et
658 5788 996 5854 Chalcedone
1023 5799 1352 5856 Tltt‘odorito
1382 5788 1739 5871 contigerunt.

416 5862 445 5905 ιι
474 5811 645 5925 liuius
662 5867 856 5925 iudicii
881 5871 1028 5925 sedis
1055 5873 1365 5925 auostolicaa
1414 5875 1739 5925 testimoniur

526 5864 645 5931 nius
662 5867 856 5935 iudicii
881 5871 1028 5933 sedis
1055 5873 1365 5937 auostolicae
1414 5864 1777 5933 testiinonium
1822 5889 1924 5933 ex-

2026 3410 2145 3465 quae
2167 3390 2425 3463 praedicto
2453 3386 2607 3444 fratri
2630 3382 2681 3443 et
2707 3386 3026 3456 coepiscopo
3052 3395 3235 3441 neStro
3258 3382 3610 3473 injunximus,

2028 3501 2137 3543 non
2181 3481 2492 3540 dubitamus
2537 3479 2828 3549 implenda.
2880 3476 2948 3532 Et
2980 3474 3084 3531 alio
3132 3492 3290 3531 manu
3329 3491 3348 3530 :
3392 3475 3533 3530 Deus
3563 3482 3614 3528 te

2026 3694 2133 3753 stat
2170 3684 2224 3753 in
2263 3680 2685 3753 Chalcedonensi
2736 3684 2841 3753 act.
2890 3674 2943 3739 1,
2979 3675 3067 3729 ubi
3088 3674 3311 3753 __judices
3352 3674 3610 3753 dixerunt

2026 3746 2146 3825 pag.
2194 3748 2298 3810 874
2342 3746 2723 3825 :Ingrediatnr
2755 3752 2812 3825 et
2859 3747 3303 3825 reverendissimus
3347 3746 3613 3825 episcopus

2022 3817 2401 3888 Thoodoretus,
2444 3817 2501 3876 ut
2531 3822 2595 3875 sit
2633 3821 2882 3892 particeps
2911 3820 3130 3892 synodi,
3165 3817 3283 3882 quia
3313 3826 3359 3870 et
3377 3818 3612 3892 _restituit

2021 3899 2071 3955 ei
2120 3885 2858 3967 episcopatumsanctissimus
2885 3885 3317 3967 “archiepiscopus
3366 3885 3469 3967 Leo
3484 3904 3511 3967 ;-
3554 3898 3609 3943 ει

2023 3958 2213 4031 act.'8,
2248 3958 2368 4035 pag.
2400 3962 2541 4021 l525
2563 4005 2576 4030 ,
2612 3962 2773 4035 iidem
2805 3960 3010 4035 judices
3037 3958 3246 4013 concilii
3285 3958 3602 4035 sententiam

2025 4054 2123 4107 pro
2153 4024 2481 4091 Théodorito
2526 4024 2889 4107 postularunt,
2917 4031 3044 4082 sicut
3066 4028 3480 4107 (rt-sanctissimus
3502 4024 3607 4083 Leo

2026 4101 2443 4176 archiepiscopus
2446 4101 2733 4176 judioavit.
2749 4101 3263 4176 Quiluts‘concinens
3282 4108 3457 4176 totum
3483 4114 3611 4154 con-

2026 4168 2216 4235 cilium'
2241 4168 2411 4237 dixit:
2438 4168 2559 4230 Post
2578 4174 2742 4227 Deum
2758 4168 3157 4242 Leojudicat-it;
3197 4179 3249 4242 et
3282 4170 3441 4242 legati
3474 4187 3608 4242 ροη-

2025 4250 2186 4304 tilicis
2216 4263 2333 4318 pag.
2370 4244 2506 4302 1526
2531 4237 2947 4318 ξῨΤΙιεοιιονειᾴηι
2981 4237 3403 4318 sanctissinmsft
3427 4237 3611 4318 beatis-

2026 4323 2188 4375 simus
2216 4307 2476 4374 'unviversa:
2524 4316 2762 4370 Ecclesia:
2799 4314 3064 4384 episcopus
3111 4308 3471 4384 urbisuliomaz
3506 4307 3610 4384 _Leo

2024 4392 2225 4447 dudum
2254 4390 2308 4443 in
2334 4388 2684 4443 communione
2710 4380 2926 4454 suscepit
2957 4380 3056 4454 ita,
3091 4384 3221 4435 sicut
3254 4381 3433 4434 littera:
3464 4380 3527 4454 ob
3553 4398 3611 4435 eo

2028 4463 2097 4517 ad
2128 4470 2352 4516 nostram
2374 4457 2713 4513 humilitatem
2735 4451 2999 4510 testantur.
3029 4451 3154 4508 Post
3179 4468 3340 4521 pauca
3359 4452 3609 4506 retribuas

2032 4534 2084 4588 in
2114 4547 2217 4587 ms.
2254 4531 2374 4586 Vat.
2405 4530 2597 4584 collect
2643 4528 2740 4601 11.
2824 4594 2878 4601 _.
2926 4596 2935 4601 _
3159 4593 3170 4601 _
3212 4598 3215 4601 γ

2109 4585 2125 4640 ί
2161 4585 2249 4657 Sic
2275 4585 2397 4658 cum
2426 4597 2711 4669 Quesneilo
2746 4604 2801 4669 et
2824 4594 2981 4669 Binio
3007 4593 3172 4649 nostri
3205 4585 3359 4669 codd.
3396 4591 3606 4669 collect.

2034 4674 2095 4728 11
2128 4684 2183 4729 et
2208 4673 2299 4727 21.
2334 4665 2513 4734 Alias,
2556 4668 2821 4724 laboratis.
2858 4665 3021 4721 Paulo
3061 4673 3179 4734 post
3217 4667 3383 4720 videre
3423 4666 3475 4720 in
3504 4681 3611 4722 ms.

2034 4743 2153 4800 Vat.
2194 4744 2406 4798 collect.
2448 4740 2534 4796 11.
2569 4740 2699 4795 Dein
2743 4752 2839 4808 pro
2879 4739 3016 4792 exire
3059 4736 3301 4808 quaedam
3350 4736 3611 4793 editiones

1950 4815 2004 4877 D
2029 4816 2262 4869 existere.

2102 4882 2115 4934 i
2158 4884 2381 4939 Veteres
2419 4879 2682 4935 editiones
2726 4893 2846 4934 cum
2898 4891 3028 4932 mss.
3082 4876 3297 4934 collect.
3345 4872 3429 4943 il,
3465 4877 3528 4932 12
3560 4887 3614 4934 et

2027 4952 2120 5017 24,
2153 4969 2214 5008 ac
2242 4954 2487 5023 exemplo
2532 4948 2810 5023 Sicbardi,
2846 4948 2967 5023 quid
3006 4949 3147 5023 apud
3182 4947 3301 5023 illos
3350 4949 3613 5023 religionis

2028 5024 2262 5078 doctrina
2279 5018 2546 5078 Dominica
2560 5021 2826 5093 proﬁciat;
2856 5018 2908 5073 et
2939 5018 3144 5093 postea,
3176 5019 3316 5093 illius
3346 5018 3608 5091 religionis

2027 5096 2336 5150 sacerdotes.
2378 5090 2573 5150 Veram
2622 5091 2905 5145 lectionem
2938 5106 2967 5143 a
3001 5090 3289 5159 Quesnello
3332 5099 3601 5159 receptam

2030 5181 2160 5220 mss.
2200 5164 2414 5221 collect.
2457 5162 2520 5218 21
2573 5163 2890 5231 approbant.
2942 5158 3141 5214 Deinde
3174 5160 3225 5214 in
3262 5158 3605 5231 quosciiiuque

2029 5252 2153 5291 usus
2184 5238 2449 5292 necessitas
2478 5229 2697 5304 exegerit
2736 5247 2870 5304 unus
2903 5232 3022 5304 cod.
3053 5231 3170 5284 Vat.
3201 5229 3534 5304 coiie_c_t._2l.

2097 5304 2125 5345 ¹ί
2155 5307 2333 5374 Alias,
2364 5298 2761 5380 inﬂsuprodicto.
2787 5300 3087 5380 Respicitur
3117 5316 3283 5380 oanon
3311 5298 3604 5380 Chalcedo-

2027 5378 2211 5448 nensis
2259 5369 2358 5448 pro
2400 5369 3005 5448 Constantinopolitanm
3052 5369 3195 5448 sedis
3229 5370 3601 5448 praerogativa.

2024 5440 2560 5524 geniem-epistolam
2586 5440 2987 5524 praecedentem
3012 5514 3015 5523 Ι
3036 5440 3103 5524 ad
3148 5440 3451 5524 Maximum,
3468 5458 3607 5524 quae

2025 5512 2114 5574 hic
2156 5512 2450 5586 indicatur;
2510 5512 2608 5573 ubi
2649 5517 2812 5573 etiam
2863 5514 3245 5586 monachorum
3292 5512 3605 5586 improbitas

2025 5582 2456 5661 reprehenditur,
2488 5586 2557 5647 de
2584 5604 2688 5661 qua
2716 5588 2839 5646 vide
2871 5584 3066 5643 ibidem
3098 5591 3288 5641 aunot.
3329 5584 3399 5642 30
3479 5582 3597 5641 Col.
3664 5592 3670 5601 ‘

2026 5660 2187 5731 10w,
2219 5680 2271 5718 η.
2306 5662 2377 5731 8).
2432 5724 2433 5729 η

2104 5722 2479 5802 ῙΕμίειίΗθ.
2570 5796 2573 5799 ν
2866 5801 2874 5803 _
2942 5802 2947 5803 γ
3008 5796 3011 5803 γ

2101 5812 2137 5839 ω
2176 5797 2260 5878 lb‘,
2293 5821 2381 5878 qu.
2416 5805 2467 5868 l,
2501 5797 2786 5878 Adjicimus
2817 5801 2970 5869 illud,
3001 5797 3050 5857 c.
3084 5797 3153 5857 19

2100 5882 2129 5913 ⁸³
2159 5876 2272 5945 AL,
2294 5874 2549 5934 volumus.
