4072 6358
488 391 632 450 1055

1625 384 1681 439 S.
1725 386 1959 436 LLUA.’~
2006 383 2215 439 MAGNI
2256 381 2623 440 EPISTOLzE.

487 503 809 561 incolumem
836 504 1125 571 custodiat,
1151 502 1318 560 frater
1343 502 1680 558 charissime.
1708 502 1835 556 Data
1869 509 1895 537 α
1919 501 2075 555 tertio
2105 510 2147 561 Α
2179 500 2425 572 ambigua
2452 499 2472 539 ί
2498 507 2747 556 occurrat
2775 496 2990 563 electio,
3015 506 3069 551 et
3088 512 3151 552 ex
3179 494 3281 552 hoc
3305 494 3395 552 ﬁat
3421 494 3793 569 plerumque,|

487 600 607 659 idus
635 600 800 669 Junii,
833 598 1075 671 Opilionc
1103 603 1220 655 viro
1247 601 1547 656 clarissimo
1577 599 1820 655 consule.

849 736 1059 807 1228
1103 734 1431 791 EPISTOLA
1479 734 1718 790 bCXXI.

878 862 899 887 ⁸⁷
933 867 1003 906 ΔΙ)
1040 866 1344 907 IARCIANUI
1376 866 1679 909 Αυσυετωι.

1091 964 1168 1019 De
1195 963 1466 1021 Pascltate.

490 1082 757 1135 bYNOPSIs.
798 1109 869 1122 —
900 1079 941 1135 1.
982 1079 1166 1135 Curam
1215 1080 1470 1152 paschalis
1531 1080 1677 1152 cycli
1724 1078 2074 1152 Alexandrino

559 1155 799 1214 episcopo
826 1153 948 1205 olim
991 1168 1100 1205 esse
1141 1149 1523 1206 deinandatam.
1556 1149 1625 1190 '—
1661 1149 1724 1203 11.
1762 1150 1897 1217 Quid
1940 1150 2077 1220 diﬁi-

560 1224 764 1276 cit/tatis
796 1240 859 1277 ea:
883 1222 977 1276 illo
1013 1235 1177 1275 ortum
1208 1225 1293 1276 sit.
1336 1251 1399 1262 -
1424 1222 1509 1277 Ill.
1544 1221 1611 1277 Ut
1641 1228 1702 1275 de
1726 1221 1823 1275 hac
1851 1222 2072 1291 ili/ﬁcul-

565 1303 665 1348 tate
684 1294 862 1366 jubeat
887 1295 1094 1365 inquiri,
1120 1295 1364 1364 postulat.

744 1406 770 1443 ιι
814 1407 924 1463 Leo
953 1408 1232 1478 episcopus
1257 1408 1537 1463 MARCIANO
1564 1408 1823 1477 Augusto.

566 1523 693 1579 CAP.
726 1524 765 1579 l.
812 1554 884 1566 —
925 1535 949 1562 ο
992 1526 1122 1579 Tam
1155 1524 1337 1579 multis
1382 1524 1719 1579 documentis
1748 1537 1845 1591 per
1888 1534 2079 1576 omnes

493 1612 689 1670 Chrisu
724 1616 991 1670 Ecclesias
1041 1616 1174 1670 lides
1206 1628 1402 1672 vestrae
1434 1615 1647 1685 pietatis
1690 1615 1920 1669 innotuit
1966 1631 1981 1669 :
2022 1622 2081 1669 ut

498 1708 543 1763 si
587 1708 713 1778 quid
746 1709 1160 1764 sollicitudinum
1190 1725 1289 1780 pro
1319 1709 1590 1764 communi
1620 1708 1879 1779 religione
1917 1723 2081 1779 gene-

498 1810 667 1865 ratur,
713 1802 904 1856 merito
935 1814 1169 1857 vestrum
1214 1813 1487 1873 quaeratur
1526 1802 1804 1857 auxilium.
1849 1802 1914 1855 Et
1956 1801 2081 1869 quia

2178 602 2318 671 quod
2357 615 2461 655 non
2502 600 2663 666 licet,
2704 610 2760 653 ut
2794 614 2900 653 non
2944 596 3103 651 simul
3134 596 3309 649 omnis
3343 592 3579 649 Ecclesia
3621 590 3770 662 quod

2176 696 2391 750 noitnisi
2434 709 2597 749 unum
2645 707 2767 749 esse
2813 700 3069 761 oportet,
3118 690 3389 745 observet.
3438 691 3776 744 Studnerunt

2177 788 2355 856 itaque
2394 789 2564 843 sancti
2609 786 2794 841 Patres
2837 786 3178 840 occasionem
3225 784 3380 853 hujus
3420 780 3621 836 erroris
3674 793 3776 835 au-

2177 878 2351 945 ferre,
2398 894 2611 935 omnem
2652 879 2789 934 hanc
2824 892 3008 933 curam
3042 876 3415 931 Alexandrino
3444 884 3468 923 ε
3513 874 3774 945 episcopo

2146 972 2484 1041 .delegantes
2532 971 2833 1043 (quoniam
2899 970 3042 1040 apud
3102 968 3388 1040 Egyptios
3431 966 3589 1037 hujus
3638 984 3777 1034 sup-

2176 1065 2465 1137 putationis
2513 1064 2805 1133 antiquitus
2853 1062 3044 1117 tradita
3083 1061 3294 1133 1339
3322 1076 3446 1115 esse
3493 1060 3777 1116 videbatur

2176 1156 2410 1227 peritia)
2459 1152 2485 1193 ιι
2528 1171 2624 1225 per
2670 1171 2828 1226 quem
2854 1196 2871 1221 ,
2914 1158 3199 1226 quotannis
3240 1155 3355 1209 dies
3388 1153 3657 1223 praedicta:
3687 1168 3781 1209 so-

2178 1239 2470 1305 lemnitatis
2496 1249 2609 1303 sedi
2639 1247 2946 1318 apostolicae
2988 1245 3333 1313 indicaretur,
3375 1244 3529 1314 cujus
3557 1244 3781 1317 scriptis

2176 1341 2245 1398 ad
2294 1340 2694 1413 longinquiores
2733 1338 3009 1396 Ecclesias
3060 1338 3318 1394 indicium
3356 1337 3604 1407 generale
3651 1352 3778 1405 per-

2178 1447 2444 1490 curreret.

2248 1526 2380 1582 CAP.
2414 1526 2475 1580 ll.
2493 1553 2562 1566 -
2583 1522 2691 1581 Sed
2716 1531 2915 1579 sanctae
2941 1520 3219 1577 memoria!
3238 1518 3574 1591 Theophilus
3602 1517 3617 1557 ί
3652 1517 3782 1573 Ale-

2181 1618 2457 1675 xandrinte
2490 1615 2746 1672 Ecclesiae
2767 1615 3077 1685 episcopus.
3102 1630 3224 1670 cum
3258 1612 3418 1684 hujus
3445 1611 3783 1667 observatio.

2181 1711 2267 1765 nis
2296 1710 2503 1765 annosi
2535 1715 2755 1764 centum
2780 1722 3010 1762 numero
3036 1704 3365 1773 collegisset,
3396 1700 3782 1772 septuagesimi

2183 1801 2323 1857 sexti
2352 1800 2476 1855 anni
2500 1798 2755 1871 paschale
2782 1798 2981 1853 festum
3008 1798 3167 1867 longe
3192 1794 3352 1851 aliter
3374 1810 3535 1866 quam
3559 1794 3647 1848 alii
3676 1793 3777 1848 de-

500 1908 709 1949 memor
737 1896 1153 1964 dispensationis
1202 1896 1329 1950 mihi
1378 1895 1619 1962 creditae,
1654 1909 1876 1950 necesse
1907 1894 2078 1949 habeo
2108 1900 2157 1960 B
2181 1902 2465 1949 creverant
2496 1891 2787 1947 tenendum
2815 1904 2937 1947 esse
2970 1890 3271 1944 constituit.
3300 1886 3327 1924 κ
3355 1885 3490 1942 Nam
3528 1899 3559 1940 a
3600 1886 3782 1955 primo

499 1998 657 2040 curas
685 2001 832 2040 meas
859 1988 1017 2041 etiam
1046 1988 1099 2041 in
1127 2002 1189 2041 ea
1222 2003 1340 2057 qua:
1369 1996 1493 2041 sunt
1520 1988 1695 2041 futura
1728 1988 2075 2055 praemittere,

499 2094 605 2132 non
654 2079 897 2149 improbe
947 2082 1103 2148 cupio
1148 2082 1451 2136 clementia:
1483 2092 1676 2135 vesme
1708 2081 1901 2135 studiis
1929 2080 2081 2150 adju-

499 2170 609 2223 vari
655 2188 668 2223 :
715 2181 768 2224 tit
800 2172 850 2224 in
879 2186 939 2226 ea
971 2173 1305 2227 observantia
1327 2216 1342 2238 ,
1383 2188 1521 2243 quae.
1550 2184 1693 2228 certa
1738 2187 1952 2241 semper
1996 2187 2083 2226 ra-

500 2265 645 2321 tione
675 2265 930 2330 variatur,
980 2268 1108 2323 nihil
1148 2270 1314 2337 possit
1346 2269 1544 2322 erroris
1574 2269 1797 2323 incurri.
1828 2265 2085 2322 Paschale

499 2357 698 2412 etenim
741 2357 975 2428 festum,
1024 2375 1131 2429 quo
1178 2370 1571 2414 sacramentum
1614 2361 1802 2413 salutis
1834 2361 2081 2414 humana:

499 2453 731 2505 maxime
751 2452 1077 2519 continetur,
1102 2452 1347 2523 quamvis
1371 2455 1421 2506 in
1452 2453 1626 2522 primo
1653 2468 1867 2521 semper
1897 2467 2083 2507 mense

496 2540 874 2596 celebrandum
913 2542 1013 2609 sit,
1058 2544 1128 2596 ita
1171 2550 1349 2596 tamen
1379 2551 1461 2597 est
1496 2543 1697 2597 lunaris
1738 2558 1925 2598 cursus
1952 2558 2084 2599 con-

496 2632 698 2688 ditione
743 2634 1041 2700 mutabile,
1092 2643 1148 2689 ut
1196 2633 1511 2704 plerumque
1555 2634 1934 2689 sacratissima
1969 2633 2082 2691 diei

572 2782 595 2810 ⁸
624 2770 838 2841 Vulgati
867 2783 991 2827 ante
1025 2771 1224 2839 Quesn.
1260 2788 1381 2827 cum
1421 2772 1615 2828 nostris
1658 2771 1936 2827 codicibus
1964 2772 2079 2827 col-

498 2841 622 2913 lect.
656 2844 745 2903 11,
780 2842 865 2902 12.
896 2842 956 2897 21
994 2853 1047 2899 et
1074 2844 1165 2909 24,
1200 2859 1262 2897 ac
1292 2844 1539 2913 exemplo
1568 2844 1833 2904 Sicltardi,
1859 2860 1909 2898 iv
1936 2844 2074 2897 idus.

495 2912 656 2971 Solus
695 2914 1016 2980 Quesuellus
1051 2930 1118 2969 ex
1144 2916 1268 2969 cod.
1314 2912 1509 2975 Grim..
1544 2930 1601 2969 Ill
1632 2916 1765 2969 idus.
1811 2915 1863 2969 Id
1896 2926 2075 2969 autem

497 2985 781 3040 immutare
814 2985 1109 3046 noluimus,
1143 2997 1422 3054 propterea
1461 2987 1602 3054 quod
1643 2984 1743 3039 hoc
1771 2986 1959 3040 eodem
1989 2986 2078 3041 die

496 3056 737 3127 signetur
772 3056 993 3127 epistola
1035 3056 1158 3121 119,
1201 3057 1265 3110 ad
1305 3057 1619 3120 Maximum,
1660 3072 1779 3110 cum
1827 3072 1927 3127 qua
1962 3057 2079 3111 haec

496 3125 657 3180 simul
698 3126 884 3185 eadem
929 3128 1211 3182 occasione
1260 3130 1602 3192 transmissa,
1653 3143 1717 3181 ac
1762 3125 2075 3183 ex'Leotiis

495 3210 648 3268 more
686 3197 872 3268 eodem
916 3199 1003 3253 die
1044 3199 1247 3268 signata
1287 3199 1553 3253 credenda
1603 3200 1691 3252 sit.
1750 3200 1916 3251 Sectis
1967 3200 2078 3265 epi-

498 3267 635 3337 stola
674 3268 739 3322 ad
790 3267 1110 3330 Maximum,
1146 3285 1264 3337 qum
1322 3270 1407 3323 hic
1462 3272 1659 3336 scripta
1712 3272 2075 3337 praesumitur,

498 3336 585 3409 die
632 3342 872 3409 sequenti
925 3348 1138 3393 exarata
1168 3336 1388 3395 luisset.
1444 3338 1621 3393 Facile
1668 3348 1843 3392 autem
1890 3340 1987 3393 fuit
2019 3341 2079 3395 li-

497 3405 690 3531 braigis
711 3405 787 3463 'ex
815 3425 871 3464 ιιι
901 3413 1035 3474 idus,
1071 3412 1276 3465 duabus
1304 3412 1592 3465 unitatibus
1622 3409 1844 3479 junctis,
1879 3425 1930 3464 tv
1961 3412 2080 3466 idus

498 3494 602 3531 scrt
648 3494 759 3531 ere.

498 3494 759 3533 SCI‘IDCI‘C.

572 3548 596 3586 δ
624 3550 769 3603 Alias
808 3548 897 3604 94.
932 3550 1060 3615 Quae
1089 3560 1266 3605 autem
1294 3559 1450 3607 antea
1486 3550 1581 3605 121
1611 3560 1748 3617 erat,
1780 3566 1922 3608 nunc
1952 3554 2075 3608 I55.

500 3617 709 3685 Scripta
740 3619 807 3673 15
834 3620 974 3674 Junii
1008 3637 1098 3676 an.
1126 3623 1253 3677 453.

498 3700 600 3814 va:
630 3688 819 3816 Esi‘t‘s‘tat
858 3691 909 3744 in
954 3706 1082 3746 mss.
1127 3694 1339 3747 collect.
1384 3690 1472 3758 I2,
1514 3692 1599 3758 18,
1632 3692 1699 3749 19
1728 3701 1783 3748 et
1809 3692 1902 3763 24,
1934 3709 1996 3749 ac
2027 3696 2079 3750 in

547 3770 619 3814 at.
651 3770 777 3817 541.

566 3828 594 3869 ἀ
625 3830 756 3905 god.
790 3831 1018 3900 Ratisp.,
1041 3832 1157 3905 Leo
1182 3849 1337 3905 papa.

568 3911 591 3939 ε
629 3899 802 3956 Etiam
836 3899 1005 3957 multis
1036 3904 1089 3959 in
1135 3899 1263 3959 iuls.
1296 3904 1654 3961 Laurentiano
1678 3905 1995 3962 Florentino
2025 3916 2081 3962 et

496 3969 784 4047 Fesulauo.
829 3973 951 4027 lam
1002 3976 1174 4029 multis
1224 3977 1274 4029 in
1309 3976 1423 4030 Vat.
1474 3978 1630 4045 1540,
1682 3978 1734 4031 in
1782 3994 1888 4047 quo
1917 3979 2077 4034 etiam

496 4044 653 4117 paulo
685 4054 823 4112 post,
849 4059 1060 4115 geratur
1087 4062 1180 4113 pro
1209 4059 1501 4117 generatur.

570 4112 592 4151 τ
628 4114 801 4169 Prima
846 4112 1011 4171 editio
1051 4112 1253 4185 Quesn.
1299 4133 1418 4171 cum
1469 4118 1829 4173 anterioribus
1876 4119 2075 4183 editis,

495 4197 689 4261 currat.
712 4186 1060 4242 Eineiidatum
1088 4190 1181 4261 luit
1210 4191 1261 4242 in
1284 4189 1518 4244 editione
1540 4190 1794 4258 secunda,
1819 4202 1874 4245 ut
1902 4192 1951 4244 in
1985 4206 2081 4261 po-

501 4256 727 4311 tioribus
755 4263 950 4312 tiustris
981 4260 1137 4313 codd.

567 4335 593 4373 ε
625 4329 717 4383 Ms.
772 4326 1274 4399 Ratisp.,7antistiti.
1323 4330 1586 4385 Alluditur
1626 4332 1853 4386 Nicarnis
1904 4329 2079 4384 Patri-

496 4395 632 4469 bus,
666 4399 732 4452 de
769 4395 963 4467 quibus
992 4398 1224 4469 Cyrillns
1252 4417 1370 4454 cum
1405 4400 1584 4469 Leone
1614 4406 1985 4467 censentiens,
2021 4404 2076 4456 in

495 4467 724 4538 Prologo
758 4469 999 4523 Paschali
1031 4467 1316 4524 Irztdtdcral
1342 4488 1429 4525 an.
1465 4467 1568 4526 457
1600 4491 1611 4525 :
1651 4474 1960 4529 Sanctorum
1998 4481 2078 4525 to-

2179 1993 2418 2055 augusta:
2432 1986 2706 2039 memoria:
2718 1982 3011 2039 Theodosii
3028 1981 3179 2037 senio
3187 1982 3261 2036 ris
3277 1976 3295 2016 ι
3312 1977 3592 2035 consulatu
3606 1986 3645 2013 ω
3658 1990 3783 2031 suc-

2182 2079 2460 2134 cedentem
2502 2078 2604 2135 sibi
2642 2092 2811 2133 sacrte
2854 2077 3211 2132 observantiae
3242 2074 3491 2129 ordinem
3531 2084 3779 2139 ponens,

2186 2181 2246 2227 ut
2293 2173 2551 2243 longioris
2599 2171 2859 2238 temporis
2914 2171 3051 2223 ratio
3092 2168 3211 2238 ejus
3256 2166 3451 2222 litteris
3502 2172 3783 2219 teneretur

2187 2267 2439 2333 ascripta.
2463 2265 2619 2332 cujus
2647 2263 2858 2335 1230
2881 2261 3277 2330 complexionis
3299 2266 3327 2295 η
3350 2258 3782 2327 septuagesimus

2189 2365 2245 2413 et
2279 2367 2504 2428 quartus
2550 2364 2635 2410 est
2676 2372 2869 2422 annus,
2903 2364 2928 2390 ο
2960 2356 3012 2409 in
3054 2369 3162 2423 quo
3204 2352 3375 2421 pridie
3418 2351 3539 2405 idus
3577 2350 3783 2419 Aprilis

2190 2455 2437 2502 sanctum
2477 2445 2680 2501 Pascha
2723 2445 3147 2509 celebravimus;
3180 2443 3422 2513 sequenti
3464 2456 3593 2497 vero
3635 2454 3783 2495 anno

2192 2541 2363 2612 pridie
2396 2554 2565 2595 nonas
2600 2538 2799 2609 Aprilis
2831 2538 3041 2605 eadem,
3074 2537 3308 2608 propitio
3348 2535 3489 2600 Deo,
3516 2544 3543 2584 Ρ
3569 2531 3780 2603 agenda

2191 2632 2297 2689 erit
2324 2630 2601 2695 festivitas,
2628 2630 2769 2685 sicut
2793 2640 2821 2680 ει
2850 2631 3167 2701 regulariter
3192 2627 3516 2683 centenariae
3543 2632 3780 2680 annota-

2181 2774 2330 2842 cujus
2359 2770 2563 2841 scriptis
2591 2784 2687 2842 pro
2713 2781 2765 2823 ut
2796 2770 2951 2841 hujus
2977 2768 3175 2842 scripti,
3210 2777 3265 2822 et
3293 2767 3541 2842 indicium
3568 2779 3664 2836 pro
3680 2766 3783 2838 ju-

2181 2839 2396 2904 dicium,
2427 2839 2487 2895 ut
2518 2843 2568 2895 in
2596 2841 2716 2895 aliis
2744 2839 2942 2895 nostris
2972 2840 3250 2894 codicibus
3280 2839 3601 2908 reperimus.

2257 2912 2274 2951 ί
2306 2913 2540 2981 Ratisp.,
2578 2912 2944 2965 Alexandrina
2974 2911 3135 2981 urbis.

2254 2985 2269 3035 l
2302 2980 2584 3051 Theophili
2612 2983 2954 3039 Laterculum
2990 2980 3245 3036 l’aschnle
3267 2995 3533 3035 annorum
3557 2991 3778 3036 centum

2181 3053 2269 3109 hic
2298 3055 2582 3118 indicatur,
2613 3058 2754 3124 quosi
2787 3053 3075 3120 incipiebat
3118 3056 3186 3106 ab
3234 3067 3375 3106 anno
3424 3051 3561 3124 380._
3594 3052 3667 3105 ita
3722 3062 3779 3124 ut

2184 3141 2355 3179 annus
2388 3127 2454 3181 76
2488 3122 2646 3193 hujus
2691 3125 2958 3180 [κλωπ-(ιυιί
3006 3125 3271 3179 incideret
3314 3124 3365 3177 in
3413 3138 3501 3177 an.
3536 3122 3675 3183 455.
3710 3123 3782 3178 de

2108 3184 2153 3246 C
2184 3197 2336 3266 cujus
2378 3184 2639 3251 Paschate
2681 3211 2920 3265 prtesens
2950 3196 3257 3249 vertebatur
3295 3197 3541 3266 quiestio.
3580 3194 3784 3266 Distin-

2185 3264 2454 3337 guendum
2494 3282 2570 3321 est
2618 3264 2797 3321 autem
2836 3268 2936 3321 hoc
2972 3264 3370 3322 Latercnluma
3417 3264 3637 3335 periodo
3676 3280 3781 3337 seu

2185 3335 2388 3393 circulo
2434 3338 2668 3407 paschali
2714 3338 2953 3407 ejusdem
3000 3337 3282 3405 Theophili
3326 3353 3586 3390 annorum
3628 3335 3777 3404 418,

2184 3425 2319 3479 quos
2342 3411 2571 3479 Cyrillus
2597 3413 2645 3463 in
2675 3410 2903 3477 Prologo
2930 3410 3167 3479 paschali
3195 3423 3451 3477 expresse
3475 3419 3777 3479 memorat;

2185 3476 2293 3535 non
2317 3476 2445 3534 vero
2466 3497 2727 3535 annorum
2749 3482 2875 3544 457,
2902 3476 2973 3534 uti
3001 3476 3319 3546 Quesnellus
3340 3487 3451 3533 not.
3487 3476 3515 3530 1
3548 3480 3599 3531 in
3634 3478 3778 3533 hanc

2185 3553 2469 3620 epistolam
2499 3551 2733 3620 scripsit.
2758 3552 2939 3621 Neque
2966 3551 3325 3615 LaterCqutn,
3352 3560 3409 3603 ttt
3430 3549 3569 3604 idem
3598 3550 3780 3617 Ques-

2186 3624 2360 3677 nellus
2388 3624 2574 3677 eadem
2608 3632 2733 3676 uota
2758 3622 3009 3685 asseruit,
3046 3636 3217 3676 annos
3245 3633 3461 3676 centum
3492 3634 3519 3673 a
3554 3621 3783 3688 periodo

2187 3704 2477 3747 memorata
2501 3694 2786 3761 decerptos
2807 3694 3115 3748 exhibebat.
3140 3693 3270 3746 Nam
3309 3692 3584 3760 periodum
3606 3707 3783 3745 anno-

2185 3780 2302 3819 rum
2330 3763 2436 3819 418
2461 3766 2667 3818 initium
2694 3767 2989 3832 sumpsisse
3015 3766 3083 3818 ab
3105 3779 3247 3817 anno
3279 3764 3473 3817 Christi
3496 3761 3623 3821 ‘75.
3656 3772 3783 3830 post

2186 3840 2421 3904 quinque
2462 3833 2655 3905 Cyclas
2695 3834 3238 3900 decemnnvennales,
3272 3849 3406 3904 quos
3434 3832 3778 3905 Theophilus

2186 3902 2239 3960 in
2283 3902 2564 3959 |.aterruio
2607 3906 2877 3971 ediderat,
2906 3908 3181 3961 absolutos‘
3222 3902 3364 3959 anno
3393 3902 3635 3973 ejusdem
3667 3904 3779 3957 La-

2186 3978 2372 4031 terculi
2429 3976 2539 4042 96,
2589 3978 2789 4044 nptime
2832 3976 3223 4031 demonSIravit
3271 3977 3504 4031 Joannes
3558 3974 3779 4032 Vander

2188 4048 2397 4116 Haagcu
2432 4050 2481 4100 iti
2516 4048 2895 4104 dissertatione
2924 4050 2991 4103 de
3020 4047 3304 4117 Theophili
3336 4046 3500 4118 Cyclo
3527 4045 3774 4115 paschali

2186 4117 2290 4189 418
2312 4132 2611 4189 annorum,
2644 4117 2673 4189 §
2705 4120 2756 4173 8.
2964 4188 2967 4189 7
3406 4188 3415 4189 7
3636 4188 3645 4189 7

2259 4122 2290 4171 8
2324 4132 2611 4179 annorum,
2644 4122 2673 4179 ᾗ
2705 4122 2756 4173 8.

2258 4187 2281 4225 ιι
2311 4187 2572 4243 Particula
2606 4187 2742 4243 Nunt
2779 4190 2932 4243 deest
2959 4188 3011 4243 in
3041 4190 3203 4246 editis
3236 4198 3361 4243 ante
3388 4188 3775 4257 Quesnellum,

2184 4259 2322 4313 sicut
2368 4262 2529 4313 etiam
2574 4262 2626 4315 in
2676 4264 2873 4314 nostris
2915 4261 3211 4329 codicibus,
3244 4270 3472 4321 excepto
3512 4259 3773 4330 Ratispo-

2186 4330 2361 4400 nensi,
2394 4332 2482 4398 qui
2516 4348 2633 4384 eam
2665 4332 2907 4387 exhibet.
2948 4332 3077 4387 Vide
3104 4345 3218 4387 not.
3247 4331 3282 4384 2
3310 4331 3515 4400 Qucsu.

2260 4399 2278 4438 Ῑ
2314 4408 2464 4455 Atinii
2496 4400 2621 4457 580.
3343 4399 3346 4400 ν
3750 4442 3754 4445 _

2256 4481 2295 4508 ω
2330 4475 2399 4523 Ita
2422 4488 2543 4526 cum
2572 4473 2931 4540 Quesn.idem
2962 4472 3081 4526 cod.
3114 4470 3325 4542 Ratisp.
3359 4472 3460 4527 Alii
3491 4470 3622 4527 editi
3647 4484 3777 4527 cum

497 4538 595 4591 tius
618 4542 754 4626 prliis
775 4542 960 4626 synodi
982 4544 1312 4626 consensione
1344 4546 1600 4596 decretum
1612 4558 1725 4626 "est,
1759 4555 1811 4625 ut
1832 4544 2077 4624 quoniam
2112 4567 2158 4626 ο
2185 4538 2622 4626 cieterisnostris
2654 4559 2808 4611 mss.,
2841 4548 3167 4598 succedentes
3187 4538 3285 4598 sibi
3310 4560 3471 4599 sacra
3492 4544 3777 4597 observan-

496 4612 637 4684 apud
660 4610 1024 4665 Alexandriam
1057 4613 1175 4667 talis
1203 4626 1326 4665 esset
1363 4626 1561 4681 reperta
1604 4610 1853 4679 Ecclesia,
1886 4630 2001 4684 qua:
2026 4615 2079 4667 in

496 4677 650 4747 hujus
680 4684 889 4736 scientia
923 4684 1158 4747 clueret,
1193 4696 1343 4750 quota
1375 4677 1728 4747 kalendarum,
1765 4677 1845 4739 vel
1875 4677 2076 4750 iduum,

496 4752 801 4826 quottiluna
840 4751 1051 4826 Pascha
1074 4754 1249 4806 debeat
1286 4757 1559 4819 celebrari,
1595 4772 1683 4823 per
1709 4756 1942 4826 singulos
1985 4771 2083 4808 an-

496 4821 877 4894 nos7_lioniante
929 4822 1173 4877 Ecclesia:
1210 4826 1391 4878 litteris
1441 4821 1730 4890 intimaret,
1773 4821 1910 4878 unde
1948 4842 2080 4894 apo-

496 4891 678 4966 ςιίιιὶεα⁸
714 4896 1018 4966 auctoritate
1060 4896 1361 4948 universalis
1406 4896 1638 4949 Ecclesia
1679 4914 1765 4966 per
1797 4907 1959 4950 totum
1986 4891 2083 4950 Vor-

496 4961 603 5013 bent
647 4963 918 5029 deﬁnitum
960 4962 1177 5019 Pascha:
1223 4966 1357 5018 diem
1406 4968 1518 5019 sine
1563 4961 1688 5021 ulla
1717 4968 2081 5034 disceptatione

495 5045 839 5099 cognosceret.

474 5118 518 5176 ι,
566 5102 592 5137 ιι
624 5104 931 5158 Lectionem
976 5106 1320 5159 vetustissimi
1366 5106 1771 5176 Ratisponensis
1803 5123 1903 5162 ms.
1943 5123 2080 5176 prte-

496 5172 771 5244 [crendam
800 5176 1070 5242 duximus,
1102 5191 1219 5244 quas
1252 5176 1429 5243 potior
1452 5172 1725 5232 et'clarinr
1750 5189 1853 5243 est,
1881 5172 2078 5233 etcum

494 5240 675 5313 Cyrilli
702 5245 1032 5317 testimonio,
1057 5240 1394 5301 antecedenti
1418 5252 1762 5304 annotatione
1783 5240 2077 5317 descripto.

494 5328 561 5367 ex
601 5330 707 5383 quo
746 5316 880 5371 forte
918 5315 1027 5371 Leo
1062 5323 1382 5372 sententiam
1411 5322 1659 5387 sumpsit,
1695 5324 1925 5375 maxime
1951 5315 2081 5375 cnn-

492 5387 655 5461 gruit.
689 5387 933 5461 lnAeditis
955 5391 1345 5456 antiquioribus
1372 5390 1625 5445 Leoniuis
1655 5402 1909 5458 corrupte
1937 5393 2081 5461 lege-

494 5456 647 5531 batur
682 5475 695 5510 ε
736 5457 840 5531 Per
873 5476 1026 5529 quant
1063 5466 1288 5531 quamvis
1318 5464 1535 5531 singulis
1565 5464 1671 5516 dies
1703 5456 1958 5531 prwdictte
1991 5456 2081 5516 ξο-

494 5524 767 5581 lcmnitatis
791 5524 1031 5594 eveniret,
1056 5524 1179 5585 Sedi
1207 5524 1501 5594 apostolici:
1530 5524 1861 5594 indicaretur,
1892 5543 1943 5585 ut
1976 5532 2075 5585 hu-

422 5645 427 5649 .
492 5600 576 5721 ius
605 5601 780 5667 scripti
808 5607 873 5653 ad
899 5604 1277 5671 longinquiores
1306 5602 1556 5657 Ecclesias
1574 5606 1833 5675 judicium
1861 5620 2073 5672 genera.

516 5673 607 5721 iter
638 5686 971 5721 percurreret.
1007 5676 1145 5721 Idem
1173 5674 1363 5721 lenitur
1387 5677 1436 5721 iu
1462 5677 1686 5721 vulnatis
1711 5675 1925 5721 Coucil-
1954 5690 2073 5721 cum

516 5673 607 5743 iter
636 5686 971 5740 percurreret.
1006 5676 1145 5727 ldetn
1173 5674 1363 5743 legitur
1386 5677 1436 5727 iu
1462 5673 1686 5743 vulgatis
1711 5675 1925 5729 Coucil.
1954 5690 2076 5730 cum

493 5738 809 5815 hierlinoex
841 5745 998 5799 codd.
1035 5738 1267 5815 collecti
1295 5743 1360 5796 1‘2
1382 5785 1396 5806 ,
1432 5744 1531 5798 ltac
1551 5738 1694 5799 vsola
1735 5748 2074 5815 exceptione,

492 5810 576 5873 qui
616 5814 761 5883 annis
814 5829 908 5883 pro
949 5818 1193 5883 quamvis.
1228 5814 1374 5868 lianc
1420 5824 1743 5882 postremam
1791 5810 2075 5871 let-iiuuem

493 5882 825 5943 Quosnellus
851 5882 1184 5955 suscipiens.
1229 5886 1364 5944 duas
1404 5886 1811 5947 emendationes
1848 5888 2076 5958 addidit,

2186 4615 2269 4668 tite
2299 4616 2521 4668 ordines.

2256 4693 2283 4720 η
2334 4685 2457 4739 Tria
2512 4685 2768 4740 Paschata
2824 4685 2927 4741 sibi
2976 4687 3320 4742 succedentia
3376 4688 3427 4740 in
3484 4682 3776 4739 Lateri-nlo

2184 4754 2576 4823 Theolihiliano
2600 4766 2779 4809 notata
2808 4758 3129 4820 indicantur,
3156 4759 3406 4811 nimirum
3443 4755 3647 4810 Pascha
3676 4770 3771 4809 an.

2183 4825 2308 4889 455,
2351 4829 2493 4895 quod
2524 4830 2574 4880 in
2604 4827 2978 4895 complexione,
3027 4844 3124 4884 seu
3172 4829 3459 4883 Latcrculo
3486 4826 3775 4894 Theupliili

2183 4899 2248 4970 ad
2299 4914 2495 4950 annum
2530 4898 3009 4970 7ti__a_~sign.ibatur
3049 4902 3215 4968 pridie
3245 4901 3318 4952 id.
3369 4901 3598 4970 Aprilis;
3642 4907 3772 4952 item
3809 4936 3823 4945 .

2183 4967 2387 5022 Pascha
2416 4970 2536 5021 anui
2572 4967 2693 5034 454,
2721 4967 2859 5036 quod
2890 4972 2954 5023 ad
2986 4967 3075 5024 an.
3112 4972 3178 5025 75
3218 4972 3288 5025 La
3317 4967 3482 5025 erculi
3511 4972 3769 5037 alligeba-
3807 4974 3828 5030 ζ

2184 5050 2271 5111 tur
2302 5041 2465 5111 pridie
2501 5057 2661 5093 nonas
2698 5043 2919 5111 Aprilis.
2953 5052 3006 5095 et
3050 5044 3099 5094 in
3144 5047 3223 5095 his
3265 5043 3466 5096 nullum
3498 5052 3614 5093 erat
3645 5055 3772 5095 cum

2184 5110 2391 5165 Latinis
2420 5110 2826 5175 ilissidittmsac
2859 5114 3071 5166 laudent
3105 5113 3307 5167 Pascha
3343 5129 3431 5168 an.
3466 5111 3591 5171 455,
3626 5112 3775 5179 quod

2181 5182 2246 5253 ad
2286 5199 2373 5253 an.
2424 5182 2490 5235 76
2541 5182 2807 5237 L:ttcrcu|i
2837 5199 2926 5237 viti
2958 5182 3059 5238 kal.
3098 5183 3225 5237 Maii
3253 5187 3590 5253 Signaliatur;
3622 5192 3679 5236 et
3721 5184 3777 5238 in

2184 5252 2284 5304 hoc
2316 5252 2569 5306 i’aschate
2600 5254 2772 5308 Latini
2801 5257 2868 5309 ait
2898 5256 3277 5309 Alexandrinis
3308 5252 3660 5307 dissidebant.

2255 5331 2279 5357 ο
2306 5324 2394 5376 Sic
2415 5327 2815 5379 emendavimus
2837 5342 2902 5379 ex
2933 5340 3061 5378 mss;
3090 5325 3292 5396 Ratisp.
3318 5336 3374 5380 et
3401 5325 3516 5377 Vat.
3545 5325 3783 5396 collect.

2181 5392 2280 5515 2L,
2309 5396 2445 5516 Edilt:
2481 5411 2781 5473 perperam,
2814 5400 2867 5450 in
2893 5414 3014 5466 qua.
3043 5397 3161 5451 Mox
3192 5392 3424 5451 sanctum
3443 5394 3690 5467 paschale
3725 5397 3787 5451 in

2182 5478 2263 5516 00(
2288 5481 2371 5516 em
2449 5479 2585 5516 :IlIS“

2182 5478 2371 5518 coueni
2405 5478 2585 5534 ttansp

2256 5544 2280 5582 P
2315 5538 2450 5589 [aditi
2477 5549 2527 5590 et
2563 5539 2805 5605 plerique
2836 5538 3021 5605 codd,
3045 5539 3298 5593 habenda.
3333 5536 3525 5592 Melior
3548 5538 3659 5591 visa
3693 5549 3786 5592 est

2184 5605 2342 5660 lectio
2368 5622 2466 5659 IIIS.
2505 5609 2691 5677 Rzilisp

2254 5688 2280 5750 fi
2318 5680 2757 5750 Voxregatariter
2800 5680 2996 5733 iudicat
3034 5682 3151 5734 dies
3189 5682 3468 5750 paschales
3508 5696 3784 5738 annorum

2181 5745 2287 5802 455
2330 5760 2385 5802 et
2426 5738 2532 5801 tibi
2566 5754 2615 5803 in
2646 5751 2928 5819 TheOphili
2966 5738 3245 5807 Latercuio
3273 5762 3485 5809 notatos
3514 5770 3621 5809 ιιι-ιι
3658 5754 3783 5809 dis-

2183 5834 2433 5894 ert-passo
2479 5842 2501 5869 a
2548 5827 2758 5889 iugula,
2808 5840 2898 5876 seu
2944 5823 3104 5894 (lycio
3150 5824 3460 5879 Latinorum
3507 5840 3782 5883 titulorum

2183 5889 2272 5959 84,
2293 5906 2400 5960 quo
2422 5893 2659 5950 Romana
2687 5896 2924 5953 Ecclesia
2952 5889 3065 5953 tum
3087 5897 3357 5956 utebatur.
3374 5897 3435 5958 Si
3451 5895 3780 5958 Latinorum
