4072 6358
490 309 633 369 1059

1616 315 1674 370 S.
1716 303 1962 372 LEONiS
2000 309 2213 387 MAGNI
2252 318 2624 378 EPISTOLIE.
3074 347 3101 371 ο

3623 322 3763 411 ιρερ

489 430 668 503 philus
694 430 761 486 ad
785 430 1081 502 Augustum
1110 428 1472 488 Theodosium
1506 433 1774 489 seniorem
1799 435 2062 504 scribens,
2100 444 2141 499 Α
2174 440 2375 510 aliqua,
2406 450 2495 495 aut
2524 439 2954 512 transgressione
2984 448 3257 511 peccetur.
3288 440 3706 523 Quidquid'aute

493 540 590 596 per
610 530 821 581 centum
854 539 1042 588 annos,
1074 539 1103 577 a
1126 523 1300 595 primo
1328 524 1564 595 praedicti
1588 526 1843 598 principis
1874 543 2071 584 consu-

492 617 636 681 latu,
678 614 900 685 digessit
937 615 1177 670 ordinem
1213 615 1365 683 festi,
1395 618 1548 686 cujus
1590 612 1957 675 instruetiOnis
1987 635 2073 676 se—

495 708 852 778 ptuagesimus
874 717 1092 778 quartus
1114 724 1250 764 nunc
1272 722 1443 764 annus
1458 710 1753 775 evolvitur;
1785 728 1911 783 quo,
1938 712 2067 782 Opi-

496 800 639 855 lione
668 801 910 868 consule,
938 801 1108 869 pridie
1137 802 1255 858 idus
1284 803 1480 873 Aprilis
1518 804 1786 861 celebrata
1815 815 1897 862 est
1924 820 2074 861 sacra

495 893 837 958 solemnitas;
871 890 1012 949 unde
1037 895 1283 964 sequenti
1315 911 1455 951 anno
1476 938 1489 961 ,
1520 897 1693 967 pridie
1729 913 1894 953 nonas
1921 898 2078 967 Apri-

497 982 593 1051 lis,
645 985 832 1039 eadem
880 982 1143 1040 festivitas
1192 986 1585 1042 rationabiliter
1625 996 1651 1025 ι
1698 998 2076 1058 consequetur.
2125 996 2128 1000 '

497 1076 601 1131 Sed
642 1091 814 1132 annus
852 1078 942 1148 qui
982 1080 1086 1133 erit
1120 1080 1546 1149 septuagesimus
1582 1092 1769 1138 sextus
1798 1080 2081 1137 memorati

497 1171 734 1239 episcOpi
784 1172 1187 1226 annOtationem
1235 1171 1436 1228 habere
1480 1174 1841 1243 cognoscitur,
1889 1188 2007 1245 quae
2050 1188 2083 1226 a

499 1261 660 1316 t0tius
700 1263 1034 1332 antiquitatis
1066 1263 1313 1333 exemplo
1354 1272 1408 1318 et
1446 1264 1514 1319 ab
1551 1265 1694 1319 omni
1738 1265 1951 1319 Patrum
1990 1278 2085 1319 au-

500 1355 746 1409 ctoritate
768 1354 1059 1410 discordat.
1087 1355 1363 1425 Siquidem
1390 1356 1444 1410 in
1469 1365 1713 1412 octavum
1735 1355 2083 1412 kalendarum

500 1444 757 1500 Maiarum
790 1446 1121 1501 Dominicum
1158 1446 1363 1501 Pascha
1396 1448 1753 1516 transtulerit,
1794 1450 2085 1523 praeﬁnitas

499 1534 529 1576 δ
557 1539 846 1609 antiquitus
880 1538 1073 1595 limites
1106 1540 1264 1595 nimis
1291 1550 1313 1579 ο
1341 1541 1619 1597 evidenter
1648 1542 1935 1610 excedens,
1965 1558 2084 1598 cum

502 1631 555 1686 in
577 1633 663 1687 die
684 1634 872 1702 quinto
894 1633 1105 1689 decimo
1126 1632 1478 1689 kalendarum
1503 1636 1755 1690 Maiarum
1780 1636 2084 1705 paschalem

501 1726 918 1794 solemnitatem,
948 1728 1088 1784 sicut
1113 1728 1507 1784 constituerunt
1537 1727 1561 1765 ά
1590 1730 1699 1794 alii,
1732 1731 1967 1799 potuerit
1996 1745 2092 1783 an-

468 1829 709 1887 ‘nOtare.
752 1817 904 1875 Unde
950 1821 1071 1889 quia
1114 1836 1221 1874 non
1272 1820 1558 1875 mediocris
1605 1820 1735 1874 mihi
1781 1820 2085 1875 sollicitudo
2115 1823 2163 1903 β

501 1921 809 1981 generatur,
838 1926 906 1967 ne
935 1912 1073 1982 apud
1102 1911 1390 1983 Egyptios
1419 1913 1535 1967 haec
1564 1913 1838 1982 persuasio
1872 1922 1894 1949 ε
1928 1912 2087 1967 robo-

504 2017 672 2072 retur,
702 2005 767 2059 ad
795 2004 1304 2077 Chrisﬁanissimum
1336 2019 1389 2061 et
1423 2004 1901 2060 clementissimum
1943 2006 2087 2073 prin-

504 2099 679 2171 cipem
702 2102 898 2170 Scripta
923 2100 1117 2166 direxi,
1141 2101 1333 2170 quibus
1364 2115 1581 2155 causam
1610 2100 1844 2168 scruputi
1865 2098 2091 2169 diligen-

505 2200 588 2249 ter
621 2194 829 2266 1233
857 2195 1120 2264 exposui,
1148 2204 1204 2250 et
1231 2194 1546 2264 suppliciter
1577 2194 1840 2263 postulavi
1879 2202 1934 2247 ut
1962 2208 2091 2263 ope-

506 2300 618 2339 ram
646 2300 827 2353 suam,
851 2286 1304 2355 quemadmodum
1332 2287 1643 2351 consuevit,
1677 2286 1955 2356 religionis
1978 2284 2091 2340 cul-

507 2379 585 2433 tui
612 2378 893 2450 dignanter
924 2379 1195 2450 impendat
1228 2397 1240 2431 :
1272 2388 1329 2434 ut
1358 2377 1375 2416 τ
1404 2394 1497 2435 eos
1526 2379 1617 2450 qui
1646 2378 1801 2448 hujus
1828 2387 2090 2447 supputa-

508 2471 668 2541 tionis
708 2471 999 2542 perlectam
1034 2471 1282 2528 videntur
1316 2472 1515 2527 habere
1543 2472 1809 2538 notitiam,
1842 2472 1895 2525 in
1926 2486 2088 2527 unum

501 2564 687 2637 jubeat
724 2566 1014 2620 convenire
1057 2574 1111 2621 et
1152 2564 1438 2633 diligenter
1469 2563 1741 2635 inquirere
1785 2581 1797 2615 :
1841 2578 1907 2617 ne
1954 2562 2093 2617 forte

506 2656 624 2714 haec
644 2659 888 2737 deﬁnitio
918 2667 1182 2725 teneatur,
1209 2669 1263 2715 et
1293 2660 1378 2715 hic
1408 2673 1683 2725 excessus,
1717 2660 1803 2731 qui
1828 2657 2092 2729 prioribus

505 2749 719 2809 videtur
763 2766 1063 2823 repugnare
1100 2736 1454 2827 temporibus,
1499 2761 1700 2808 nostra:
1740 2752 2092 2811 conniventia:

506 2846 589 2901 vel
626 2845 967 2916 negligentiae
1004 2845 1321 2915 deputetur,
1359 2853 1415 2900 et
1449 2844 1540 2898 liat
1581 2844 1633 2899 in
1672 2844 1869 2899 nostris
1905 2843 2093 2898 diebus

506 2936 653 3009 quod
698 2952 990 3009 numquam
1033 2943 1159 2993 ante
1208 2947 1590 3008 praesumptum
1637 2944 1737 2992 est.
1788 2936 1921 3004 Quia
1971 2950 2097 2990 vero

504 3038 721 3099 oportet
744 3039 767 3077 κ
798 3029 1194 3086 fraternitatem
1220 3038 1361 3084 tuam
1394 3043 1539 3084 curae
1564 3028 1717 3085 istius
1744 3043 1951 3084 mecum
1974 3042 2096 3083 esse

508 3122 822 3194 participem
845 3164 860 3189 ,
899 3133 951 3177 et
982 3139 1048 3179 ne
1075 3122 1202 3191 quid
1236 3122 1341 3177 tale
1372 3121 1581 3177 accidat
1611 3136 1950 3191 praecavere,
1978 3134 2097 3175 cre-

2177 462 2375 510 attqua,
2406 462 2495 495 aut
2525 462 2954 512 transgresswne
2984 462 3257 511 peccetur.
3582 462 3706 521 auia

2177 531 2244 587 de
2288 533 2387 587 hac
2428 548 2485 588 re
2517 534 2533 584 l
2569 531 2878 601 diligentior
2908 534 3212 591 sollicitudo
3243 537 3524 615 repererit,
3549 540 3657 617 cito
3678 462 3764 619 £3

2175 625 2419 679 notitiam
2449 641 2619 701 meam
2647 624 3070 703 gloriosissimus
3096 628 3387 705 imperator
3419 630 3605 713 jubeat
3645 648 3765 709 per:

2177 718 2398 773 venire:
2431 718 2550 789 quia
2576 728 2628 772 et
2649 718 2712 773 ad
2744 718 2910 787 ipsius
2941 727 2994 774 et
3021 717 3088 773 ad
3117 718 3355 797 omnium
3386 720 3612 797 salutem
3642 712 3766 799 per:

2179 808 2315 862 tinet
2351 818 2406 862 ut
2449 808 2539 863 Dei
2571 810 2744 887 cultus
2777 809 2922 885 nullo
2951 826 3134 865 errore
3164 806 3409 885 laedatur.
3443 808 3469 849 ¹ί
3500 810 3627 887 pata
3656 826 3770 893 xvi:

2180 899 2439 956 kalendas
2465 901 2607 965 Julii,
2640 901 2887 979 Opilione
2916 904 3030 958 viro
3060 902 3359 975 clarissimo
3380 904 3624 981 consule.

2526 1038 2737 1109 1284
2765 1038 3095 1095 EPISTOLA
3129 1037 3148 1078 1
3182 1039 3415 1095 CXXIII.

2593 1138 2634 1166 ω
2660 1144 2726 1203 AD
2756 1144 3020 1201 EUDOCIAI
3046 1146 3343 1186 AUGUSTAI.

2620 1224 2697 1277 lle
2715 1224 2977 1277 monac/tis
3009 1223 3322 1279 Palwstinis.

2185 1333 2464 1391 SINOPSIS.
2508 1364 2577 1373 ——
2611 1333 2649 1388 l.
2688 1334 2851 1406 Roga:
2894 1345 2947 1388 ut
2979 1352 3153 1389 curam
3182 1352 3326 1389 suam
3358 1337 3659 1391 reducendis
3702 1338 3773 1391 ad

2259 1408 2413 1472 [idem
2440 1415 2483 1459 et
2512 1406 2724 1477 quietem
2748 1409 3011 1459 monachis
3051 1406 3349 1461 Paltestinis
3386 1409 3661 1477 impendat.
3701 1440 3765 1450 -ο

2258 1477 2320 1532 ll.
2367 1477 2589 1549 lierepta
2638 1476 3042 1549 Chalcedonensi
3090 1480 3285 1549 synodo
3319 1476 3463 1549 tant
3498 1477 3773 1549 Eutychen

2259 1565 2410 1616 quam
2440 1544 2734 1619 Nestorium
2760 1557 3085 1601 exsecrentur
3101 1544 3460 1619 ,vsi‘eat/toliri
3492 1544 3649 1603 rideri
3683 1544 3775 1619 vo;

2262 1619 2393 1671 Iunt.
2453 1616 2590 1684 Quid
2625 1629 2789 1671 autent
2834 1620 3107 1687 profecerit
3155 1618 3441 1673 exhortatio
3484 1616 3768 1685 Eudocite,

2261 1690 2422 1758 ipsius
2444 1688 2623 1743 litteris
2645 1691 2828 1743 instrui
2855 1689 3015 1755 cupit.

2479 1781 2589 1838 Leo
2616 1782 2901 1852 episcotius
2922 1782 3175 1839 Eubocis
3207 1784 3480 1853 Augustae.

2262 1915 2390 1971 CAP.
2423 1916 2461 1971 l.
2491 1947 2560 1958 --
2585 1917 2791 1985 Quanta
2818 1918 2948 1972 mihi
2976 1917 3253 1993 catholicae
3282 1934 3408 1975 cura
3436 1921 3505 1974 sit
3531 1918 3677 1987 ﬁdei,
3713 1929 3771 1993 et

2190 2024 2293 2080 qua
2344 2004 2740 2077 sollicitudine,
2796 2011 2847 2066 in
2894 2020 3148 2081 quantum
3204 2012 3463 2067 Dominus
3509 2012 3772 2083 adjuvat,

2190 2110 2216 2139 ι’
2247 2102 2467 2157 debeam
2488 2117 2791 2172 praecavere
2817 2118 2884 2159 ne
2909 2119 3157 2175 umquam
3185 2104 3251 2159 ab
3273 2105 3531 2176 imperitis
3559 2115 3651 2159 aut
3676 2106 3777 2160 itn-

2191 2194 2293 2265 piis
2323 2194 2560 2249 veritatis
2591 2194 2878 2265 Evangelia
2908 2196 3219 2262 resistatur,
3253 2196 3503 2267 pietatem
3531 2206 3764 2251 vestram

2192 2292 2336 2345 scire
2370 2306 2475 2343 non
2508 2290 2715 2345 dubito.
2753 2289 2819 2343 Et
2850 2289 2970 2345 ideo
3013 2305 3131 2344 cum
3183 2290 3519 2346 salutationis
3563 2290 3779 2356 ofﬁcio,

2192 2399 2298 2453 quo
2326 2398 2539 2452 semper
2568 2382 2694 2436 mihi
2732 2391 2813 2437 est
2849 2393 3024 2437 vestra
3055 2390 3080 2417 ο
3120 2368 3431 2437 honoranda
3458 2381 3741 2437 clementia
3762 2425 3777 2449 ,

2191 2477 2417 2532 obsecro
2450 2476 2729 2531 Dominum
2771 2484 2829 2529 ut
2869 2492 2954 2531 me
2982 2474 3049 2531 de
3079 2484 3163 2530 tua
3198 2475 3569 2530 incolumitate
3604 2475 3781 2530 laetiﬁ-

2194 2579 2279 2627 cet
2301 2612 2314 2635 ,
2356 2578 2411 2626 et
2444 2585 2659 2625 causam
2689 2569 2841 2636 ﬁdei,
2876 2571 2928 2625 in
2956 2585 3057 2640 qua
3081 2569 3436 2643 quorumdam
3482 2571 3623 2624 intra
3656 2582 3782 2637 pro-

2194 2663 2423 2719 vinciam
2456 2661 2795 2723 Palaestinam
2816 2660 3200 2717 monachorum
3232 2660 3443 2716 fuerant
3465 2660 3623 2715 corda
3658 2668 3781 2714 tur-

2196 2755 2352 2820 bata,
2398 2756 2567 2825 magis
2615 2755 2889 2825 magisque
2938 2769 3035 2823 per
3076 2768 3174 2808 vos
3217 2752 3375 2808 faciat
3402 2752 3683 2824 adjuvari:
3722 2761 3785 2806 ut

2195 2856 2450 2918 quantum
2502 2847 2848 2917 pietatistuaa
2894 2846 3068 2903 studio
3115 2845 3229 2901 ﬁeri
3262 2854 3461 2915 potest,
3506 2845 3785 2901 haeretica:

2197 2940 2538 3012 perversitati
2573 2940 2750 3001 omnis
2802 2939 2997 2996 ﬁducia
3037 2938 3401 2997 subtrahatur.
3447 2938 3590 3005 Quos
3632 2939 3785 2993 enim

2198 3049 2299 3090 nec
2324 3033 2461 3089 ratio
2490 3041 2953 3088 sacramentorum
2975 3072 2988 3095 ,
3032 3046 3132 3086 nec
3160 3031 3452 3086 auctoritas
3478 3041 3505 3079 Ρ
3532 3031 3787 3099 Scriptu-

2199 3140 2403 3189 rarum,
2432 3138 2533 3179 nec
2559 3124 2672 3193 ipsa
2697 3132 3026 3179 sacratorum
3049 3122 3289 3178 locorum
3318 3122 3619 3178 testimonia
3639 3136 3792 3176 com-

505 3213 658 3269 brius
695 3212 723 3251 ιι
759 3214 1169 3285 religiosissimo
1197 3223 1249 3269 et
1281 3213 1596 3269 ﬁdelissimo
1624 3213 1849 3283 principi
1878 3213 2096 3282 dignare
2125 3212 2171 3275 C
2204 3219 2510 3285 movebant,
2534 3218 2660 3289 quid
2690 3217 2768 3274 eis
2788 3217 2887 3273 nisi
2919 3218 3202 3287 abruptum
3228 3217 3524 3287 periculum
3556 3216 3787 3273 timere-

419 3340 425 3348 -
506 3321 812 3389 suggerere,
852 3307 1389 3375 utindissimulanter
1426 3308 1443 3347 ί
1474 3305 1759 3378 Ᾱῖςγριὶοε
1781 3305 1970 3375 jubeat
2002 3306 2094 3362 ad-

508 3402 713 3475 moueri
744 3416 811 3477 ne
840 3402 893 3463 in
921 3417 1147 3461 summae
1176 3400 1488 3461 festivitatis
1510 3399 1619 3467 die,
1640 3408 1733 3455 aut
1757 3398 2095 3457 dissensione

586 3570 614 3602 ι
640 3561 776 3618 Tres
807 3560 965 3617 codd.
998 3576 1116 3614 cum
1144 3560 1289 3628 vulg.
1327 3566 1450 3612 ante
1480 3556 1681 3623 Quesn.
1700 3598 1716 3625 ,
1748 3559 2089 3628 consequitur.

510 3633 618 3692 Sed
647 3648 770 3688 cum
802 3632 916 3687 htec
951 3633 1148 3700 scripta
1191 3631 1295 3685 sint
1324 3642 1466 3700 anno
1499 3628 1605 3685 455
1624 3671 1637 3693 ,
1667 3638 1722 3684 et
1751 3629 1855 3685 hoc
1883 3630 2001 3686 loco
2027 3631 2095 3685 sit

511 3714 690 3765 sermo
728 3705 795 3759 de
841 3698 1098 3758 Paschate
1142 3702 1267 3756 anni
1314 3698 1442 3764 154,
1489 3700 1753 3757 correctio
1794 3700 2093 3772 potioribus

512 3790 642 3833 mss.
676 3774 908 3831 fulcitur.

578 3846 605 3893 δ
638 3847 861 3912 Quidam
892 3844 1125 3908 codices,
1160 3844 1494 3914 antiquitatis.

582 3929 603 3959 ο
637 3918 779 3973 Editi
803 3933 921 3972 cum
948 3915 1189 3986 pluribus
1216 3930 1369 3980 mss.,
1394 3915 1663 3969 audenter.
1690 3915 1874 3970 Poﬁor
1897 3922 1952 3970 et
1972 3931 2095 3970 sen-

512 3991 695 4047 tentizc
739 3990 856 4043 aliis
904 3987 1143 4057 epistolis
1182 4001 1451 4056 expressae
1495 3986 1824 4057 conl‘ormior
1857 3987 1970 4057 visa
2012 3994 2095 4041 est

510 4060 665 4121 lectio
695 4076 796 4114 ms.
830 4056 1035 4128 Ratisp.
1071 4058 1203 4113 Vide
1231 4066 1413 4113 annot.
1448 4057 1515 4113 16
1543 4056 1681 4129 (Col.
1712 4057 1870 4123 1057,
1892 4056 2015 4128 ωδ)
2038 4058 2091 4112 in

509 4132 795 4203 epistolam
823 4130 1230 4203 prmcedentent.

580 4204 606 4245 ἀ
634 4203 687 4258 ld
719 4210 800 4258 est
828 4202 1025 4256 Latini.
1052 4201 1251 4255 Confer
1281 4201 1525 4256 eamdem
1558 4200 1983 4255 annotationem.

585 4282 607 4309 θ
640 4274 842 4343 angati
866 4273 1194 4343 antiquiores
1216 4286 1338 4343 cum
1363 4272 1639 4342 plerisque
1662 4271 1932 4326 inferioris
1952 4279 2095 4325 nota:

510 4360 642 4404 mss.
664 4386 679 4413 ,
717 4340 1039 4415 probaretur.
1072 4340 1243 4399 Codd.
1273 4340 1445 4398 Gri'm.
1478 4351 1534 4397 et
1553 4340 1772 4412 ‘Ratisp.
1817 4343 1869 4396 in
1916 4358 2095 4397 corre-

510 4418 690 4476 ctione
716 4416 1060 4470 conveniunt.

594 4486 611 4524 ί
638 4485 1033 4541 Alexandrinos
1064 4485 1363 4555 praesertim
1392 4484 1638 4555 intelligit
1667 4498 1731 4539 ex
1770 4498 1887 4554 cap.
1924 4484 1959 4537 2
1988 4483 2096 4539 et5

515 4558 755 4629 cpistolm
779 4558 1165 4618 antecedentis,
1192 4565 1254 4629 ut
1278 4557 1517 4611 indicant
1538 4558 1704 4629 etiam
1722 4556 2020 4625 sequentia.

589 4639 613 4677 ε
642 4630 748 4683 llur
769 4629 1036 4682 editiones
1065 4638 1190 4683 ante
1218 4627 1422 4694 Quesn.
1456 4629 1540 4682 hic
1570 4627 1876 4691 nrwferant,
1905 4626 2099 4680 sereni-

515 4710 667 4759 tatem
693 4708 849 4762 luant,
877 4699 1104 4753 diximus
1130 4708 1315 4753 annot.
1342 4702 1365 4753 1
1401 4698 1538 4769 (Col.
1572 4698 1728 4767 1058,
1758 4714 1811 4750 u.
1845 4695 1928 4767 δ).

590 4769 613 4807 ιι
642 4769 846 4838 Ratisp.
875 4771 1039 4833 delet,
1072 4770 1454 4840 religiosissima
1482 4780 1546 4822 et.

597 4841 609 4919 ξ
638 4828 819 4934 ex
852 4828 1055 4923 Ratisp.
1090 4828 1465 4934 Alias.,jubeat
1498 4840 1771 4934 {figyp‘t'ios
1799 4828 2091 4920 ttdtitottere.
2125 4874 2178 4934 Β

591 4912 603 4961 i
645 4913 783 4966 Editi
812 4913 1013 4979 antiqui
1039 4928 1160 4967 cum
1191 4914 1395 4981 aliquot
1415 4911 1596 4974 codd,
1628 4912 1921 4980 diligentius
1949 4911 2090 4963 iuve-

516 4986 701 5054 stigare
744 4984 1033 5037 sollicitudo
1068 4994 1152 5037 tua
1176 4983 1309 5051 (AL,
1340 4985 1525 5051 vestra)
1553 4986 1785 5054 potuerit.
1820 4981 2093 5047 Ques'nelli

520 5054 810 5111 lectionem
846 5054 899 5111 in
936 5054 1243 5109 Gt'imanico
1283 5054 1552 5108 inventam
1594 5054 1876 5107 conﬁrmat
1911 5062 2092 5106 noster

518 5126 637 5180 cod.
670 5126 877 5194 Ratisp.

516 5196 614 5326 καῖ
642 5196 868 5321 linteum
909 5195 1113 5265 Ratisp.
1148 5197 1339 5251 Crateri
1369 5196 1527 5252 codd.
1560 5204 1614 5250 et
1648 5193 1813 5258 editi,
1856 5194 1977 5247 data
2004 5208 2095 5247 XVI

610 5309 622 5323 .
692 5284 804 5323 un.
982 5312 991 5318 .

610 5309 622 5323 .
654 5269 804 5323 Julii.
982 5312 991 5318 .

604 5339 621 5378 ι
654 5340 800 5395 Alias
824 5338 912 5394 96.
944 5337 1073 5405 Quae
1100 5346 1277 5393 autem
1315 5348 1471 5394 antea
1510 5338 1613 5392 123
1632 5345 1769 5406 erat,
1799 5351 1941 5391 nunc
1966 5333 2089 5391 154.

521 5412 730 5481 Scripta
762 5412 827 5465 15
855 5410 995 5465 Junii
1019 5425 1106 5464 an.
1134 5410 1260 5465 455.

588 5478 848 5537 In'lilxstat
877 5482 929 5535 in
958 5496 1090 5536 mss.
1132 5481 1343 5535 collect.
1377 5478 1470 5545 12,
1510 5480 1607 5545 18,
1642 5478 1709 5535 19
1730 5487 1784 5535 et
1811 5478 1915 5544 21.,
1950 5491 2011 5532 ac
2041 5479 2094 5533 in

516 5554 765 5623 exemplo
788 5552 1057 5609 Sichardi.
1094 5551 1301 5621 Vulgari
1332 5549 1529 5623 Leonis
1558 5550 1881 5623 inscribunt,
1905 5550 1984 5623 A_d
2006 5548 2097 5623 Li-

516 5620 704 5678 ciniam
735 5622 1095 5687 Eudochiam;
1131 5620 1480 5687 QueSuellus,
1517 5622 1584 5674 ad
1621 5620 1874 5675 Liciniam
1915 5620 2093 5674 Eudo-

519 5694 679 5765 aiam,
708 5703 898 5749 notans
929 5694 1030 5764 legi
1057 5692 1350 5747 Eudoxiam
1372 5691 1425 5745 in
1451 5706 1553 5765 ms.
1578 5691 2093 5765 grim.iPerp‘eram.

519 5763 738 5821 Liciniae
766 5760 1019 5821 Eudoxii:
1049 5779 1243 5819 nomen
1277 5777 1384 5817 non
1402 5760 1556 5818 uxori
1584 5762 1879 5818 Theodosii
1894 5760 2094 5818 iunio-

512 5834 622 5905 ais,
650 5836 717 5892 ad
744 5852 901 5907 quam
930 5835 1016 5892 hic
1045 5835 1154 5893 Leo
1184 5835 1405 5903 scribit,
1428 5833 1526 5892 sed
1560 5833 1920 5894 Valentiniani
1944 5842 2093 5899 uvm-i

2204 3311 2322 3366 tur?
2361 3310 2539 3369 Prosit
2573 3325 2701 3382 ergo
2734 3308 3025 3377 Ecclesiis,
3059 3310 3198 3364 sicut
3228 3307 3438 3364 favente
3466 3308 3576 3364 Deo
3608 3317 3635 3356 ιι
3659 3321 3790 3376 pro-

2199 3401 2340 3467 dest,
2365 3410 2419 3458 et
2444 3403 2629 3473 generi
2670 3402 2769 3472 ipsi
2817 3400 3030 3474 1235
3058 3402 3233 3471 prosit
3275 3401 3509 3455 humano
3538 3400 3590 3455 in
3620 3397 3791 3454 Verbi

2199 3558 2360 3629 hujus
2385 3558 2508 3615 tiliae
2540 3559 2810 3630 convenit.
2837 3558 3049 3630 Ratisp.
3078 3558 3164 3614 hic
3187 3559 3346 3615 habet
3372 3557 3713 3630 Eudochiam,
3732 3570 3792 3615 at

2198 3632 2250 3686 in
2275 3628 2435 3701 epist.
2470 3631 2568 3685 117
2603 3629 2887 3685 Eudociam
2917 3628 3161 3701 prmfert,
3201 3640 3257 3685 ut
3294 3630 3348 3685 in
3380 3630 3499 3684 aliis
3541 3628 3699 3684 codd.
3731 3642 3790 3686 ct

2203 3702 2365 3757 editis
2394 3702 2593 3763 concil.
2622 3703 2723 3755 hoc
2752 3717 2948 3756 nomen
2991 3703 3261 3755 scribitur.
3291 3701 3490 3756 Confer
3523 3710 3711 3755 annot.
3752 3702 3789 3758 6

2197 3773 2248 3827 in
2282 3778 2441 3844 epist.
2477 3774 2573 3829 117
2599 3772 2738 3841 (Col.
2770 3772 2927 3834 1057,
2955 3789 3005 3824 n.
3040 3770 3191 3844 l_1),ex
3220 3788 3321 3842 qua
3355 3773 3540 3826 harum
3572 3772 3787 3827 littera-

2197 3842 2327 3900 rttm'
2356 3860 2569 3899 causam
2594 3859 2690 3899 seu
2717 3844 3003 3912 impulsum
3028 3842 3307 3897 discimus.

2268 3925 2295 3953 η
2329 3915 2485 3987 Vulg.
2509 3931 2627 3968 cum
2650 3931 2779 3987 mss.
2811 3914 3023 3987 collect.
3052 3912 3113 3967 l9.
3143 3915 3287 3987 (διε-1
3311 3923 3469 3985 atque
3494 3913 3783 3987 Sichardo,

2197 3987 2371 4041 debeat
2396 3984 2692 4058 pra’caveri.
2715 3984 3160 4058 Emendationem
3184 3984 3471 4058 Quemne);
3507 3984 3786 4058 Grimani-

2196 4074 2261 4112 co
2293 4054 2475 4114 noster
2505 4058 2712 4126 Ilatisp.
2750 4057 3055 4111 conﬁrmat.
3087 4054 3206 4110 Mox
3240 4064 3287 4110 et
3330 4057 3496 4123 impiis
3526 4057 3576 4109 in
3618 4056 3788 4110 codd.

2197 4130 2409 4185 collect.
2456 4129 2522 4183 l9.
2564 4140 2618 4183 et
2651 4126 2883 4198 antiquis
2922 4126 3115 4185 editis:
3157 4126 3297 4196 apud
3337 4127 3693 4191 Sichardum,
3739 4136 3790 4180 ct

2196 4200 2417 4255 inimicis
2439 4200 2687 4255 veritatis.

2273 4281 2296 4307 ο
2327 4272 2489 4326 Iidem
2525 4271 2667 4340 vulg.
2712 4284 2831 4324 cum
2864 4269 3054 4325 iisdem
3104 4269 3262 4324 codd.
3298 4276 3475 4340 _atqnc
3519 4266 3791 4323 Sichardo

2198 4354 2473 4408 corrupte,
2501 4337 2697 4395 oranda
2729 4342 3018 4405 clementia,
3053 4341 3257 4394 obsecro
3290 4337 3586 4403 Dominum,
3620 4348 3671 4390 nt
3704 4354 3791 4390 me

2199 4422 2335 4474 tuum
2364 4413 2767 4466 incolumitatem
2813 4412 2862 4464 in
2902 4429 3054 4464 causa
3093 4410 3482 4480 ﬁdei...mugis
3524 4411 3793 4481 magisque

2200 4485 2351 4553 facint
2382 4485 2651 4555 adjuvare,
2686 4493 2737 4535 ut
2771 4491 2973 4555 tantum
2994 4476 3130 4552 quod
3162 4482 3361 4549 pietatis
3395 4476 3513 4545 titur,
3547 4476 3650 4555 etc.
3678 4476 3793 4553 lia-

2203 4556 2327 4622 tisp.
2355 4566 2406 4609 et
2433 4552 2601 4612 Grim,
2632 4558 2680 4606 in
2709 4553 3085 4607 emendatione
3108 4568 3319 4622 semper
3340 4553 3702 4606 consentiunt.
3750 4552 3753 4553 ⁷

2275 4637 2300 4675 p
2329 4626 2402 4680 Ita
2433 4626 2621 4680 melius
2652 4624 2855 4693 Ratisp.
2882 4639 3037 4692 quam
3068 4626 3119 4677 in
3144 4623 3370 4693 vulgatis
3393 4633 3445 4676 et
3474 4623 3591 4675 aliis
3620 4623 3789 4674 etiam

2275 4639 2300 4675 ρ
2330 4639 2402 4680 tta
2433 4639 2621 4680 melius
2653 4639 2855 4693 ttattsp.
2882 4639 3037 4692 quam
3068 4640 3119 4677 tu
3144 4639 3228 4676 vnt
3271 4639 3370 4676 aus
3393 4639 3445 4676 et
3474 4639 3591 4675 atus
3620 4639 3789 4674 etiam

2201 4695 2472 4765 Quesnelii
2504 4695 2805 4757 codicibus,
2843 4695 3184 4763 Scriptorum.
3220 4639 3362 4765 aiax,
3395 4696 3789 4748 commonebant

2204 4771 2257 4823 in
2289 4769 2493 4837 Ratisp.
2526 4776 2579 4823 et
2612 4781 2739 4821 mss.
2772 4766 2983 4820 collect.
3018 4766 3099 4820 12.

2275 4850 2301 4889 τι
2335 4832 2503 4903 Ediii,
2537 4848 2581 4892 et
2610 4838 2848 4909 prodest,
2883 4847 2929 4891 et
2974 4835 3132 4909 prosit
3164 4836 3335 4909 generi
3366 4836 3612 4909 humano.
3638 4832 3796 4909 Ruti-

2203 4910 2487 4980 sponensis
2529 4906 2732 4963 codicis
2762 4909 2924 4963 lectio
2969 4906 3181 4980 meliori
3230 4906 3361 4980 Cum
3405 4907 3512 4960 Leu
3552 4906 3795 4980 militum

2202 4976 2495 5050 Angustam
2521 4980 2652 5033 alias
2680 4982 2885 5033 litteras
2910 4979 3207 5047 scripserit,
3237 4978 3429 5050 quibus
3454 4977 3658 5050 eamab
3682 4976 3762 5045 l-Ju

2204 5047 2577 5122 tychiannrutn
2606 5051 2904 5122 patrocinio
2926 5064 3199 5122 revocare,
3223 5060 3275 5103 et
3299 5049 3361 5101 ad
3392 5047 3673 5122 favendum
3692 5060 3792 5122 ra—

2204 5070 2222 5107 ι
2249 5070 2577 5107 'cntanorurn
2606 5070 2904 5122 p3lFOClﬂl0
2926 5070 3199 5114 TCVOCHI'tl,
3223 5070 3275 5103 CL
3299 5070 3361 5101 au
3393 5070 3673 5101 I'JVBIIHUUI
3700 5070 3792 5098 tul’

2203 5070 2411 5179 timlicis
2433 5137 2741 5192 permovere
2757 5122 3046 5192 studuit,ut
3062 5120 3289 5192 vidimus
3306 5128 3489 5172 annot.
3506 5117 3538 5192 7_
3554 5117 3601 5192 in
3621 5116 3792 5192 epist.

2202 5194 2303 5250 117
2331 5186 2639 5265 (Col.1058,
2668 5212 2721 5246 n.
2748 5191 2818 5265 ξ),
2851 5191 2947 5265 has
2974 5192 3180 5245 lilteras
3209 5188 3454 5265 effectum
3489 5186 3799 5265 obtinuistse

2202 5257 2477 5336 prazs‘umit
2497 5307 2510 5329 ,
2541 5275 2599 5319 ut
2630 5257 2709 5319 'sic
2741 5257 2946 5318 facilius
2973 5278 3034 5336 ex
3061 5270 3384 5333 praesumpta
3408 5260 3473 5336 de
3500 5274 3560 5315 ea
3591 5257 3795 5336 ﬁducia

2204 5324 2444 5410 eamdem
2472 5324 2539 5410 im
2552 5336 2797 5410 pelleret.
2822 5336 2932 5410 Dici
2956 5324 3116 5389 etiam
3141 5324 3799 5410 potes-tverbuniprodeit

2206 5408 2443 5463 indicare
2464 5397 2566 5460 alia
2590 5406 2830 5476 ejusdem
2860 5405 3113 5475 Augusta:
3143 5397 3231 5474 pia
3253 5418 3437 5473 opera,
3471 5397 3667 5472 quibus
3699 5397 3798 5453 alii

2202 5490 2333 5548 quot
2363 5480 2415 5533 in
2447 5478 2727 5532 Palaestina
2768 5479 3022 5532 ecclesias
3045 5518 3059 5539 ,
3106 5476 3382 5548 hospitalia
3423 5483 3477 5529 et
3514 5479 3800 5548 monaste-

2205 5541 2283 5604 ria
2308 5550 2615 5609 aediﬁcavit,
2644 5549 2961 5618 latrgiterque
2983 5547 3191 5611 ditavit,
3210 5541 3264 5618 ut
3286 5553 3504 5618 narrant
3526 5541 3796 5618 Evagrius

2202 5621 2294 5678 lib.
2326 5637 2481 5690 tcap.
2507 5620 2569 5674 “ll
2605 5632 2655 5673 ct
2682 5611 2770 5683 2'3,
2794 5630 2845 5673 ct
2877 5611 3062 5673 axictor
3088 5618 3217 5671 Vit-se
3241 5616 3296 5673 S.
3322 5613 3615 5690 Euthymii.
3638 5611 3796 5690 idem

2203 5680 2467 5762 praetcrea
2499 5690 2671 5745 codex
2706 5680 3113 5759 RatiSponcnsis
3154 5680 3490 5762 sequentium
3531 5680 3795 5762 emenda-

2204 5754 2399 5818 iionem
2425 5778 2452 5815 a
2480 5761 2767 5827 Quesncllo
2822 5754 3091 5814 indui-tam
3131 5754 3418 5828 approbat,
3453 5770 3572 5811 cum
3602 5754 3655 5807 in
3686 5767 3793 5805 an-

2204 5836 2490 5891 terioribns
2515 5835 2657 5899 vulg.
2688 5834 2823 5888 sicut
2844 5843 2895 5889 et
2925 5833 2973 5889 iu
3000 5833 3228 5888 aliarum
3254 5829 3632 5895 collectionum
3651 5836 3791 5880 mss.
