4072 6358
312 325 443 396 1061

314 532 476 606 tionis
506 541 698 606 vestrm
737 531 807 606 ibi
835 548 955 598 esse
980 534 1223 592 voluistis
1244 577 1258 603 ,
1305 534 1397 590 ubi
1426 536 1576 592 vobis
1612 537 1890 606 Dominum

313 634 561 700 nostrum
587 623 770 694 Iesum
807 624 1082 682 Christum
1115 627 1254 692 sicut
1280 642 1464 700 verum
1495 629 1660 690 Deum
1682 669 1698 696 ,
1740 629 1810 685 ita
1838 637 1892 686 et

311 732 499 778 verum
539 717 836 792 hominem.
869 721 922 778 in
954 721 1157 799 unitate
1185 736 1462 792 personis,
1491 731 1544 784 et
1566 722 1892 784 mirabilium

312 807 531 886 indicia,
561 820 615 879 et
644 812 950 890 passionum
980 813 1299 886 documenta
1325 814 1634 885 loquuntur.

382 904 517 982 Qte.
551 905 613 982 ll.
641 934 714 972 -_——
731 905 789 984 §i
817 921 946 982 ergo
973 906 1213 978 praedicti
1239 921 1434 972 nomen
1457 905 1779 964 catholicum
1805 919 1896 966 ve-

315 1008 648 1076 ostentaret
674 999 930 1076 diligunt,
963 1009 1017 1058 et
1048 1009 1073 1036 ει
1099 1001 1242 1058 inter
1282 1000 1491 1073 Domini
1539 999 1780 1072 corporis
1800 1013 1896 1058 vo-

316 1093 431 1148 lunt
449 1092 691 1166 membra
716 1093 1008 1161 numerari,
1036 1107 1230 1163 prava
1256 1107 1468 1164 errores
1489 1134 1504 1159 ,
1539 1109 1673 1162 quos
1696 1101 1897 1158 temere

316 1183 670 1251 admiserant,
698 1184 1064 1260 detestentur,
1096 1193 1150 1241 et
1175 1196 1335 1256 agant
1375 1186 1748 1257 pmnitentiam
1798 1187 1898 1241 im-

318 1277 524 1351 piarum
579 1276 1036 1346 blasphemiarum
1067 1321 1083 1346 ,
1116 1285 1572 1348 cruentorumque
1613 1279 1894 1334 laetorum.

319 1368 680 1426 Suecumbant
709 1383 807 1439 pro
836 1369 1012 1426 salute
1040 1369 1341 1426 animarum
1366 1387 1582 1428 suarum
1619 1371 1896 1441 synodali-

319 1461 437 1528 bus,
467 1475 588 1532 qum
617 1459 672 1515 in
716 1461 930 1524 civitate
951 1458 1376 1520 Chalcedonensi
1409 1472 1535 1530 sunt
1559 1464 1896 1528 conﬁrmata,

317 1551 568 1612 decretis.
602 1552 667 1608 Et
697 1552 820 1621 quia
849 1552 916 1618 ad
961 1553 1361 1624 intelligendum
1390 1564 1784 1610 sacramentum
1814 1569 1901 1609 sa-

320 1643 444 1700 lutis
473 1643 746 1714 humanae,
777 1644 881 1702 nisi
906 1644 1038 1702 fides
1062 1661 1188 1703 vera
1218 1657 1272 1704 et
1299 1646 1570 1704 humilitas
1591 1648 1766 1717 quieta
1791 1662 1900 1703 non

322 1738 600 1808 pervenit,
647 1737 871 1794 credant
898 1737 1039 1808 quod
1087 1739 1270 1808 legunt
1311 1741 1361 1796 in
1394 1740 1726 1809 Evangelio,
1757 1740 1898 1810 quod

1607 329 1936 390 EPISTULA
1977 320 2207 387 CXXIV.

313 440 408 504 Dei
455 439 822 510 incarnatione
850 449 1121 522 suscepto.
1146 440 1286 512 quod
1317 441 1645 520 domicilium
1677 445 1886 502 habita-
1916 449 1970 508 Α

3407 345 3412 350 ·
3435 321 3573 382 1002

2063 449 2288 496 nostram
2317 439 2370 494 in
2409 455 2467 494 eo
2501 447 2736 496 naturain
2771 454 2873 510 non
2909 439 3200 507 conﬁtetur.
3223 464 3293 476 -—
3318 431 3404 498 IV.
3441 435 3571 492 Illas

2071 511 2234 583 scium
2265 510 2453 565 Christi
2483 511 2729 583 sanguine
2756 511 3011 568 mandari.
3044 511 3096 562 in
3121 525 3338 583 quorum
3365 526 3575 583 corpore

2064 581 2286 647 oblatus,
2302 599 2480 653 passus
2502 593 2546 634 et
2568 577 2798 634 mortuus
2824 577 3170 652 triumphavit.
3201 610 3266 624 ν-
3289 577 3352 653 VA.
3374 577 3416 632 11
3423 577 3578 653 Μαδ-

2062 668 2158 725 que
2184 649 2512 725 ejus'naturm
2536 655 2875 725 proprietates
2897 668 2958 705 ex
2979 649 3194 721 'operum
3215 649 3461 722 qualitate
3488 652 3576 705 dc‘

2065 722 2278 778 clara'ri.
2303 754 2374 764 —
2406 723 2500 793 Vl.
2529 722 2832 793 Utramque_
2855 724 3117 790 inconfuse
3147 725 3197 778 in
3229 739 3330 776 una
3360 738 3578 793 persona

2065 795 2350 848 convenire.
2372 823 2440 836 -—-
2464 792 2574 848 VII.
2609 793 2760 862 Nihil
2785 791 2926 862 Filio
2957 793 3053 854 Dei
3073 795 3338 860 accessisse
3361 791 3426 846 de
3449 809 3576 847 novo

2066 865 2170 917 nisi
2199 866 2248 917 in
2282 869 2445 930 forma
2473 859 2853 920 serriJ—Vlll.
2885 859 3011 918 Cum
3037 863 3217 918 iisdem
3239 864 3498 918 monachis
3515 863 3579 919 de

2067 933 2324 989 scandulis
2345 937 2578 1003 ipsorum
2599 939 2775 1005 furore
2805 937 2932 988 ortis
2952 936 3262 998 expostulat.
3293 963 3363 974 -
3391 933 3481 988 IX.
3511 934 3580 991 Ut

2067 1007 2366 1078 resipiscam
2384 1016 2431 1060 et
2453 1007 2608 1076 ﬁdem
2632 1021 2950 1062 communem
2980 1008 3378 1076 amplectantur,
3403 1010 3582 1060 exhor-

2069 1086 2227 1134 tatur.

2001 1166 2116 1225 Leo
2145 1169 2431 1241 episcopus
2462 1167 2727 1230 universis
2755 1165 3089 1294 1;_ltionachis
3115 1185 3212 1240 per
3241 1169 3579 1226 Palaestinam

2625 1254 2756 1294 COIIS
2787 1249 2958 1294 ltlltls.

2625 1249 2958 1294 constitutis.

2075 1331 2200 1387 CAP.
2235 1331 2275 1387 l.
2300 1361 2372 1372 —
2400 1331 2757 1387 Sollicitudini
2786 1347 2942 1408 meae,
2975 1348 3134 1408 quam
3165 1333 3447 1406 universali
3477 1333 3583 1389 Ec-

2003 1424 2182 1481 clesia:
2210 1424 2563 1498 omnibusque
2596 1425 2710 1498 ejus
2742 1424 2862 1480 [iliis
2889 1425 3059 1486 debeo
3079 1471 3092 1496 ,
3127 1427 3413 1481 multorum
3447 1428 3586 1483 rela-

2008 1515 2154 1571 tione
2186 1514 2506 1584 patefactum
2539 1525 2621 1571 est
2647 1515 2945 1572 dilectionis
2974 1527 3171 1572 vestrae
3211 1519 3403 1573 animis
3432 1518 3582 1590 quid-

2005 1609 2128 1666 dam
2158 1611 2472 1667 offensionis
2502 1610 2742 1688 illatum,
2789 1610 2914 1664 dum
2961 1621 3050 1666 aut
3096 1612 3360 1684 imperiti,
3393 1622 3452 1666 ut
3492 1627 3587 1686 ap-

2007 1717 2196 1776 paret,
2230 1707 2586 1780 interpretes,
2625 1714 2716 1758 aut
2750 1704 2995 1774 maligni,
3039 1703 3281 1778 quaedam
3313 1719 3406 1759 vos
3433 1705 3580 1766 aliter

319 1796 641 1898 conﬁtentur
672 1828 726 1884 in
761 1796 1043 1900 symbolo,
1075 1796 1176 1887 nec
1203 1831 1382 1900 impiis
1428 1796 1899 1902 dogmatibus'mi-
1927 1821 1973 1884 Β
2012 1798 2218 1874 1237
2250 1797 2577 1902 imemg‘fre’g
2603 1813 2757 1900 quam
2785 1811 2924 1902 Eme
2954 1796 3127 1902 sum}
3165 1797 3470 1902 pri-limem}
3504 1797 3556 1854 re

319 1933 592 1986 secantur.
621 1924 780 1986 Fides
810 1926 952 1982 enim
982 1926 1244 1983 catholica
1273 1927 1416 1982 sicut
1452 1926 1670 1982 damnat
1703 1924 1895 1980 Nesto-

323 2014 486 2081 rium,
515 2015 607 2087 qui
637 2016 690 2082 in
719 2030 824 2082 uno
852 2015 1078 2074 Domino
1120 2027 1305 2076 nostro
1348 2015 1478 2072 Jesu
1505 2015 1722 2072 Christo
1765 2015 1900 2071 duas

321 2120 482 2168 ausus
506 2117 593 2172 est
623 2107 916 2179 pradicare
946 2123 1224 2178 personas,
1258 2109 1328 2166 ita
1358 2110 1576 2167 damnat
1601 2110 1763 2166 etiam
1795 2109 1900 2165 Eu-

323 2200 513 2271 tychen
541 2217 664 2268 cum
705 2202 984 2272 Dioscoro,
1034 2202 1126 2274 qui
1170 2204 1240 2260 ab
1276 2203 1550 2273 unigenito
1588 2203 1698 2259 Deo
1725 2201 1901 2260 Verbo

323 2292 349 2333 δ
379 2303 577 2364 negant
611 2295 666 2354 in
702 2303 859 2352 utero
889 2294 1124 2366 Virginis
1168 2297 1356 2354 matris
1395 2297 1678 2352 veritatem
1724 2295 1903 2352 carnis

325 2386 572 2452 humanae
587 2396 912 2458 susceptam.
942 2385 1001 2444 Si
1021 2387 1146 2459 quid
1172 2398 1352 2444 autem
1378 2403 1503 2458 erga
1527 2387 1904 2458 praedictorum

322 2479 727 2540 conversionem
751 2479 1065 2540 exhortatio
1092 2490 1270 2536 vestra
1299 2480 1606 2550 proiecerit,
1629 2480 1770 2551 quod
1791 2481 1906 2550 glo-

323 2569 457 2628 riam
489 2571 642 2627 vobis
687 2571 965 2641 przestabit
1009 2580 1266 2628 aeternam
1287 2611 1304 2639 ,
1337 2580 1460 2642 peto
1485 2571 1591 2628 hoc
1627 2572 1760 2628 mihi
1787 2571 1905 2628 cle-

323 2663 538 2720 mentia:
569 2671 766 2722 vestra:
817 2663 1010 2720 litteris
1059 2663 1336 2728 indicetis;
1387 2675 1408 2703 ο
1457 2673 1516 2718 ut
1553 2673 1609 2721 et
1654 2678 1752 2719 vos
1780 2662 1908 2724 boni

326 2754 503 2824 operis
530 2754 762 2813 fructum
785 2755 1010 2826 cepisse,
1039 2766 1092 2812 et
1117 2755 1236 2812 illos
1250 2755 1510 2826 gaudeam
1541 2754 1908 2811 misericordia

328 2848 536 2906 Domini
557 2863 664 2906 non
693 2848 937 2918 periisse.
962 2846 1142 2906 Data.d
1166 2850 1374 2905 decimo
1399 2850 1632 2921 septimo
1651 2850 1909 2908 kalendas

328 2940 474 3010 Julii,
501 2941 752 3014 Opilione
779 2944 900 3000 viro
922 2943 1222 3006 clarissimo
1249 2944 1494 3000 consule.

661 3078 874 3152 1236
919 3075 1246 3136 EPISTULA
1282 3089 1304 3117 θ
1337 3079 1571 3137 CXXIV.

687 3161 700 3174 ”
715 3153 744 3208 ii
764 3155 838 3226 an
862 3187 1136 3228 IONACHOS
1175 3189 1236 3227 PA
1246 3188 1524 3229 msrmos.

2001 1904 2230 1956 cerunt,
2264 1906 2368 1946 non
2404 1890 2645 1945 valentes
2691 1889 2744 1944 in
2782 1889 3023 1966 Graecum
3061 1889 3330 1960 eloquium
3371 1899 3492 1962 apte
3535 1896 3590 1946 et

2001 1989 2219 2066 pr0prie
2251 1987 2438 2052 Latina
2468 1985 2779 2056 transferre,
2807 2002 2925 2048 cum
2956 1988 3006 2052 in
3037 1988 3200 2054 rebus
3226 1987 3509 2054 subtilibus
3537 1995 3591 2048 et

2001 2081 2311 2138 difﬁcilibus
2340 2079 2700 2150 explicandis,
2732 2082 2819 2152 vis
2857 2079 2959 2135 sibi
3000 2078 3163 2146 etiam
3200 2079 3252 2138 in
3285 2095 3380 2138 sua
3410 2080 3588 2154 lingua

2002 2175 2301 2247 disputator
2348 2174 2571 2246 quisque
2617 2173 2869 2234 sufficiat.
2904 2173 3056 2241 Quod
3103 2182 3280 2230 tamen
3318 2173 3457 2244 apud
3502 2189 3590 2230 me

2003 2283 2069 2324 eo
2104 2269 2120 2318 i
2160 2267 2405 2336 profecit,
2441 2275 2518 2332 ut,
2547 2265 2672 2320 dum
2704 2279 2768 2330 ea
2788 2280 2908 2338 qua:
2947 2264 3210 2320 catholica
3238 2264 3369 2324 ﬁdes
3389 2269 3592 2335 respuit

2003 2358 2356 2429 improbatis,
2390 2357 2747 2434 intelligamus
2790 2370 2886 2412 vos
2931 2357 3070 2414 veris
3107 2355 3431 2414 amicitiores
3472 2371 3593 2414 esse

2006 2466 2164 2522 quam
2196 2452 2374 2517 falsis;
2403 2461 2457 2506 et
2484 2450 2536 2516 id
2568 2451 2758 2506 merito
2787 2451 3024 2506 refutare
3043 2490 3060 2516 ,
3091 2451 3234 2521 quod
3259 2466 3328 2506 ex
3356 2451 3591 2520 antiquae

2008 2544 2344 2604 institutione
2379 2544 2640 2614 doctrinm
2684 2544 2844 2600 etiam
2886 2544 3002 2614 ipse
3041 2544 3300 2606 detestor.
3339 2545 3592 2614 Quamvis

2006 2635 2151 2692 enim
2195 2635 2418 2706 epistola
2457 2650 2575 2692 mea
2611 2633 2677 2690 ad
2717 2644 2916 2690 sancta:
2960 2637 3256 2704 memoria
3281 2636 3593 2704 Flavianum

2009 2727 2319 2802 episcopum
2362 2727 2524 2793 data,
2567 2727 2697 2781 satis
2732 2726 2836 2781 sibi
2877 2726 2944 2782 ad
2987 2727 3471 2798 manifestationem
3508 2727 3594 2794 sui

2011 2819 2124 2890 ipsa
2155 2819 2404 2886 sulticiat,
2454 2832 2628 2890 neque
2667 2816 2719 2872 in
2771 2815 2952 2887 aliquo
2996 2827 3089 2884 aut
3134 2819 3463 2890 purgationis
3501 2827 3596 2882 aut

2012 2909 2370 2980 expositionis
2420 2907 2826 2982 indigeatﬂet
2873 2909 2977 2976 alia
3011 2919 3186 2984 tamen
3235 2927 3355 2984 eum
3406 2912 3595 2978 eadem

2013 3017 2132 3070 mea
2153 3003 2350 3072 scripta
2377 3000 2736 3070 concordant,
2767 3001 2821 3060 in
2843 3001 3032 3072 quibus
3057 3003 3307 3060 similiter
3339 3005 3598 3076 praedia-

2017 3095 2177 3160 tionis
2205 3109 2339 3152 meae
2377 3109 2566 3150 sensus
2596 3093 2652 3152 in
2683 3101 2867 3164 aperto
2899 3101 3002 3158 est.
3037 3093 3422 3166 Necessitatem
3450 3098 3596 3166 enim

1940 3195 1988 3260 ε
2021 3187 2224 3244 habens
2249 3194 2433 3242 contra
2467 3184 2778 3252 haereticos,
2810 3183 2899 3260 qui
2927 3184 3123 3258 multos
3151 3185 3345 3244 Christi
3372 3189 3599 3260 populos

338 3274 364 3312 8
394 3265 663 3351 Sgsoests.
695 3269 830 3351 —.l.
879 3267 962 3322 Ex
991 3287 1237 3351 perverse
1276 3272 1502 3351 epistola:
1533 3269 1594 3326 S.
1630 3269 1813 3351 Leonis
1844 3272 1912 3351 ad
1951 3271 1964 3278 ’
2021 3278 2488 3342 conturbaverant,
2519 3276 2838 3346 disserendi,
2867 3285 2920 3332 et
2948 3277 3378 3338 clementissimis
3400 3281 3600 3351 princi-

405 3333 1172 3414 Ftauianum_intei:pretat_ione
1206 3333 1496 3414 impositum
1527 3333 1643 3396 esset
1673 3343 1908 3414 Palaesti-

407 3409 604 3484 nie._—
630 3409 691 3466 ll.
721 3409 1166 3484 Tam__l§utychen,
1205 3409 1291 3481 qui
1320 3423 1530 3468 naturas
1561 3411 1826 3484 confundit
1854 3415 1910 3468 in

410 3477 632 3556 Qbristo,
655 3497 807 3556 quam
833 3477 1149 3556 estorium,
1169 3477 1252 3556 qui
1276 3501 1517 3555 personas
1536 3477 1782 3556 geminat,
1806 3502 1912 3540 esse

413 3547 751 3607 detestandae.
779 3582 850 3592 —-
996 3547 1188 3608 Christi
1214 3547 1314 3609 non
1345 3573 1447 3620 esse
1481 3547 1798 3634 paiticipem,
1825 3556 1914 3626 qui

343 3695 584 3764 legatur:
616 3691 683 3746 In
709 3693 872 3764 verbis
901 3693 996 3748 Dei
1015 3705 1237 3748 vestram
1257 3695 1326 3748 ibi
1354 3700 1462 3750 esse
1482 3697 1809 3764 voluntatem,
1836 3699 1922 3754 ubi

343 3763 553 3838 Domini
571 3765 733 3838 nostri
747 3763 1086 3838 JeStl‘Cltrtdli
1105 3766 1242 3822 vobis
1263 3769 1395 3822 sicut
1417 3783 1589 3824 uerum
1610 3763 1922 3838 Deum,etc.

421 3845 442 3871 δ
482 3835 727 3906 .-\_ntiuu:e
772 3835 1034 3891 editiones
1069 3852 1188 3890 cum
1218 3852 1346 3896 mss.
1388 3839 1601 3894 collect.
1636 3839 1704 3896 12
1742 3835 1796 3896 et
1821 3840 1922 3906 24,

346 3905 480 3958 inter
499 3899 712 3977 Domini
731 3922 916 3974 corpus
940 3924 992 3961 se
1009 3906 1182 3961 volunt
1204 3909 1425 3960 membra
1453 3911 1729 3966 nominari.
1756 3899 1926 3977 Quos;

346 3977 524 4050 uellus
570 3991 632 4030 ex
676 3974 1017 4050 Grimanico:
1058 3977 1207 4032 Intra
1255 3977 1464 4032 Domini
1511 3997 1693 4050 corpus
1749 3974 1926 4035 volunt

345 4047 574 4119 memora
602 4049 874 4119 numerari.
913 4051 1096 4104 Lectio
1127 4050 1329 4119 Ratisp.
1367 4047 1699 4114 praeferenda
1730 4052 1848 4106 fuit.

421 4118 461 4194 δ.
486 4117 918 4194 Voigati,_negat.
965 4119 1042 4184 Ex
1083 4117 1292 4194 eunetis
1329 4124 1525 4188 nostris
1573 4123 1733 4182 codd.
1763 4131 1922 4194 atque

350 4187 616 4245 Siehardo
646 4198 698 4243 et
729 4187 879 4242 Bittio
910 4191 1330 4246 emendavimus.

429 4268 452 4330 ς
484 4259 555 4313 lta
587 4272 708 4330 cum
743 4259 911 4314 Grim.
942 4270 1124 4315 noster
1172 4260 1379 4330 Ratisp.
1410 4261 1510 4315 Alii
1551 4259 1764 4318 codices
1800 4278 1922 4318 etim

349 4329 498 4399 vulg.
527 4339 652 4402 ante
681 4329 911 4397 Quesn.,
941 4341 995 4385 ut
1025 4343 1071 4386 et
1099 4334 1152 4386 in
1193 4329 1469 4402 robisiboni
1496 4334 1661 4402 operis
1679 4335 1924 4402 fructum,

347 4411 402 4457 et
423 4403 477 4474 in
500 4401 612 4474 illis
633 4402 883 4474 gaudeam
908 4403 1306 4474 misericordiam
1336 4401 1543 4474 Domini
1575 4401 1685 4458 non
1695 4406 1922 4474 periisse.

429 4465 687 4544 {omnes
718 4472 866 4544 editi,
891 4473 1102 4544 septimo
1125 4472 1226 4526 kal.
1257 4473 1602 4528 Correximus
1627 4465 1927 4544 ex'optitno

351 4541 546 4596 codice
565 4541 796 4610 Ratlsp.,
824 4541 901 4598 sic
929 4541 1072 4599 enim
1104 4546 1217 4598 hme
1238 4545 1468 4611 epistola
1493 4545 1681 4599 eodem
1711 4541 1798 4601 die
1828 4562 1932 4613 quo

355 4613 486 4668 dua:
524 4614 884 4682 praecedentes
919 4617 1226 4684 signantur,
1260 4615 1418 4684 idque
1438 4630 1500 4669 ex
1534 4615 1729 4671 Leonis
1760 4631 1930 4682 more,

352 4699 485 4810 gum
510 4698 718 4810 ‘omnes
757 4685 945 4742 eadem
989 4687 1270 4742 occasione
1311 4686 1472 4741 simul
1495 4688 1820 4743 transmissae
1859 4690 1936 4744 vi-

403 4769 502 4810 ean
530 4770 614 4810 ur.

403 4763 614 4811 cantur.

258 4833 268 4876 τ
383 4817 386 4822 ’
432 4829 462 4899 λε
498 4815 643 4899 ᾼῘὶθε
669 4825 757 4881 97.
787 4825 914 4894 Quae
931 4835 1107 4882 autem
1131 4836 1244 4883 erat
1264 4826 1384 4894 121,
1415 4843 1553 4883 nunc
1577 4827 1694 4884 155.
1725 4826 1937 4899 Scripta

353 4896 466 4955 sub
506 4896 644 4952 idem
675 4907 776 4954 tem
822 4913 880 4954 us
905 4913 1009 4968 quo
1039 4900 1368 4968 praacedens.

442 4967 461 5005 ι
496 4965 764 5024 Invenitur
783 4913 899 5024 bace
916 4969 1141 5024 enistoia
1163 4971 1213 5024 in
1240 4985 1368 5024 mss.

442 4967 461 5005 ῖ
496 4965 764 5028 Invenitur
784 4965 899 5024 haec
916 4965 1141 5037 epistola
1163 4971 1213 5024 in
1240 4985 1368 5026 mss.
1400 4971 1614 5028 collect.
1644 4972 1698 5034 5.
1733 4970 1925 5035 “.12,

359 5039 437 5094 I3
466 5046 521 5093 et
541 5039 610 5092 20
633 5055 798 5110 usque
829 5040 893 5095 ad
923 5038 1012 5105 24,
1041 5052 1094 5095 et
1125 5041 1178 5098 in
1217 5043 1461 5110 exemplo
1487 5041 1752 5098 Sichardi.
1783 5042 1933 5098 Licet

357 5119 546 5164 autem
577 5111 686 5164 lucc
717 5108 940 5177 epistola
971 5111 1220 5168 chronica
1253 5108 1386 5167 nota
1412 5123 1622 5177 careat,
1669 5121 1814 5168 certe
1855 5121 1933 5165 ta-

362 5177 720 5264 rat0ti_scripia
750 5177 856 5264 hoe
886 5196 1048 5264 anno,
1079 5191 1133 5237 et
1165 5183 1505 5264 probabiliter
1547 5199 1797 5264 unacum
1839 5199 1934 5238 att-

363 5249 717 5327 tecctlentiin
748 5249 1085 5327 Paimstinam
1109 5249 1268 5327 missa
1300 5253 1414 5327 fuit.
1440 5253 1548 5309 Leo
1578 5255 1721 5327 enim
1750 5269 1934 5327 mona-

362 5321 594 5392 choritm
621 5321 1025 5378 l’almstiuurum
1051 5325 1306 5378 tumultus
1333 5323 1560 5392 primum
1591 5325 1788 5379 audivit
1811 5333 1934 5378 ante

363 5393 516 5447 diem
547 5391 614 5445 25
640 5393 952 5449 Novembris
973 5397 1094 5448 anni
1124 5395 1246 5456 J52,
1281 5391 1344 5449 ett
1370 5398 1526 5464 epist.
1556 5395 1686 5458 109;
1712 5395 1806 5450 sed
1829 5409 1935 5464 quo

364 5467 554 5518 animo
599 5474 971 5530 moverentur,
1017 5466 1328 5533 ignorabat:
1364 5466 1503 5520 unde
1532 5467 1823 5534 pleniorem
1855 5468 1939 5522 in-

365 5535 721 5608 structionem
753 5537 904 5608 petiit
931 5536 1086 5607 epist.
1120 5535 1248 5598 115,
1280 5552 1327 5590 c.
1359 5539 1411 5592 5.
1445 5537 1613 5594 Paulo
1653 5546 1772 5608 post
1801 5541 1938 5592 hanc

368 5602 780 5660 instruetiuncm
826 5602 1065 5675 accepit,
1100 5622 1217 5661 cum
1251 5607 1492 5662 Julianus
1515 5608 1582 5662 ad
1606 5602 1724 5663 eum
1759 5618 1935 5664 trans-

368 5676 526 5750 misit
559 5676 812 5750 Marciani
840 5686 892 5732 ct
927 5679 1222 5748 Pulcherire
1255 5678 1450 5748 scripta
1481 5678 1548 5734 ad
1575 5679 1792 5736 eosdem
1818 5695 1935 5732 tno-

372 5739 602 5810 incitos;
623 5739 678 5799 in
707 5739 900 5816 quibus
926 5763 1108 5801 eorum
1135 5741 1296 5817 ausus
1325 5739 1386 5803 ac
1427 5750 1594 5816 turbae
1629 5751 1940 5808 describun-

377 5827 490 5884 tur,
523 5827 578 5871 ut
605 5827 748 5887 patet
778 5835 842 5875 ex
877 5820 1034 5888 epist.
1070 5817 1192 5876 115.
1227 5820 1326 5874 liti
1355 5829 1409 5874 et
1440 5819 1560 5884 H7,
1590 5823 1726 5876 datis
1766 5823 1933 5876 tlie2l

2018 3371 2198 3446 pilius,
2225 3379 2279 3426 et
2303 3379 2489 3426 sancto
2517 3368 2750 3424 concilio
2779 3368 3047 3440 synodali,
3080 3377 3134 3426 et
3153 3369 3602 3442 Constantinopo-

2019 3464 2200 3520 litanae
2228 3461 2514 3528 Ecclesiae,
2547 3459 2674 3530 quid
2704 3459 2771 3518 de
2800 3459 3164 3516 incarnatione
3193 3461 3387 3532 Verbi,
3410 3478 3603 3520 secun-

2021 3555 2145 3610 dum
2185 3551 2558 3624 evungelicam
2599 3550 3048 3626 apostolicamque
3083 3550 3404 3621 doctrinam,
3445 3555 3604 3616 debe-

2027 3695 2203 3752 Martii
2239 3694 2361 3749 anni
2405 3692 2530 3748 455.
2571 3691 2742 3748 Sicuti
2773 3705 2899 3746 vero
2926 3691 3024 3747 hac
3051 3691 3116 3748 de
3143 3707 3302 3750 causa
3329 3694 3396 3750 ad
3423 3694 3604 3756 Eudo-

2025 3769 2162 3824 ciam
2184 3767 2236 3820 in
2266 3765 2546 3820 Palaestina
2569 3764 2876 3831 degentem,
2900 3776 3191 3834 eorumque
3221 3769 3602 3824 monachorum

2030 3849 2312 3908 patronam
2341 3835 2720 3908 antecedentes
2744 3834 2950 3908 litteras
2977 3835 3143 3899 dedit,
3179 3837 3246 3890 ita
3277 3839 3436 3908 etian.
3469 3841 3606 3896 hanc

2030 3903 2309 3980 epistolam
2347 3907 2412 3959 ad
2445 3905 2586 3980 ipsgs
2617 3903 2909 3980 monachos
2931 3920 3051 3959 eum
3099 3907 3380 3980 scripsisse
3410 3912 3607 3980 proba-

2029 3973 2347 4034 bilissimunt
2386 3973 2488 4031 est.
2522 3973 2654 4030 Cum
2700 3990 2831 4030 vero
2872 3974 3061 4030 horum
3104 3973 3486 4034 monachorum
3521 3990 3606 4036 ttt-

2031 4052 2233 4104 multus
2250 4050 2359 4116 jam
2385 4049 2588 4113 sepitos
2607 4047 2713 4102 Leo
2730 4048 3000 4115 acceperit
3021 4060 3145 4101 ante
3158 4049 3297 4102 diem
3323 4055 3354 4103 9
3369 4049 3608 4111 Januarii

2030 4122 2156 4176 anni
2183 4120 2457 4190 sequentis
2478 4133 2543 4172 ex
2571 4120 2741 4190 epist.
2765 4116 2862 4171 126
2885 4125 2938 4171 et
2968 4119 3088 4185 127,
3117 4117 3200 4173 ha:
3229 4121 3411 4188 procul
3440 4122 3608 4178 dubio

2032 4191 2224 4250 litterae
2261 4187 2324 4243 ad
2374 4187 2689 4260 PaILBStiIIOS
2732 4189 2782 4242 in
2820 4203 3018 4244 annum
3046 4187 3364 4260 sequentem
3405 4191 3610 4253 diﬂ'erri

2033 4279 2138 4317 non
2176 4270 2416 4328 possunt.

2106 4340 2130 4381 ε
2163 4331 2220 4386 1η
2255 4331 2430 4385 tabula
2459 4330 2673 4392 collect,
2697 4331 2730 4385 5
2759 4328 2844 4384 hic
2877 4329 3061 4384 titulus
3104 4331 3298 4400 legitur
3317 4346 3366 4387 c.
3396 4332 3494 4388 8-1:
3530 4334 3611 4389 Ad

2036 4401 2522 4473 Palwstinossuper
2547 4399 2826 4454 mobilitate
2848 4401 2970 4468 ﬁdei
2997 4399 3224 4470 ipsorum
3248 4404 3299 4456 in
3329 4401 3611 4473 Eutychid-

2038 4490 2158 4528 nam
2185 4472 2413 4527 hmrcsim
2437 4471 2696 4526 devolutos
2722 4473 2988 4525 correctio.

2108 4541 2134 4581 ιι
2166 4543 2370 4611 Vulgati
2397 4551 2518 4615 ante
2549 4541 2748 4610 Quesn.
2787 4557 2907 4596 cum
2939 4556 3066 4596 mss.
3101 4542 3316 4598 collect.
3355 4545 3419 4600 15
3441 4554 3494 4600 et
3516 4545 3606 4615 21,

2039 4629 2353 4684 perperam,
2390 4613 2676 4682 episcopis;
2702 4627 2820 4667 eum
2847 4629 2909 4667 ex
2942 4622 3192 4668 contextu
3225 4616 3288 4668 ad
3317 4613 3610 4673 monachos

2040 4688 2094 4740 in
2122 4686 2401 4739 Palaestina
2436 4685 2818 4756 tumultuantes
2849 4684 2963 4756 inec
3000 4685 3224 4753 epistola
3252 4691 3452 4756 scripta
3498 4687 3615 4744 fue-

2041 4757 2131 4814 rit.
2175 4756 2311 4812 Hinc
2349 4756 2468 4824 jure
2497 4755 2814 4823 Quesnellus
2845 4755 3057 4810 Binium
3103 4765 3317 4813 secutus
3355 4755 3614 4819 {nonacltis

2044 4841 2140 4896 pro
2166 4826 2744 4900 episcopis_subst_ituit_.
2787 4825 2980 4900 Confer
3011 4837 3188 4900 notam
3217 4827 3334 4896 ejus
3357 4829 3408 4882 1.
3442 4827 3616 4886 Caete-

2043 4913 2160 4954 rum
2192 4913 2323 4952 mss.
2345 4897 2557 4952 collect.
2591 4897 2643 4961 5,
2680 4897 2742 4950 11
2777 4906 2829 4956 et
2858 4896 2918 4950 l2
2951 4897 3298 4967 inscriptione
3327 4909 3528 4965 carent,
3559 4909 3617 4957 et

2043 4969 2215 5041 solum
2243 4968 2477 5041 titulum
2506 4969 2824 5041 prteletjunt,
2875 4967 3110 5041 Epistala
3137 4969 3318 5024 Leonis
3357 4988 3505 5041 papa:
3544 4972 3613 5026 ad

2035 5037 2365 5102 Palwstinos,
2399 5037 2481 5091 vol
2508 5037 2573 5092 ad
2603 5036 2952 5092 Paltestinum.
2982 5036 3208 5094 Codices
3241 5055 3365 5097 vero
3394 5036 3610 5096 collect.

2035 5109 2105 5165 21
2140 5112 2276 5182 hanc
2313 5108 2712 5178 inscriptionem
2744 5109 3033 5175 exhibent,
3066 5108 3171 5164 Leo
3216 5111 3480 5182 episcOpus
3510 5112 3614 5166 Pa-

2035 5181 2269 5235 la’stinis.

2113 5259 2129 5298 ί
2181 5253 2333 5321 Vulg.
2378 5251 2573 5310 Leonis
2616 5251 2841 5320 antiqui,
2887 5266 3006 5306 cum
3042 5251 3160 5307 Vat.
3197 5251 3414 5308 collect.
3447 5251 3516 5308 24
3561 5263 3615 5310 et

2037 5321 2322 5388 Sichardo,
2353 5323 2612 5388 praedicta.

2112 5394 2127 5445 l
2173 5394 2294 5447 Vat.
2341 5393 2551 5447 collect.
2591 5393 2684 5455 ll,
2731 5391 2950 5460 proﬁcit.
2996 5389 3050 5445 In
3095 5391 3333 5463 margine
3371 5394 3611 5459 Concil.,

2045 5464 2260 5535 profuit.
2305 5463 2434 5518 Dein
2475 5464 2527 5524 in
2563 5465 2830 5520 editorum
2871 5463 3107 5531 margine
3144 5465 3520 5535 nutatumhfuit
3549 5483 3615 5520 ex

2045 5533 2173 5589 mss.
2209 5536 2417 5589 collect.
2462 5535 2531 5588 2t
2577 5549 2627 5588 et
2671 5536 2950 5598 Sichardu,
3006 5535 3155 5588 etiam
3211 5535 3318 5602 ipse
3361 5533 3616 5606 Eutychos

2043 5607 2338 5664 detestatur.

2118 5677 2143 5714 ιι
2185 5676 2504 5730 l’artit-ulam
2536 5685 2582 5728 ct
2611 5683 2875 5742 sumptam
2905 5673 3203 5746 proelium,
3235 5691 3392 5746 quam
3422 5677 3619 5734 delevit

2045 5749 2395 5815 Qucsnetlus,
2447 5747 2815 5802 remeavimus
2849 5759 2912 5798 ex
2961 5744 3264 5801 Vindebon.
3309 5747 3519 5804 collect.

2045 5822 2163 5875 Vat.
2189 5821 2404 5874 collect.
2435 5816 2494 5882 11
2518 5832 2578 5874 ac
2604 5816 2671 5873 24
2697 5824 2855 5872 atque
2877 5815 3126 5884 exemplo
3148 5816 3414 5876 Sichardi.
