4072 6358
530 299 671 361 1063

1656 298 1716 356 S.
1756 297 1996 356 LEONIS
2024 295 2235 354 MAGHI
2271 297 2654 356 EPISTOLE.

3663 304 3802 364 1064

528 430 710 474 remus
734 427 924 485 sapere
959 427 1023 470 ac
1060 412 1292 479 sentire,
1318 410 1577 482 patefeci,
1600 418 1655 465 et
1683 413 1735 465 in
1762 414 1908 466 nullo
1928 428 1956 467 a
1987 427 2112 467 san-
2140 415 2187 472 A
2284 411 2411 468 CAP.
2453 412 2538 468 III.
2579 442 2650 455 —
2681 409 2809 479 Quae
2862 411 3152 483 impietatis
3202 413 3479 471 mendacia
3546 416 3799 484 quoniam

528 515 733 562 ctorum
763 507 977 562 Patrum
1006 504 1346 561 confessione
1383 504 1605 559 discessi
1638 521 1653 558 :
1686 503 1808 573 quia
1851 518 1952 559 una
1996 512 2109 567 est,

528 611 684 663 vera,
716 596 1036 668 singularis,
1074 594 1387 650 a‘catliolica
1428 595 1593 661 ﬁdes,
1636 598 1722 662 qui
1777 594 1908 650 nihil
1951 594 2107 659 addi,

528 706 627 745 nec
655 691 818 745 minui
864 700 1067 759 poteSt;
1115 705 1271 757 quam
1319 687 1600 742 Nestorius
1645 687 1822 756 prius,
1868 699 1921 740 et
1970 700 2111 740 nunc

526 784 796 855 Eutyches
816 823 832 849 ,
867 784 1077 838 diversa
1098 782 1311 852 quidem
1339 780 1661 845 assertione,
1692 780 1785 832 sed
1818 780 1977 832 simili
2006 780 2108 832 itit-

524 876 719 945 pietate
747 877 1060 947 impugnare
1088 876 1263 929 conati
1293 886 1447 937 sunt,
1477 884 1531 929 et
1558 872 1809 927 Ecclesiae
1849 872 1942 925 Dei
1977 871 2108 925 duas

526 966 761 1023 haereses
809 968 1027 1023 sibimet
1078 967 1379 1022 contrarias
1431 965 1627 1019 inferre
1694 970 1993 1025 tentarunt,
2055 972 2110 1017 ut

523 1072 744 1129 uterque
761 1075 790 1113 a
812 1059 1084 1128 discipulis
1112 1058 1351 1113 veritatis
1377 1060 1570 1112 merito
1586 1059 1927 1110 damnaretur
1951 1072 1963 1107 :
1989 1055 2109 1123 quia

522 1151 768 1205 insanum
801 1151 962 1205 nimis
982 1162 1034 1206 et
1062 1150 1383 1219 sacrilegum
1412 1148 1529 1211 fuit,
1548 1149 1688 1219 quod
1715 1146 1858 1200 varia
1877 1145 2109 1200 falsitate

520 1240 681 1295 ambo
702 1251 1005 1295 senserunt.

596 1336 723 1389 Car.
749 1332 812 1389 ll.
838 1362 909 1374 —
932 1332 960 1371 δ
981 1332 1474 1388 Anathematizetur
1512 1346 1639 1399 ergo
1678 1329 1953 1383 Nesmrius
1973 1369 1989 1393 ,
2019 1327 2109 1396 qui

521 1428 730 1484 beatam
757 1428 1017 1494 virginem
1060 1426 1276 1480 Mariam
1312 1425 1543 1478 hominis
1585 1422 1955 1477 tantummodo
1992 1437 2110 1477 cre-

520 1519 655 1574 didit
683 1517 1031 1587 genitricem,
1066 1528 1121 1570 ut
1168 1516 1325 1569 aliam
1373 1531 1651 1584 personam
1700 1516 1910 1581 carnis,
1949 1514 2109 1568 aliam

520 1609 726 1665 faceret
756 1608 1012 1676 Deitatis,
1048 1618 1070 1646 ο
1099 1623 1196 1662 nec
1226 1623 1391 1662 unum
1424 1607 1690 1660 Christum
1721 1608 1772 1660 in
1810 1606 1985 1661 Verbo
2016 1606 2107 1661 Dei

518 1710 575 1757 et
618 1715 779 1756 carne
830 1704 1073 1765 sentiret,
1117 1699 1212 1754 sed
1265 1699 1548 1769 separatim
1596 1709 1754 1766 atque
1802 1698 2108 1767 sejunctim,

2214 505 2341 559 olim
2374 504 2507 559 ﬁdes
2546 504 2806 559 catholica
2840 505 3160 573 detestatur,
3200 516 3255 563 et
3295 507 3480 562 taliutn
3521 508 3799 577 sacrilegia

2212 596 2569 651 concordibus
2612 613 2706 667 per
2750 605 2918 652 totum
2963 599 3215 653 mundum
3255 597 3534 654 beatorum
3583 598 3800 655 Patrum

2211 696 2335 741 sunt
2364 689 2613 742 damnata
2646 686 2958 755 sententiis,
2990 690 3310 758 quicumque
3342 690 3415 743 illi
3447 702 3571 744 sunt
3608 689 3679 745 ita
3700 691 3803 745 ob-

2211 783 2394 835 caecati
2429 790 2484 835 et
2518 797 2547 835 a
2587 781 2786 837 lumine
2827 783 3064 837 veritatis
3090 782 3281 851 alieni,
3323 793 3381 838 ut
3410 783 3588 840 Verbo
3635 784 3728 840 Dei
3769 801 3803 841 α

2210 878 2453 941 tempore
2496 871 2880 927 incarnationis
2925 873 3242 939 humanam,
3300 874 3352 929 id
3404 884 3489 930 est
3520 885 3795 943 nostrain,

2168 979 2172 983 ‘
2212 976 2408 1034 negent
2439 967 2619 1021 ines~e
2654 977 2896 1021 naturam
2917 1009 2930 1031 ,
2963 967 3249 1022 ostendant
3278 967 3329 1021 in
3363 982 3470 1038 quo
3511 968 3613 1025 sibi
3643 968 3803 1024 Chrio

2210 1058 2441 1111 stianum
2472 1074 2667 1113 nomen
2701 1070 2990 1128 usurpent,
3018 1072 3204 1115 etcum
3239 1061 3526 1127 Evangelio
3552 1064 3800 1118 veritatis

2211 1161 2315 1214 qua
2342 1147 2549 1203 ratione
2579 1150 2926 1212 concordent.
2966 1149 2985 1188 ι
3014 1151 3057 1204 si
3095 1166 3191 1219 per
3214 1152 3382 1205 beam
3412 1151 3645 1221 Virginis
3676 1168 3802 1222 par-

2214 1247 2353 1302 tum,
2389 1248 2479 1292 aut
2504 1254 2628 1293 caro
2658 1241 2776 1294 sine
2812 1239 3047 1309 Deitate,
3077 1249 3167 1295 ant
3204 1241 3382 1296 Deitas
3417 1252 3500 1297 est
3526 1256 3639 1297 orta
3679 1245 3799 1300 sine

2210 1342 2391 1383 carne.
2421 1330 2571 1383 Sient
2609 1330 2752 1383 enim
2795 1331 2978 1399 negari
3020 1347 3123 1384 non
3172 1342 3368 1400 potest,
3400 1333 3537 1402 quod
3578 1333 3799 1387 Verbum

2210 1434 2331 1470 caro
2353 1419 2545 1487 factum
2570 1428 2667 1484 est,
2697 1428 2744 1474 et
2766 1421 3006 1473 habitavit
3032 1422 3087 1475 in
3116 1420 3260 1476 nobis
3292 1419 3470 1489 (Joan.
3500 1438 3540 1487 ι,
3570 1423 3692 1491 ﬂ);
3724 1426 3801 1479 ita

2213 1508 2396 1578 negari
2419 1524 2522 1562 non
2551 1520 2751 1578 potest,
2791 1511 2932 1578 quod
2979 1509 3114 1564 Deus
3144 1524 3250 1566 erat
3283 1515 3339 1565 in
3374 1511 3579 1567 Christo
3599 1553 3614 1579 ,
3646 1530 3797 1567 mun-

2212 1600 2335 1651 dum
2362 1600 2696 1653 reconcilians
2718 1600 2813 1653 sibi
2834 1601 2852 1670 (
2875 1602 2912 1655 ll
2940 1600 3057 1654 Cor.
3084 1601 3155 1671 t).
3183 1602 3314 1670 Qttte
3338 1611 3520 1657 autem
3550 1603 3800 1658 reconci-

2214 1691 2362 1745 liatio
2384 1706 2503 1746 eSse
2536 1700 2737 1759 potest,
2782 1709 2881 1763 qua
2917 1692 3151 1747 humano
3184 1696 3367 1762 generi
3416 1696 3801 1763 propitiaretnr

522 1791 685 1847 alium
730 1790 897 1847 lilium
929 1790 1048 1857 Dei,
1088 1791 1250 1844 alium
1291 1791 1520 1844 hominis
1569 1790 1881 1859 praedicaret
1917 1806 1929 1843 :
1962 1804 2105 1858 cum,
2140 1791 2186 1852 Β
2216 1783 2389 1845 Deus,
2420 1782 2520 1837 nisi
2574 1784 2784 1855 1239
2810 1793 2833 1830 s
2861 1785 3100 1839 omnium
3147 1800 3363 1840 causam
3406 1787 3668 1842 mediator
3702 1788 3800 1845 Dei

522 1894 771 1940 manente
816 1885 905 1939 illa
951 1883 1403 1938 incommutabilis
1436 1883 1590 1937 Verbi
1622 1883 1885 1947 essentia,
1916 1897 2035 1951 qua:
2060 1879 2110 1936 ei

525 1991 647 2031 cum
688 1975 847 2030 Patre
890 1984 944 2029 et
973 1974 1175 2045 Spiritu
1216 1982 1401 2028 sancto
1442 1973 1809 2043 intemporalis
1836 1985 1991 2043 atque
2020 1987 2113 2027 co-

523 2077 724 2122 mterna
748 2076 854 2133 est,
876 2067 947 2121 ita
978 2067 1115 2121 intra
1142 2065 1376 2133 virginea
1404 2068 1608 2120 viscera
1631 2064 1858 2119 Verbum
1887 2080 2011 2119 caro
2042 2064 2109 2118 sit

524 2158 739 2221 laetum,
773 2164 831 2211 ut
856 2172 964 2211 uno
989 2166 1251 2225 conceptu
1292 2171 1503 2223 unoque
1536 2165 1688 2224 partu
1719 2154 1905 2209 eadem
1936 2153 2106 2223 virgo,

523 2249 817 2303 secundum
866 2248 1116 2303 unionem
1161 2250 1441 2315 utriusque
1470 2246 1813 2311 substantizn,
1835 2255 1889 2301 et
1917 2247 2106 2301 ancilla

524 2338 728 2393 Domini
757 2350 901 2393 esset
926 2346 982 2393 et
1012 2349 1200 2392 mater.
1236 2337 1608 2408 12380uod
1626 2333 1825 2391 etiamd
1850 2336 2105 2401 Eltzabet,

521 2430 659 2483 sicut
703 2428 874 2484 Lucas
906 2429 1230 2499 evangelista
1270 2428 1528 2491 declarat,
1555 2427 1816 2480 intellexit
1844 2436 1897 2481 et
1925 2427 2059 2482 dixit
2090 2445 2103 2481 :

524 2518 670 2576 Unde
696 2520 792 2575 hoc
824 2521 988 2586 mihi,
1036 2531 1089 2573 ut
1115 2521 1280 2574 veniat
1319 2532 1479 2573 mater
1520 2518 1729 2573 Demitti
1776 2523 1872 2574 mei
1920 2522 1987 2572 ad
2026 2535 2107 2574 me

524 2613 677 2687 (Luc.
709 2630 758 2681 t,
817 2615 887 2669 45
912 2615 968 2685 )‘l
1002 2613 1271 2685 Eutyches
1306 2628 1516 2684 quoque
1558 2614 1746 2668 eodem
1788 2614 2106 2680 percellatur

518 2704 886 2771 anathemate,
928 2708 1014 2773 qui
1060 2720 1152 2773 per
1196 2709 1389 2771 impios
1429 2712 1670 2759 veterum
1722 2705 2100 2759 haereticorum

519 2799 787 2852 volutatus
805 2811 1038 2859 errores,
1073 2799 1286 2852 tertium
1316 2797 1641 2862 Apollinaris
1669 2796 1855 2865 dogma
1875 2795 2102 2866 delegit:

519 2899 577 2945 ut
607 2900 793 2959 negata
827 2890 1075 2944 humanae
1105 2890 1282 2942 carnis
1316 2900 1474 2955 atque
1507 2890 1700 2941 ammte
1734 2888 1989 2951 veritate,
2023 2897 2106 2942 to-

517 2988 630 3037 tum
660 2982 943 3035 Dominum
976 2989 1220 3035 nostrum
1251 2978 1435 3035 Jesnm
1462 2979 1618 3033 Chris
1646 2995 1730 3032 uin
1766 2979 1922 3033 unius
1948 2993 2102 3034 as~e-

517 3085 600 3131 rat
635 3089 756 3130 esse
802 3084 1041 3138 naturze,
1070 3082 1335 3139 tamquam
1376 3073 1525 3125 verbi
1570 3071 1751 3125 Deitas
1792 3072 1902 3139 ipsa
1942 3086 1999 3127 se
2045 3072 2099 3126 in

2212 1873 2595 1945 hominumque
2626 1875 3090 1944 suscipi-renoua
3123 1891 3250 1931 vero
3280 1877 3491 1933 ratione
3514 1878 3798 1935 veritatem

2209 1970 2522 2024 mediatoris
2554 1971 2830 2037 impleret,
2867 1970 2968 2025 nisi
3004 1970 3097 2041 qui
3132 1972 3185 2025 in
3238 1971 3410 2027 forma
3450 1971 3545 2029 Dei
3576 1972 3801 2043 aequalis

2207 2074 2321 2116 erat
2352 2062 2525 2128 Patri,
2557 2062 2611 2116 in
2641 2063 2805 2115 forma
2838 2063 2978 2117 servi
3013 2063 3281 2131 particeps
3318 2073 3463 2119 esset
3492 2075 3546 2119 et
3576 2065 3747 2119 ucstri
3780 2080 3798 2120 :

2208 2162 2265 2207 ut
2291 2168 2385 2218 per
2415 2169 2576 2207 unum
2615 2169 2809 2207 novum
2842 2152 3115 2209 hominem
3153 2155 3306 2211 ﬁeret
3334 2156 3612 2210 renovatio
3636 2165 3794 2209 vetu-

2207 2248 2392 2310 statis;
2425 2256 2477 2301 et
2505 2246 2693 2301 mortis
2712 2246 2982 2300 vinculum
3006 2246 3165 2300 unius
3195 2248 3638 2316 prrvaricatione
3659 2262 3797 2302 con-

2208 2348 2456 2401 tractnm,
2489 2340 2649 2392 unius
2678 2349 2879 2403 morte,
2912 2339 3001 2407 qui
3033 2339 3182 2393 solus
3214 2340 3369 2392 morti
3407 2338 3539 2394 nihil
3567 2339 3789 2403 debuit,

2208 2430 2542 2485 solvetetttr?
2594 2426 2621 2467 ιι
2658 2429 2854 2484 Επιιείο
2910 2432 3053 2483 enim
3108 2446 3202 2497 pro
3258 2428 3470 2500 injustis
3521 2432 3799 2501 sanguinis

2200 2523 2325 2593 justi
2358 2532 2465 2577 tam
2510 2532 2700 2591 potens
2742 2520 2840 2575 fuit
2876 2523 2941 2573 ail
2978 2521 3342 2592 privilegium,
3386 2529 3493 2577 tam
3528 2523 3682 2577 dives
3726 2523 3797 2578 ad

2206 2616 2467 2684 pretium,
2496 2623 2556 2668 ut
2593 2614 2637 2668 si
2670 2611 2996 2666 universitas
3024 2612 3362 2680 captivorum
3402 2613 3454 2667 in
3489 2612 3797 2681 redempto-

2205 2721 2317 2759 rem
2357 2721 2514 2760 suum
2547 2705 2823 2769 crederet,
2865 2703 3068 2757 nullum
3111 2704 3384 2774 tyrannica
3418 2704 3624 2758 vincula
3666 2705 3798 2759 reti-

2204 2806 2393 2851 nerent
2420 2814 2433 2848 :
2467 2799 2748 2864 quoniam.
2772 2798 2909 2851 sicut
2936 2794 3228 2865 Apostolus
3257 2799 3360 2864 ait,
3390 2797 3477 2851 ubi
3504 2797 3791 2853 abundavit

2202 2899 2463 2959 peccatum
2489 2929 2505 2952 ,
2542 2888 2974 2954 superabundavit
3022 2897 3066 2940 et
3107 2886 3477 2959 gratia(Ront.
3502 2904 3554 2955 v,
3576 2888 3693 2959 ἑο).
3731 2890 3803 2947 Et

2206 2997 2326 3035 cum
2357 2982 2457 3035 sub
2490 2982 2688 3048 peccati
2724 2981 3036 3051 pra-judicio
3076 2982 3185 3035 nati
3219 2992 3535 3050 petestatetn
3562 2994 3801 3047 accepe-

2203 3074 2314 3128 rint
2347 3074 2412 3127 ad
2450 3074 2711 3143 justitiam
2772 3072 3086 3130 renascendi
3116 3116 3131 3141 ,
3184 3074 3411 3129 validius
3473 3076 3670 3131 factum
3712 3088 3803 3134 est

517 3183 731 3224 carnem
754 3168 1092 3234 animamque
1117 3169 1467 3226 converterit;
1506 3175 1559 3217 et
1595 3163 1802 3233 concipi
1829 3175 1882 3219 et
1912 3163 2091 3229 nasci,
2119 3165 2165 3231 C
2197 3166 2394 3222 donum
2445 3167 2741 3231 libertatis,
2762 3185 2918 3238 quam
2941 3169 3179 3223 debitum
3208 3168 3505 3224 servitutis.

518 3258 707 3315 nutriri
736 3267 792 3315 et
817 3273 1095 3325 crescere,
1128 3256 1363 3315 crnctllai
1390 3275 1452 3307 at:
1482 3256 1612 3307 moti
1633 3297 1646 3311 .
1674 3256 1888 3323 sepeliri
1922 3272 1985 3310 ac
2017 3270 2108 3312 re-

517 3368 755 3423 surgere,
786 3364 841 3409 et
864 3353 1159 3408 ascendere
1189 3354 1239 3404 in
1272 3352 1490 3414 «trioni,
1520 3361 1573 3403 et
1597 3351 1647 3403 in
1675 3351 1845 3405 Patris
1860 3350 2103 3418 dextera,

525 3443 668 3499 unde
697 3444 761 3499 ad
789 3444 1111 3513 judicantlos
1141 3446 1295 3495 vit-ns
1331 3459 1362 3497 e
1415 3454 1656 3495 mortuos
1686 3440 1889 3509 icnict,
1918 3454 2109 3496 conse-

516 3535 668 3601 dere,
703 3544 726 3573 °
748 3534 864 3605 ejus
895 3546 1095 3589 tantum
1123 3536 1369 3588 ess'entia-
1398 3535 1579 3599 fuerit,
1603 3550 1721 3600 quae
1749 3532 1883 3585 nihil
1911 3533 2101 3588 horum

517 3629 571 3681 in
611 3641 669 3682 se
706 3627 824 3682 sine
853 3629 1031 3681 carnis
1078 3628 1275 3691 recipit
1304 3629 1529 3680 veritate
1570 3642 1583 3679 :
1621 3624 1870 3693 quoniam
1915 3635 2105 3680 natura

520 3720 808 3790 Unigeniti,
837 3728 1023 3774 natura
1056 3728 1137 3775 cst
1168 3717 1367 3782 Patris,
1400 3727 1587 3771 natura
1618 3726 1699 3771 est
1728 3715 1957 3784 Spiritus
1982 3732 2106 3771 san-

516 3810 608 3878 cti,
636 3812 901 3879 simulque
930 3809 1297 3879 impassihilis,
1323 3810 1477 3862 simul
1504 3818 1587 3861 e~t
1618 3808 2098 3874 incommutabilis,

517 3903 861 3971 sempiterna:
889 3901 1170 3956 Trinitatis
1202 3901 1423 3954 indivisa
1465 3900 1640 3953 unitas
1673 3910 1724 3952 et
1752 3900 2106 3954 consubstan-

518 3993 660 4048 tialis
690 3993 985 4062 aequalitas.
1019 3990 1171 4046 Unde
1207 3989 1253 4044 si
1291 3990 1357 4042 ab
1391 3989 1713 4055 Apollinaris
1749 3989 2104 4055 perversitate

520 4084 805 4140 haereticus
859 4084 957 4139 istc
1012 4084 1283 4149 desciscit,
1328 4098 1395 4136 ne
1441 4082 1789 4135 convincatur
1839 4081 2101 4135 Deitatem

516 4177 825 4247 passibilem
866 4176 1067 4230 sentire
1101 4185 1262 4244 atque
1294 4176 1604 4237 mortalem;
1640 4181 1695 4226 et
1733 4184 1908 4225 tamen
1943 4171 2101 4225 Verbi

514 4269 812 4336 incarnati,
847 4269 897 4323 id
935 4278 1047 4334 est,
1078 4266 1239 4322 Verbi
1277 4278 1330 4320 et
1377 4269 1555 4320 carnis
1597 4282 1751 4319 unam
1787 4267 1945 4319 audet
1977 4280 2103 4336 pro-

517 4358 768 4414 nuntiare
793 4368 1057 4421 natnram,
1093 4373 1198 4410 non
1229 4356 1388 4410 dubie
1418 4356 1468 4410 in
1496 4356 1768 4411 Manichazi
1793 4368 1846 4411 et
1878 4357 2101 4411 Marcio-

519 4450 604 4505 nis
636 4450 824 4504 transit
853 4448 1131 4511 insaniam,
1160 4455 1215 4501 et
1239 4447 1581 4501 mediatorom
1611 4447 1700 4501 Dei
1725 4459 1776 4501 et
1802 4448 2094 4509 hominum,

2280 3261 2408 3316 Car.
2444 3260 2609 3316 lV.-—
2636 3262 2804 3327 Quam
2844 3263 3021 3330 itaque
3049 3261 3150 3315 sibi
3186 3261 3237 3315 in
3278 3261 3435 3329 hujus
3468 3262 3801 3318 sacramenti

2209 3354 2459 3423 przesidiu
2491 3370 2643 3423 spem
2692 3355 2994 3422 relinquunt
3040 3355 3128 3421 qui
3184 3353 3237 3407 in
3279 3354 3576 3409 Salvatoris
3619 3354 3800 3409 nostri

2206 3460 2430 3516 corpore
2453 3458 2644 3513 negant
2672 3447 2915 3499 humanae
2938 3446 3582 3501 substantiieveritatem?
3602 3445 3801 3501 Dicant

2204 3553 2314 3610 quo
2351 3537 2615 3592 sacriﬁcio
2647 3538 3007 3607 reconciliati,
3041 3539 3225 3593 dicant
3249 3555 3355 3609 quo
3396 3541 3657 3608 sanguine
3683 3540 3801 3597 sint

2205 3628 2503 3696 redempti?
2528 3629 2660 3695 Quis
2697 3642 2774 3683 εει
2808 3631 2896 3698 qui
2918 3630 3132 3683 tradidit
3165 3633 3488 3701 semetipsum
3523 3646 3619 3700 pro
3648 3630 3801 3686 nobis

2205 3717 2509 3772 oblationem
2531 3731 2575 3771 et
2598 3719 2817 3773 hostiam
2843 3716 2948 3773 Deo
2975 3720 3029 3773 in
3054 3721 3259 3773 odorem
3283 3720 3548 3774 suavitatis
3568 3720 3797 3792 (Ephes.

2203 3825 2258 3870 ν,
2287 3811 2381 3879 2)?
2411 3818 2502 3865 aut
2530 3809 2670 3877 quod
2717 3826 2966 3877 umquam
3006 3812 3324 3865 sacriﬁcium
3364 3812 3627 3865 sacratius
3658 3811 3795 3881 fuit,

2204 3917 2361 3969 quam
2394 3901 2535 3971 qund
2567 3916 2724 3953 verus
2755 3902 2991 3969 pontifex
3014 3902 3170 3956 altari
3203 3905 3379 3956 crucis
3420 3917 3513 3969 per
3545 3904 3799 3960 immola-

2204 3998 2404 4047 tionem
2443 4009 2554 4046 suae
2591 3996 2767 4047 carnis
2808 3994 3098 4061 imposuit?
3131 3994 3387 4062 Quamvis
3418 3997 3559 4050 enim
3591 3996 3801 4052 multo-

2202 4101 2319 4141 rum
2361 4096 2662 4139 sanctorum
2701 4090 2749 4138 in
2788 4095 3079 4152 conspectu
3116 4085 3327 4140 Domini
3373 4087 3606 4156 pretiosa
3638 4103 3802 4145 mors

2203 4177 2654 4250 fuerit(Ps.cxv,
2688 4176 2810 4244 15),
2846 4178 3040 4231 nullius
3077 4189 3252 4232 tamen
3291 4177 3521 4234 insontis
3549 4178 3796 4249 occisia,

2200 4272 2509 4343 propitiatio
2557 4270 2649 4325 fuit
2692 4272 2895 4325 mundi.
2930 4273 3264 4339 Acceperunt
3291 4271 3442 4339 justi,
3477 4286 3585 4326 non
3620 4271 3802 4327 dede-

2202 4372 2326 4418 runt
2376 4377 2636 4427 coronas;
2692 4373 2744 4415 et
2787 4362 2854 4417 de
2896 4362 3207 4417 fortitudine
3262 4362 3491 4416 ﬁdelium
3535 4364 3800 4432 exempla

2199 4462 2323 4510 nata
2365 4463 2488 4510 sunt
2532 4453 2836 4521 patientiae,
2880 4470 2983 4506 non
3020 4453 3161 4509 dona
3193 4453 3432 4522 justitize.
3471 4453 3800 4525 Singulares

517 4540 788 4595 hominem
830 4540 1009 4595 Jesum
1046 4538 1315 4594 Christum
1347 4538 1677 4592 simulatorie
1715 4540 1890 4591 omnia
1920 4538 2089 4593 credit
2119 4545 2167 4603 Ι)
2193 4546 2389 4615 quippe
2445 4545 2498 4598 in
2552 4544 2776 4613 singulis
2833 4552 3037 4598 mortes
3090 4545 3338 4610 fuerunt,
3404 4560 3502 4600 nec
3557 4546 3802 4603 alterius

514 4632 708 4702 egisse,
742 4646 841 4687 nec
871 4632 1160 4685 humanum
1195 4630 1245 4683 in
1275 4630 1389 4699 ipso
1419 4645 1640 4700 corpus,
1673 4630 1762 4684 sed
1796 4631 2085 4697 phantasti-

514 4737 634 4779 cam
665 4722 905 4793 corporis
934 4722 1166 4793 speciem
1193 4721 1360 4777 oculis
1386 4723 1699 4792 apparuisse
1726 4724 2082 4778 cernentium.

583 4871 610 4900 α
649 4861 921 4917 Editiones
966 4871 1088 4916 ante
1134 4861 1333 4927 Quesn.
1388 4876 1507 4916 cum
1561 4858 1824 4915 Sichardo
1878 4859 2083 4915 addunt

512 4938 757 5001 perfecta,
783 4932 1088 4986 inviolabilis
1119 4949 1136 4983 :
1167 4934 1359 4986 desunt
1385 4931 1437 4985 in
1473 4947 1601 4985 mss.
1635 4929 2082 5001 ttttdecinertes—

510 5000 672 5066 uelli,
723 5012 778 5056 et
815 5003 865 5056 in
895 5004 1091 5056 nostris
1128 5002 1335 5057 collect.
1374 5005 1436 5067 5,
1465 5001 1559 5066 ll,
1592 5001 1655 5055 ‘21
1686 5009 1741 5053 et
1766 5000 1863 5054 Ἠ.
1888 5000 2080 5057 Postea

509 5074 639 5127 nihil
658 5074 820 5127 minui
848 5073 899 5126 in
931 5073 1085 5127 codd.
1118 5076 1328 5127 collect.
1362 5071 1446 5138 11,
1472 5073 1535 5126 ‘21
1572 5083 1624 5126 et
1644 5072 1735 5123 ‘25.

578 5143 606 5183 ι»
648 5144 728 5198 Ab
760 5144 859 5197 hoc
888 5158 936 5198 c.
963 5143 999 5195 2
1026 5159 1084 5196 us
1126 5160 1188 5196 ne
1216 5143 1279 5196 ad
1311 5158 1431 5211 cap.
1468 5143 1501 5196 8
1527 5143 1713 5196 eadem
1746 5141 1992 5210 leguntur
2023 5140 2080 5198 in

585 5253 598 5267 .
630 5214 752 5268 165.
785 5216 854 5267 al.
881 5213 971 5268 97.
1005 5213 1069 5267 ad
1089 5159 1332 5268 (Leonem
1369 5221 1683 5268 Angustum.

507 5228 598 5283 ep.
630 5214 753 5278 165,
785 5216 854 5267 al.
881 5213 971 5277 97,
1005 5213 1069 5267 ad
1101 5213 1332 5268 Leonem
1369 5221 1683 5281 Angustum.

519 5354 558 5362 __
582 5286 760 5362 °_Du9
788 5284 960 5362 codd;
980 5282 1099 5339 Vat.
1137 5285 1373 5362 collect:
1398 5285 1470 5362 21
1485 5299 1809 5362 sne-unum:
1855 5284 1974 5337 Mox
1998 5300 2078 5362 _e_a:

519 5354 676 5409 Verbo
710 5353 803 5407 Dei
834 5355 885 5408 in
916 5353 1035 5407 Vat.
1069 5355 1275 5408 collect.
1320 5354 1403 5408 ll.
1433 5352 1563 5408 Dein
1607 5355 1656 5406 in
1700 5354 1885 5406 iisdem
1915 5354 2073 5409 codd.

505 5427 714 5481 collect.
754 5425 820 5478 2i
845 5465 860 5487 ,
900 5435 1193 5490 separatum
1231 5434 1381 5492 atque
1424 5429 1729 5492 seiunctum.
1770 5424 1959 5479 Postea
1990 5426 2075 5478 in-

2193 4636 2469 4705 quisquam
2493 4633 2731 4688 debitum
2754 4650 2851 4687 suo
2878 4634 2981 4689 ﬁne
3010 4634 3265 4699 persolvit
3289 4652 3301 4688 ε
3332 4650 3451 4690 cum
3480 4638 3621 4691 inter
3641 4637 3800 4693 ﬁlios

2197 4726 2473 4781 hominum
2501 4738 2637 4779 unus
2669 4724 2816 4779 solus
2845 4724 3101 4779 Dominus
3133 4734 3317 4781 noster
3337 4726 3498 4781 lesus
3527 4725 3802 4786 Christus

2186 4861 2271 4920 11.
2295 4860 2360 4914 ξι
2383 4869 2437 4915 et
2458 4858 2551 4923 24,
2578 4870 2737 4928 atque
2760 4858 3096 4915 Sichardum.
3121 4859 3266 4915 Idem
3284 4861 3621 4928 Quesnetlns,
3648 4863 3799 4921 licet

2184 4945 2370 5005 vocem
2409 4932 2595 5005 divinae
2642 4931 2941 4995 retinuerit,
2986 4932 3194 5005 monuit
3226 4941 3412 5005 tamen
3449 4933 3501 5005 in
3535 4936 3803 5005 margine

2184 5002 2324 5056 hanc
2353 5017 2537 5054 vocent
2574 5002 2624 5052 in
2657 5014 2887 5068 quatuor
2916 4999 3028 5054 suis
3052 5017 3181 5055 mss.
3206 5002 3520 5057 desiderari.

2260 5072 2279 5110 ί
2311 5072 2607 5126 Vindehon.
2642 5073 2857 5125 collect.
2883 5071 2917 5125 5
2943 5080 2998 5126 et
3022 5071 3137 5124 Vat.
3171 5069 3396 5126 Collect.
3425 5072 3513 5132 li.
3540 5074 3587 5127 si
3614 5073 3801 5128 beate:

2190 5142 2421 5211 Virginis
2454 5150 2649 5212 partus.
2698 5142 2887 5194 Melius
2931 5143 2980 5193 itt
3018 5142 3226 5195 duobus
3258 5141 3378 5195 Vat.
3418 5144 3626 5198 cttllect.
3660 5144 3741 5197 21
3780 5188 3800 5212 ,

2184 5214 2229 5268 si
2256 5215 2344 5265 θρα
2370 5228 2414 5265 te
2444 5211 2669 5277 Virginis
2699 5223 2868 5282 partu,
2895 5222 2949 5265 et
2977 5213 3225 5265 similiter
3254 5212 3306 5264 in
3338 5228 3427 5278 ep.
3462 5213 3605 5277 ίϋὸν
3635 5229 3689 5265 c.
3724 5211 3796 5271 4.

2257 5293 2281 5330 s
2317 5286 2385 5335 Ita
2412 5288 2710 5335 atttvrimes
2746 5283 3009 5335 editiones
3047 5298 3169 5336 cum
3204 5282 3405 5336 nostris
3449 5283 3606 5337 codd.
3645 5284 3803 5339 Vin-

2185 5354 2381 5406 tlelton.
2398 5354 2612 5407 collect.
2640 5353 2693 5413 ὅ,
2716 5351 2831 5406 Vat.
2848 5352 3059 5407 collect.
3085 5352 3176 5419 2‘,
3198 5362 3357 5418 atque
3379 5352 3640 5409 Sichardo
3657 5370 3802 5411 me-

2183 5424 2287 5494 lius
2334 5439 2492 5491 quam
2534 5424 2673 5491 apud
2711 5422 3051 5494 Quesnellum
3084 5438 3205 5477 cum
3256 5436 3386 5494 mss.
3422 5424 3638 5477 collect.
3665 5424 3753 5478 21
3776 5466 3800 5494 ,

2179 5493 2478 5575 hominum;
2521 5509 2639 5545 nam
2670 5494 2795 5547 etin
2826 5493 3055 5563 epistola
3085 5494 3190 5549 165
3209 5533 3223 5559 ,
3249 5506 3298 5547 c.
3328 5491 3384 5561 4,
3417 5494 3650 5547 omnium
3678 5491 3803 5565 pa;

2180 5568 2311 5619 riter
2343 5568 2556 5630 legitur.

2249 5633 2277 5671 ιι
2311 5635 2581 5689 Habentur
2613 5634 2725 5687 haec
2753 5634 2803 5688 in
2832 5648 2919 5702 ep.
2954 5634 3082 5704 165,
3111 5642 3173 5692 ut
3206 5633 3410 5692 dictum
3432 5640 3549 5704 est,
3592 5642 3650 5692 et
3690 5632 3802 5695 il-

2177 5719 2340 5776 snper
2360 5708 2411 5761 in
2439 5720 2582 5761 serm
2600 5745 2614 5759 .
2638 5704 2729 5771 64,
2761 5718 2810 5760 c.
2839 5706 2895 5763 3.

506 5494 850 5551 commutabili
879 5496 1066 5565 legitur
1091 5498 1141 5549 in
1171 5510 1260 5565 ep.
1300 5495 1422 5559 165,
1451 5511 1571 5565 cap.
1597 5495 1650 5546 ξ.

575 5566 602 5603 ἀ
628 5565 794 5621 Codd.
831 5566 1040 5619 collect.
1077 5566 1170 5627 2|,
1206 5564 1431 5620 Elisabet
1464 5564 1630 5619 Lucas
1652 5566 1958 5634 evangelista
1979 5566 2073 5621 de-

506 5636 665 5691 clarat
686 5636 1010 5693 intellexisse.
1038 5652 1149 5690 cum
1171 5636 1314 5689 dicit.

579 5718 604 5744 ι
642 5705 850 5773 Vulgati
880 5705 1078 5760 addunt
1110 5706 1326 5771 divinat,
1354 5712 1410 5759 et
1438 5704 1636 5759 habent
1658 5707 1938 5761 considere.
1969 5708 2073 5764 Se-

507 5776 615 5832 cuti
639 5790 822 5831 sumus
844 5775 1001 5831 codd.
1035 5775 1330 5833 Vindehon.
1364 5776 1579 5832 collect.
1616 5779 1667 5842 5,
1700 5778 1815 5832 Vat.
1848 5781 2063 5835 collect.
