4072 6358
471 322 615 388 1067

1583 333 1638 388 S.
1687 331 1925 390 LEONIS
1963 333 2202 392 MAGNI‘
2230 333 2608 397 EPISTOLE.

3609 337 3753 408 i068

469 442 610 513 cepit
629 440 892 507 Christus,
922 439 1213 496 secundum
1241 439 1510 498 hominem
1535 446 1757 514 accepit,
1784 446 1867 500 cui
1889 455 1912 484 ει
1930 461 2048 516 quae
2078 451 2128 510 Α
2154 449 2307 504 obliti
2331 451 2560 523 symboli
2590 452 2837 509 salutaris
2860 460 2917 512 et
2937 455 3294 513 confessionis
3321 468 3482 529 quam
3511 475 3748 535 pronun-

469 548 576 588 uon
622 534 803 587 habuit
840 533 1203 586 conferuntur.
1249 533 1376 587 Nam
1425 537 1720 590 secundum
1763 542 2053 606 potentiam

472 624 651 689 Verbi,
681 624 1047 678 indifferenter
1072 624 1248 679 omnia
1275 641 1390 694 qua:
1421 629 1576 682 habet
1604 628 1760 683 Pater
1781 631 1942 685 etiam
1967 629 2054 685 Fi-

466 715 572 772 lius
600 715 778 782 habet,
804 724 858 771 et
880 732 997 784 qua:
1024 716 1075 770 in
1107 715 1273 771 forma
1302 721 1445 773 servi
1476 735 1506 774 a
1538 720 1693 776 Patre
1727 721 1935 797 1242
1965 738 2054 777 ac-

464 810 624 875 cepit,
658 809 844 864 eadem
889 809 943 864 in
987 809 1157 864 forma
1207 812 1381 868 Patris
1429 815 1590 870 etiam
1646 817 1760 885 ipse
1803 817 2041 872 donavit.

463 895 490 935 b
525 897 617 952 Est
648 899 788 954 idem
819 899 933 970 ipse
963 911 1015 955 et
1038 902 1187 957 dives
1215 913 1269 957 et
1302 919 1505 974 pauper
1535 906 1612 977 (ll
1641 905 1761 962 Cor.
1796 925 1912 976 vm,
1953 908 2047 978 9).

459 989 642 1057 Dives,
677 995 797 1062 quia
824 994 876 1046 in
907 996 1162 1065 principio
1192 1006 1299 1050 erat
1337 996 1578 1062 Verbum,
1609 1010 1655 1054 et
1694 999 1913 1055 Verbum
1943 1013 2053 1068 erat

461 1084 601 1152 apud
633 1084 816 1142 Deum.
839 1097 883 1139 et
909 1087 1047 1141 Deus
1072 1099 1176 1142 erat
1216 1088 1460 1144 Verbum.
1498 1091 1614 1146 Hoc
1637 1103 1742 1147 erat
1770 1095 1824 1148 in
1851 1096 2047 1166 princi-

457 1176 544 1244 pio
577 1178 716 1247 apud
754 1177 937 1231 Deum.
975 1178 1162 1233 Omnia
1190 1199 1282 1253 per
1325 1186 1490 1254 ipsum
1522 1189 1659 1253 facta
1691 1196 1829 1249 sunt,
1863 1196 1913 1241 et
1941 1189 2050 1242 sine

457 1267 570 1336 ipso
600 1269 791 1339 factum
818 1281 892 1324 est
917 1273 1046 1326 nihil
1072 1272 1258 1345 (Joan.
1284 1277 1489 1348 1,1-5).
1515 1277 1727 1348 Pauper
1752 1296 1898 1345 vero,
1923 1282 2046 1350 quia

463 1356 687 1415 Verbum
716 1380 833 1417 caro
865 1365 1056 1433 factum
1083 1375 1176 1434 est,
1210 1378 1256 1422 et
1283 1367 1532 1424 habitavit
1569 1373 1623 1425 in
1664 1371 1809 1427 nobis
1839 1373 2008 1442 (Ibid.
2030 1416 2045 1442 ,

456 1454 574 1524 14).
600 1457 731 1522 Quae
752 1471 929 1513 autem
955 1472 1034 1515 est
1052 1461 1167 1529 ejus
1189 1464 1502 1534 cxinanitio,
1528 1481 1712 1535 quasve
1736 1479 2043 1538 paupertas,

462 1548 567 1602 nisi
601 1549 786 1605 t'ormte
813 1553 1023 1606 servilis
1054 1556 1314 1624 acceptio,
1342 1572 1437 1626 per
1464 1573 1622 1628 quam
1644 1604 1656 1628 ,
1692 1560 1851 1615 Verbi
1883 1564 2047 1636 maje-

452 1649 599 1697 state
630 1646 824 1710 velata,
870 1646 1198 1716 dispensatio
1237 1649 1482 1705 humanae
1513 1652 1898 1722 redemptionis
1947 1655 2047 1710 im-

450 1734 600 1806 pleta
638 1738 756 1792 est?
797 1739 930 1794 Nam
963 1743 1085 1810 quia
1115 1743 1440 1812 captivitatis
1473 1758 1668 1801 nosmr.
1709 1749 1904 1804 resolvi
1937 1749 2043 1805 ori-

2161 543 2357 598 tiantes
2389 544 2600 618 1243
2628 561 2807 601 coram
2849 548 3028 602 multis
3059 550 3307 614 testibus,
3345 564 3745 612 sacramentum

2159 636 2406 705 baptismi
2435 639 2770 708 suscepistis,
2809 639 3089 700 diabolicis
3117 658 3213 697 vos
3243 641 3587 704 illusionibus
3620 648 3749 703 sub-

2157 727 2391 783 deretis?
2420 729 2557 798 Quid
2585 731 2725 802 apud
2755 746 2850 786 vos
2881 742 3082 788 actura:
3113 733 3323 790 fuerant
3353 738 3584 808 ungulae,
3615 740 3744 809 quid

2156 834 2298 877 sarva
2324 831 2611 892 tormenta,
2642 827 2685 880 si
2711 825 2777 879 ad
2805 827 3216 897 expugnandam
3249 829 3370 884 fidei
3398 839 3587 885 ve~tra2
3609 832 3750 888 inte-

2153 918 2400 988 gritatem
2435 929 2636 974 tantum
2691 936 2826 974 vana
2877 920 3252 978 haereticorum
3301 936 3606 980 commenta
3653 942 3747 978 va-

2153 1012 2402 1068 luerunt?
2434 1013 2537 1069 Pro
2563 1014 2668 1069 fide
2696 1030 2791 1069 vos
2821 1031 2980 1088 agere
3011 1015 3254 1080 creditis,
3285 1027 3339 1072 et
3372 1018 3491 1072 ﬁdei
3523 1029 3745 1074 contra-

2150 1105 2258 1162 itis.
2295 1109 2546 1164 Ecclesiae
2579 1109 2796 1166 nomine
2825 1111 3128 1179 armamini,
3149 1123 3202 1166 et
3227 1122 3415 1168 contra
3445 1113 3742 1170 Ecclesium

2152 1197 2437 1255 dimicatis.
2480 1201 2713 1256 llocciue
2741 1219 2764 1251 a
2797 1203 3092 1272 prophetis,
3127 1201 3229 1260 hoc
3269 1203 3338 1260 ab
3362 1205 3740 1274 evangelistis,

2151 1290 2254 1346 hoc
2285 1292 2352 1346 ab
2379 1293 2641 1362 apostolis
2667 1293 2965 1348 didicistis‘?
2999 1305 3056 1349 ut
3087 1305 3343 1365 negantes
3376 1312 3554 1350 veram
3587 1297 3744 1352 Chri-

2149 1385 2216 1438 sti
2244 1399 2486 1451 carnem,
2516 1395 2568 1440 et
2593 1387 2762 1455 ipsam
2791 1385 2952 1442 Verbi
2982 1389 3268 1444 essentiam
3296 1391 3529 1458 passioni
3558 1390 3743 1444 morti-

2148 1492 2252 1550 que
2279 1477 2593 1554 suhdentes,
2623 1478 2853 1533 alienam
2885 1478 3092 1534 faciatis
3120 1489 3357 1536 nostram
3388 1497 3414 1532 a
3447 1497 3546 1536 suo
3576 1496 3736 1558 repa-

2150 1582 2328 1627 ratore
2362 1583 2635 1644 naturam,
2680 1580 2958 1642 tommque
3002 1573 3143 1640 quod
3193 1589 3322 1629 crux
3356 1573 3555 1636 intulit,
3591 1573 3736 1639 quod

2146 1661 2332 1717 lancea
2376 1661 2697 1728 vulneravit,
2737 1661 2881 1734 quod
2916 1663 3149 1734 sepulcri
3183 1663 3317 1730 lapis
3350 1672 3376 1710 ε
3407 1663 3645 1738 suscepit
3686 1671 3743 1718 et

2146 1753 2397 1819 reddidit,
2453 1754 2628 1809 solum
2672 1753 2834 1810 fuisse
2879 1769 3014 1826 npns
3046 1754 3246 1809 divina:
3294 1756 3579 1824 potentiae,
3629 1769 3737 1807 non

451 1828 648 1899 ginalia
695 1831 906 1885 vincula
947 1849 1051 1887 non
1075 1844 1341 1903 poterant
1375 1847 1422 1902 ο,
1466 1839 1566 1892 nisi
1595 1841 1850 1896 existeret
1881 1842 2041 1899 homo
2076 1845 2119 1903 Β
2148 1848 2308 1902 etiam
2343 1846 2657 1904 humilitatis
2699 1847 2974 1902 humanae?
3011 1843 3233 1918 Propter
3261 1864 3418 1918 quam
3451 1850 3742 1917 Apostolus

451 1922 625 1976 nostri
655 1925 868 1992 generis
893 1935 1197 1995 nostraeque
1222 1934 1445 1995 natoue,
1472 1945 1627 2000 quem
1656 1932 1854 1987 veteris
1876 1933 2042 2006 debiti

449 2012 764 2082 preejudicia
791 2032 893 2068 non
919 2025 1182 2082 tenerent,
1214 2028 1266 2072 et
1293 2019 1382 2088 qui
1412 2022 1756 2076 immaculato
1780 2027 2040 2093 sanguine

449 2119 548 2160 suo
587 2105 1000 2178 chirographum
1034 2109 1233 2165 lethale
1261 2112 1488 2167 dilueret
1517 2112 1753 2185 (Coloss.
1805 2132 1865 2182 tt,
1898 2117 1998 2188 14)
2021 2159 2034 2184 ,

449 2197 590 2253 sicut
618 2199 686 2254 ab
714 2200 864 2254 initio
901 2214 1014 2256 erat
1053 2200 1308 2257 divinitus
1352 2205 1762 2271 prazordinatutn
1792 2203 1822 2242 ἀ
1847 2207 1917 2261 ita
1959 2217 2041 2263 est

448 2289 504 2344 in
537 2291 868 2360 plenitudine
897 2295 1146 2363 pra‘liniti
1197 2298 1456 2365 temporis
1503 2298 1719 2364 iactum,
1760 2309 1818 2354 ut
1859 2303 2040 2356 multis

449 2383 627 2437 modis
657 2383 950 2454 signiﬁcata
984 2387 1267 2456 promissio
1298 2388 1350 2442 in
1374 2389 1462 2442 ditt
1493 2401 1859 2459 ex5pectatum
1891 2395 2040 2448 veni-

447 2484 537 2530 ret
563 2474 847 2544 eﬂectum;
884 2494 981 2532 nec
1013 2488 1192 2548 posset
1220 2495 1340 2534 esse
1383 2481 1690 2552 ambiguum
1723 2485 1864 2553 quod
1910 2501 2036 2540 con-

448 2567 611 2624 tinuis
637 2579 660 2607 ε
685 2571 1147 2626 testiﬁcatiouibus
1169 2587 1382 2642 sempor
1404 2572 1577 2629 fuerat
1604 2576 1925 2631 nuntiatum.

518 2659 650 2714 CAP.
682 2659 814 2716 Vill.
840 2663 1222 2718 —-Destructis
1250 2667 1430 2738 itaque
1452 2676 1528 2719 tot
1563 2667 1878 2733 haeres-ibus,
1915 2683 2037 2738 qure

451 2767 546 2824 per
570 2763 808 2808 sanctam
837 2754 1176 2810 devotionem
1205 2757 1603 2825 praesidentium
1628 2757 1844 2814 Patrum
1870 2775 1897 2812 a
1926 2775 2039 2814 cor-

449 2862 585 2918 pore
612 2859 735 2903 sunt
773 2849 1055 2904 catholica:
1096 2852 1314 2906 unitatis
1355 2853 1626 2921 abscissae,
1662 2871 1884 2926 quasque
1916 2857 2037 2910 ideo

447 2950 695 2997 extorres
720 2957 748 2995 a
772 2941 984 2996 Christo
1009 2958 1130 2998 esse
1162 2957 1499 3011 meruerunt,
1529 2949 1648 3017 quia
1679 2949 1835 3004 Verbi
1866 2950 2039 3005 iurar-

446 3037 742 3104 nationem,
776 3051 896 3106 quae
916 3038 1202 3108 singularis
1225 3049 1308 3093 est
1334 3047 1480 3094 recte
1501 3042 1834 3097 credentium
1865 3043 2034 3111 salus,

446 3127 684 3184 fecerunt
718 3131 821 3186 sibi
854 3133 1079 3201 lapidem
1119 3132 1430 3188 offensionis
1461 3145 1515 3190 et
1547 3148 1750 3205 petram
1799 3139 2038 3193 scandali

2145 1939 2276 1995 dicit
2304 1958 2315 1992 :
2350 1939 2470 1993 Non
2501 1942 2636 1994 enim
2667 1942 2904 1995 erubesco
2936 1940 3270 2010 Evangelium
3299 1938 3488 2007 (Rom.
3523 1956 3562 2006 ι,
3595 1940 3692 2008 16)
3723 1956 3737 1992 :

2145 2035 2396 2105 quoniam
2431 2043 2655 2092 noverat
2702 2035 2859 2106 quale
2888 2031 3212 2094 Christianis
3240 2033 3308 2089 ab
3337 2033 3568 2086 inimicis
3597 2031 3740 2102 obji-

2144 2134 2359 2186 ceretur
2405 2125 2776 2196 opprobrium.
2824 2126 2894 2179 Et
2924 2124 3042 2179 ideo
3064 2128 3224 2179 etiam
3262 2125 3513 2180 Dominus
3547 2133 3736 2202 prote-

2142 2221 2404 2286 slahatttr,
2443 2220 2664 2288 dicens:
2695 2219 2796 2290 Qui
2832 2235 2910 2272 me
2947 2218 3210 2290 confessus
3246 2219 3398 2288 fuerit
3440 2233 3613 2271 coram
3644 2217 3739 2272 Ito-

2142 2311 2382 2383 minibus,
2433 2321 2477 2365 et
2523 2328 2613 2383 ego
2654 2309 2934 2380 confitebar
2981 2311 3127 2363 illum
3177 2325 3348 2363 coram
3398 2307 3558 2364 Patre
3623 2324 3744 2362 mro.

2143 2381 2382 2474 (Matth.
2402 2419 2456 2476 π,
2481 2381 2605 2474 52).
2638 2403 2697 2460 lii
2729 2406 2872 2458 enim
2905 2418 3008 2458 non
3035 2410 3192 2458 erunt
3218 2403 3363 2484 digni
3392 2401 3738 2468 Confessione

2145 2494 2264 2549 Filii
2288 2503 2343 2551 et
2367 2496 2563 2559 Patris,
2592 2496 2783 2566 quibus
2811 2510 2953 2550 nunc
2983 2511 3108 2552 caro
3133 2493 3331 2550 CllriSti
3356 2494 3738 2554 verecundiam

2141 2589 2305 2656 facit;
2350 2591 2765 2661 probabuntque
2795 2605 2852 2644 se
2885 2590 3081 2647 nullam
3113 2590 3181 2643 de
3210 2591 3365 2659 signo
3390 2589 3565 2643 crucis
3593 2603 3744 2642 sum-

2139 2683 2314 2752 psisse
2362 2682 2639 2749 virtutem,
2689 2682 2778 2758 qui
2831 2682 2974 2754 quod
3024 2680 3417 2758 praeferendum
3473 2680 3742 2736 frontibus

2141 2785 2488 2844 acceperunt,
2524 2757 2772 2843 promere
2800 2774 2957 2830 labiis
2989 2757 3335 2832 erubescunt.

2211 2869 2340 2928 Car.
2369 2868 2460 2930 IX.
2487 2867 2874 2930 —Declinate,
2917 2865 3035 2929 lilii,
3081 2866 3148 2922 ab
3180 2867 3260 2920 his
3291 2863 3571 2921 diabolicis
3616 2877 3742 2935 per-

2141 2962 2479 3018 suasiOoibus
2504 2961 2790 3018 declinato.
2823 2959 3117 3016 Veritatem
3155 2957 3250 3026 Dei
3271 2957 3413 3014 nulla
3439 2972 3526 3024 res
3549 2956 3740 3023 violat,

2145 3056 2240 3112 sed
2275 3054 2484 3110 Veritas
2513 3070 2610 3110 nos
2640 3053 2744 3122 nisi
2777 3051 2826 3120 in
2857 3061 3036 3107 nostra
3076 3067 3238 3108 carne
3265 3067 3367 3106 non
3400 3051 3589 3108 salvat.
3629 3047 3739 3104 Ve-

2140 3148 2268 3203 ritas
2291 3149 2508 3218 quippe,
2541 3148 2682 3210 sicut
2715 3147 2977 3216 propheta
3002 3146 3096 3205 ait,
3122 3145 3186 3208 de
3213 3152 3347 3199 terra
3378 3155 3490 3197 orta
3517 3139 3734 3215 est(Ps.

449 3220 505 3292 (l
538 3219 681 3276 Petr.
712 3237 767 3288 ll,
801 3222 897 3293 8);
931 3223 1096 3278 miror
1115 3225 1459 3292 dilectionem
1479 3237 1714 3283 vestram
1749 3229 1800 3283 in
1831 3231 2040 3286 discer-
2069 3224 2114 3289 C
2145 3257 2358 3307 Lxxxw,
2393 3227 2523 3307 12);
2575 3248 2630 3298 et
2659 3242 2734 3296 sic
2771 3240 3000 3296 Verbum
3036 3239 3194 3295 Maria
3243 3237 3401 3308 Virgo
3450 3237 3741 3304 concepit,

448 3314 631 3369 nendo
664 3317 907 3370 veritatis
939 3315 1140 3372 lumine
1173 3318 1434 3373 laborare.
1471 3319 1684 3376 Etcum
1717 3323 1898 3376 multis
1929 3341 2041 3377 ma-

447 3404 888 3462 nilestationibus
933 3408 1258 3464 declaratum
1286 3412 1355 3465 sit
1385 3427 1540 3481 quam
1586 3424 1732 3469 recte
1768 3424 1821 3468 et
1851 3415 2041 3470 Nesto-

448 3499 589 3554 rium
618 3509 672 3553 et
702 3500 979 3571 Eutychen
1010 3518 1128 3556 cum
1167 3503 1424 3558 Dioscoro
1455 3505 1585 3561 ﬁdes
1613 3506 1917 3563 Christiana
1946 3510 2040 3564 da-

447 3591 736 3658 mnaverit,
780 3607 879 3647 nec
907 3593 1241 3649 Christianus
1268 3599 1434 3666 possit
1454 3600 1633 3653 vocari
1664 3599 1753 3670 qui
1781 3602 1862 3656 vel
1897 3602 2039 3658 illius

449 3684 535 3738 vel
587 3685 776 3738 horum
825 3683 1086 3755 impietati
1141 3691 1343 3755 prtebet
1394 3706 1695 3757 assensum,
1745 3694 1901 3749 doleo
1943 3711 2040 3752 vos

448 3775 770 3845 evangelicae
812 3788 866 3831 et
895 3779 1204 3847 apostolica:
1242 3781 1522 3848 doctrinae,
1554 3795 1610 3839 ut
1637 3786 1819 3852 audio,
1867 3789 2037 3842 resul-

448 3875 586 3934 tarc,
618 3869 942 3939 exagitandi)
975 3872 1332 3929 seditionibus
1372 3875 1639 3944 civitates,
1667 3881 2037 3936 conturbando

444 3958 742 4030 Ecclesias,
776 3979 873 4018 nec
903 3965 1078 4020 solum
1113 3967 1357 4038 injurias,
1391 3971 1484 4024 sed
1515 3973 1675 4026 etiam
1705 3975 1881 4030 ctcdes
1915 3991 2037 4045 pre-

445 4051 679 4123 sbyteris
708 4063 868 4125 atque
897 4060 1164 4128 episcopis
1194 4059 1476 4118 inferendo
1506 4081 1520 4116 :
1546 4074 1602 4119 ut
1634 4082 1742 4136 prae
1771 4068 1951 4123 furore
1983 4078 2040 4126 et

445 4144 673 4214 saevitia,
705 4144 724 4184 ί
753 4151 1014 4219 propositi
1047 4154 1208 4207 vestri
1236 4163 1289 4209 et
1320 4157 1667 4224 professionis
1698 4161 1816 4216 sitis
1848 4162 2037 4220 imme-

443 4251 648 4292 mores.
687 4237 792 4294 Ubi
827 4251 910 4296 est
937 4245 1114 4312 regula
1149 4248 1571 4304 mansuetudinis
1601 4259 1655 4305 et
1684 4253 1921 4322 quietis?
1947 4255 2036 4310 ubi

445 4325 826 4400 longanimitas
856 4334 1164 4401 patientia?
1209 4337 1295 4390 ubi
1343 4340 1701 4410 tranquillitas
1728 4345 1917 4412 pacis?
1948 4345 2038 4399 ubi

446 4421 840 4478 ﬁrmamentum
868 4425 1168 4481 dilectionis
1188 4435 1242 4482 et
1263 4429 1561 4485 tolerantia:
1587 4432 1878 4488 fortitudo?
1904 4435 2036 4504 Quae

446 4528 544 4572 vos
573 4518 642 4572 ab
671 4519 960 4588 Evangelia
987 4520 1186 4576 Christi
1218 4532 1310 4577 aut
1353 4526 1634 4594 persuasio
1664 4528 1908 4595 abduxit,
1943 4540 2038 4585 aut

443 4611 748 4676 persecutio
769 4610 1075 4681 separavit?
1108 4613 1205 4668 Vel
1229 4631 1352 4683 quas
1371 4627 1511 4672 tanta
1537 4620 1741 4675 exstitit
1761 4622 2035 4692 decipien—
2059 4606 2114 4668 Ῑ)

448 4700 518 4756 tis
545 4703 764 4770 astutia,
815 4713 874 4759 ut
917 4705 1072 4767 obliti
1119 4707 1500 4779 prepbetarum
1545 4720 1599 4767 et
1636 4715 2031 4788 apostolorum,

516 4844 543 4873 ι
585 4835 875 4925 Eaemplar
902 4839 1177 4925 Sieltardi,
1221 4849 1704 4925 quodnon/tabuit
1741 4855 2024 4925 confertur.

443 4901 844 4997 !“_BP|§tl-.|65.
869 4928 915 4966 c.
946 4917 996 4973 8.
1031 4901 1244 4997 aliquot,
1264 4901 1704 4979 codicesha'beiii

444 4987 558 5054 tur;
587 4983 676 5054 alii
703 4991 899 5054 tamen,
929 4983 1282 5054 conferuntur.

512 5046 887 5138 ‘bIVi‘llchOI‘I‘:
919 5046 1128 5132 colli-ct.
1149 5061 1331 5138 §_:_Et
1359 5063 1498 5138 idem
1538 5064 1646 5134 ipse
1676 5077 1747 5121 est
1778 5077 1823 5122 et
1855 5072 2027 5138 dives;

443 5122 528 5204 cui
559 5122 981 5204 lectiOniattims
1026 5139 1121 5204 est
1149 5127 1459 5204 Sticlrardus,
1491 5122 1580 5204 qui
1613 5139 1784 5193 solum
1829 5122 2028 5198 omittit

442 5201 534 5246 est.
567 5193 812 5266 Concmit
849 5197 989 5266 epist
1022 5197 1141 5257 165.
1169 5215 1218 5256 c.
1250 5203 1302 5262 8.

518 5263 790 5353 ἑινιςιιεςδειί
822 5263 1031 5350 antiqui
1069 5285 1188 5353 cum
1222 5276 1467 5353 extemplo
1495 5278 1738 5336 Sichardi
1781 5285 2017 5353 addunt,

393 5373 403 5394 ς
441 5341 487 5388 et
515 5337 591 5413 ab‘
618 5335 775 5390 hostis
813 5340 1026 5413 imperio
1061 5341 1305 5400 relaxari.
1354 5335 1554 5406 Desunt
1595 5335 2023 5413 tuuiinﬁnosti‘is

387 5471 394 5486 |
443 5414 551 5488 tum
581 5409 934 5488 itt_Qtte5ttellt
968 5414 1282 5488 cotld.,_ttcc
1310 5433 1415 5472 non
1443 5421 1493 5474 in
1524 5426 1662 5488 epist
1699 5409 1902 5488 l65.c.

513 5475 540 5568 ξ
581 5475 742 5568 Iidem
787 5481 985 5568 volgati
1021 5497 1072 5537 et
1115 5475 1428 5568 Sichard-us,
1475 5475 1578 5546 non
1621 5475 2020 5568 vit-ru'c'odices,

440 5546 661 5631 addunt,
693 5546 1154 5631 adprobauerunt
1174 5562 1396 5631 oraculis
1417 5546 1838 5631 prtettutttiatiuit:

514 5619 726 5712 {linus
753 5619 1103 5680 Vat.'collect.
1126 5623 1194 5694 21
1220 5645 1342 5684 cum
1375 5619 1560 5690 iisdem
1584 5619 1836 5707 vulgatis,
1861 5645 2021 5712 signi-

437 5687 779 5760 ﬁcaliouibus.

515 5759 534 5797 ί
579 5761 702 5840 Haec
753 5766 986 5840 indiCant
1030 5785 1332 5835 sermonem
1380 5792 1501 5837 esse
1551 5795 1672 5835 cum
1706 5786 2012 5840 monachis.

437 5830 753 5896 Quesuellus
792 5851 903 5896 net.
940 5839 965 5892 t
1006 5830 1343 5902 causam
1367 5830 2021 5914 amissisanissis;

2029 5951 2064 6023 is

2144 3345 2200 3394 ut
2229 3333 2514 3390 uniendam
2545 3333 2642 3404 ipsi
2668 3347 2884 3403 carnem
2915 3330 2982 3386 de
3009 3346 3101 3384 sua
3132 3331 3428 3394 substantia
3455 3329 3736 3391 ministra-

2140 3441 2242 3496 ret,
2277 3445 2376 3484 nec
2403 3443 2524 3484 cum
2553 3429 2853 3497 adiectione
2887 3441 3152 3496 personae,
3198 3439 3298 3484 nec
3325 3439 3445 3479 cum
3498 3437 3736 3492 evacua-

2140 3522 2286 3577 tione
2315 3530 2518 3576 naturre
2550 3539 2563 3576 :
2593 3502 2845 3591 quoniam
2891 3517 2980 3596 qui
3027 3527 3144 3574 erat
3193 3518 3244 3572 in
3296 3517 3464 3572 forma
3513 3515 3629 3578 Dei,
3662 3513 3743 3598 ita

2141 3615 2344 3683 accepit
2376 3613 2603 3667 formam
2634 3613 2797 3679 servi,
2829 3621 2886 3667 ut
2915 3624 3052 3666 unus
3083 3620 3240 3680 atque
3273 3609 3413 3666 idem
3464 3610 3517 3675 in
3564 3610 3744 3678 forma

2142 3717 2367 3775 utraque
2398 3707 2467 3759 sit
2491 3704 2737 3760 Christus
2765 3722 2776 3758 :
2802 3704 3095 3758 inclinante
3125 3718 3183 3758 se
3214 3702 3326 3762 Deo
3358 3715 3524 3773 usque
3554 3698 3622 3768 ad
3653 3699 3742 3754 in-

2142 3796 2268 3851 ﬁma
2294 3796 2548 3859 hominis,
2574 3803 2629 3850 et
2652 3796 2964 3864 proficiente
2994 3793 3208 3846 homine
3236 3809 3403 3861 usque
3429 3791 3494 3846 ad
3521 3805 3738 3846 summa

2145 3889 2389 3950 Deitatis,
2408 3888 2619 3942 dicente
2647 3886 2909 3956 Apostolo
2937 3904 2947 3938 :
2977 3885 3206 3962 Quorum
3231 3882 3436 3952 Patres,
3469 3892 3513 3947 et
3532 3899 3592 3936 ea:
3613 3880 3738 3961 qui:

3731 3939 3762 3962 ο

2143 3980 2234 4036 bus
2277 3979 2506 4034 Christus
2546 3979 2828 4034 secundum
2871 3995 3093 4042 carnem,
3138 3977 3224 4050 qui
3262 3984 3335 4029 est
3378 3990 3526 4046 super
3558 3974 3735 4034 omnia.

2144 4073 2280 4130 Deus
2303 4074 2593 4129 benedictus
2619 4073 2670 4125 in
2702 4071 2916 4126 swcula.
2953 4071 3111 4124 Amen
3139 4067 3328 4139 (Rom.
3363 4083 3438 4131 rx,
3471 4066 3563 4137 5).

2505 4184 2716 4258 ΠΜ
2748 4183 3076 4252 EPISTULA
3110 4179 3136 4220 ιι
3159 4180 3373 4244 Cxxv.

2431 4279 2445 4316 ί
2482 4295 2549 4345 an
2577 4292 2846 4344 JULIARUI
2873 4291 3115 4338 cosas“
3144 4285 3456 4340 episcopum.

2570 4371 2672 4426 Per
2710 4369 2964 4436 comitem
2993 4367 3052 4432 Bt
3077 4370 3295 4431 danum.

2151 4464 2222 4527 De
2247 4464 2453 4522 silentio
2484 4460 2691 4518 Jttiiaui
2712 4465 2873 4585 amicie
2900 4458 3230 4584 e'xpostulat;
3268 4457 3332 4523 de
3360 4457 3592 4522 omnibus
3619 4455 3739 4524 ωλι

2857 4549 2912 4585 ns
2939 4549 3038 4584 rtu.

2857 4549 3038 4586 ηδιιίιι.

2444 4628 2555 4690 Leo
2581 4627 2864 4700 episcOpus
2895 4624 3118 4689 JULIANO
3148 4624 3421 4695 episcopo.

2217 4720 2232 4773 i
2275 4719 2586 4792 Saepissime
2634 4718 2974 4790 dilectionem
3006 4729 3152 4782 tuam
3184 4715 3252 4782 ad
3284 4716 3426 4782 hanc
3465 4728 3646 4782 curam
3677 4725 3739 4774 et

2141 4861 2435 4916 nachorum
2485 4857 2750 4930 intelligit.
2785 4859 2854 4915 At
2885 4861 2935 4912 hi
2966 4857 3567 4930 Constantinopolitani,
3615 4873 3734 4913 non

2140 4947 2270 4990 vero
2315 4929 3126 5010 Palmstiuiineruntlicspicjt
3160 4931 3216 4987 S.
3266 4929 3375 4986 Leo
3391 4930 3738 5010 “Palaestinos

2139 5003 2468 5064 monachos.
2508 5002 2596 5072 qui
2643 5004 2778 5058 duce
2822 5002 3129 5064 Theodosio
3173 5013 3335 5058 tutam
3391 5001 3737 5060 Pztltttstinnm

2142 5076 2284 5130 bello
2325 5085 2378 5128 et
2419 5075 2657 5129 caulibus
2709 5074 3110 5142 pcrtmbarunt,
3145 5084 3201 5126 ut
3229 5072 3468 5142 pluribus
3509 5081 3740 5126 narrant

2142 5145 2441 5200 Marcianus
2481 5148 2530 5198 in
2568 5146 2798 5214 epistola
2827 5143 3362 5214 Chalcedonensibus
3397 5143 3564 5213 gestis
3594 5142 3736 5214 sub;

2138 5221 2301 5284 jeota,
2349 5227 2406 5271 et
2457 5211 2715 5286 Evagrtus
2768 5216 2860 5268 tib.
2909 5230 2949 5268 η
2998 5230 3047 5269 e.
3097 5215 3150 5270 5.
3206 5211 3418 5270 Confer
3451 5217 3638 5267 annos.
3701 5211 3732 5267 ί

2133 5288 2464 5360 (ColJOM,
2495 5306 2547 5340 η.
2590 5295 2613 5322 ο
2636 5288 2738 5360 )_in
2768 5291 2925 5360 epist.
2964 5286 3086 5341 109.

2207 5369 2230 5406 κ
2275 5359 2389 5412 Duo
2434 5360 2549 5413 Vat.
2595 5355 2815 5413 collect.
2855 5355 2955 5424 21,
3007 5358 3259 5428 suscepit,
3308 5355 3513 5411 creditis
3562 5355 3739 5410 solum

2135 5433 2293 5501 fuisse
2323 5447 2471 5501 opus.
3659 5499 3668 5508 .

2208 5499 2232 5537 ιι
2273 5502 2416 5553 Altus
2447 5502 2534 5554 98.
2566 5501 2698 5566 Quae
2731 5512 2908 5556 autem
2943 5509 3100 5558 antea
3134 5499 3236 5556 195
3262 5507 3399 5565 erat,
3432 5512 3574 5554 nunc
3603 5496 3736 5553 l56.

2133 5573 2344 5638 Scripta
2372 5570 2440 5623 ‘23
2459 5573 2602 5625 Junii
2635 5588 2725 5626 an.
2751 5572 2876 5627 455.

2133 5715 2189 5770 8.
2215 5643 2248 5766 tl
2280 5645 2463 5765 Exislat
2489 5648 2538 5696 in
2564 5659 2694 5710 mss.
2723 5646 2939 5699 collect.
2965 5644 3052 5710 12,
3081 5643 3168 5710 18,
3192 5641 3286 5710 94,
3312 5655 3376 5697 ac
3399 5641 3451 5697 in
3479 5638 3741 5720 exemplo

2182 5730 2227 5768 lC
2255 5732 2264 5766 I
2289 5734 2344 5765 ιι(
2375 5732 2406 5767 l.

2182 5730 2264 5768 ICII
2289 5730 2406 5767 Iltll.

2134 5855 2172 5911 S
2210 5785 2222 5833 i
2257 5787 2459 5852 Vulgali
2481 5789 2846 5858 anteQuesn.,
2865 5786 3318 5861 Frequentissime,
3333 5784 3450 5842 etin
3465 5781 3734 5853 margine.

2180 5873 2450 5911 αωιδδηηε.

2180 5873 2450 5917 wﬂtsstme.
