4072 6358
518 372 649 441 1071

1643 372 1700 427 S.
1740 366 1982 425 LEONIS
2024 363 2236 424 MAGNI
2273 362 2654 421 EPISTOLE.

3653 351 3793 410 1072

580 496 715 566 quiri
743 495 902 564 cupit.
922 484 1429 566 —-llﬁl._De‘ep.i_stota
1452 498 1549 564 sua.
1564 482 1631 534 ad
1654 481 2088 566 Chalcedonenses
2118 484 2169 545 Α
2195 495 2292 551 pro
2328 478 2450 533 lidei
2490 477 2656 547 ipsius
2687 472 2996 528 sinceritate
3028 478 3309 541 praestare,
3342 475 3403 525 ut
3429 468 3691 523 honorem
3719 467 3777 523 in

582 552 844 638 episcopos
872 566 999 638 lectu
1030 558 1140 613 ΟΡ.
1171 552 1306 637 Aetii
1325 555 1678 638 discussione,
1722 561 1768 606 et
1797 552 1953 607 variis
1981 552 2091 623 epi-

582 634 726 693 stolis
756 634 895 689 ultro
924 634 1150 700 citroque
1177 634 1403 682 scriptis.

604 749 720 803 Lso
750 746 898 801 urbis
928 743 1117 799 Roma:
1146 740 1433 811 episcopus
1465 738 1691 794 Juuano
1718 737 1996 808 episcopo.

581 859 711 915 CAP.
735 857 864 913 1.-
883 851 1327 911 Cltristianissimi
1351 850 1608 920 principis
1632 848 1789 904 ﬁdem
1818 862 1961 917 saepe
1988 845 2098 901 evi-

507 948 838 1008 dentissimis
871 945 1214 1018 probavimus
1244 942 1582 997 documentis
1604 982 1617 1005 ,
1660 956 1721 994 ae
1756 939 1868 993 Deo
1910 947 2097 993 nostro

507 1045 710 1115 gratias
749 1056 871 1111 ago,
918 1038 1006 1109 qui
1052 1036 1215 1092 talem
1247 1033 1499 1103 dignatus
1540 1041 1621 1087 est
1660 1032 1821 1086 rebus
1850 1027 2096 1084 humanis

505 1132 812 1191 concedere
842 1145 937 1200 pra
967 1142 1063 1184 sua
1093 1127 1290 1195 pietate
1320 1134 1609 1189 rectorem,
1637 1124 1726 1192 qui
1748 1130 1801 1176 et
1822 1120 1945 1176 lidei
1970 1134 2098 1174 cau-

508 1242 597 1283 sas
630 1234 684 1280 et
711 1222 1022 1291 reipublicae
1045 1228 1071 1256 ι
1094 1232 1301 1272 summa
1329 1214 1603 1285 vigilantia
1633 1222 1897 1280 tueretur,
1928 1211 2099 1266 hazre-

510 1318 739 1373 ticorum
787 1314 1007 1369 ausibus
1050 1323 1269 1377 semper
1302 1307 1593 1370 obsistens,
1640 1314 1695 1360 et
1736 1304 1868 1358 nihil
1910 1318 2098 1358 eorum

508 1407 737 1465 insania:
774 1406 1061 1460 adversum
1104 1400 1427 1455 catholicam
1468 1398 1626 1453 iidem
1664 1397 1829 1453 licere
1869 1395 2098 1466 permit-

508 1511 657 1566 tens;
691 1500 843 1568 cujus
859 1501 997 1568 gest
1026 1496 1197 1550 Deum
1226 1492 1505 1548 beueliciis
1533 1490 1638 1545 hoc
1672 1489 1920 1555 debetur,
1952 1488 2097 1559 quod

509 1606 567 1652 et
597 1593 1084 1663 Jerosolymitanus
1126 1587 1411 1658 episcopus
1446 1595 1528 1640 est
1565 1593 1833 1653 receptus,
1880 1592 1937 1639 et
1978 1597 2100 1637 mo-

507 1689 737 1755 nachos,
753 1702 888 1757 quos
912 1683 1134 1754 perlidia
1158 1680 1425 1736 hmreticze
1446 1678 1698 1732 falsitatis
1720 1680 2012 1741 invaserat,
2031 1674 2097 1730 ad

513 1784 798 1840 sanitatem
820 1780 849 1818 δ
867 1786 1089 1849 angusta
1113 1773 1433 1830 auctoritate
1454 1772 1749 1826 revocavit.
1777 1770 1897 1824 Mox
1921 1770 2100 1839 itaque

508 1886 569 1931 ut
588 1874 771 1944 accepi
792 1872 1047 1942 epistolas
1073 1877 1210 1933 tuas,
1246 1867 1373 1920 talia
1402 1864 1761 1928 continentes,
1788 1877 1894 1917 non
1918 1862 2096 1917 solum
2130 1871 2177 1931 Β

508 1968 699 2024 eadem
723 1966 831 2031 die,
855 1963 949 2017 sed
977 1959 1184 2033 1257
1208 1973 1375 2029 prope
1402 1956 1587 2012 eadem
1619 1955 1748 2009 hora
1770 1969 2096 2023 responsum

508 2061 737 2118 reddere
759 2056 1050 2121 maturavi;
1078 2064 1133 2109 ut
1154 2054 1353 2108 certior
1370 2051 1437 2107 de
1456 2050 1704 2105 omnibus
1726 2064 1843 2119 qua:
1866 2048 2097 2117 scripse-

510 2170 598 2210 ras
631 2151 957 2209 reddereris.
991 2148 1235 2203 Fratrem
1269 2146 1569 2201 Proterium
1600 2143 1975 2199 Alexandrina:
2004 2158 2095 2195 ur-

509 2248 595 2303 bis
623 2246 936 2315 episcopum
976 2241 1219 2311 gratulor
1256 2238 1445 2308 plenas
1485 2234 1866 2290 satisfactionis
1895 2236 1964 2289 de
1994 2233 2098 2289 lide

511 2355 608 2395 sua
647 2338 713 2393 ad
759 2354 857 2392 nos
902 2336 1107 2390 litteras
1134 2332 1426 2397 direxisse,
1478 2338 1533 2386 et
1557 2342 1579 2369 ε
1604 2328 1939 2385 manifestius
1968 2329 2095 2400 quid

508 2440 690 2489 teneat
716 2428 1017 2491 indicasse;
1051 2426 1137 2482 cui
1163 2440 1249 2481 me
1272 2424 1487 2494 dignam
1517 2423 1746 2493 gratiam
1768 2438 1994 2479 necesse
2014 2431 2099 2480 est

582 2627 606 2654 ιι
633 2614 775 2670 Editi
809 2620 933 2665 ante
963 2610 1166 2677 Quesn.
1195 2621 1318 2661 cum
1350 2606 1623 2676 plerisque
1651 2602 1971 2677 posterioris
1995 2604 2101 2677 aevi

511 2687 701 2751 codd.,
752 2675 1510 2751 summa:Voigilantite‘studio
1560 2684 1803 2751 tueretur.
1856 2675 2103 2730 Lectioni

512 2745 914 2827 Quesnellianae
942 2745 1352 2827 Batispone_nsis
1382 2747 1552 2803 codex
1582 2745 1923 2827 suifragalur.

584 2830 612 2867 ι)
639 2828 779 2883 Editi
806 2836 926 2879 ante
948 2818 1149 2889 Quesn.
1175 2823 1352 2875 minus
1372 2828 1538 2881 recte,
1560 2826 1777 2886 augusta
1801 2818 2102 2873 auctoritas.

585 2913 607 2939 ο
634 2901 709 2955 lta
733 2916 793 2952 ex
820 2897 1058 2951 Gritnan.
1081 2891 1424 2960 Quesnellus,
1453 2898 1506 2943 et
1529 2890 1779 2942 similiter
1801 2897 1987 2944 noster
2008 2889 2108 2942 Ra-

510 2969 866 3041 tisponensis.
915 2966 1079 3041 Alias,
1110 2963 1404 3041 manifeste.
1450 2960 1783 3041 _M_anifestius
1811 2969 1991 3014 autem
2021 2960 2100 3013 in-

509 3031 649 3115 quit,
674 3043 793 3112 quia
824 3036 1097 3115 Proterins
1125 3031 1644 3115 adIAlexandrinam
1675 3031 1877 3115 sedem;
1886 3042 2103 3115 evectus

510 3102 722 3171 litteras
770 3111 984 3180 quidem
1033 3107 1100 3180 de
1148 3106 1252 3180 lide
1301 3119 1394 3180 sua
1447 3103 1513 3155 ad
1564 3102 1798 3180 Leonem
1847 3102 2103 3180 dederat,

510 3188 709 3256 quibus
743 3173 1294 3256 is'respondittsicut
1322 3176 1491 3256 etiam
1524 3173 1960 3256 adgrdina’tores
1986 3174 2103 3242 ejus

511 3244 567 3312 et
599 3258 825 3317 clerum,
855 3244 931 3304 uti
966 3248 1232 3317 colligitur
1260 3261 1323 3300 ex
1358 3248 1524 3317 epist.
1552 3244 1675 3317 H5,
1698 3244 1841 3317 Δσεδ.
1886 3245 1953 3297 At
1975 3260 2103 3317 cum

512 3314 821 3397 pleniorem
844 3320 967 3374 lidei
996 3314 1385 3397 expositionem
1416 3314 1738 3397 desiderarit
1757 3315 1824 3395 8.⁸
1837 3315 2099 3383 pontifex,

509 3386 725 3454 litteras
746 3394 957 3464 plenam
982 3386 1247 3464 ejusmodi
1267 3388 1659 3464 expositionem
1682 3386 2022 3440 continentes
2043 3400 2103 3441 se

508 3474 621 3540 jam
644 3457 919 3540 accepisse
939 3457 1047 3540 hoc
1062 3461 1183 3540 μίεο
1205 3458 1491 3529 signiﬁcat,
1513 3457 1704 3526 quibus
1724 3470 1855 3512 sane
1876 3471 2104 3527 respon-

514 3530 632 3595 ἓυιιι
663 3530 811 3592 dedit
838 3534 997 3602 epist.
1028 3530 1150 3585 129.

585 3609 612 3647 ἀ
639 3609 774 3665 Cod.
798 3596 919 3660 Vat.
952 3603 1164 3656 collect.
1192 3600 1280 3664 12,
1319 3609 1365 3653 et
1399 3598 1555 3652 sedis.
1608 3597 1663 3651 In
1690 3597 1809 3651 Vat.
1842 3596 1967 3665 541,
2012 3600 2101 3669 qui

508 3682 813 3737 additiones
852 3674 1069 3731 exhibet
1107 3688 1173 3728 ex
1213 3672 1426 3726 collect.
1456 3671 1546 3734 24,
1584 3680 1694 3723 tum
1735 3670 1858 3733 sed,
1903 3678 2013 3724 tum
2055 3679 2104 3723 et

511 3754 852 3810 omittuntur.

506 3836 528 3861 π’
588 3823 691 3877 ⁸1η
730 3820 852 3875 cod.
892 3818 1099 3885 Ratisp.
1136 3814 1288 3869 deest
1328 3815 1468 3881 jura.
1515 3811 1739 3885 AAliqttid
1786 3818 1963 3885 autem
2017 3810 2103 3866 hic

510 3893 808 3951 desiderari
850 3882 1341 3945 sensus—ostendit;
1387 3882 1530 3951 quod
1574 3897 1694 3936 cum
1742 3883 2099 3951 posteriorum

512 3966 760 4021 codicum
793 3960 1154 4027 exscriptores
1192 3954 1706 4023 deprehendissent,
1758 3961 1879 4027 post
1908 3966 2097 4008 vocem

509 4039 714 4092 illibata
743 4024 1085 4087 inseruerunt
1105 4029 1252 4097 jura.
1277 4041 1398 4080 cum
1425 4034 1605 4097 tamen
1629 4040 1733 4078 vox
1756 4024 1953 4097 illibata
1981 4039 2099 4097 pro.

508 4112 663 4177 prius
697 4102 975 4177 referenda
1006 4095 1268 4162 videatur,
1304 4112 1410 4177 non
1452 4096 1517 4149 ad
1548 4099 1707 4176 jura,
1748 4096 1841 4149 sed
1883 4096 1947 4177 a_d
1992 4095 2103 4161 pri-

510 4166 719 4249 uilegia,
751 4191 868 4245 qum
890 4174 1046 4243 juxta
1077 4185 1329 4249 canonum
1351 4166 1488 4249 forte
1514 4168 1800 4249 sanctiones
1834 4166 1919 4249 vel
1950 4182 2101 4249 regu-

515 4252 593 4303 las
614 4236 958 4301 vin'Nicmiio
1005 4242 1361 4301 constitutas,
1412 4237 1793 4291 Alexandrina:
1843 4236 2099 4290 Ecclesnn

496 4321 716 4373 illibata
743 4314 1005 4371 servanda
1033 4313 1143 4365 Leo
1165 4308 1439 4363 contendit
1468 4308 1728 4362 adversus
1754 4322 1871 4361 eam
1900 4321 2101 4375 prtero-

510 4392 777 4457 gativam,
818 4401 937 4455 qua:
963 4398 1084 4457 cum
1115 4381 1493 4457 Alexandrinae
1524 4381 1674 4457 sedis
1702 4378 2013 4457 pratjudicio
2044 4378 2097 4431 in

513 4450 1181 4531 SynodoAChalcedonensi
1213 4450 1808 4520 Constantinopolitano
1838 4450 2097 4518 episcopo

506 4529 707 4588 tributa
735 4529 927 4583 fuerat.

498 4596 538 4631 "'-
589 4601 610 4640 ί
635 4601 892 4669 Loquitur
918 4593 1274 4669 deiPaschate
1295 4592 1421 4669 anni
1446 4591 1571 4669 454,
1601 4592 1741 4660 quod
1776 4602 1883 4669 tum
1912 4591 1969 4669 in
1999 4590 2098 4669 La-

514 4661 1031 4738 terculo'Theophili
1074 4666 1211 4734 apud
1246 4662 1663 4738 Alexandrinos,
1700 4663 1903 4738 tumin
1934 4661 2097 4738 (lycio

516 4732 1220 4797 Romanorum'notahatur
1272 4734 1440 4801 pridie
1489 4748 1658 4788 nouas
1690 4734 1907 4803 Aprilis.
1962 4732 2095 4789 Vide

512 4823 702 4867 annnt.
733 4812 796 4865 14
827 4808 967 4881 (Col.
993 4807 1155 4881 105-6,
1185 4804 1308 4881 n._‘t)
1342 4806 1391 4858 in
1423 4804 1734 4881 epi_st.__i_21.

586 4894 609 4929 ε
638 4875 949 4940 ὃθτηιοέδῑ
987 4879 1054 4932 de
1092 4877 1354 4931 Paschate
1398 4875 1524 4928 anni
1560 4876 1687 4938 455,
1727 4875 1792 4929 de
1828 4890 1933 4944 quo
1973 4885 2090 4929 erat

510 4958 651 5008 inter
700 4953 973 5006 Rotnanos
1023 4958 1077 5003 et
1128 4947 1526 5003 Alexandrinos
1573 4947 1820 5013 quaestio.
1874 4945 2087 5013 Vulgati

508 5025 733 5079 Leonini
767 5030 891 5076 ante
919 5020 1121 5084 Quesn.
1153 5033 1435 5087 perperam
1468 5016 1735 5087 habebant
1765 5033 1918 5070 nono.
1957 5016 2090 5072 Vide

507 5098 625 5163 ejus
656 5104 768 5148 not.
798 5094 930 5163 1,7et
955 5086 1369 5163 conlcrIannot.
1396 5088 1462 5141 15
1491 5086 1625 5158 (Col.
1678 5087 1836 5163 {057,
1867 5104 1919 5140 n.
1952 5089 2003 5163 ἦ)
2034 5090 2087 5141 in

508 5158 667 5235 epist.
694 5162 814 5227 1'21,
835 5162 1052 5235 sicutet
1080 5161 1211 5212 alias
1233 5161 1293 5235 in
1323 5172 1442 5213 eam
1473 5158 1874 5235 annotationes,
1894 5159 2087 5235 quibus

504 5227 784 5306 sequentia
821 5230 1206 5300 intelligentur.
1232 5230 1312 5284 Ex
1343 5242 1443 5283 ms.
1473 5227 1678 5300 Ratisp.
1721 5228 1825 5284 diei
1871 5245 1968 5298 pro
2003 5231 2087 5284 die

505 5304 932 5362 em'endavimus.

578 5376 608 5414 1³
634 5379 759 5431 Erat
789 5376 838 5428 in
871 5373 1029 5429 editis
1058 5382 1181 5427 ante
1208 5372 1408 5438 Quesn.
1447 5388 1509 5427 ac
1548 5372 1598 5424 in
1642 5370 1912 5426 inferioris
1948 5382 2087 5427 notre

499 5450 800 5513 codicibus,
819 5444 1157 5500 kalendarum
1178 5442 1436 5497 Maiarum
1466 5444 1548 5495 die
1578 5444 1837 5513 aptissime
1861 5459 1891 5494 a
1914 5441 2088 5496 Patri-

505 5522 614 5585 bus,
634 5530 737 5574 etc.
774 5517 1217 5588 Haynauduspro
1239 5514 1647 5588 dicetnendavit
1668 5514 1807 5576 dies;
1838 5514 2085 5588 Labbeus

503 5606 634 5644 vero
666 5592 715 5643 in
750 5586 987 5657 margine
1012 5596 1063 5643 et
1084 5586 1404 5657 Quesncllus
1436 5586 1487 5639 in
1520 5586 2083 5657 textusupplevcrunt

504 5662 682 5728 quinto
710 5654 927 5726 decimo,
960 5666 1170 5728 retento
1193 5657 1294 5709 die.
1341 5656 1531 5710 Veram
1568 5654 1858 5728 lectionem
1888 5671 2084 5726 suppe—

504 5726 694 5785 ditavit
722 5731 929 5795 RatiSp.
969 5727 1122 5796 Quod
1154 5742 1317 5797 porro
1344 5728 1412 5781 ad
1442 5740 1638 5780 nomen
1667 5726 1935 5779 annalium
1964 5742 2084 5795 per-

510 5801 673 5871 tinet,
721 5802 791 5871 in
821 5801 1011 5871 quibus
1046 5798 1329 5871 paschales
1376 5798 1493 5871 _die_s
1539 5798 2075 5871 signabantur-annm
2112 5828 2118 5836 -

506 5866 893 5929 advertendum
924 5878 1007 5927 est
1045 5869 1206 5926 etiam
1253 5868 1392 5938 apud
1437 5866 2105 5938 Constantinopolitanam.

2202 572 2351 628 nullo
2372 587 2483 627 sua:
2506 570 2695 641 perdat
2719 567 2997 632 Ecclesia},
3022 564 3050 602 ά
3073 565 3166 621 sed
3190 564 3334 620 sedis
3355 578 3469 620 sua:
3487 561 3789 633 privilegia,

2201 676 2441 735 paternae
2464 662 2800 734 antiquitatis
2821 660 3095 731 exemplo,
3117 658 3271 729 juxta
3294 671 3563 716 canonum
3586 656 3791 712 illibata

2207 769 2231 794 ο
2251 757 2370 827 jura
2403 757 2693 827 possideat.

2272 849 2399 906 Car.
2432 850 2497 905 ll.
2518 880 2587 891 -—
2609 849 2687 905 De
2715 850 2999 920 praesentis
3028 848 3153 902 anni
3183 846 3389 903 Pascha
3413 845 3435 886 ί
3463 846 3608 901 nulla
3632 844 3793 900 dubi-

2202 942 2334 997 tatio
2372 956 2495 999 esse
2536 942 2693 997 nobis
2733 941 2932 1010 potuit,
2979 940 3076 996 sed
3118 940 3186 995 de
3227 939 3405 995 futuro
3444 936 3791 1008 quaesivimus

2201 1035 2341 1107 quod
2358 1034 2688 1104 Theophilus
2704 1033 3082 1089 Alexandrina:
3101 1030 3252 1087 urbis
3270 1031 3581 1100 episcopus,
3597 1039 3623 1077 ε
3640 1040 3793 1083 octa-
3832 1083 3840 1095 ,

2200 1142 2271 1182 vo
2313 1126 2665 1183 kalendarum
2715 1125 2976 1179 Maiarum
3027 1123 3157 1187 diei,
3208 1122 3350 1191 quod
3391 1134 3681 1191 numquam
3715 1119 3791 1174 ita

2202 1236 2231 1274 a
2262 1228 2507 1287 tempore
2540 1218 2832 1274 Dominicze
2860 1215 3277 1272 resurrectionis
3309 1215 3640 1271 celebratum
3681 1223 3790 1281 est,

2203 1311 2435 1367 credidit
2463 1309 2863 1365 ascribendum.
2911 1306 3067 1364 Unde
3093 1305 3377 1362 sollicitius
3408 1304 3653 1374 congruit
3682 1303 3790 1359 hoc

2202 1404 2421 1475 requiri,
2442 1413 2499 1458 ut
2520 1400 2695 1458 omnis
2711 1403 2926 1458 occasio
2948 1401 3163 1455 tollatur
3179 1400 3398 1454 erroris.
3430 1398 3643 1469 1248
3657 1396 3793 1452 Nam

2201 1508 2255 1563 in
2298 1509 2494 1563 nostris
2528 1507 2811 1563 annalibus
2845 1505 2872 1543 ιι
2898 1508 3119 1576 quintus
3159 1505 3399 1560 decimus
3442 1502 3795 1559 kalendarum

2203 1612 2458 1666 Maiarum
2491 1609 2605 1665 dies
2634 1608 2974 1679 apertissime
3004 1622 3031 1660 a
3064 1606 3314 1661 Patrihus
3348 1605 3550 1661 nostris
3580 1614 3635 1660 et
3658 1617 3794 1659 con-

2202 1713 2416 1768 stitutus
2444 1712 2637 1781 legitur
2658 1718 2713 1766 et
2735 1710 3057 1766 celebratus.
3094 1709 3173 1763 Ac
3204 1723 3269 1763 ne
3294 1708 3379 1763 vel
3407 1706 3547 1777 apud
3578 1720 3677 1761 nos
3703 1705 3797 1763 vel

2204 1815 2344 1885 apud
2372 1814 2673 1869 Orientales
2700 1822 2953 1867 nascatur
2974 1827 3039 1866 ex
3063 1810 3163 1865 hac
3184 1819 3336 1879 parte
3358 1807 3665 1875 diversitas,
3690 1808 3797 1865 hoc

2207 1915 2494 1969 instantius
2531 1921 2719 1968 nostro
2749 1912 2967 1967 nomine
2997 1926 3119 1966 cum
3149 1910 3611 1965 Christianissimo
3647 1912 3797 1981 priu-

2203 2018 2321 2086 cipe
2362 2032 2519 2085 agere
2559 2025 2647 2069 tua
2691 2014 2944 2084 dignetur
2973 2011 3197 2069 dilectio
3237 2030 3247 2064 :
3286 2013 3529 2082 quamvis
3577 2021 3632 2069 et
3679 2012 3799 2083 ipse

2202 2120 2670 2175 clementissimus
2689 2118 2939 2187 princeps
2962 2133 3021 2172 se
3044 2115 3391 2185 inquisitione
3413 2114 3797 2173 sollicitissima

2201 2236 2384 2276 curam
2412 2220 2551 2276 hanc
2575 2218 2838 2292 Egyptiis
2865 2218 3165 2289 delegasse,
3190 2218 3302 2273 suis
3330 2218 3576 2288 epistolis
3602 2218 3785 2289 digna-

2203 2330 2293 2377 tus
2321 2322 2392 2377 sit
2421 2321 2687 2377 indicare.

2274 2425 2402 2481 Car.
2436 2423 2523 2479 lll.
2550 2452 2620 2465 —-
2666 2424 2967 2496 Epistolam
2999 2438 3131 2480 sane
3159 2420 3175 2460 ί
3206 2438 3381 2479 meam
3408 2424 3475 2480 ad
3501 2422 3796 2482 Chalcedo~

2210 2604 2509 2660 Ecclesiam
2554 2603 2861 2675 hujusmodi
2900 2606 3115 2659 annales
3154 2606 3445 2661 exstitisse.
3497 2607 3629 2663 Nam
3675 2624 3799 2669 enm

2212 2676 2499 2730 llormisda
2529 2676 2598 2730 ob
2624 2676 2845 2730 dubium
2875 2676 3015 2730 diem
3043 2677 3321 2731 Paschalis
3350 2680 3473 2731 anni
3498 2679 3603 2735 520
3632 2678 3799 2735 inter-

2213 2757 2459 2815 rogasset
2496 2747 2757 2803 Joannem
2801 2747 3109 2817 episcopum
3143 2746 3799 2818 Constantinopolitanum

2213 2834 2338 2872 num
2370 2819 2676 2873 Orientales
2708 2818 2760 2872 in
2794 2833 2859 2872 eo
2892 2833 3012 2870 cum
3037 2818 3468 2873 Occidentalilms
3498 2823 3799 2876 concorda-

2212 2898 2358 2955 rent,
2390 2891 2434 2943 is
2466 2889 2740 2957 respondit
2772 2898 2879 2943 tom
2908 2888 2950 2940 V
2976 2887 3182 2943 COncil.
3212 2906 3331 2959 pag.
3366 2890 3469 2945 654
3495 2908 3507 2943 :
3542 2890 3799 2948 Instantis

2212 2970 2381 3013 autem
2410 2961 2694 3014 Dominicis
2724 2962 2978 3028 passionis
3007 2977 3303 3027 numerum,
3351 2964 3438 3027 qui
3473 2965 3649 3016 vestris
3674 2980 3799 3018 con-

2211 3032 2401 3085 tinetur
2427 3031 2631 3095 litteris,
2661 3046 2723 3084 ca;
2748 3031 2982 3102 repositis
3007 3034 3146 3099 apud
3173 3049 3265 3085 nos
3294 3033 3397 3084 diei
3422 3034 3690 3099 paschalis
3707 3052 3799 3089 att-

2211 3102 2417 3175 nalibus
2448 3109 2586 3175 recte
2610 3102 2792 3155 habere
2814 3102 3183 3175 signiﬁcamus.
3232 3104 3375 3158 Idem
3406 3103 3463 3175 S.
3499 3104 3608 3160 Leo
3633 3106 3798 3175 epist.

2214 3174 2337 3239 157,
2390 3174 2521 3245 αι,
2576 3173 2800 3245 loquens
2844 3176 2912 3245 de
2934 3172 3219 3245 _Paschatc
3264 3176 3389 3228 anni
3433 3174 3571 3241 455,
3620 3172 3801 3245 plures

2213 3244 2477 3313 ejusmodi
2505 3242 2729 3298 annales
2758 3242 2899 3310 apud
2934 3242 3206 3299 Romanos
3234 3242 3632 3301 commemorat
3663 3249 3799 3302 scri-

2210 3315 2389 3371 bens:
2444 3313 2568 3369 Cum
2617 3332 2649 3369 a
2694 3316 2929 3384 passione
2979 3314 3187 3368 Domini
3232 3317 3286 3369 in
3331 3317 3562 3370 omnibus
3610 3321 3799 3373 nostris

2211 3386 2484 3439 annalibus
2515 3386 2739 3440 decimus
2774 3387 2979 3455 quintus
3018 3385 3351 3440 kalendarum
3391 3386 3651 3441 Maiarum
3691 3390 3799 3443 dies

2210 3458 2409 3527 legatur
2434 3458 2709 3527 ascriptus.
2741 3456 2877 3511 Cum
2905 3457 2971 3510 de
2994 3456 3254 3512 Paschate
3284 3458 3412 3511 anni
3437 3460 3543 3513 455
3566 3462 3798 3527 qutestio

2209 3529 2349 3601 inter
2376 3528 2770 3601 Alexandrinos
2792 3536 2847 3582 et
2867 3527 3141 3601 Romanos
3168 3531 3219 3601 in
3245 3532 3434 3601 eosita
3458 3538 3624 3601 esset,
3653 3533 3799 3601 quod

2210 3598 2286 3652 illi
2314 3599 2401 3654 die
2430 3614 2518 3653 vui
2547 3597 2653 3651 Ital.
2687 3598 2773 3653 isti
2801 3613 2932 3653 vero
2956 3598 3044 3653 die
3071 3614 3137 3653 xv
3168 3598 3274 3652 kal.
3310 3598 3444 3653 Maii
3472 3597 3685 3656 Pascha
3710 3618 3800 3658 ce.

2210 3669 2525 3724 lebrandum
2555 3668 2969 3737 contenderent,
2993 3669 3103 3725 Leo
3132 3672 3183 3724 in
3206 3671 3458 3725 omnibus
3482 3671 3797 3730 Latinorum

2207 3742 2492 3814 annalibus
2530 3741 2751 3809 reperiri
2791 3740 3213 3814 quidemjtradit
3251 3740 3797 3814 Paschahascriptum

2208 3812 2309 3866 diei
2357 3828 2445 3872 xv,
2493 3826 2598 3865 non
2642 3826 2771 3866 vero
2813 3827 2911 3866 vm
2952 3809 3058 3865 kal.
3099 3813 3244 3867 Maii.
3296 3812 3573 3866 Annalium
3614 3809 3797 3871 autem

2207 3884 2425 3937 nomine
2456 3883 2707 3951 intelligit
2739 3892 2847 3937 tum
2878 3883 3070 3951 Cyclos
3094 3883 3380 3937 Paschales
3406 3898 3671 3940 annorum
3699 3888 3792 3951 84,

2208 3954 2259 4007 ἱη
2281 3954 2474 4022 quibus
2497 3954 2700 4007 Pascha
2722 3968 2787 4006 xv
2804 3952 2908 4007 kal.
2926 3952 3051 4011 Maii
3073 3954 3402 4022 assignatum
3433 3953 3610 4010 fuerat
3635 3961 3795 4012 annis

2206 4025 2447 4093 ejusdem
2478 4023 2643 4094 ,Cyeli
2692 4025 2900 4093 primo,
2950 4024 3267 4091 undecimo,
3298 4025 3559 4095 vigesimo
3597 4041 3795 4084 secun-

2205 4095 2296 4169 do,
2330 4104 2460 4169 etc.,
2490 4106 2543 4149 et
2569 4095 2639 4149 ita
2671 4095 2883 4169 quidem
2916 4095 3246 4169 celebratum
3275 4096 3447 4169 fuerat
3477 4098 3633 4151 annis
3659 4099 3790 4169 382,

2206 4168 2331 4232 595,
2352 4165 2476 4231 404,
2499 4176 2629 4231 etc.,
2650 4168 2740 4235 qui
2764 4169 3077 4221 memoratis
3093 4167 3239 4238 Cycli
3262 4168 3416 4221 annis
3435 4165 3788 4237 respondent,

2208 4247 2313 4289 tum
2340 4238 2445 4309 alia
2475 4238 2842 4309 ecclesiastica
2872 4237 3060 4293 Latina
3089 4237 3436 4293 munumenta
3457 4279 3470 4302 ,
3506 4239 3559 4292 in
3590 4240 3792 4309 quibus

2205 4308 2488 4375 paschales
2537 4308 2667 4362 item
2718 4309 2835 4363 dies
2879 4311 3067 4379 quovis
3111 4324 3255 4363 anno
3301 4310 3558 4364 celebrati
3610 4308 3792 4368 notari

2203 4379 2449 4450 solebant
2474 4396 2485 4431 :
2521 4379 2711 4433 nullibi
2740 4389 2917 4434 autem
2942 4380 3241 4449 descriptus
3268 4381 3641 4450 reperiebatur
3664 4382 3787 4438 dies

2204 4462 2293 4521 vni
2321 4449 2427 4503 kal.
2465 4450 2935 4521 MaiisAnnalium
2977 4452 3183 4507 scilicet
3232 4449 3428 4505 nomen
3480 4452 3640 4506 latius
3685 4469 3789 4521 pro

2203 4519 2906 4596 quibusvis_pub_lici_sactis
2946 4532 3216 4596 sumptum
3259 4523 3423 4591 liquet
3464 4538 3530 4578 ex
3573 4519 3786 4596 synodo

2203 4590 2442 4645 Romana
2472 4591 2728 4646 Bonifacii
2756 4591 2798 4646 ll
2839 4593 2964 4646 anni
3002 4590 3126 4657 551,
3180 4594 3231 4647 in
3274 4608 3379 4661 qua
3418 4602 3540 4661 post
3580 4590 3785 4652 lectum

2201 4662 2499 4735 supplicem
2535 4662 2769 4735 libellum
2802 4661 3059 4732 Stephani
3091 4664 3321 4719 Larissa:
3364 4664 3604 4735 episcopi
3646 4681 3786 4735 pon-

2203 4733 2334 4787 tifex
2382 4733 2558 4787 dixit:
2612 4732 2742 4799 Qua:
2789 4734 2918 4787 lecta
2966 4745 3083 4789 sunt
3129 4732 3485 4789 ecclesiasticis
3530 4732 3784 4791 induntur

2118 4817 2173 4877 Β
2200 4804 2469 4877 annalibus
2492 4811 2613 4877 ;et
2651 4818 2718 4877 ex
2758 4803 2947 4877 L765,
2986 4805 3053 4877 de
3083 4806 3349 4876 Appellat.
3400 4806 3533 4860 Cod.
3566 4807 3781 4864 Theod.

2200 4875 2380 4949 lib._tt,
2415 4876 2496 4949 tit.
2528 4875 2632 4929 50:
2664 4875 2958 4949 Appellatio
2990 4875 3373 4949 litigantium...
3415 4888 3651 4931 nectatur
3682 4897 3787 4939 αηο,

2194 4947 2419 5019 natibus.
2455 4945 2621 5019 Porro
2643 4960 2756 5019 Avox
2786 4945 3089 5019 constitutus
3117 4949 3408 5003 convenire
3434 4948 3650 5004 videtur
3677 4952 3787 5019 Cy-

2193 5016 2291 5071 clis
2311 5030 2572 5070 annorum
2594 5017 2682 5081 84,
2699 5016 2749 5069 in
2770 5018 2961 5087 quibus
2977 5018 3183 5087 jamdiu
3204 5029 3328 5074 ante
3348 5019 3544 5074 ascribi
3566 5016 3787 5076 solebat

2194 5087 2463 5156 paschalis
2492 5088 2608 5141 dies
2637 5090 2827 5155 quovis
2852 5086 3001 5156 Cycli
3036 5105 3179 5143 anno
3210 5090 3563 5153 celebranda,
3608 5100 3669 5143 ut
3700 5092 3782 5145 vi-

2193 5158 2323 5214 dere
2345 5168 2428 5230 est
2449 5157 2503 5212 in
2528 5157 2697 5213 veteri
2717 5158 2870 5229 Cyclo
2894 5157 2964 5215 84
2987 5176 3239 5215 annorum
3260 5160 3401 5230 apud
3422 5159 3780 5217 Muratorium

2192 5236 2324 5302 tom.
2357 5229 2421 5283 Ill
2456 5230 2717 5283 Anecdot.
2744 5230 3087 5297 Latinorum;
3121 5242 3177 5285 et
3203 5229 3310 5286 hos
3331 5230 3550 5302 quidem
3578 5232 3785 5302 Cyelos

2193 5299 2251 5355 S.
2282 5300 2391 5356 Leo
2427 5312 2857 5355 commemorans
2904 5302 3063 5370 epist.
3107 5302 3195 5366 88,
3245 5302 3311 5355 ad
3348 5299 3781 5369 *Pascliasinum,

2191 5386 2239 5442 c.
2269 5374 2323 5438 4,
2357 5371 2430 5425 ait
2456 5388 2469 5425 :
2511 5371 2580 5425 ln
2618 5373 2807 5442 nostris
2836 5383 3004 5425 autem
3034 5374 3362 5442 paschalibus
3389 5372 3547 5442 cyclis
3573 5390 3643 5428 xv
3670 5374 3779 5429 kal.

2194 5441 2362 5496 Maias
2404 5442 2675 5514 ejus_anni
2703 5441 2853 5513 (455)
2878 5441 3087 5497 Pascha
3133 5441 3521 5510 animusut)!
3563 5461 3677 5499 esse
3717 5448 3782 5500 sit

2188 5512 2454 5583 scriptuni.
2496 5512 2613 5566 Vox
2659 5512 3164 5586 autem’wcelebratus
3208 5516 3571 5571 ecclesiastica
3626 5527 3782 5586 gesta

2195 5586 2404 5639 videtur
2442 5587 2733 5652 respicere,
2769 5584 2961 5654 quibus
2994 5586 3193 5639 Pascha
3244 5588 3313 5640 ita
3357 5601 3492 5641 sane
3532 5584 3816 5649 celébra-,

2190 5664 2300 5780 iam
2344 5659 2643 5779 illotabatur,
2701 5665 2758 5713 ut
2808 5659 2863 5711 in
2910 5658 3141 5713 laudatis
3187 5658 3366 5727 Cyclis
3412 5658 3781 5727 praesxitutum

2216 5742 2337 5780 uera
2372 5768 2383 5779 .
3778 5740 3781 5780 :

2216 5731 2383 5781 ttcral.
3778 5731 3788 5781 ἔ

2233 5796 2285 5879 [ί
2313 5799 2407 5879 list
2442 5798 2667 5879 epistola
2701 5799 2828 5867 H4,
2856 5810 2913 5879 et
2938 5816 3003 5857 ex
3035 5816 3096 5879 ea
3128 5800 3299 5879 solum
3329 5800 3532 5879 lectum
3563 5788 3783 5879 (uitncaf

2196 5871 2417 5938 pitulum
2441 5872 2695 5943 primum,
2716 5887 2823 5941 quo
2844 5872 3084 5932 decretis
3109 5872 3300 5945 synodi
3328 5871 3393 5943 in
3408 5872 3631 5941 negotio
3660 5872 3778 5935 lidei
