4072 6358
320 432 456 491 1075

1605 428 1941 485 EPISTULA
1980 430 2256 486 CXXVIII.

3438 442 3579 501 1071

317 557 541 602 nensem
589 542 856 615 synodum
903 540 1081 597 datam
1130 541 1490 613 praesentibus
1528 544 1799 613 episcopis
1843 551 1897 598 et
1922 548 1976 606 Α
2000 553 2269 611 servatur,
2296 554 2355 599 ut
2382 546 2535 603 vobis
2559 548 2822 617 omnium,
2856 550 2943 621 qui
2973 550 3037 605 ad
3077 548 3349 609 Christum
3397 554 3579 609 Domi-

315 638 523 693 clericis
542 637 734 691 lectam
756 635 921 691 fuisse
940 637 1043 690 tuis
1061 636 1303 705 epistolis
1319 637 1579 703 retulisti;
1611 638 1706 692 sed
1729 651 1895 707 usque

314 730 379 785 ad
405 728 535 785 illud
560 730 871 797 capitulum,
895 742 1002 797 quo
1023 742 1085 782 ea
1106 742 1227 798 qua:
1247 728 1315 783 de
1336 728 1440 783 ﬁde
1461 739 1575 783 acta
1599 740 1722 784 sunt
1744 745 1895 785 meus

314 823 522 877 videtur
548 820 796 876 ﬁrmasse
820 834 1139 876 consensus.
1174 820 1326 875 Unde
1352 822 1574 875 miratus
1602 836 1719 876 sum
1750 822 1893 891 quod

312 915 515 984 reliqua
556 929 676 984 quae
717 924 901 969 secuta
946 916 1157 968 fuerunt
1194 928 1301 969 non
1343 916 1539 983 pariter
1565 912 1619 968 in
1648 914 1891 967 notitiam

312 1020 500 1060 eorum
531 1007 725 1075 quibus
753 1013 881 1061 sunt
909 1006 1045 1061 lecta
1084 1005 1287 1075 prolata
1316 1007 1453 1072 sint;
1502 1020 1623 1059 cum
1662 1004 1893 1060 maxime

309 1097 564 1153 omnibus
598 1095 807 1167 1249
846 1098 1180 1152 innotescere
1206 1095 1501 1161 debuisset,
1537 1106 1561 1133 ει
1587 1096 1889 1164 improbum

310 1209 342 1247 a
386 1191 541 1248 nobis
568 1191 830 1245 ambitum
861 1200 1102 1245 notatum
1136 1190 1323 1255 fuisse,
1371 1198 1425 1244 et
1468 1190 1625 1244 novis
1670 1203 1892 1258 usurpa-

312 1288 547 1343 tionibus
573 1287 884 1341 obviatum:
918 1295 976 1341 ut
1006 1294 1270 1351 vetustas,
1314 1300 1433 1354 quas
1470 1292 1553 1339 est
1593 1284 1893 1340 canonibus

309 1382 621 1446 constituta,
662 1380 939 1445 inviolata,
991 1389 1047 1434 ut
1089 1395 1306 1449 semper
1334 1379 1669 1448 scripsimus,
1702 1392 1891 1433 serva-

309 1483 477 1529 retur.
530 1476 747 1529 Aetium
792 1472 818 1510 b
858 1488 985 1528 vero
1027 1474 1435 1545 presbyterum,
1486 1487 1644 1541 quem
1693 1472 1892 1526 asseris

308 1566 478 1622 fuisse
508 1566 836 1632 discussum,
878 1566 1237 1636 gratulamur,
1267 1565 1574 1635 cognitione
1602 1564 1803 1631 habita,
1838 1563 1889 1617 in

306 1658 556 1713 omnibus
604 1658 769 1713 fuisse
816 1670 1121 1728 purgatum.
1178 1668 1198 1696 ο
1226 1659 1518 1727 Epistulam
1565 1672 1777 1727 quoque
1824 1656 1890 1710 ad

305 1748 824 1805 Christianissimum
857 1752 1158 1819 principem
1188 1750 1403 1805 noveris
1452 1763 1538 1803 me
1568 1750 1802 1817 misisse,
1836 1748 1887 1801 in

305 1860 407 1913 qua
439 1844 513 1897 illi
544 1846 745 1915 gratias
773 1844 881 1914 egi,
912 1843 1033 1913 quia
1066 1858 1248 1897 curam
1276 1841 1405 1896 mihi
1436 1856 1587 1895 suam
1607 1882 1621 1906 ,
1655 1849 1760 1895 tam
1790 1855 1888 1910 pro

2001 653 2133 693 num
2159 648 2399 694 nostrum
2436 656 2530 708 per
2550 644 2865 699 catholicam
2893 644 3051 700 ﬁdem
3082 647 3291 717 1250
3321 662 3580 702 revocan-

2001 736 2088 781 tur
2119 738 2209 782 aut
2234 732 2483 797 redeunt,
2516 734 2719 789 sanitas
2745 735 3025 791 debeatur.
3056 738 3205 793 Sicut
3243 741 3423 809 itaque
3460 741 3579 809 glo-

1998 820 2201 875 riamur
2231 823 2282 876 iu
2312 824 2483 893 vobis,
2522 826 2593 881 ita
2622 830 3000 884 contristamur
3028 832 3080 884 in
3110 846 3201 887 eos
3234 832 3427 902 quibus
3457 848 3581 889 car-

1998 912 2101 966 nali
2140 914 2480 971 :nmulatione
2528 922 2917 989 praeoccupatis
2961 937 3056 977 vos
3087 938 3183 993 pro
3222 933 3363 980 statu
3391 926 3579 981 Eccle-

1996 1001 2193 1057 siarum
2241 1014 2295 1060 et
2350 1021 2480 1075 pace
2512 1010 2750 1063 omnium
2809 1014 3185 1081 sacerdotum,
3232 1017 3420 1085 spiritu
3473 1027 3581 1074 tant

1994 1092 2300 1152 Christiano
2324 1113 2483 1167 quam
2515 1100 2662 1169 regio
2693 1101 2744 1155 in
2790 1110 2993 1158 tantum
3018 1106 3261 1162 videmus
3282 1122 3401 1163 esse
3430 1108 3581 1163 solli-
3638 1152 3645 1165 .

1994 1188 2150 1255 citos,
2206 1199 2264 1243 ut
2312 1191 2763 1247 interventionum
2810 1204 3108 1250 vestrarum
3159 1212 3257 1266 pro
3308 1199 3389 1252 his
3446 1213 3581 1268 quos

1993 1280 2211 1337 deviare
2255 1285 2577 1352 cognoscitis
2626 1286 2981 1341 commodetis
3037 1286 3055 1323 ί
3107 1287 3443 1343 adhortando
3492 1304 3582 1344 me

1996 1377 2188 1432 vestris
2220 1387 2243 1425 ε
2274 1380 2539 1446 epistolis,
2574 1388 2633 1434 ut
2653 1381 2975 1450 coepiscopo
3005 1395 3127 1436 meo
3169 1382 3419 1437 Anatolio
3463 1384 3579 1436 ani-

1996 1468 2067 1521 mi
2100 1470 2200 1523 mei
2225 1470 2453 1537 gratiam
2488 1472 2720 1525 fraterna
2764 1472 3025 1527 charitate
3080 1472 3377 1547 restituam,
3420 1487 3579 1541 quam

1995 1559 2066 1613 illi
2098 1569 2151 1614 et
2178 1560 2499 1629 amabiliter,
2546 1573 2602 1617 ut
2651 1564 3000 1631 meministis,
3049 1546 3305 1634 impendi,
3338 1575 3393 1619 et
3441 1579 3579 1635 pra:-

1996 1647 2123 1702 bere
2146 1665 2361 1719 semper
2389 1661 2549 1720 opto;
2584 1653 2629 1706 si
2678 1662 2876 1715 tamen.
2919 1664 2976 1709 ut
3005 1656 3244 1711 hortatus
3281 1665 3403 1711 ante
3433 1672 3578 1725 sum,

1993 1744 2060 1797 ab
2085 1760 2145 1799 ea
2175 1761 2294 1815 qua:
2320 1746 2467 1800 illum
2492 1743 2518 1782 ιι
2544 1750 2895 1817 prmgravavit
2917 1750 3204 1805 ambitione
3227 1750 3573 1817 descisceret,

1994 1844 2049 1889 et
2086 1833 2100 1871 ί
2137 1851 2230 1891 eos
2262 1838 2350 1905 qui
2377 1838 2550 1907 ipsum
2572 1838 2927 1894 obfuscabaut
2955 1840 3005 1894 in
3033 1856 3131 1895 suo
3156 1843 3429 1896 consortio
3468 1858 3578 1895 non

307 1937 436 1994 ﬁdei
468 1952 628 1993 causa
659 1954 815 2007 quam
858 1952 953 2007 pro
991 1936 1280 1992 securitate
1307 1934 1615 2004 reipublicae
1641 1935 1887 2004 dignatus
1921 1939 1966 1995 Β
1997 1930 2239 1987 haberet.
2272 1930 2379 1986 Sed
2410 1932 2475 1985 ad
2502 1933 2757 2002 epistolas
2786 1948 2932 1988 meas
2959 1935 3041 2003 pia
3077 1935 3359 1991 aﬁ‘ectione
3398 1945 3578 1990 trans-

302 2036 389 2083 est
417 2028 675 2084 indicare.
730 2028 904 2083 Aliam
937 2042 1149 2097 quoque
1175 2026 1241 2080 ad
1267 2039 1367 2080 nos
1408 2024 1689 2095 epistolam
1719 2024 1889 2088 dedit,

305 2121 674 2177 interveniens
722 2137 819 2191 pro
861 2120 1111 2176 Anatolio
1152 2120 1429 2191 episcopo,
1479 2128 1537 2173 ut
1590 2117 1761 2173 nostri
1812 2116 1891 2172 illi

301 2212 470 2266 animi
498 2214 680 2282 gratia
711 2213 1036 2281 praebeatur,
1067 2212 1320 2281 quoniam
1353 2210 1741 2265 correctionem
1774 2209 1892 2279 ejus

303 2306 589 2376 promittit,
634 2312 687 2360 et
736 2306 786 2359 in
818 2306 1067 2360 omnibus
1098 2319 1157 2359 se
1187 2304 1587 2359 satisfacturum
1620 2316 1740 2358 esse
1768 2318 1889 2372 qua:

301 2397 368 2450 ad
428 2396 551 2451 ﬁdei
602 2396 1006 2451 observantiam
1064 2395 1336 2465 pertinent
1389 2394 1695 2464 pollicetur.
1760 2394 1887 2447 Data

301 2488 491 2557 quinto
518 2487 636 2543 idus
660 2488 923 2553 Januarii,
954 2488 1110 2544 Aetio
1131 2496 1186 2543 et
1210 2486 1399 2543 Studio
1422 2487 1551 2541 viris
1575 2485 1892 2543 clarissimis

300 2578 639 2633 consuhbus.

755 2690 1082 2747 EPISTOLA
1124 2688 1151 2728 τί
1188 2690 1467 2747 CXXVIII.

656 2814 679 2843 ⁸
723 2821 792 2861 Δί)
846 2820 1154 2861 IARCIANUI
1209 2822 1507 2863 AUGUSTUI.

298 2939 677 3015 Sworsrs.__-_—
704 2938 941 3015 Laudata
970 2939 1217 3015 principis
1239 2941 1341 3011 ﬁde
1361 2959 1421 2996 ac
1456 2945 1699 3015 religione
1740 2956 1892 3002 testa-

372 3022 458 3065 tur
498 3028 551 3065 se
580 3012 811 3089 libenter.
833 3010 1131 3089 Anatolium
1171 3014 1225 3089 i_n_
1254 3016 1473 3084 gratiam
1494 3010 1638 3071 suam
1664 3028 1893 3089 receptu-

367 3098 509 3147 rum,
542 3082 997 3162 modosalisfaciat
1017 3082 1321 3153 canonibus,
1354 3095 1401 3139 et
1425 3089 1745 3143 sacerdotum
1773 3082 1893 3162 jura

366 3169 473 3208 non
506 3153 775 3209 convellat.

760 3284 846 3326 ⁴ιο
881 3270 1160 3327 Mancino
1198 3273 1461 3344 Augusto.

368 3409 433 3466 Si
460 3418 718 3482 quantum
746 3417 923 3466 vestra
949 3410 1234 3466 clementia
1274 3426 1374 3482 pro
1403 3413 1727 3482 evangelicae
1766 3414 1890 3471 ﬁdei

296 3500 614 3572 integritate
640 3502 869 3557 sollicita
898 3510 1002 3568 est,
1036 3510 1242 3557 tantum
1283 3503 1891 3575 Constantinopolitanae

295 3593 453 3649 urbis
474 3594 762 3663 episcopus
786 3595 837 3648 in
867 3592 1236 3649 custodiendis
1277 3596 1656 3651 ecclesiasticis
1695 3600 1892 3668 regulis

295 3684 468 3739 vellet
496 3698 616 3739 esse
645 3685 889 3751 devotus,
932 3686 1111 3739 omnia
1133 3688 1458 3757 compressis
1494 3689 1892 3745 dissensionum

296 3774 574 3830 scandalis
620 3775 688 3829 ad
719 3784 913 3829 statum
950 3774 1226 3845 proprium
1270 3776 1381 3847 jam
1435 3779 1745 3848 rediissem,
1793 3797 1892 3838 nec

294 3868 594 3938 quidquam
612 3868 734 3934 sibi,
759 3869 910 3924 vobis
928 3868 981 3923 in
1007 3869 1233 3939 imperio
1249 3871 1575 3938 constitutis,
1602 3874 1692 3943 qui
1715 3875 1893 3929 omnia

291 3958 441 4028 justa
474 3959 780 4025 defenditis,
810 3970 863 4016 et
892 3962 1169 4017 erroribus
1207 3963 1459 4030 obviatis,
1500 3980 1687 4021 eorum
1722 3967 1895 4023 adhuc

296 4050 542 4118 pravitas
570 4051 888 4119 vindicaret,
920 4054 1009 4121 qui
1042 4055 1373 4109 curationem
1402 4055 1504 4109 sibi
1539 4071 1645 4112 nou
1680 4060 1895 4128 patiun-

297 4151 389 4197 tur
422 4142 691 4197 adhiberi.
744 4143 851 4198 Sed
881 4154 1075 4199 vestrae
1126 4147 1529 4202 mansuetudini
1574 4148 1687 4204 hare
1718 4152 1891 4221 palma

294 4276 616 4350 pontiﬁcius
647 4290 898 4350 assensus
927 4278 1251 4350 accedebat;
1292 4294 1395 4334 non
1424 4295 1552 4335 vero
1586 4283 1878 4350 capitulum

294 4347 587 4424 alterum._
611 4362 715 4416 quo
746 4346 1003 4424 adversus
1032 4346 1610 4424 Constantinopolitani
1639 4346 1881 4424 episcopi

293 4417 715 4490 praerogativam
746 4419 796 4471 in
826 4418 1253 4475 Cbalcedoneusi
1284 4417 1625 4477 constitutam
1656 4417 1714 4477 Β.
1745 4417 1873 4490 Leo,

293 4488 645 4565 Nicanoer
668 4488 1065 4565 observantiam
1084 4493 1395 4565 inculcans,
1419 4496 1632 4548 restitit.
1665 4488 1876 4565 Integra

292 4558 722 4636 tamen‘HGrace
771 4559 1151 4636 reddita_fuit,
1203 4570 1258 4616 et
1301 4563 1586 4636 aliquando
1626 4558 1874 4636 vulgata;

293 4630 451 4755 nuptae
486 4629 632 4685 illius
673 4630 1167 4700 interpretationem
1207 4647 1274 4687 ex
1313 4629 1429 4688 Vat.
1468 4636 1654 4691 codice
1690 4629 1877 4693 (ξι-ρεαδ

366 4718 382 4755 ι
434 4717 594 4755 tmus.

291 4702 594 4756 edidimus.

371 4781 399 4808 ι
433 4772 504 4825 Ita
548 4772 775 4846 flatisp.‘
803 4787 924 4846 cum
957 4773 1263 4832 Grimauico
1298 4778 1587 4833 concinens
1615 4778 1884 4846 Quesnel-

291 4842 463 4897 lianae
511 4843 872 4914 emendatiOni
902 4846 1253 4914 sulfragatur;
1294 4863 1414 4903 cum
1450 4851 1501 4903 in
1533 4842 1689 4904 editis
1729 4867 1886 4905 erro-

288 4928 404 4988 nee
430 4914 727 4983 legeretur:
755 4912 1365 4985 “notescere—debuisset,
1385 4920 1667 4988 improbum
1694 4938 1727 4974 a
1748 4924 1887 4977 vobis

287 4986 553 5057 ambitum
574 4996 807 5057 notatum
837 4988 1013 5055 fuisse,
1064 5005 1125 5041 ne
1153 4990 1294 5041 novis
1321 4986 1732 5057 usurpationibus
1760 5010 1885 5047 con-

286 5056 514 5129 stituta,
538 5056 778 5129 inviolata
811 5058 887 5126 (ut
918 5074 1114 5122 semper
1132 5056 1455 5129 scripsimus)
1476 5073 1812 5117 servarentur.

366 5124 397 5165 ιι
426 5126 747 5199 ξπιίευιᾳηι
780 5124 895 5181 vero
918 5144 983 5183 ex
1016 5124 1561 5199 RatispCadjecimus.

369 5209 395 5236 ε
433 5198 605 5265 Epist.
641 5197 759 5252 126.

364 5266 397 5307 ἀ
429 5269 582 5324 Alias
607 5268 727 5323 101.
751 5269 882 5337 Quae
904 5280 1081 5326 autem
1108 5279 1262 5328 antea
1288 5272 1390 5327 128
1412 5284 1558 5343 erat,
1588 5291 1733 5332 nunc
1756 5276 1875 5333 165.

290 5399 1913 5426 _—-————————_—_~_———_

2006 2024 2199 2078 missas
2250 2024 2508 2079 hactenus
2541 2028 2872 2093 respondere
2901 2027 3033 2081 nihil
3065 2028 3250 2095 voluit,
3283 2038 3337 2085 et
3364 2044 3483 2084 cum
3511 2030 3581 2084 de

1998 2131 2223 2186 persona
2240 2116 2436 2183 Aetii,l
2469 2117 2552 2171 vel
2578 2118 2827 2183 Andreae,
2853 2121 2941 2189 qui
2963 2120 3578 2188 illifueratsubslitutus,

1996 2221 2056 2261 ea
2090 2217 2271 2261 secuta
2303 2208 2409 2261 sint
2432 2222 2552 2277 qua:
2580 2208 2812 2264 debeant
2859 2210 3169 2280 improbari,
3202 2227 3305 2265 non
3348 2214 3580 2267 otiosum

1996 2308 2081 2354 est
2109 2300 2251 2369 quod
2276 2301 2342 2355 de
2375 2301 2457 2356 his
2488 2318 2606 2371 qua:
2656 2306 2888 2359 maxime
2919 2304 3129 2359 fuerant
3160 2308 3394 2361 curanda
3448 2308 3584 2361 reti-

1995 2400 2165 2447 cetur.
2224 2391 2578 2463 Prceceptioni
2624 2394 2801 2463 itaque
2868 2396 3081 2465 pietatis
3128 2406 3318 2451 vestra:
3384 2413 3580 2465 parere

1995 2486 2293 2552 volueram,
2318 2496 2371 2540 et
2388 2487 2588 2541 litteras
2612 2486 2741 2541 dare
2766 2487 2831 2541 ad
2855 2488 3163 2557 episcotium
3189 2488 3579 2557 supradictum,

1993 2579 2038 2633 si
2070 2579 2295 2647 priores,
2332 2592 2464 2647 quas
2506 2578 2570 2633 ad
2601 2579 2746 2633 illum
2776 2580 2969 2645 direxi,
3016 2580 3098 2635 vel
3128 2581 3321 2636 cﬁ‘ectu
3374 2597 3581 2645 rerum,

1994 2671 2080 2725 vel
2110 2671 2324 2739 scriptis
2352 2672 2518 2741 ipsius
2548 2672 2815 2740 proﬁcere
2837 2673 3035 2742 aliquid
3092 2673 3477 2742 probavissem.
3511 2676 3579 2728 At

1994 2779 2114 2819 cum
2148 2764 2280 2818 nihil
2313 2767 2378 2818 de
2423 2765 2735 2820 ambitionis
2781 2767 3111 2835 pmnitudine
3150 2768 3381 2823 voluerit
3420 2768 3580 2835 proli-

1996 2858 2118 2922 teri,
2150 2856 2390 2927 nihilque
2429 2858 2494 2911 ad
2530 2858 2646 2912 hzec
2696 2860 3027 2928 respondere
3073 2876 3189 2930 qum
3241 2877 3271 2915 a
3322 2876 3406 2916 me
3454 2873 3580 2915 sunt

1994 2948 2187 3017 scripta
2216 2950 2506 3014 curaverit,
2538 2950 2806 3018 colloquia
2835 2951 3048 3021 quidem
3080 2967 3195 3005 mea
3237 2952 3303 3005 ab
3335 2953 3424 3006 illo
3452 2968 3575 3007 sus-

1995 3041 2176 3112 pendi,
2210 3042 2303 3097 sed
2335 3042 2595 3109 animum,
2626 3058 2731 3113 quo
2764 3043 2911 3097 illttm
2958 3039 3154 3113 corrigi
3207 3054 3259 3098 et
3298 3045 3579 3100 meliorem

1995 3148 2113 3189 esse
2141 3134 2415 3201 desidero,
2446 3152 2552 3189 non
2586 3135 2802 3189 mutavi.
2842 3135 3092 3202 Proinde,
3119 3136 3161 3190 si
3187 3137 3361 3206 placet
3391 3147 3582 3193 vestrae

1995 3227 2317 3293 clementiae,
2363 3230 2547 3290 immo,
2592 3229 2712 3298 quia
2757 3227 2805 3281 id
2848 3228 2998 3283 vobis
3029 3228 3241 3298 placere
3288 3243 3579 3299 cognosco.

1919 3324 1963 3385 C
1997 3318 2297 3387 satisfaciat
2339 3320 2654 3385 canonibus,
2702 3328 2757 3372 et
2785 3322 3023 3374 omnium
3056 3320 3277 3389 gratiam
3326 3321 3575 3376 sacerdo-

1998 3420 2106 3466 tum
2144 3411 2360 3479 pacifica
2390 3411 2689 3465 humilitate
2717 3423 3054 3466 servaturum
3078 3427 3135 3467 se
3158 3427 3277 3467 esse
3298 3413 3578 3477 rescribat,

1998 3503 2367 3572 ambitumque
2396 3503 2718 3571 culpabilem
2742 3518 2799 3557 se
2829 3504 3093 3571 ahjecisse
3134 3502 3427 3572 signiﬁcet;
3482 3518 3581 3574 ego

1998 3614 2084 3653 me
2114 3598 2264 3652 illum
2293 3598 2344 3651 in
2382 3612 2498 3651 eam
2526 3597 2751 3665 gratiam
2776 3596 3015 3664 spondeo
3043 3606 3407 3666 recepturum,
3439 3608 3497 3652 ut
3528 3600 3581 3652 in

1998 3692 2246 3746 omnibus
2272 3706 2391 3761 quae
2414 3700 2536 3744 sunt
2567 3690 2794 3743 Domino
2821 3690 3078 3758 placitura
3107 3692 3434 3745 consortium
3466 3692 3581 3759 ejus

1998 3784 2324 3855 amplectar:
2360 3785 2609 3854 quoniam
2660 3782 2745 3835 illa
2790 3797 2890 3849 pax
2922 3798 3070 3846 vera,
3104 3783 3189 3836 illa
3219 3783 3453 3837 cltaritas
3478 3783 3583 3838 erit

1998 3877 2172 3943 ﬁrma,
2206 3875 2260 3929 in
2292 3890 2393 3944 qua
2421 3874 2577 3928 simul
2622 3874 2959 3928 studebimus
2986 3882 3039 3927 et
3068 3873 3386 3929 catholicam
3419 3874 3582 3929 ﬁdem

1998 3976 2053 4024 et
2075 3968 2410 4021 Niczenorum
2441 3982 2708 4020 canonum
2742 3965 2954 4021 decreta
2986 3980 3222 4019 servare.
3256 3966 3386 4018 Data
3416 3967 3581 4036 septi-

1996 4076 2084 4116 mo
2108 4061 2225 4115 idus
2254 4060 2446 4125 Martii,
2476 4059 2629 4114 Aetio
2659 4068 2712 4113 et
2742 4058 2931 4113 Studio
2954 4059 3081 4112 viris
3110 4057 3423 4114 clarissimis
3446 4074 3579 4114 con-

1994 4151 2219 4206 sulibus.

1984 4284 2191 4352 Scripta
2223 4283 2256 4338 9
2288 4283 2457 4339 Martii
2487 4302 2573 4338 an.
2606 4286 2733 4340 454.

2058 4365 2079 4391 θ
2114 4356 2170 4410 In
2197 4356 2312 4411 solo
2362 4356 2548 4411 codice
2602 4356 2910 4410 Grimanico
2960 4355 3165 4411 collect.
3207 4355 3271 4411 18
3310 4356 3570 4412 hactenus

1983 4426 2198 4481 inventa
2229 4437 2281 4481 et
2302 4442 2332 4481 a
2362 4424 2652 4494 Quesnello
2678 4427 2818 4480 edita
2858 4426 2975 4483 fuit.

2025 4569 2036 4580 .
2063 4496 2440 4623 ‘.l()uesnellus
2462 4498 2515 4552 in
2542 4500 2807 4567 margine:
2827 4498 3068 4568 Suipple,
3089 4500 3330 4568 favorem,
3348 4499 3431 4554 vel
3457 4499 3579 4569 quid

2025 4584 2112 4622 Iml
2139 4584 2193 4623 e.

2025 4584 2112 4622 Iml
2178 4606 2193 4623 .

1994 4582 2017 4623 s
2060 4648 2086 4686 ε
2120 4582 2225 4693 ἒῗθε
2246 4639 2496 4695 Marciani
2526 4640 2731 4694 litteras
2766 4640 2871 4694 Leo
2894 4640 3007 4708 jam
3056 4649 3339 4707 acceperat
3382 4657 3416 4695 v
3459 4641 3578 4698 idus

1911 4700 1964 4759 D
1990 4710 2250 4787 Januarii,
2284 4723 2341 4787 ut
2371 4721 2517 4780 patet
2548 4728 2614 4766 ex
2645 4712 2868 4787 epistola
2894 4700 3224 4787 prtecedenti
3250 4727 3369 4787 cap.
3402 4714 3456 4767 5.

2066 4779 2094 4819 ιλ
2122 4779 2466 4837 Correximus
2497 4799 2566 4836 ex
2600 4798 2702 4836 ms.
2730 4779 3078 4851 Grim.'cujus
3110 4779 3474 4852 apographum
3516 4784 3576 4840 P.

1995 4852 2301 4909 Caeciarius
2330 4853 2592 4907 adhibuit.

2072 4925 2087 4962 ί
2119 4924 2315 4979 Confer
2341 4926 2499 4993 epist.
2536 4924 2658 4989 111,
2691 4939 2740 4978 c.
2770 4926 2821 4978 5.

2069 4992 2477 5061 iQuesnellus.
2537 5005 2583 5048 et
2626 4995 2866 5048 Αηάνειε.
2920 4994 3227 5050 Lectionem
3286 4992 3579 5052 Grimauici

1990 5066 2214 5132 codicis,
2232 5082 2299 5121 ex
2326 5081 2431 5135 quo
2464 5066 2577 5120 haec
2599 5066 2826 5135 epistola
2850 5066 2991 5120 edita
3019 5066 3137 5133 fuit,
3168 5082 3197 5119 a
3226 5066 3285 5122 P.
3304 5068 3579 5121 Cacciario

1989 5148 2225 5193 nutatam
2250 5139 2586 5207 praetulimus
2612 5156 2623 5189 :
2652 5138 2738 5191 ubi
2760 5137 2837 5189 vel
2859 5152 2953 5205 pro
2973 5147 3017 5191 et
3044 5149 3347 5206 usurpatur,
3375 5149 3431 5189 ut
3456 5139 3579 5193 aliis

1985 5209 2246 5279 exemplis
2272 5208 2467 5263 Leonis
2492 5209 2966 5264 animadvertimus
2993 5216 3105 5263 not.
3136 5209 3169 5263 5
3200 5208 3333 5278 (σοι.
3360 5208 3489 5275 886,
3520 5226 3575 5266 η.

1985 5280 2032 5351 8)
2063 5282 2114 5335 in
2143 5280 2299 5350 epist.
2333 5280 2419 5334 67.

1982 5280 2032 5350 8)
2063 5282 2114 5335 in
2143 5280 2299 5350 epist.
2333 5280 2419 5334 67.

185 5425 222 5522 ἒ

1036 5509 1488 5571 ADMONI'I‘IO
1532 5511 1611 5571 IN
1656 5511 1855 5573 TRES
1895 5511 2328 5573 EPISTOLAS
2372 5511 2852 5588 SEQUENTES.

179 5596 199 5623 ί
367 5635 575 5717 LlCur
597 5637 896 5717 inedendis
920 5635 1465 5717 tribussequentibus
1487 5636 1730 5717 epistolis
1759 5636 1971 5717 aliuma
1998 5635 2379 5717 Quesuelliano
2405 5636 2652 5717 grdinem
2677 5635 2843 5717 secuti
2866 5634 3273 5717 simus,_pauei_s
3288 5631 3570 5717 dicendum

279 5717 397 5789 est.
440 5708 773 5789 Quesnellus
792 5710 1019 5789 primum
1050 5703 1293 5789 ediderat
1323 5703 1608 5789 epistolam
1638 5709 1737 5761 hac
1769 5709 1818 5761 in
1845 5707 2079 5789 editione
2112 5706 2205 5789 15}
2240 5708 2305 5760 ad
2335 5708 2604 5789 lulianum
2651 5723 2770 5789 cum
2800 5707 2919 5789 data
2948 5721 3017 5758 vn
3048 5705 3167 5789 idus
3216 5703 3428 5789 Mlarlii;
3460 5715 3569 5759 tum

277 5781 463 5863 epist.
489 5778 711 5863 I29,'ad
734 5775 1199 5863 Iftioteriummum
1225 5775 1430 5833 data'vr
1455 5780 1602 5863 idus;
1645 5793 1707 5831 ac
1739 5780 1961 5863 tandem
2003 5788 2121 5863 post
2169 5780 2421 5859 insertam
2475 5776 2697 5860 Proterii
2730 5777 3011 5860 epistolam
3042 5775 3273 5863 135.,‘ad
3306 5775 3565 5863 Econem.

276 5846 535 5919 subjecit
558 5846 718 5919 epist.
752 5852 875 5916 150,
901 5852 967 5905 ad
990 5848 1341 5915 Marcianum,
1373 5864 1493 5905 cum
1518 5853 1639 5904 data
1675 5866 1705 5903 v
1731 5850 1849 5904 idus
1875 5846 2118 5917 ejusdem
2158 5850 2383 5913 mensis,
2417 5850 2617 5917 rejeeto
2648 5850 2697 5902 in
2730 5849 3025 5915 marginem
3057 5862 3110 5900 vt
3138 5847 3273 5901 idus.
3310 5846 3402 5919 Ila:
3428 5848 3566 5901 data:

273 5917 531 5978 diversae
554 5917 694 5977 hunc
716 5923 959 5978 ordinem
989 5920 1299 5989 exigebant.
1330 5919 1401 5975 At
1420 5935 1541 5976 cum
1574 5922 1623 5976 iu
1656 5922 1814 5991 epist.
1848 5922 1971 5989 151,
2002 5920 2070 5976 ad
2099 5920 2393 5986 Iulianum,
2432 5935 2481 5974 c.
2511 5922 2563 5988 1,
2594 5920 2651 5975 S.
2685 5920 2923 5991 pontifex
2955 5926 3179 5975 testetur
3215 5931 3273 5973 se
3299 5917 3363 5972 ad
3392 5919 3563 5989 ipsum
