4072 6358
458 466 600 531 (ονε
831 487 853 511 ’-
917 479 930 519 -;
1586 466 1644 522 S.
1683 462 1930 520 LEONIS
1969 461 2058 518 MA

2163 461 2181 517 i
2221 461 2594 519 EPISTOLIE.
3597 457 3736 528 1076

457 592 670 645 mittere
709 587 951 656 exeitipia
997 587 1296 643 litterarum
1334 595 1469 656 quas
1498 586 1564 638 ad
1592 581 2044 656 clementissimum
2071 580 2437 656 imperatorem
2462 578 2538 656 vel
2564 571 2631 632 ad
2668 579 2838 656 ipsum
2868 578 3237 656 Alexandrina
3278 577 3426 656 urbis,
3441 581 3740 656 episcopum

456 661 531 732 (id
560 670 643 715 est
683 650 1006 729 Proterium)
1037 659 1311 724 direxerat,
1339 650 1537 732 quibus
1574 655 1706 708 duas
1724 652 1798 732 ad
1844 653 2167 707 Marcianum
2202 663 2257 707 et
2309 651 2608 732 I’rotcrittm
2645 650 2888 732 ⁸ιιἪΙξιδς
2925 652 3191 731 epistolas
3222 652 3463 722 respicit.
3509 650 3736 732 bte'jam

455 721 670 797 scriptae
702 721 998 785 noscuntur
1022 721 1306 800 antequam
1340 721 1402 782 ad
1426 728 1692 783 lulianum
1723 725 1933 782 litteras
1957 735 2230 786 esararet.
2262 739 2325 800 ac
2357 724 2581 789 proinde
2609 721 2986 800 chronicsrnm
3032 721 3519 800 notationumqnss
3544 722 3740 800 Ques-

456 794 629 858 ncltns
659 803 888 869 praetulit
913 794 1226 856 manufestus
1253 814 1402 855 error
1433 800 1760 866 agnoscitur.
1787 813 1893 866 quo
1923 805 1988 851 ad
2021 813 2142 851 eum
2179 797 2425 869 ordinem
2454 794 3092 869 statuendumaddnctus
3119 795 3236 850 fuit.
3271 795 3466 869 Melius
3483 797 3647 869 igitur
3671 813 3740 853 ex

456 883 643 996 2'08er
661 865 1050 942 'Ratisponensi
1079 885 1232 929 notas
1253 865 1533 927 chronicas
1555 865 1978 937 emendav’imus,
2003 884 2070 926 ex
2097 870 2292 940 quibus
2307 865 2574 936 colligitur
2596 880 2785 921 omnes
2808 867 2902 920 has
2940 868 3194 936 epistolas
3222 869 3414 923 eodem
3440 867 3526 922 die
3548 883 3600 922 vt
3623 870 3743 924 idus

519 945 680 996 artius
705 948 939 996 sinuatus
970 947 1155 996 fuisse.

456 944 680 998 Martias
705 948 939 1000 signatas
970 947 1155 999 fuisse.

525 960 1237 1082 ii'iiiaiiiniilii..Ziiisfém,
1262 1032 1382 1072 cum
1409 1031 1473 1070 ex
1503 1015 1718 1071 laudato
1747 1005 2058 1082 testimonio
2088 1006 2330 1074 epistola:
2357 1007 2460 1062 151
2498 1009 2752 1082 liquistis.
2788 1009 3098 1082 pontiﬁcem
3122 1010 3407 1076 scripsisse
3428 1010 3648 1073 litteras
3675 1010 3746 1066 ad

457 1077 783 1142 Marcianum
811 1097 864 1142 et
887 1088 1184 1142 PtOlel'ium
1207 1077 1492 1155 antequam
1521 1085 1584 1139 ad
1616 1085 1890 1141 lulianum
1915 1077 2196 1155 scriberet.
2218 1089 2491 1155 _t_um_vero
2517 1096 2582 1134 ex
2613 1081 2768 1155 initio
2793 1077 2914 1146 cap.
2944 1081 2979 1134 2
2999 1082 3242 1155 epistolae
3272 1083 3396 1155 lati,
3420 1083 3495 1155 ad
3522 1083 3747 1137 Marcia-

456 1171 610 1220 num,
661 1156 745 1212 ubi
787 1157 895 1212 Leo
928 1174 985 1213 se
1032 1161 1268 1213 l’roterio
1306 1148 1650 1227 rescripsisse
1692 1164 1936 1227 testatur,
1988 1148 2160 1227 palam
2211 1152 2267 1201 iit
2319 1152 2522 1206 litteras
2563 1153 2627 1227 ad
2673 1153 2974 1207 Praterium
3020 1148 3264 1222 epistolic
3310 1148 3392 1227 ad_'
3420 1152 3747 1227 Marcianum

458 1227 817 1300 pmcessisse.
849 1230 1028 1298 itaque
1057 1232 1175 1284 licet
1213 1245 1398 1283 omnes
1446 1220 1526 1282 hic
1553 1225 1795 1296 epistolas
1827 1226 2016 1300 eodem
2053 1220 2147 1300 die
2163 1231 2436 1300 notentur,
2474 1239 2540 1277 ex
2571 1224 2815 1300 ipsarum
2847 1234 3028 1300 tamen
3057 1220 3329 1300 contextu
3370 1223 3482 1280 Leo
3526 1222 3744 1300 sciipsit

459 1292 685 1371 primum
713 1301 778 1355 ad
799 1292 1120 1367 Proterium,
1144 1302 1266 1355 dein
1289 1302 1354 1354 ad
1381 1292 1732 1366 Marcianum,
1757 1311 1820 1352 ac
1840 1294 2059 1352 tandem
2085 1292 2150 1346 ad
2171 1292 2465 1358 lulianum,
2495 1294 2711 1350 ethunc
2744 1300 2991 1350 ordinem
3015 1297 3068 1349 in
3100 1295 3339 1351 editione
3379 1295 3742 1352 servabimus.

800 1417 1006 1489 1253
1034 1415 1362 1473 EPISTOLA
1387 1423 1415 1454 δ
1441 1413 1687 1471 CXXIX.
2069 1417 2123 1472 A
2148 1421 2325 1465 autem
2357 1411 2500 1465 dicat
2520 1411 2807 1480 Apostolus
2833 1431 2845 1466 :
2874 1413 3081 1485 Oportet
3119 1413 3335 1468 htzreses
3365 1429 3496 1479 esse,
3534 1423 3590 1468 ut
3619 1431 3749 1487 pro-

638 1530 665 1570 ι)
689 1547 756 1586 an
778 1539 1080 1587 Pll'O‘fEitlUIl
1113 1545 1401 1586 EPISCOPUM
1429 1541 1864 1585 ALEXANDBINUM.

463 1643 735 1701 SYNOPSIS.
761 1674 830 1685 -—
850 1644 891 1698 Ι.
921 1643 1294 1714 Episcoporum
1322 1661 1429 1698 esse
1453 1645 1666 1710 vigilare
1700 1658 1762 1696 ne
1783 1640 1907 1709 ﬁdei
1935 1639 2051 1714 unt}

532 1726 610 1769 tas
660 1715 896 1778 violetur,
952 1711 1210 1776 (ῥυοίΙύβί
1256 1717 1499 1769 litterultc
1544 1715 1895 1767 immutatione
1935 1711 2049 1770 ﬁeri

529 1795 714 1857 potest.
747 1816 817 1826 ——
849 1786 908 1840 Ii.
942 1784 1020 1840 Ex
1061 1787 1330 1840 traditione
1372 1784 1478 1841 SS.
1512 1781 1630 1838 PP.
1675 1796 1722 1839 et
1764 1800 1908 1836 suam
1941 1781 2047 1857 epi-

536 1854 720 1911 stolam
741 1859 1068 1916 catholicam.
1095 1868 1138 1910 et
1162 1857 1420 1911 doct-udos
1448 1873 1555 1910 esse
1579 1857 1816 1924 populos.
1843 1854 2048 1906 asserit.

529 1928 706 1982 --lll.
752 1927 961 1997 Fidem,
1007 1927 1334 1989 disciplinam
1374 1939 1419 1982 et
1468 1923 1735 1999 privilegia
1775 1923 2046 1981 Ecclesia-

529 2016 642 2054 rum
665 2016 728 2056 ex
757 2017 933 2054 norma
959 2001 1222 2054 vetustatis
1244 2016 1352 2054 esse
1377 2001 1647 2052 servanda.

697 2115 812 2174 Lso
840 2116 1115 2172 Paorsmo
1139 2116 1396 2184 episcopo
1422 2113 1807 2170 Alexandrino.

531 2251 662 2307 CAP.
697 2249 738 2304 l.
771 2280 840 2291 —
866 2250 1300 2305 Laetificaverunt
1341 2264 1426 2303 me
1465 2257 1486 2287 ε
1521 2246 1714 2302 litteras
1747 2244 2050 2301 dilectionis

463 2355 600 2408 tute,
648 2357 781 2414 quas
813 2343 979 2396 frater
1018 2352 1070 2398 et
1114 2342 1467 2411 coepiscopus
1508 2336 1743 2394 nosterd
1771 2337 2053 2393 Nestorius

460 2437 551 2506 pio
575 2435 882 2505 apportavit
910 2435 1112 2491 ofﬁcio.
1144 2434 1437 2505 Oportebat
1465 2436 1606 2488 enim
1637 2445 1694 2488 ut
1728 2433 1794 2489 ab
1822 2434 2054 2488 Alexan-

463 2529 632 2584 drinae
676 2528 933 2584 Ecclesia:
964 2527 1195 2598 prwsule
1220 2528 1344 2582 talia
1376 2528 1574 2598 scripta
1607 2526 1671 2580 ad
1715 2525 1899 2582 sedem
1925 2541 2054 2594 apo-

462 2623 704 2682 Italicam
753 2622 1128 2686 mitterentur,
1180 2637 1302 2692 qua:
1341 2621 1691 2676 ostenderent
1744 2620 2053 2688 magisterio

463 2715 760 2771 beatissimi
801 2714 945 2770 Petri
991 2715 1222 2784 apostoli
1271 2713 1374 2769 hoc
1412 2714 1478 2768 ab
1503 2715 1654 2768 initio
1699 2726 1792 2781 per
1836 2713 2051 2766 beatum

2153 1502 2256 1556 bati
2280 1501 2536 1573 manifesti
2564 1503 2692 1570 ﬁant
2731 1505 2783 1558 in
2809 1505 2949 1558 vobis
2987 1505 3027 1574 (Ι
3060 1504 3176 1558 Cor.
3222 1519 3299 1567 st,
3334 1501 3448 1569 l9),
3495 1505 3559 1559 ad
3584 1504 3751 1561 totius

2154 1590 2412 1647 Ecclesiae
2427 1594 2597 1648 tendit
2624 1596 2943 1663 protectum,
2974 1599 3185 1664 quoties
3203 1599 3597 1651 contrariorum
3624 1611 3751 1652 sen-

2153 1700 2306 1740 suum
2334 1702 2393 1742 se
2422 1687 2600 1757 prodit
2636 1687 2906 1758 impietas,
2935 1703 3001 1743 ne
3033 1703 3150 1751 «uite
3189 1699 3311 1742 sunt
3342 1689 3498 1743 noxia
3519 1689 3620 1744 sint
3655 1704 3747 1743 oc-

2153 1778 2296 1832 culta
2340 1787 2394 1834 et
2421 1779 2649 1834 aliorum
2687 1780 2886 1835 ia'dant
2931 1780 3378 1847 incolumitatem,
3422 1799 3543 1852 quas
3588 1799 3747 1838 revo-

2153 1871 2265 1927 cari
2304 1887 2408 1926 non
2451 1882 2705 1943 poterunt
2747 1874 2813 1928 ad
2857 1875 3108 1930 salutem.
3151 1873 3305 1930 Unde
3348 1873 3450 1928 sibi
3483 1878 3753 1941 imputent

2153 1965 2337 2020 ruinas
2361 1974 2416 2020 et
2442 1963 2834 2022 obcaecationes
2863 1979 3009 2028 suas,
3030 1965 3118 2036 qui
3149 1964 3472 2035 imprudenti
3502 1967 3743 2035 pertina—

2154 2058 2234 2112 cia
2253 2058 2434 2128 jacere
2467 2059 2518 2114 in
2549 2069 2700 2114 reatu
2727 2074 2849 2126 suo,
2873 2073 3028 2128 quam
3055 2059 3291 2113 oblatum
3329 2059 3627 2114 remedium
3652 2074 3748 2114 su-

2154 2159 2323 2215 mere.
2369 2153 2698 2208 maluerunt.
2750 2151 2987 2220 Quorum
3038 2152 3235 2207 merito
3279 2151 3599 2207 fraternitati
3647 2160 3754 2208 tute

2155 2244 2408 2312 displicet
2437 2243 2739 2309 obduratio,
2775 2253 2829 2300 et
2871 2243 3216 2299 laudabiliter
3259 2258 3377 2298 eam
3419 2243 3752 2310 doctrinam,

2156 2353 2274 2409 quae
2295 2355 2323 2392 a
2351 2338 2521 2393 beatis
2548 2336 2806 2406 apostolis
2830 2349 2882 2395 et
2909 2340 3110 2394 sanctis
3142 2339 3389 2395 Patribus
3424 2340 3478 2395 in
3509 2354 3610 2396 nos
3631 2353 3753 2395 ma-

2156 2433 2322 2501 navit,
2351 2431 2718 2500 amplecteris.

2226 2525 2355 2582 CAP.
2388 2525 2450 2580 Il.
2473 2523 2678 2582 —Non
2718 2526 2864 2583 enim
2897 2542 3050 2583 nova:
3091 2525 3488 2597 praedicationis
3522 2540 3604 2583 est
3630 2527 3751 2598 epi-

2156 2620 2294 2676 stola
2327 2635 2466 2686 mea,
2501 2635 2607 2690 qua
2641 2621 2708 2676 ad
2741 2621 3056 2675 relationem
3083 2630 3283 2676 sanctis
3315 2620 3589 2675 memoriae
3623 2619 3745 2676 Fia-

2158 2712 2300 2767 viani
2331 2725 2516 2767 contra
2549 2713 2829 2784 Eutychen
2851 2714 2919 2769 de
2950 2714 3160 2768 Domini
3189 2714 3359 2768 nostri
3392 2714 3520 2770 Jesu
3551 2713 3752 2768 Christi

466 2810 704 2865 Marcum
745 2811 861 2881 ejus
899 2811 1219 2878 discipulum
1251 2811 1502 2866 didicisse
1547 2808 1831 2882 Egyptios
1851 2853 1865 2876 ,
1914 2809 2058 2880 quod
2089 2805 2136 2865 Β
2163 2805 2533 2862 incarnatione
2574 2805 2852 2874 respondi,
2885 2807 2935 2859 in
2964 2806 3112 2860 nullo
3136 2805 3425 2861 discedens
3447 2805 3514 2860 ab
3543 2807 3661 2875 ejus
3687 2805 3754 2860 ﬁ-

467 2912 678 2958 constat
705 2904 999 2959 credidisse
1039 2899 1316 2958 Romanos
1345 2914 1370 2944 ο
1410 2907 1698 2975 :quoniam
1732 2914 1926 2972 ιιι-λειω·
1953 2903 2058 2957 Do-

469 2996 676 3052 minum
705 2996 886 3052 Jesum
916 2995 1186 3062 Chrismm
1222 3013 1324 3051 non
1362 3007 1434 3050 est
1478 2997 1624 3050 aliud
1662 3012 1845 3049 nomen
1877 2996 2055 3049 datum

480 3088 770 3144 hominibus
800 3090 894 3144 sub
923 3093 1065 3156 creto,
1095 3091 1146 3144 in
1177 3108 1280 3161 quo
1318 3101 1550 3160 aporteat
1581 3087 1602 3128 ί
1633 3106 1722 3144 nos
1747 3089 1914 3144 salvos
1952 3091 2058 3153 fieri

478 3179 616 3252 (Act.
649 3197 719 3247 tv,
752 3180 863 3252 12).
893 3183 994 3236 Sed
1025 3183 1146 3252 quia
1173 3197 1278 3238 non
1297 3184 1534 3238 omnium
1567 3191 1651 3238 est
1669 3181 1819 3249 lides,
1854 3190 1907 3235 et
1929 3179 2058 3235 insi-

477 3273 660 3330 diosus
704 3275 800 3330 ille
843 3284 1074 3331 tentatur
1128 3275 1291 3332 nullis
1348 3277 1517 3346 magis
1560 3275 1723 3329 corda
1777 3275 2054 3329 hominum

471 3371 668 3441 gaudet
695 3369 938 3424 sauciare
961 3370 1295 3436 vulneribus,
1317 3386 1474 3441 quam
1500 3377 1557 3423 ut
1580 3369 1822 3423 incautas
1848 3377 2058 3422 mentes

465 3460 553 3517 his
598 3460 794 3516 inficiat
838 3462 1253 3531 erroribus,qui
1304 3464 1413 3517 sint
1450 3459 1772 3531 evangelica:
1818 3460 2062 3517 veritatis

465 3553 694 3622 inimici,
728 3567 917 3624 magna
949 3557 1121 3610 sancti
1163 3555 1396 3623 Spiritus
1435 3554 1738 3609 eruditione
1780 3554 2056 3608 nitendum

468 3655 553 3702 est
599 3657 656 3701 ut
705 3648 988 3703 diabolicis
1038 3646 1359 3704 faisitatibus
1422 3657 1652 3716 nequeat
1708 3647 2059 3714 intelligentia

471 3739 778 3797 Christiana
813 3739 1023 3795 violari.
1050 3739 1249 3795 Contra
1281 3739 1425 3811 quod
1467 3740 1762 3808 periculum
1794 3741 2060 3810 praecipue

469 3834 724 3889 convenit
763 3833 984 3904 vigilare
1025 3833 1384 3888 Ecclesiarum
1432 3841 1695 3898 rectores,
1735 3842 1791 3886 et
1827 3833 2059 3902 quadam

469 3925 931 3983 verisimilitudine
965 3929 1202 3981 colorata
1227 3936 1250 3973 8
1276 3925 1553 3981 mendacia
1583 3925 1650 3981 ai)
1693 3926 1886 3979 animis
1927 3925 2056 3979 sitn-

468 4019 622 4091 plicis
653 4018 827 4087 plebis
862 4029 1125 4073 avertere.
1155 4019 1389 4090 Angusta
1424 4018 1560 4072 enim
1597 4025 1644 4070 et
1685 4017 1850 4070 ardua
1879 4017 1963 4070 via
1988 4025 2060 4071 est

470 4127 584 4182 qua:
612 4112 753 4166 ducit
794 4113 861 4165 ad
903 4115 1060 4166 vitam
1082 4111 1298 4183 (Matth.
1327 4128 1421 4179 vu,
1450 4111 1562 4180 14).
1595 4110 1706 4167 Nec
1744 4120 1949 4165 tantum
1979 4110 2058 4165 ia-

2162 2898 2250 2952 dei
2291 2899 2493 2968 regula,
2540 2913 2660 2967 quae
2696 2898 2974 2952 evidenter
3019 2914 3050 2952 a
3097 2897 3294 2952 nostris
3329 2897 3630 2967 vestrisque
3668 2905 3755 2952 est

2161 2989 2378 3046 defensa
2414 2990 2728 3059 majoribus.
2755 2989 2902 3059 Quos
2936 2990 2982 3044 si
3024 2989 3314 3046 Dioscorus
3346 2989 3496 3056 Sequi
3526 2987 3756 3044 imitari-

2162 3099 2266 3154 que
2311 3083 2590 3147 voluisset,
2619 3084 2678 3138 in
2717 3081 2914 3138 Christi
2957 3095 3189 3149 eoi-itere
3238 3089 3604 3151 permaneret,
3655 3080 3755 3135 ha-

2161 3175 2296 3230 bens
2321 3185 2374 3231 et
2398 3181 2449 3228 in
2482 3177 2652 3230 beatae
2684 3176 2959 3230 memoriae
2991 3175 3272 3229 Athanasii
3300 3175 3575 3242 opusculis
3608 3174 3756 3230 unde

2162 3269 2544 3334 instrueretur,
2591 3278 2647 3324 et
2691 3267 2747 3322 in
2797 3278 3004 3322 sancta
3037 3269 3429 3322 recordationis
3466 3267 3754 3336 Tlie0pliili

2161 3370 2216 3416 et
2257 3361 2441 3432 Cyrilli
2471 3361 2838 3429 sermonibus,
2884 3361 3026 3416 unde
3067 3362 3324 3417 damnato
3361 3361 3488 3416 olim
3517 3359 3756 3431 dogmati

2162 3455 2499 3510 laudabiliter
2534 3458 2850 3521 contrairet,
2880 3459 3058 3525 potius
3085 3473 3244 3526 quam
3283 3455 3613 3512 COIISOI‘iilIm
3651 3455 3758 3508 Eu-

2164 3547 2431 3619 tychiante
2469 3547 2759 3618 impietatis
2786 3549 3028 3620 eligeret.
3068 3543 3184 3604 Hoc
3209 3549 3390 3620 igitur,
3431 3547 3596 3602 frater
3625 3546 3761 3602 cha-

2164 3641 2399 3704 rissime.
2434 3659 2528 3711 pro
2564 3643 2924 3699 sollicitudine
2955 3643 3078 3700 fidei
3123 3626 3424 3700 communis
3461 3644 3760 3712 admoneo,

2161 3743 2222 3791 ut
2267 3736 2391 3804 quia
2429 3732 2453 3771 δ
2479 3734 2684 3790 inimici
2725 3738 2901 3791 crucis
2944 3737 3144 3791 Christi
3187 3737 3438 3791 omnibus
3481 3745 3536 3790 et
3575 3735 3764 3790 verbis

2165 3828 2363 3882 nostris
2406 3827 2732 3883 insidiantur
2774 3837 2828 3883 et
2869 3829 3116 3900 syllabis,
3163 3829 3367 3882 nullam
3400 3827 3503 3882 illis
3547 3826 3635 3882 vel
3674 3834 3762 3882 te-

2163 3938 2320 3978 nuem
2343 3919 2682 3978 occasionem
2716 3923 2928 3989 demus,
2955 3939 3060 3988 qua
3086 3923 3410 3979 Nestoriano
3437 3937 3534 3978 nos
3564 3919 3760 3978 sensui

2165 4028 2466 4083 congruere
2507 4015 2849 4070 mentiantur.
2898 4015 3114 4070 Plebem
3167 4025 3344 4070 autem
3398 4023 3454 4070 et
3501 4017 3760 4085 clerum,

2165 4120 2487 4178 omnemque
2525 4106 2919 4163 fraternitatem
2955 4108 3026 4162 ita
3057 4107 3215 4162 debet
3256 4107 3532 4178 diligentia
3565 4118 3654 4162 tua
3687 4107 3764 4163 ad

471 4220 731 4275 queorum
755 4206 807 4259 in
834 4206 1103 4260 actionum
1121 4205 1482 4269 observantia,
1509 4215 1766 4274 quantum
1792 4204 1931 4258 inter
1951 4204 2058 4257 dis-
2086 4187 2130 4248 C
2167 4201 2462 4270 profectum
2503 4201 2624 4257 ﬁdei
2661 4201 2958 4268 cohortari,
3001 4212 3058 4256 ut
3081 4200 3212 4256 nihil
3243 4210 3296 4256 te
3335 4216 3530 4255 novum
3559 4200 3767 4255 docere

471 4297 696 4352 crimina
730 4313 983 4353 sensuum
1022 4299 1169 4360 latet,
1225 4296 1436 4370 1255
1487 4296 1612 4349 dum
1650 4297 1734 4350 vis
1763 4298 2058 4352 sententia-

472 4403 590 4444 rum
642 4388 957 4444 brevissima
1007 4389 1308 4457 adjectione
1351 4398 1440 4440 aut
1479 4385 1898 4442 commutatione
1943 4402 2061 4442 cor-

472 4483 743 4554 rumpitur
763 4492 816 4538 et
837 4483 1129 4548 confessio,
1155 4498 1273 4551 qua:
1307 4480 1630 4550 operabatur
1652 4480 1903 4550 salutem,
1936 4484 2064 4536 sub-

474 4573 558 4632 tili
597 4589 998 4645 nonnumquam
1048 4575 1277 4631 transitu
1318 4573 1490 4643 vergit
1539 4571 1593 4628 in
1633 4581 1884 4628 mortem.
1923 4571 2060 4647 Cum

546 4723 575 4751 ι
607 4713 754 4768 Alias
778 4712 896 4770 103.
923 4713 1053 4779 Quae
1077 4723 1257 4767 autem
1281 4723 1443 4768 antea
1474 4711 1577 4767 ηε)
1602 4719 1741 4777 erat,
1767 4726 1912 4766 nunc
1933 4710 2062 4769 159.

475 4785 687 4852 Scripta
727 4783 789 4838 l0
819 4783 990 4838 Martii
1021 4799 1110 4837 an.
1140 4783 1267 4839 454.

547 4853 576 4894 ι)
612 4856 758 4909 lianc
791 4855 1069 4912 epistolam
1101 4870 1164 4908 ex
1193 4854 1314 4908 cod.
1349 4853 1656 4909 Grimanico
1701 4869 1729 4906 a
1775 4853 2065 4920 Quesnello

476 4926 675 4982 editam
719 4926 771 4979 in
802 4924 1179 4996 Ratisponensi
1221 4926 1546 4989 invenimus,
1580 4940 1643 4980 ac
1685 4939 1750 4980 ex
1781 4939 1850 4980 eo
1879 4940 2065 4980 emen-

474 4998 740 5055 (lavimus.

553 5078 578 5108 ε
607 5067 776 5134 Hujus
812 5067 1055 5136 epistolae
1100 5068 1448 5136 fragmentum
1491 5065 1630 5120 Beda
1673 5066 1899 5121 inseruit
1938 5081 2058 5136 cap.

474 5139 568 5204 42,
599 5139 667 5194 de
691 5138 917 5193 Ratione
942 5149 1272 5206 temporum;
1306 5152 1357 5191 at
1379 5137 1905 5193 erravitexistimans
1927 5138 2063 5194 Leo-

475 5227 597 5264 nem
637 5210 738 5265 hac
767 5209 994 5278 epistola
1025 5211 1367 5277 respondisse
1397 5209 1623 5264 Proterii
1650 5206 1841 5264 litteris
1867 5210 1933 5263 de
1964 5209 2062 5263 Pa-

475 5282 685 5343 scliate,
706 5277 838 5349 quas
859 5277 969 5335 Leo
988 5283 1250 5350 posterius
1273 5281 1498 5345 accepit,
1523 5289 1578 5332 ut
1596 5279 1795 5346 patebit
1810 5296 1878 5334 ex
1898 5282 2062 5348 epist.

477 5351 600 5406 157.
641 5351 774 5405 Vide
801 5351 1075 5416 Quesnelii
1117 5364 1225 5406 not.
1266 5352 1315 5405 l.
1351 5351 1474 5405 Haec
1498 5360 1673 5403 autem
1718 5351 1922 5404 reddita
1964 5351 2063 5406 fuit

475 5424 596 5476 aliis
625 5423 985 5476 anterioribus
1015 5421 1241 5476 Proterii
1275 5421 1486 5488 litteris,
1517 5438 1636 5492 quin
1662 5421 2057 5477 desiderantur.

477 5492 717 5546 Primum
750 5495 793 5546 is
820 5492 885 5546 ad
913 5493 1215 5560 pontiticem
1249 5493 1534 5559 scripserat
1558 5495 1625 5546 de
1654 5507 1750 5547 sua
1784 5493 1911 5559 fide,
1940 5509 2060 5546 cum

477 5565 544 5615 ad
599 5563 1016 5617 Alexandrinam
1061 5564 1366 5619 cathedram
1418 5576 1633 5619 evecms
1680 5564 1794 5626 fuit,
1843 5573 1897 5618 et
1941 5566 2062 5619 huic

477 5635 724 5704 epistolae
752 5636 838 5690 ille
876 5636 1172 5702 rescripsit,
1207 5651 1304 5689 nec
1345 5653 1449 5688 non
1477 5638 1540 5688 ad
1571 5637 1909 5688 ordinatores
1945 5635 2060 5703 ejus

479 5714 535 5760 et
562 5705 796 5773 plebem,
819 5716 879 5759 ut
907 5707 1169 5760 indicatur
1190 5709 1347 5776 epist.
1377 5707 1495 5766 115.
1525 5722 1642 5774 cap.
1673 5705 1726 5758 ὅ.
1760 5706 2059 5760 Plenioretn

481 5790 612 5830 vero
641 5776 758 5828 titlei
790 5779 1208 5832 declarationem
1243 5778 1308 5832 ab
1341 5778 1526 5831 eodem
1568 5779 1676 5830 Leo
1706 5777 2054 5839 desideravit,

482 5845 561 5918 uti
587 5846 917 5918 signiﬁcatur
943 5851 1100 5915 epist.
1136 5848 1257 5907 127.
1290 5864 1338 5904 c.
1374 5850 1425 5905 l.
1457 5847 1590 5904 Huic
1617 5861 1794 5904 autem
1827 5848 2056 5918 pieniori

475 5914 835 5987 declarationj
864 5914 1004 5973 nunc
1035 5920 1339 5987 respondet.

2094 5533 2140 5592 D

2168 4293 2541 4360 demonstres,
2590 4295 2686 4349 sed
2731 4309 2794 4349 ea
2843 4294 3084 4348 omnium
3123 4293 3396 4348 insinuare
3449 4289 3766 4360 pectoribus

2167 4399 2285 4456 quae
2327 4385 2646 4441 venerandae
2683 4388 2960 4443 memoriae
3007 4384 3190 4440 Patres
3221 4397 3458 4442 consona
3499 4383 3767 4452 praedica-

2163 4483 2313 4536 tione
2339 4483 2658 4548 docuerunt,
2691 4497 2811 4536 cum
2836 4480 3032 4551 quibus
3058 4488 3241 4534 nostra
3279 4478 3332 4532 in
3357 4477 3609 4532 omnibus
3629 4491 3766 4530 eon-

2165 4577 2355 4632 cordat
2384 4577 2633 4646 cpistola.
2675 4575 2794 4632 Hoc
2831 4585 3012 4630 autem
3057 4589 3164 4628 non
3203 4573 3378 4628 solum
3422 4571 3528 4625 tuis
3554 4569 3766 4638 verbis,

2167 4722 2387 4768 Vocatur
2418 4715 2470 4768 in
2517 4713 2701 4769 codice
2734 4713 2966 4781 Ratisp.,
2998 4720 3052 4767 et
3077 4711 3175 4765 fuit
3206 4725 3342 4765 unus
3376 4724 3439 4764 ex
3489 4707 3593 4781 illis
3621 4723 3766 4781 απαξ

2169 4795 2288 4840 tuor
2327 4785 2594 4856 Egyptiis
2635 4783 2725 4856 qui
2769 4777 3078 4856 nimborum
3104 4783 3401 4856 deseruere
3441 4787 3494 4831 et
3523 4777 3766 4856 Proterii

2165 4848 2493 4912 ortiinatio'n'i
2525 4848 2901 4910 interfuerunt.
2936 4854 3068 4908 Vide
3104 4851 3410 4907 Liberatum
3444 4862 3564 4917 cap.
3596 4848 3684 4903 M.

2243 4937 2267 4965 ο
2296 4928 2509 4981 Initium
2544 4927 2699 4994 hujus
2738 4927 2980 4995 epistolae
3021 4925 3087 4978 ad
3121 4927 3235 4977 ha-c
3274 4936 3451 4995 usque
3479 4920 3644 4975 verba
3673 4935 3767 4974 re-

2173 4997 2279 5052 fert
2309 4999 2449 5051 Beda
2481 4998 2572 5051 lib.
2608 4993 2677 5052 de
2704 4993 2928 5051 Ratione
2949 4995 3278 5062 Temporum
3311 5008 3362 5048 c.
3387 4993 3477 5048 ΔΞ.

2241 5067 2261 5107 f
2300 5068 2614 5122 Addidimus
2640 5083 2731 5121 nos
2750 5081 2815 5122 ex
2835 5081 2933 5122 ms.
2965 5067 3174 5132 Ratisp.

2237 5147 2261 5186 ϐ
2297 5139 2754 5208 Eutycliianorum
2793 5139 2972 5192 dolum
3011 5136 3342 5206 perstringit.
3375 5148 3483 5208 quo
3517 5134 3761 5208 omnibus

2165 5219 2212 5264 et
2242 5199 2421 5263 verbis
2436 5211 2742 5280 insidiantes
2787 5218 2835 5262 et
2865 5199 3077 5280 syllabis
3115 5199 3358 5270 epistolae
3394 5199 3494 5267 '98,
3539 5206 3602 5280 ad
3633 5199 3756 5280 Fla-

2166 5281 2404 5344 vianum,
2437 5296 2555 5334 eam
2591 5277 2905 5334 Nestor-iano
2931 5280 3102 5333 sensui
3130 5292 3412 5349 congruere
3441 5277 3758 5349 ηιενυὶειηυιἶ

2167 5361 2272 5414 tur,
2307 5354 2380 5405 uti
2414 5351 2645 5406 traditur
2676 5366 2797 5418 cap.
2829 5350 2883 5412 2,
2915 5361 2964 5404 et
2992 5347 3474 5416 apertius'epistola
3510 5347 3764 5418 sequt‘nti

2165 5437 2214 5477 c.
2275 5422 2308 5474 '5
2361 5440 2373 5475 :
2438 5422 2793 5484 Quorumdam
2851 5422 3203 5474 Iucreticorum
3269 5429 3469 5473 versuta
3533 5417 3765 5485 nequitia

2164 5493 2233 5546 ad
2269 5493 2675 5548 conturbandam
2712 5503 3006 5546 nostrorum
3034 5491 3418 5556 sitnplicitatem
3440 5531 3453 5549 .
3488 5490 3764 5556 epistolam

2168 5581 2422 5618 nteant....
2472 5563 2686 5634 falsasse
2732 5563 3042 5630 perhibetur.
3089 5572 3140 5615 ut
3181 5562 3506 5634 commutatis
3544 5559 3764 5634 quibus-

2165 5636 2284 5687 dam
2312 5632 2477 5688 verbis‘
2503 5637 2578 5688 vel
2599 5633 2812 5701 syllabis
2837 5645 3149 5701 receptorem
3180 5649 3259 5686 me
3289 5632 3583 5684 Nestorium
3613 5644 3765 5682 erro-

2163 5708 2236 5760 ris
2267 5719 2566 5760 assererem.
2603 5704 2738 5759 ilinc
2772 5707 2928 5774 paulo
2959 5715 3081 5774 post
3107 5704 3494 5758 sententiarum
3521 5704 3625 5754 vim
3650 5713 3765 5774 ne-

2163 5793 2267 5844 que
2291 5779 2607 5846 'adjectione
2634 5773 2810 5848 neque
2845 5776 3272 5832 commutatione
3299 5773 3758 5844 corrumpendum

2162 5858 2366 5903 ttionet.

2233 5917 2404 5992 Fﬂtnc
2433 5935 2602 5992 usque
2630 5919 2699 5976 ad
2741 5934 2855 5992 seq.
2891 5919 3184 5992 periodum
3227 5917 3393 5986 MM
3425 5917 3486 5984 8·
3516 5916 3759 5986 Tm

557 5977 592 6070 ξ
611 5985 768 6051 Apud
803 5985 1002 6077 Bedaut
1046 5977 1343 6084 Nectarius,
1387 5990 1549 6052 male.
1584 5989 1868 6055 Plaetorius
1895 5989 2058 6052 etiam
2160 5990 2282 6060 2-2,
2318 5977 2410 6059 qui.
2446 5977 2534 6059 ll;
2568 6001 2670 6060 art.
2693 5991 2750 6060 2,
2785 5977 2854 6049 ait
2881 5977 2942 6050 2'.
