4072 6358
311 416 442 478 1077

1660 413 1996 474 EPISTOLA
2031 415 2242 472 CXXI.

3449 419 3587 479 £078

309 537 401 596 sed
428 543 484 592 et
509 535 629 607 ipsa
663 534 1086 605 precedentium
1109 542 1135 572 ι
1157 532 1552 603 expositionum
1581 535 1895 592 recitatione
1922 537 1976 599 Α
1999 535 2119 590 illos
2151 536 2220 592 ab
2244 535 2344 591 hac
2367 537 2674 594 obedientia
2701 539 2896 596 debeat
2916 545 3195 602 revocare.
3231 535 3442 615 1253
3461 559 3583 602 cum

313 630 521 705 1255
551 630 959 685 monstrandum
1005 637 1090 684 est
1119 647 1134 687 :
1165 637 1220 686 ut
1251 627 1402 698 plebs
1439 628 1530 682 Dei
1573 630 1786 683 noverit.
1825 643 1886 682 ea

308 723 404 780 sibi
439 720 692 793 presenti
723 723 968 778 doctrina
997 721 1281 786 insinuari,
1304 734 1422 788 que
1452 720 1637 776 Patres
1667 730 1718 774 et
1739 735 1892 777 acce-

309 825 503 889 perunt
529 831 560 872 a
589 817 1020 886 praecedentibus
1041 815 1175 876 suis,
1199 825 1256 869 et
1277 815 1511 882 posteris
1537 813 1889 871 tradiderunt.

311 910 460 968 Unde
489 907 517 948 ι’
557 909 708 965 lentis
737 908 983 978 primitus
1022 908 1397 976 praedictorum
1429 906 1771 962 sacerdmum
1800 921 1891 965 as-

308 1003 657 1072 sertionibus,
690 1013 819 1058 tunc
846 1004 1064 1058 demum
1105 1017 1224 1058 mea
1253 1016 1468 1072 quoque
1514 1004 1714 1072 scripta
1755 1002 1894 1060 rech-

313 1109 495 1157 tentur
510 1118 523 1156 :
539 1108 602 1156 ut
620 1111 781 1155 aures
800 1099 1039 1154 ﬁdelium
1065 1098 1295 1167 probent
1317 1082 1422 1152 non
1442 1097 1590 1152 aliud
1613 1109 1712 1152 nos
1730 1111 1892 1168 quam

305 1195 448 1266 quod
477 1209 506 1247 a
539 1191 835 1262 majoribus
859 1201 884 1230 ο
908 1190 1218 1261 accepimus
1246 1188 1561 1260 prtedicare.
1599 1191 1664 1244 Et
1683 1192 1803 1260 quia
1825 1190 1894 1246 ad

306 1288 422 1343 inec
446 1284 808 1343 discernenda
853 1283 1030 1338 minus
1071 1283 1396 1338 exercitatos
1440 1281 1641 1338 habent
1676 1292 1892 1350 sensus,

303 1395 376 1438 ex
419 1373 639 1436 Patrum
689 1379 879 1432 saltem
910 1377 1107 1432 litteris
1149 1375 1362 1430 discant
1399 1389 1558 1445 quam
1613 1376 1894 1443 antiquum

307 1476 411 1532 hoc
443 1475 643 1530 malum
675 1473 768 1540 sit,
799 1470 942 1542 quod
968 1484 1113 1524 nunc
1140 1465 1168 1506 ἀ
1191 1477 1220 1523 a
1253 1470 1406 1522 nobis
1436 1479 1542 1523 tam
1568 1469 1619 1522 in
1647 1468 1895 1524 Nestorio

307 1583 468 1640 quam
493 1569 547 1622 in
579 1559 839 1636 Eutyche,
870 1564 959 1633 qui
987 1563 1318 1618 crubuerunt
1347 1561 1702 1632 Evangelium
1740 1560 1895 1616 Chri-

309 1661 382 1716 sti
421 1658 716 1716 secundum
759 1657 925 1727 ipsius
966 1654 1180 1711 Domini
1227 1653 1530 1710 doctrinam
1578 1653 1893 1726 praedicare,

303 1753 613 1810 damnatur.

375 1846 507 1904 (In.
540 1844 626 1900 ill.
648 1867 720 1886 --
749 1835 853 1900 Per
877 1841 1058 1897 omnia
1093 1841 1254 1911 igitur
1277 1847 1334 1896 et
1369 1840 1422 1895 in
1451 1839 1578 1894 fidei
1611 1836 1816 1911 regula,
1845 1848 1900 1897 et

1995 629 2112 686 talis
2143 631 2296 686 nobis
2337 639 2392 688 et
2422 633 2526 688 ﬁde
2566 643 2621 688 et
2652 635 2891 691 moribus
2935 637 3232 691 innotuerit
3278 639 3585 696 Iratcrnitas

1991 731 2102 789 tua,
2133 732 2194 780 ut
2217 725 2312 779 tibi
2339 725 2409 780 de
2429 727 2752 782 auctoritate
2783 727 3201 796 praecedentium
3227 731 3578 788 decessurum

1991 825 2212 872 tuorum
2246 817 2375 873 nihil
2405 821 2673 889 patiamur
2701 819 2968 888 imminui,
2995 830 3091 878 aut
3127 833 3179 879 te
3204 820 3425 894 impune
3453 839 3584 880 con-

1993 910 2178 966 temni.
2213 911 2347 966 Data
2374 923 2530 968 sexto
2557 913 2676 971 idus
2704 912 2914 981 Martii,
2948 917 3104 972 Aetio
3138 923 3192 972 et
3223 916 3412 975 Studio
3451 918 3583 974 Vit-is

1988 1003 2305 1062 clarissimis
2332 1017 2477 1062 coss.

2493 1102 2829 1160 EPISTOLA
2857 1102 2873 1156 ἱ
2902 1101 3115 1160 CXXX.

2385 1205 2413 1250 ι
2442 1227 2510 1270 ΑΒ
2545 1228 2857 1273 ιλιιοιλκυκ
2886 1225 3184 1273 Αυςῠετυιι.

2000 1323 2320 1406 ISYNOPSIS.
2355 1357 2426 1406 -_-
2463 1325 2506 1383 1.
2552 1329 2627 1384 De
2671 1330 2794 1406 [ide
2819 1330 3046 1406 Protei-ii
3093 1332 3442 1406 Alexandrini
3478 1335 3584 1406 epi-

2067 1401 2208 1468 sc0pi
2239 1401 2549 1470 gratulatur.
2580 1432 2649 1440 —
2671 1401 2736 1455 ll.
2762 1401 3140 1457 Alexandrinos
3168 1421 3230 1457 ea:
3263 1420 3370 1458 suae
3396 1401 3582 1457 Eccle-

2068 1473 2167 1545 sia:
2186 1471 2464 1545 traditione
2487 1472 2548 1524 ab
2577 1472 2668 1545 i_llo
2697 1490 2803 1526 esse
2833 1474 3135 1527 edocendos.
3169 1505 3238 1515 —
3263 1475 3348 1529 Ill.
3383 1472 3448 1530 Ut
3474 1477 3583 1545 epi-

2070 1544 2201 1614 stola
2245 1542 2426 1596 Leonis
2476 1545 2542 1596 ad
2573 1542 2880 1597 Flavinnun
2924 1546 2988 1599 ab
3030 1547 3279 1599 hrereticis
3313 1542 3584 1614 falsata'itt

2073 1613 2329 1738 bGlrrecunr
2351 1615 2692 1684 transferatur
2721 1615 2784 1670 de
2819 1632 2968 1686 novo,
3005 1626 3052 1672 et
3089 1617 3454 1674 Alexandrinis
3489 1634 3586 1688 pat-

2126 1701 2200 1738 tce
2229 1694 2481 1738 recrtetttr.

2126 1694 2200 1740 tce
2229 1694 2481 1740 recttetur.

2282 1802 2392 1860 Leo
2421 1802 2706 1874 episcopus
2743 1802 3019 1862 MARCIANO
3049 1805 3310 1876 Augusto.

308 1940 364 1996 in
392 1937 732 1995 observantia
758 1935 1074 2005 disciplinae,
1097 1933 1382 1989 remittatis
1407 1943 1594 1987 norma
1626 1943 1893 1996 servetur,
1927 1928 1976 1991 B
2069 1937 2203 1994 Car.
2237 1937 2276 1991 i.
2306 1968 2376 1979 —
2405 1939 2700 1995 Puritatem
2752 1939 2873 1996 ﬁdei
2917 1937 3238 1996 Christianae
3258 1983 3274 2008 ,
3331 1955 3435 2012 qua
3481 1940 3590 2000 cle-

305 2035 365 2088 et
411 2029 628 2086 dilectio
676 2037 765 2083 tua
813 2026 1168 2083 constantiam
1217 2023 1426 2093 proridi
1479 2026 1707 2080 rectoris
1739 2038 1899 2080 exer-

303 2127 458 2187 ceat;
497 2129 556 2174 ut
598 2120 772 2188 prosit
804 2117 1182 2172 Alexandrinas
1212 2116 1492 2178 Ecclesiae,
1524 2116 1666 2184 quod
1701 2118 1900 2184 impro-

305 2214 392 2270 ba
430 2206 785 2283 quorumdam
823 2205 1124 2278 ambitioni,
1164 2215 1378 2263 servato
1403 2209 1430 2239 ⁶
1462 2217 1703 2264 veterum
1735 2205 1899 2276 privi-

303 2305 570 2377 iegiorum
612 2304 754 2373 jure,
801 2302 1064 2358 sollicitus
1105 2301 1340 2366 obviavi,
1382 2313 1438 2356 et
1468 2299 1487 2338 ί
1532 2301 1902 2369 meti-upolita-

303 2398 396 2458 nis
424 2391 676 2454 omnibus
709 2397 931 2451 illiBSam
969 2401 1188 2451 manere
1216 2395 1361 2450 volui
1390 2393 1732 2465 dignitatem,
1760 2392 1901 2449 sicut

303 2498 422 2545 sex
465 2489 820 2559 epiStolarum
861 2501 1125 2555 mearum,
1167 2499 1303 2557 quas
1347 2485 1412 2540 ad
1459 2495 1700 2539 sanctam
1740 2498 1901 2556 syno-

302 2583 460 2650 dtJm,
506 2581 590 2639 vel
631 2581 698 2637 ad
737 2579 1259 2638 Christianissimum
1310 2581 1630 2650 principem,
1671 2577 1788 2632 sire
1833 2577 1900 2632 ad

301 2671 966 2744 Constantinopolitnnum
1017 2674 1327 2743 episcopum
1380 2673 1521 2738 misi,
1568 2680 1755 2726 tenore
1807 2685 1903 2726 eos

303 2776 576 2841 gnosces;
615 2766 1006 2836 manifesteque
1041 2768 1342 2836 perspicies
1370 2764 1474 2821 hoc
1515 2765 1750 2836 speciale
1781 2770 1902 2820 esse

306 2863 692 2921 sollicitudinis
725 2878 878 2925 meae,
911 2871 971 2915 ut
998 2876 1173 2930 neque
1211 2875 1240 2914 a
1272 2859 1392 2914 fidei
1427 2861 1605 2928 regula
1634 2859 1688 2914 in
1721 2859 1900 2914 Eccle-

306 2958 407 3016 siis
436 2957 650 3012 Domini
680 2955 947 3024 devictur,
978 2969 1152 3014 neque
1183 2955 1234 3007 in
1270 2953 1560 3023 privilegiis
1591 2951 1788 3022 aliquid
1809 2967 1902 3007 cu-

305 3049 564 3122 jusquam
593 3047 932 3120 improbitate
954 3048 1247 3102 minuatur.
1271 3043 1402 3112 Quas
1425 3062 1546 3100 cum
1569 3046 1641 3102 ita
1671 3047 1800 3111 sint,
1823 3054 1901 3102 te-

312 3153 448 3200 neat
477 3141 787 3198 fraternitas
811 3142 900 3196 tun
925 3153 1146 3195 suorum
1179 3139 1626 3195 consuetudinem
1651 3138 1903 3195 decesso-

306 3251 457 3306 rum,
491 3245 546 3293 et
568 3233 1054 3308 comprovincialos
1076 3248 1202 3290 suos
1229 3233 1531 3305 episcopos,
1555 3235 1644 3304 qui
1670 3234 1901 3290 Alexan-

2001 2029 2200 2084 mentia
2226 2037 2406 2084 Vestra
2438 2030 2740 2100 praefulget,
2763 2031 2932 2087 etiam
2974 2029 3057 2088 Itis
3082 2033 3275 2088 litteris
3323 2049 3453 2106 quas
3476 2034 3588 2092 fra-

2001 2126 2086 2177 ter
2113 2129 2167 2176 et
2194 2124 2547 2192 coepiSCOpus
2571 2137 2722 2180 meus
2749 2133 2788 2161 ιι
2810 2125 3091 2181 Nestorius
3128 2127 3338 2196 detulit,
3369 2127 3592 2185 demon-

2002 2215 2235 2275 straslis,
2258 2214 2614 2282 iustissimum
2649 2215 2796 2272 fratri
2835 2233 2956 2273 meo
2984 2212 3228 2274 Proterio
3268 2217 3592 2276 Alexandri-

2005 2315 2091 2360 ηαξ
2136 2305 2285 2362 urbis
2332 2305 2556 2363 antistiti
2599 2308 2971 2376 impendentes
3001 2309 3262 2377 favorem,
3304 2326 3411 2381 quo
3456 2312 3596 2369 mihi

2003 2412 2099 2469 per
2125 2400 2303 2454 omnia
2337 2411 2475 2455 esset
2509 2401 2801 2470 acceptior.
2837 2401 2969 2457 Nam
2999 2402 3082 2457 cui
3110 2410 3288 2458 vestra
3317 2405 3484 2472 pietas
3514 2415 3594 2461 te-

2004 2493 2316 2549 stimonium
2346 2501 2372 2530 ¹³
2405 2494 2693 2564 perbibere
2741 2495 3013 2567 dignatur,
3049 2497 3410 2553 indubitanter
3449 2509 3596 2554 esset

2005 2586 2337 2658 probandus,
2371 2588 2580 2643 etiamsi
2611 2595 2832 2643 taceret.
2875 2587 2980 2644 Sed
3008 2589 3215 2644 accedit
3244 2589 3307 2644 ad
3338 2591 3587 2660 gratiam,

2005 2679 2145 2750 quod
2179 2678 2397 2750 proprio
2415 2693 2626 2748 quoque
2656 2695 2907 2736 sermone
2923 2679 2944 2700 ⁸
2961 2682 3325 2752 cognoscitur,
3351 2690 3404 2738 et
3425 2697 3592 2752 quam

2003 2765 2247 2826 sincerus
2293 2773 2364 2825 sit
2410 2769 2663 2828 catholici
2715 2771 2980 2843 dogmatis
3026 2773 3364 2844 praedicator,
3423 2775 3594 2843 ipsius

2004 2861 2342 2932 professione
2372 2863 2640 2919 clarescit.
2679 2862 2836 2921 Unde
2881 2864 3193 2934 plenissimo
3225 2865 3420 2921 aﬂ‘ectu
3450 2865 3590 2922 dile-

2005 2955 2241 3011 ctionem
2270 2955 2552 3010 orthodoxi
2582 2955 2765 3010 fratris
2797 2958 3117 3027 amplector,
3167 2969 3221 3013 et
3252 2959 3362 3013 Deo
3392 2959 3596 3028 gratias

2005 3067 2125 3122 ago,
2166 3049 2308 3121 quod
2337 3060 2569 3105 I‘amoio
2615 3065 2680 3105 eo
2722 3053 2811 3121 qui
2854 3049 3145 3120 Evangelio
3187 3050 3389 3106 Christi
3427 3049 3598 3106 voluit

2005 3145 2296 3211 contraire,
2326 3152 2430 3200 eta
2463 3156 2771 3200 sanctorum
2804 3143 3018 3199 Patrum
3049 3145 3399 3211 intelligentia
3432 3143 3595 3199 dissi~

2006 3236 2155 3305 dere,
2185 3247 2214 3288 ιι
2242 3226 2400 3292 talem
2451 3236 2725 3306 prosjtexit
2772 3235 3152 3291 Alexandrinae
3203 3233 3460 3291 Ecclesiae
3504 3251 3595 3291 sa-

306 3325 485 3390 drinre
525 3330 641 3387 sedi
674 3329 702 3368 ιι
725 3346 792 3386 ex
823 3329 1042 3398 antiqua
1085 3327 1472 3384 constitutione
1499 3329 1724 3398 subjecti
1757 3337 1901 3394 sunt.
1930 3321 1976 3383 C
2010 3333 2306 3398 cerdotem,
2336 3329 2427 3402 qui
2450 3327 2881 3401 praecedentibus
2914 3327 3213 3383 rectoribus
3244 3336 3298 3382 et
3329 3328 3432 3384 (ide
3461 3342 3595 3382 con-

303 3437 552 3496 eongrua
580 3424 685 3480 sibi
715 3423 1033 3479 auctoritate
1061 3423 1335 3477 contineat
1367 3438 1380 3474 t
1413 3429 1471 3476 ut
1493 3423 1627 3477 mori
1650 3421 1905 3476 ecclesia-

307 3515 450 3575 SIico
482 3531 591 3574 non
621 3511 906 3581 resultent,
938 3515 1031 3570 sed
1061 3515 1146 3570 vel
1176 3515 1391 3569 statutis
1420 3513 1770 3584 temporibus,
1815 3514 1905 3571 vel

304 3629 432 3670 cum
471 3611 612 3669 ratio
656 3626 834 3667 causae
880 3607 1109 3680 alicujus
1147 3607 1427 3681 exegerit},
1478 3609 1544 3664 ad
1584 3609 1901 3665 citaritatem

308 3715 458 3762 tuam
487 3702 508 3743 ί
542 3704 836 3761 convenire
859 3711 964 3758 non
991 3701 1276 3768 diferant;
1309 3701 1432 3757 etsi
1462 3701 1611 3772 quid,
1641 3702 1780 3772 quod
1806 3703 1908 3758 Ec-

309 3795 497 3855 clesize
524 3799 594 3854 sit
630 3794 952 3852 utilitatibus
986 3795 1344 3865 profuturum,
1378 3807 1445 3849 ex
1490 3798 1764 3851 communi
1793 3798 1908 3855 col-

311 3892 520 3951 latione
541 3886 880 3948 tractandum
911 3897 1017 3955 est,
1045 3888 1268 3944 collecm
1293 3889 1344 3944 in
1379 3905 1541 3943 unum
1568 3888 1908 3949 fraternitate

311 3985 644 4044 unanimiter
679 3977 990 4042 ordinatur.
1028 3981 1145 4039 Non
1174 3982 1318 4038 enim
1349 3982 1458 4038 ulla
1493 3997 1653 4039 causa
1685 3992 1906 4056 estquae

387 4173 417 4202 ι
447 4162 770 4233 Quesnellus
792 4205 807 4228 .
856 4160 1176 4233 expositione
1209 4156 1609 4233 etgrecitatione.
1661 4159 1909 4233 Ratispo-

315 4227 505 4292 Densis
536 4227 822 4290 lectionem
860 4227 1211 4304 prletuiimtts.
1250 4227 1603 4286 Prwcedentes
1633 4227 1911 4300 expositio-

315 4323 434 4371 nes,
462 4305 683 4361 Patrum
717 4305 873 4370 paulo
916 4311 1516 4370 :inte,memoratorum,
1561 4305 1649 4369 qni
1680 4304 1911 4356 Alexan-

315 4379 533 4432 drinam
579 4381 759 4432 sedem
808 4377 1176 4442 obtinuerunt,
1234 4374 1537 4428 testimonia
1584 4375 1908 4442 signiﬁcant,

317 4449 694 4530 qu-.e_qnidem
739 4447 1013 4530 aliquanto
1041 4455 1172 4530 post
1216 4447 1265 4498 in
1316 4444 1548 4530 [Ecclesia
1577 4443 1698 4530 _legi
1727 4445 1910 4514 jubet;

318 4514 618 4592 quodin-in
645 4514 842 4592 repetit
863 4533 928 4585 cp
954 4518 1088 4592 stola
1116 4519 1386 4586 sequenti,
1429 4530 1546 4585 cap.
1577 4514 1632 4572 5.

393 4588 426 4630 1³
462 4589 596 4646 Vide
619 4586 727 4643 not.
762 4586 1058 4652 Quesnelli.

401 4672 428 4700 ο
463 4660 551 4715 Sic
591 4675 693 4715 nts.
719 4659 925 4727 Ratisp.
956 4657 1298 4729 Qttesnellus,
1327 4657 1626 4729 accipimus.

359 4803 373 4815 _
395 4731 430 4769 (³
462 4731 668 4803 Ratisp.
707 4731 853 4787 delet
878 4746 911 4784 α
949 4728 1116 4797 nobis,
1155 4729 1251 4786 sed
1294 4728 1479 4802 postea
1511 4728 1673 4785 habet
1703 4729 1915 4786 damna-

321 4820 491 4859 minus
501 4842 516 4856 .

409 4884 434 4914 ο
464 4871 809 4943 Quesnellus,
845 4887 1108 4926 verorum.
1132 4871 1207 4925 Ex
1243 4869 1448 4943 Ratisp.
1493 4871 1914 4943 emendavimus.

321 5003 336 5015 ι
409 4943 428 4984 ί
470 4940 1003 5015 ﬂetropolitanorum
1051 4944 1265 5015 nomine
1300 4941 1496 5015 ipsum
1543 4940 1917 4998 Alexandrina:

324 5013 594 5072 Ecclesiae
621 5013 927 5083 episcopum
953 5013 1381 5082 comprehendit,
1415 5023 1467 5067 et
1506 5015 1714 5069 videtur
1744 5017 1915 5085 respi-

325 5103 458 5143 cere
486 5088 762 5141 Nicaenum
789 5098 1050 5139 canonem
1083 5095 1314 5148 sextum,
1360 5086 1411 5138 in
1439 5099 1544 5153 quo
1572 5089 1682 5141 Sulzt
1715 5096 1918 5140 metro-

324 5158 700 5228 pplitanorum
748 5157 1075 5228 nuncupatio
1122 5155 1336 5223 legitur.
1388 5155 1521 5209 ilinc
1563 5158 1724 5210 etiam
1757 5157 1921 5211 totius

327 5226 556 5298 Egypti
599 5227 882 5298 episc0p0s
914 5227 1072 5295 paulo
1109 5237 1228 5294 post
1268 5227 1715 5298 comprovinciales
1746 5237 1920 5295 γοοςιι,

328 5313 401 5356 eo
419 5297 579 5368 quod
613 5297 710 5368 pro
736 5312 843 5354 una
871 5298 1145 5369 provincia
1174 5305 1285 5351 tota
1317 5297 1581 5369 Egyptus
1615 5301 1918 5354 haberetur.

408 5377 437 5417 ε
464 5367 812 5450 Qttesnellus,
842 5379 890 5450 et
915 5367 1265 5448 epistolarum.
1302 5367 1703 5450 Correctionem
1730 5386 1924 5450 suppe-

329 5439 534 5496 ditavit
561 5440 735 5495 codex
763 5439 992 5508 Ratisp.,
1025 5441 1112 5507 qni
1143 5454 1262 5492 mox
1296 5440 1490 5494 omittit
1522 5457 1764 5495 mearum.
1793 5443 1921 5496 Dein

331 5527 471 5566 vero
517 5511 700 5577 habet,
731 5510 820 5565 sed
860 5519 906 5562 et
946 5508 1581 5581 Constantitwpolitanum.
1621 5529 1682 5566 ac
1711 5525 1917 5578 postea,

332 5582 684 5666 sollicitudini
729 5596 875 5645 mete,
919 5591 973 5637 ut
1019 5597 1177 5652 neque
1213 5599 1245 5636 a
1288 5583 1392 5652 [ide
1432 5584 1487 5637 in
1527 5581 1770 5639 Ecclesiis
1813 5583 1921 5639 Do-

333 5656 495 5719 mini,
527 5665 630 5712 etc.

412 5727 449 5798 ει
473 5725 898 5798 Propositionem
927 5741 989 5780 ea:
1013 5725 1154 5798 idem
1182 5723 1348 5779 codex
1390 5723 1597 5793 Ettisp.
1625 5726 1922 5798 jsuggessit.

413 5797 433 5836 ι
469 5797 540 5852 lta
571 5797 633 5853 es
667 5797 857 5851 eodem
885 5797 1092 5852 codice.
1131 5797 1299 5861 Alias,
1334 5798 1516 5850 venire.

425 5865 618 5940 iiAlias
643 5868 764 5940 tO-l.
791 5869 920 5935 Qum
947 5878 1122 5940 autem
1153 5878 1308 5925 antea
1338 5869 1440 5926 150
1461 5877 1598 5940 erat,
1634 5884 1774 5928 nunc
1801 5868 1923 5927 160.

337 5933 562 6007 Scripta
595 5940 660 5999 10
689 5933 858 5997 Martii
889 5954 978 5995 an.
1014 5938 1142 5996 454.

1948 4962 2087 5044 DCO

2013 3429 2262 3485 cordaret
2298 3435 2353 3481 et
2379 3426 2506 3481 vita.
2541 3424 2672 3481 Nam
2713 3440 2832 3480 cum
2871 3423 3078 3496 1357
3114 3423 3364 3493 amplecti
3395 3439 3456 3480 se
3483 3423 3598 3494 epi-

2009 3523 2206 3577 stolam
2243 3534 2440 3585 meam,
2473 3534 2632 3589 quam
2674 3514 2738 3572 ad
2773 3515 2946 3573 beata:
2983 3516 3259 3571 memoriae
3284 3516 3599 3571 Flavianum

2012 3627 2198 3671 contra
2224 3611 2500 3684 Eutychen
2528 3621 2551 3650 τ
2581 3609 2806 3681 impium
2851 3609 2992 3674 misi,
3028 3619 3139 3664 toto
3181 3608 3348 3663 corde
3381 3611 3599 3676 proiite—

2013 3717 2120 3777 tur,
2145 3709 2270 3780 quid
2302 3707 2446 3763 aliud
2478 3721 2636 3777 quam
2667 3705 3033 3777 apostolorum
3075 3717 3135 3757 se
3172 3702 3408 3757 ostendit
3431 3705 3455 3737 ⁸
3480 3711 3600 3756 esse

2013 3799 2372 3872 discipulum?
2423 3801 2689 3870 Quoniam
2731 3800 2973 3855 doctrina
3017 3795 3261 3853 veritatis
3304 3795 3357 3850 in
3400 3797 3599 3851 lumine

2015 3909 2114 3952 sino
2155 3903 2456 3966 permanet,
2503 3901 2558 3948 et
2596 3907 2702 3947 non
2754 3899 2930 3961 potest
2971 3904 3090 3947 esse
3123 3888 3417 3956 diversum,
3459 3887 3601 3958 quod

2015 4001 2182 4043 unum
2204 3995 2289 4044 est
2320 3985 2339 4023 ί
2365 3996 2527 4056 atque
2570 3982 2925 4040 individuum.

2083 4159 2112 4201 ἰ
2144 4162 2332 4218 Esstat
2362 4163 2413 4218 in
2445 4177 2574 4218 mss.
2619 4155 2836 4217 collect.
2883 4159 3056 4227 liisp.,
3104 4157 3230 4215 Isid.
3266 4158 3353 4224 il,
3387 4149 3476 4228 η,
3511 4159 3597 4228 18,

2017 4236 2164 4304 ιθξρι
2193 4235 2254 4288 21
2297 4249 2464 4304 usque
2502 4233 2566 4288 ad
2595 4231 2687 4292 24.
2721 4247 2782 4286 ac
2810 4233 2859 4285 in
2891 4231 3138 4304 exemplo
3169 4230 3432 4304 S_iclt:trdi.

2091 4302 2109 4342 ι
2137 4306 2188 4358 In
2223 4293 2493 4373 llisp.'ltic
2527 4305 2706 4359 titultt~
2743 4304 2936 4371 legitur
2964 4320 2975 4355 :
3002 4293 3153 4355 [Ὧι]
3185 4301 3418 4355 Proterio
3448 4299 3604 4356 Alex.

2019 4377 2235 4446 andrino
2280 4379 2538 4446 episwpo,
2577 4388 2633 4430 ut
2659 4377 2888 4443 priorum
2921 4389 3133 4426 suorum
3159 4373 3361 4446 decreta
3401 4387 3605 4426 conser-
3685 4401 3696 4413 -

2018 4459 2113 4501 vet.
2143 4445 2204 4501 ll.
2243 4445 2340 4502 Ubi
2372 4448 2596 4516 postulat
2642 4449 3002 4512 imperatorem
3048 4455 3102 4497 ut
3148 4445 3606 4516 epistolanrgnam

2019 4521 2084 4573 ad
2115 4511 2425 4572 Flavianum
2457 4511 3080 4587 Constantinopolilanum
3113 4515 3320 4568 miserat
3342 4516 3397 4568 in
3426 4511 3607 4569 Grch

2021 4591 2324 4643 translatam
2354 4590 2719 4644 Alexandrina:
2743 4585 2986 4641 Ecclesia:
3015 4588 3250 4639 destinet.

2089 4669 2127 4699 ηε
2160 4662 2312 4731 Vulg.
2345 4664 2549 4730 antiqui
2588 4676 2708 4714 cum
2747 4658 3131 4731 Iussucollect.
3162 4659 3233 4731 ἓξ
3259 4666 3327 4731 el_
3344 4655 3608 4731 Sicltat'tlo

2020 4725 2322 4804 perperam,
2374 4725 2733 4788 Nestorianus.
2765 4726 2963 4784 Confer
2992 4737 3172 4784 annot.
3203 4728 3238 4784 ὅ
3264 4727 3400 4801 (Col.
3430 4725 3605 4798 1075,

2021 4802 2074 4858 rt.
2091 4802 2117 4840 ά
2139 4804 2156 4875 )
2181 4805 2230 4857 in
2256 4805 2409 4872 epist.
2443 4804 2855 4875 praecedentem.

2091 4870 2240 4930 1nMs.
2266 4870 2497 4942 Ratisp.,
2531 4873 2772 4946 pra’bere.
2811 4870 2936 4946 Moti
2978 4870 3219 4940 probatus
3247 4871 3302 4927 in
3325 4887 3458 4928 mss.
3484 4870 3605 4928 Vat.

2090 4947 2233 5001 llect.
2272 4947 2418 5016 Hisp.
2454 4959 2507 5001 et
2533 4942 2664 5000 'lsid.
2702 4945 2758 5016 il
2793 4953 2846 4996 et
2871 4942 2962 4998 Ἡ.

2097 5029 2120 5055 ο
2153 5019 2292 5073 Editi
2333 5011 2631 5073 anteriores
2685 5013 2888 5082 Quesn.
2936 5029 3056 5066 cum
3103 5028 3233 5069 mss.
3279 5014 3506 5082 collect:
3543 5011 3606 5067 ll

2026 5096 2083 5145 et
2107 5088 2200 5146 21.
2249 5099 2610 5159 cognoscatur,
2659 5081 2720 5142 et
2763 5086 2886 5140 dein
2924 5084 3198 5142 clarescat.
3245 5085 3440 5142 Postea
3481 5081 3614 5138 Inde

2026 5177 2124 5233 pro
2153 5160 2302 5233 [Inde
2329 5177 2382 5233 tu
2406 5160 2613 5233 Ratisp.

2097 5243 2124 5282 Ρ
2153 5231 2282 5284 Cod.
2316 5230 2509 5294 Gritn.,
2559 5225 2823 5282 damnato.
2867 5227 2995 5280 Dein
3039 5226 3309 5280 dissentire
3355 5239 3457 5291 pro
3498 5225 3612 5278 dis.

2025 5304 2193 5424 sildere;
2233 5305 2282 5355 in
2314 5303 2548 5371 antiquis
2584 5300 2734 5372 Vulg.
2777 5313 2898 5354 cum
2941 5311 3069 5353 mss.
3112 5298 3322 5352 collect.
3351 5298 3422 5352 24
3450 5305 3504 5351 et
3528 5295 3610 5353 Siv
3649 5341 3654 5346 .

2027 5389 2058 5424 C
2080 5390 2176 5424 lari
2201 5389 2254 5424 0.

2027 5374 2254 5430 chardo.

2102 5454 2129 5494 (ι
2155 5441 2323 5498 Codd.
2359 5441 2478 5497 Vat.
2500 5438 2680 5513 Hisp.,
2710 5439 2862 5507 lsid.,
2908 5447 2961 5494 et
2990 5438 3201 5513 collect.
3233 5438 3295 5492 li
3331 5445 3386 5492 et
3413 5435 3614 5513 ειμι.

2030 5525 2192 5570 ternm
2231 5516 2529 5586 prospexit;
2575 5509 2630 5569 εἰ
2675 5514 2801 5570 dein
2857 5510 3124 5580 amplexus
3167 5517 3297 5565 esset
3342 5509 3614 5577 epistolam

2029 5604 2140 5641 mea
2147 5607 2192 5640 ιη
2203 5627 2211 5636 .

2105 5669 2126 5696 ι
2158 5657 2319 5714 lidcnt
2346 5657 2581 5716 codices.
2609 5674 2723 5719 ante
2744 5673 2861 5710 cum
2881 5655 3090 5726 impium
3113 5654 3164 5708 in
3191 5659 3298 5709 toto
3317 5652 3471 5707 corde
3494 5667 3612 5726 pro.

2031 5730 2226 5800 βιαίαν,
2260 5731 2393 5797 misi,
2424 5730 2545 5799 quid
2576 5728 2742 5785 aliud.
2775 5741 2877 5781 etc.

2109 5810 2130 5838 ⁸
2168 5794 2398 5854 Veritum
2427 5794 2534 5855 esse
2564 5801 2806 5860 ignorant
2827 5808 3036 5853 veteres
3070 5797 3353 5864 editiones,
3377 5804 3430 5852 et
3451 5794 3611 5853 codd.

2035 5871 2241 5940 Ratisp.
2275 5871 2394 5926 Vat.
2425 5873 2634 5926 collect.
2659 5869 2730 5925 24
2757 5881 2916 5939 atque
2948 5869 3256 5923 Sicltardus.

2110 5942 2131 5980 ‘
2163 5937 2317 6011 Vulg.
2349 5953 2472 6000 ante
2496 5942 2697 6008 Quesn.
2722 5937 2844 5998 cuni
2865 5940 3162 5997 \'ittil~ltoti.
3201 5941 3371 6009 llisp.,
3404 5937 3609 6009 Ratisp.
