4072 6358
495 402 628 463 1079

1618 399 1676 456 S.
1716 398 1954 456 LEONIS
1994 399 2204 455 MAGNI
2248 399 2620 457 EPISTOME.

3621 397 3761 456 mou

560 521 689 577 Cn.
736 518 801 575 II.
831 546 902 561 —
928 515 1195 587 Rescripsi
1242 516 1418 585 itaque
1455 515 1713 586 prtadicto
1735 517 1887 572 fratri
1923 518 2065 588 quod
2092 524 2141 582 Α
2170 529 2367 591 gruunt
2393 522 2757 590 acquiescant.
2792 517 2846 571 In
2880 532 2987 589 quo
3018 531 3182 588 opere
3209 517 3433 573 multum
3476 530 3762 573 consacer-

494 614 676 677 debui,
708 623 867 679 atque
897 619 922 646 ⁸
954 610 1005 663 in
1037 619 1222 664 sancto
1261 608 1436 664 studio
1480 617 1537 663 ut
1573 620 1941 679 perseveraret
1980 610 2073 665 ad-

490 704 691 759 monui.
728 702 825 769 Qui
855 701 968 755 sine
998 700 1158 754 dubio
1189 701 1519 755 constantior
1549 702 1679 767 erit,
1704 702 1749 756 si
1778 702 1937 756 etiam
1960 702 2071 757 cIe-

486 796 705 850 mentiar
754 801 943 847 vestra:
1006 794 1465 848 cohortationibus
1516 794 1817 863 adjuvetur.
1868 796 1976 851 Nec
2020 797 2071 851 in

487 889 668 957 aliquo
694 903 814 941 eum
856 896 1054 942 terreat
1088 888 1439 957 quorumdam
1484 889 1732 957 imperita
1775 890 2067 959 dissensio,

487 996 623 1048 quos
655 995 945 1051 paucorum
978 980 1347 1036 haereticorum
1373 983 1798 1052 instigationibus
1821 984 2074 1053 ignoran-

489 1071 560 1123 tia
592 1069 618 1107 δ
654 1070 781 1123 facit
806 1071 1085 1124 obnoxios.
1120 1071 1271 1137 Quod
1315 1086 1442 1141 ergo
1489 1088 1581 1127 sua
1621 1083 1642 1111 ε
1675 1074 1953 1145 diligentia
1987 1091 2073 1131 as-

485 1162 639 1231 sequi
665 1170 952 1229 nequeunt,
979 1172 1280 1229 opportune
1305 1178 1490 1217 eorum
1520 1164 1821 1219 insinuetur
1842 1166 2067 1221 auditni.

485 1254 551 1308 Et
578 1270 645 1309 ne
685 1263 1012 1308 memoratus
1054 1270 1186 1308 nova
1230 1256 1450 1321 inferre,
1485 1268 1537 1310 et
1586 1258 1797 1327 propria
1831 1257 2071 1313 videatur

485 1356 751 1412 astruere,
784 1346 1166 1400 vcnerabilinm
1212 1347 1429 1401 Patrum
1471 1350 1557 1417 qui
1595 1349 1767 1403 eidem
1814 1348 2071 1405 Ecclesia:

486 1439 834 1508 prmfucrnut,
860 1442 1058 1508 scripta
1088 1438 1114 1475 ἀ
1146 1441 1477 1508 relegantur;
1511 1451 1564 1496 et
1593 1442 1717 1510 quid
1748 1442 1808 1494 Β.
1833 1444 2071 1498 Athana-

485 1533 619 1597 sius,
644 1533 768 1598 quid
797 1532 1145 1601 Thmphilus,
1167 1532 1291 1601 quid
1317 1533 1567 1603 Cyrillus,
1594 1533 1719 1603 quid
1751 1534 1912 1588 etiam
1937 1543 1960 1571 ο
1980 1536 2069 1590 alii

483 1622 788 1677 Orientales
821 1624 1060 1692 magistri
1103 1625 1168 1677 de
1209 1626 1575 1680 incarnatione
1625 1626 1839 1681 Domini
1881 1642 2068 1683 sense-
2124 1639 2129 1645 ‘

484 1715 612 1778 rint,
644 1724 1067 1781 recognoscant;
1103 1713 1122 1752 ί
1173 1731 1272 1769 nec
1310 1718 1757 1784 repullulantibus
1797 1719 2071 1789 decipian-

485 1816 573 1861 tur
632 1809 936 1872 erroribus,
986 1809 1077 1877 qui
1126 1810 1252 1863 olim
1308 1810 1597 1879 evangelici
1645 1813 1911 1867 sermonis
1947 1822 2071 1867 sunt

2179 614 2317 667 dotis
2372 617 2384 663 ι
2428 614 2529 667 mei
2579 612 2861 667 devotione
2906 611 3179 681 gaudebo,
3224 620 3277 665 et
3333 624 3547 679 semper
3595 610 3763 679 ipsius

2176 706 2528 759 unanimitate
2556 706 2781 758 laetabor
2811 722 2823 757 :
2858 704 2978 774 quia
3004 703 3237 759 fraterna
3268 718 3369 773 pax
3393 717 3500 757 non
3528 700 3681 757 nisik
3712 703 3763 757 in

2178 815 2278 853 una
2304 799 2426 854 lidci
2457 798 2792 855 confessione
2828 806 3095 853 servatur.

2249 892 2375 945 CAP.
2426 892 2511 945 Ill.
2538 921 2608 933 —
2646 892 2778 959 Quia
2822 906 2953 948 vero
2990 890 3341 962 quorumdam
3382 888 3763 945 haereticorum

2174 993 2393 1037 versuta
2421 984 2653 1053 nequitia
2684 984 2747 1041 ad
2781 983 3200 1039 conturbandam
3238 980 3255 1018 ι
3294 990 3603 1037 nostrorum
3630 981 3764 1036 sim-

2174 1077 2487 1147 plicitatem,
2519 1075 2799 1143 epistolam
2836 1090 3032 1142 meam,
3062 1089 3221 1144 quam
3257 1074 3325 1128 ad
3359 1076 3530 1128 beate
3562 1086 3766 1127 memoc

2173 1171 2268 1225 ria:
2299 1169 2611 1223 Flavianum
2655 1168 2799 1235 dedi,
2826 1169 3049 1223 falsasse
3073 1168 3408 1235 perhibetur,
3436 1176 3497 1221 ut
3523 1181 3767 1221 commu-

2174 1262 2297 1315 tatis
2324 1260 2639 1331 quibusdam
2664 1270 2703 1297 ω
2728 1260 2910 1316 verbis
2939 1259 3025 1315 vel
3052 1259 3298 1329 syllabis,
3320 1267 3654 1327 receptorem
3677 1271 3767 1312 me

2172 1352 2477 1409 Nestoriani
2524 1355 2725 1409 erroris
2779 1361 3092 1409 assereret:
3138 1354 3366 1407 obsecro
3401 1350 3766 1406 venerabilem

2173 1448 2515 1503 clementiam
2548 1456 2782 1502 vestram
2813 1455 2872 1500 ut
2912 1444 3154 1500 eamdem
3202 1444 3483 1513 epistolam
3526 1457 3622 1512 per
3659 1443 3766 1495 fra-

2175 1548 2310 1593 trem
2355 1554 2531 1593 meum
2563 1539 2831 1594 lulianum
2872 1538 3207 1606 episcopum,
3241 1536 3325 1592 vel
3352 1549 3446 1591 eos
3472 1550 3607 1605 quos
3643 1534 3763 1588 ido-

2173 1644 2305 1683 neos
2326 1629 2391 1683 ad
2418 1630 2517 1683 hoc
2547 1644 2682 1699 opus
2714 1630 2884 1698 pietas
2908 1636 3086 1683 vestra
3116 1627 3395 1697 delegerit,
3426 1628 3479 1681 in
3507 1627 3761 1682 Graecum

2174 1736 2477 1777 sermonem
2499 1721 2728 1792 jnheatis
2758 1722 2963 1791 integre
2993 1721 3390 1789 diligenterque
3418 1720 3763 1783 translatam,

2176 1833 2269 1888 per
2309 1817 2559 1871 idoneum
2591 1825 2617 1852 υ
2645 1816 2970 1885 perlatorem
3010 1815 3113 1869 sub
3154 1814 3318 1897 vestri
3363 1812 3624 1882 signaculi
3667 1815 3765 1865 im-

481 1899 678 1953 virtute
711 1902 966 1968 prostrati
998 1919 1009 1954 :
1036 1903 1285 1970 quoniam
1323 1918 1510 1957 omnes
1539 1904 1651 1960 fere
1684 1905 1917 1961 haereses
1947 1922 2068 1977 qua:
2096 1906 2144 1966 B
2175 1908 2452 1977 pressione
2474 1908 2695 1973 deferri,
2726 1906 3037 1962 tradendam
3059 1903 3329 1974 judicibus
3356 1902 3764 1969 Alexandrinis,

481 1990 706 2045 diversis
757 1993 1086 2061 temporibus
1124 1994 1472 2061 exstiterunt,
1503 1996 1630 2051 dum
1667 2008 2060 2054 sacramentum

481 2098 754 2150 corporea:
805 2086 1102 2141 nativitatis
1146 2097 1199 2141 et
1247 2090 1511 2156 passionis
1547 2104 1609 2143 ac
1648 2091 2065 2147 resurrectionis

481 2173 680 2226 Christi
724 2188 829 2227 non
875 2176 1195 2245 intelligunt,
1228 2177 1293 2232 ab
1338 2177 1627 2248 Evangelio
1665 2179 1965 2235 deviarunt.
2000 2182 2067 2236 Et

488 2264 699 2335 1258
726 2274 749 2311 ες
784 2281 1062 2335 possemus
1094 2270 1270 2322 minus
1310 2271 1555 2325 laborare
1598 2272 1651 2324 in
1691 2272 1956 2328 haereticis
1981 2288 2067 2328 re-

476 2359 769 2427 pellendis,
802 2361 843 2412 si
878 2361 1039 2416 rudes
1069 2363 1276 2417 animos
1304 2360 1329 2400 δ
1358 2379 1419 2417 ea
1462 2380 1566 2418 non
1607 2364 1885 2419 turbarent
1914 2381 2067 2421 men-

480 2449 631 2504 dacia
660 2466 779 2519 quae
805 2453 1029 2521 peremit
1064 2454 1371 2524 antiquitas.
1405 2456 1510 2510 Sed
1543 2472 1704 2524 nunc,
1734 2468 1793 2511 ut
1820 2457 1952 2523 dixi,
1976 2458 2062 2514 hic

480 2542 703 2597 docendi
734 2547 964 2612 optimus
993 2548 1180 2601 modus
1209 2558 1311 2613 est,
1344 2556 1399 2601 ut
1424 2559 1769 2616 paternorum
1803 2564 2059 2606 sensuum

486 2634 503 2674 ί
536 2637 691 2692 linere
734 2638 1111 2695 Alexandrina:
1153 2642 1320 2710 plebis
1350 2651 1402 2696 et
1432 2642 1560 2696 cleri
1607 2644 1823 2698 auribus
1850 2645 2061 2699 innote-

480 2739 663 2796 scant;
698 2746 760 2784 ac
799 2733 841 2785 si
887 2734 975 2803 qui
1017 2742 1140 2787 sunt
1170 2734 1258 2803 qui
1308 2742 1488 2788 nostra
1520 2735 1715 2805 scripta
1743 2735 2060 2805 despiciant,

479 2822 586 2877 illis
624 2824 811 2878 saltem
855 2827 944 2895 qni
993 2826 1270 2880 nobiscum
1313 2827 1623 2895 apostolicis
1661 2828 1910 2882 sensibus
1935 2842 2063 2883 con-

478 2986 535 3052 et
564 2992 692 3052 mss.
722 2981 932 3035 collect.
958 2980 1028 3034 24
1048 2995 1109 3035 ac
1132 2981 1413 3048 Siehardo,
1430 2990 1578 3052 atque
1592 2984 1841 3037 divinum.
1868 2983 2057 3038 Emen-

478 3051 750 3104 dationem
796 3052 1066 3118 Quesnelli
1095 3067 1158 3107 ex
1191 3054 1360 3108 Grim.
1390 3064 1443 3107 et
1491 3051 1709 3108 Barber.
1743 3054 1954 3110 collect.
1991 3056 2052 3109 11

478 3122 750 3175 inductam
782 3122 1102 3177 confirmant
1132 3126 1314 3179 caeteri
1338 3124 1503 3177 nostri
1535 3125 1767 3179 codices.

554 3201 580 3228 ⁸
609 3194 736 3246 Mss.
767 3193 885 3247 Vat.
920 3194 1065 3262 llisp.
1099 3208 1150 3248 ct
1178 3195 1326 3260 Isid.,
1354 3207 1407 3248 ut
1435 3197 1485 3247 in
1524 3206 1701 3249 sancto
1732 3195 1913 3263 ,studio
1944 3211 2059 3262 per-

481 3272 687 3316 severet.
724 3263 953 3333 Ratisp.,
987 3276 1137 3333 utque
1163 3267 1214 3317 in
1238 3275 1412 3319 sancto
1434 3268 1601 3319 studio
1630 3276 1987 3333 perseveraret.

552 3333 579 3371 ι)
604 3333 715 3396 AL,
745 3336 858 3403 fecit
886 3339 938 3388 in
968 3350 1097 3387 mss.
1130 3336 1338 3390 collect.
1365 3336 1454 3389 21.

481 3474 610 3547 inde
657 3475 1139 3543 proﬁciscentibus,
1177 3479 1501 3547 negligentia.
1537 3478 1663 3531 Mss.
1696 3492 1823 3531 vero
1867 3478 2061 3542 Grim.,

483 3544 716 3614 RatiSp.,
757 3548 1075 3611 \‘indebnnq
1120 3544 1267 3616 llisp.
1314 3544 1369 3601 et
1410 3547 1527 3602 Vat.
1576 3547 1790 3602 collect.
1820 3548 1891 3602 24
1942 3564 2063 3603 cum

484 3616 765 3687 Sichardo,
794 3618 1080 3687 diligentia.

558 3685 584 3723 ἀ
615 3688 732 3761 Vat.
769 3685 941 3761 llisp.,
966 3688 1093 3761 Isid.
1120 3697 1173 3743 et
1203 3688 1339 3761 alius
1365 3689 1577 3761 collect.
1599 3689 1965 3761 II,legantur.
1988 3690 2065 3746 Ex

486 3756 591 3829 hoc
620 3758 817 3812 Leonis
858 3760 1160 3813 testimonio
1189 3760 1486 3827 profecisse
1527 3760 1737 3814 videtur
1759 3756 2069 3829 'imperator

485 3828 802 3891 Marcianus,
838 3846 957 3900 cuin
990 3830 1291 3900 in_epistola
1323 3832 1389 3884 ad
1433 3830 1724 3885 monachos
1752 3828 2068 3886 Alexandri-

488 3914 589 3953 nos
615 3900 753 3953 edita
788 3911 915 3952 tom.
942 3899 1005 3953 IV
1033 3898 1323 3954 Co'ncilior.
1343 3901 1474 3955 Ven.
1493 3902 1742 3955 editionis
1764 3918 1884 3971 pag.
1906 3903 2065 3968 1791,

488 3985 725 4024 necnon
769 3971 820 4023 in
865 3971 980 4039 lege
1009 3972 1075 4024 ad
1124 3971 1416 4025 Palladium
1466 3972 1775 4039 praefectum
1818 3974 2067 4040 praetorio

490 4056 589 4112 pro
636 4040 903 4110 IEgyptiis
934 4043 1195 4109 przecipue
1245 4042 1367 4112 data
1417 4057 1560 4096 anno
1592 4041 1720 4109 455,
1752 4059 1875 4112 pag.
1908 4044 2064 4107 1852,

490 4111 789 4173 Athanasii,
824 4112 1103 4180 Theophili
1157 4128 1218 4166 ae
1262 4110 1445 4182 Cyrilli
1474 4110 2069 4170 doctrinae—Chalcedo-

492 4197 713 4236 nensem
750 4182 903 4236 fidem
932 4183 1295 4237 euhaerentem
1322 4184 1701 4251 pronuntiavit.

568 4262 591 4289 ⁶
604 4253 910 4319 Adjecimus
923 4256 1011 4307 alii
1029 4270 1093 4309 ex
1117 4254 1323 4322 Ratisp.
1340 4255 1580 4322 utrisque
1594 4254 1893 4318 llisp.,Vat.
1907 4298 1921 4319 ,
1942 4254 2066 4311 Isid.

493 4332 547 4376 et
576 4324 677 4376 alio
720 4324 933 4377 collect.
972 4326 1056 4378 11.
1101 4326 1421 4390 Quesnellus
1464 4326 1514 4377 in
1564 4326 1777 4391 postilla
1817 4327 2069 4393 explicat,

492 4394 550 4445 id
570 4402 664 4459 est,
696 4396 944 4449 antistites
976 4395 1274 4449 Antiocheni
1317 4394 1594 4447 Orientalis
1627 4394 1851 4449 diwcesis
1879 4398 2071 4465 prima-

495 4475 589 4535 tes,
614 4466 689 4535 vel
719 4468 944 4532 episwpi
966 4482 1029 4519 ea:
1051 4466 1224 4519 eadem
1251 4466 1471 4527 dioecesi,
1504 4466 1672 4535 qualis
1706 4466 2066 4521 Theodoretus.

495 4534 603 4588 Sed
652 4533 989 4588 Orientalium
1027 4552 1219 4589 nomen
1247 4536 1344 4602 ,ltic
1388 4533 1524 4600 late,
1542 4552 1647 4589 non
1670 4546 1846 4590 autem
1888 4540 2075 4593 stricte

498 4606 636 4656 sumi
672 4605 737 4657 de
768 4606 893 4658 solis
921 4608 1187 4675 episcopis
1224 4606 1594 4668 Antiochenis,
1627 4607 1711 4659 vel
1736 4607 2073 4662 Antiocheno

496 4675 752 4742 subjecris
767 4676 938 4745 colligi
960 4687 1207 4743 petcstcx
1232 4679 1389 4744 epist.
1426 4678 1546 4739 119,
1571 4678 1692 4739 ε.2,
1710 4678 1761 4730 in
1778 4693 1933 4745 quam
1953 4679 2074 4733 vide

2077 3323 2136 3400 ’ζ
2170 3340 2259 3400 qui
2313 3336 2587 3391 substituit
2628 3350 2693 3389 ex
2742 3323 2967 3389 arbitrio
3016 3323 3326 3397 sanctorum,
3356 3340 3415 3385 ut
3462 3332 3476 3384 ι

560 3415 580 3442 ε
617 3398 820 3474 Vulgati
848 3406 1046 3474 antiqui
1076 3421 1196 3459 cum
1222 3423 1352 3461 mss.
1372 3407 1487 3461 Vat.
1521 3406 1694 3474 Hisp.,
1720 3406 1846 3462 Isid.
1872 3407 2065 3461 etaliis
2094 3398 2139 3460 C

2167 2002 2254 2070 qni
2283 2015 2400 2055 eam
2430 2001 2577 2055 clero
2601 2009 2655 2054 et
2680 1998 2826 2069 plebi
2852 1998 3020 2068 ipsius
3059 1997 3297 2051 civitatis
3319 2012 3441 2051 cum
3464 1996 3766 2066 praedicto-

2168 2110 2286 2148 rum
2323 2095 2696 2163 episcoporum
2739 2090 3231 2163 praedicationibus,
3258 2097 3283 2124 ο
3316 2088 3511 2158 quibus
3561 2097 3615 2142 et
3644 2102 3766 2143 mea

2168 2186 2366 2254 scripta
2394 2184 2758 2249 consentiunt,
2778 2182 2977 2239 faciant
3004 2181 3243 2244 recitari,
3272 2188 3331 2234 ut
3355 2180 3567 2251 1259
3588 2194 3734 2249 agno
3759 2204 3769 2219 -

2170 2286 2323 2331 scant
2353 2291 2412 2331 se
2460 2276 2723 2331 fallacium
2767 2275 3046 2331 hominum
3095 2273 3282 2328 fraude
3311 2273 3535 2327 ulterius
3582 2272 3767 2341 decipi

2174 2384 2278 2424 non
2307 2370 2543 2433 debere:
2566 2380 2592 2418 Ρ
2615 2379 2668 2423 et
2711 2369 3009 2437 probentur
3037 2365 3346 2436 apostolicae
3376 2365 3520 2419 sedis
3550 2363 3768 2419 sinceri

2172 2477 2293 2517 esse
2322 2462 2587 2531 discipuli,
2623 2460 2764 2529 apud
2803 2475 2961 2529 quam
3001 2474 3100 2513 nec
3138 2459 3403 2527 Eutyches
3442 2469 3539 2510 nec
3561 2455 3767 2510 Nesto-

2171 2554 2286 2608 rius
2313 2552 2481 2607 ullum
2514 2552 2757 2606 obtinent
2797 2552 2996 2615 locum,
3025 2550 3147 2619 quia
3191 2549 3327 2602 sicut
3371 2547 3506 2602 alios
3536 2545 3765 2600 lucreti-

2171 2660 2284 2711 cos,
2317 2644 2388 2699 ita
2418 2653 2473 2699 et
2504 2645 2634 2699 istos
2672 2642 2908 2697 Ecclesia
2944 2640 3261 2695 universalis
3298 2637 3589 2693 damnavit.
3622 2637 3762 2692 Data

2172 2746 2203 2787 «ι
2228 2745 2379 2791 sexto
2409 2737 2528 2791 idus
2571 2734 2778 2799 Martii;
2810 2734 2967 2788 Aetio
2994 2741 3047 2787 et
3077 2731 3267 2788 Studio
3286 2730 3417 2785 viris
3443 2729 3767 2784 clarissimis

2173 2828 2501 2885 consulibus.

2255 2986 2270 3035 i
2306 2984 2428 3038 Vat.
2463 2981 2859 3052 Hisp.,lsid.et
2884 2995 3014 3035 mss.
3047 2979 3426 3052 coIlectJIet
3453 2977 3542 3045 21,
3568 2976 3762 3031 nostri.

2239 3054 2265 3092 ι
2288 3049 2609 3109 Particulant
2640 3054 2692 3105 in
2721 3068 2790 3106 ex
2821 3052 3199 3121 Ratisponensi
3220 3049 3543 3121 addidimus.

2244 3123 2376 3181 1Sic
2398 3142 2463 3180 ex
2490 3125 2691 3194 optimo
2733 3124 2934 3191 RatiSp.
2978 3118 3202 3176 'Accedit
3238 3120 3539 3194 Vindehon.
3570 3118 3761 3194 llisp.,

2171 3198 2223 3250 in
2264 3212 2369 3267 quo
2407 3190 2612 3267 nostraz.
2656 3194 2805 3247 Hunc
2833 3190 3081 3267 errorem
3132 3190 3759 3267 emendavit_st_u_diosus

2170 3261 2421 3342 librarius
2460 3265 2789 3342 collectionis
2807 3264 3133 3342 _IIis_panic:e
3164 3262 3406 3342 originis
3431 3261 3753 3342 Gallicanae,

3549 3341 3655 3385 ttur
3695 3341 3759 3385 In

2170 3399 2292 3462 Vat.
2326 3409 2501 3475 Hisp.,
2532 3409 2585 3460 in
2617 3406 2742 3459 Isid.
2772 3420 2833 3459 ac
2864 3408 2916 3459 in
2950 3420 3079 3459 mss.
3109 3404 3323 3475 collect.
3350 3403 3493 3475 IIet
3517 3399 3766 3455 2LVuI-

2168 3482 2276 3546 gati
2306 3494 2370 3533 ex
2395 3473 2523 3531 mss.
2546 3477 2758 3531 collect.
2789 3475 2855 3530 12
2871 3488 2925 3530 et
2942 3476 3033 3535 24.
3058 3490 3177 3528 cum
3203 3473 3497 3546 81ς1ηιιπᾷρ,Δ
3510 3475 3759 3546 ιιΙὲοῙιυιὴΣ

2171 3541 2281 3604 Leo
2336 3560 2625 3602 nostrorum
2677 3548 2891 3601 nomine
2934 3546 3226 3600 catholicos
3280 3543 3543 3613 intelligit.
3596 3541 3762 3608 Quod

2169 3635 2331 3688 porro
2354 3622 2421 3674 de
2452 3620 2635 3673 l'alsata
2658 3632 2768 3672 sua:
2793 3617 2859 3671 ad
2887 3617 3202 3688 Flavianum
3230 3612 3473 3688 epistolae
3503 3614 3574 3667 28
3604 3612 3766 3688 (ἓνὲ-

2170 3681 2231 3744 ea
2263 3690 2509 3745 versione
2532 3690 2635 3743 hoc
2666 3688 2781 3743 loco
2813 3686 3029 3753 iudicat,
3052 3685 3239 3740 confer
3266 3681 3388 3739 cum
3420 3686 3485 3739 iis
3514 3700 3633 3753 quae
3664 3681 3760 3738 di-

2170 3770 2360 3841 centur
2380 3768 2561 3841 annot.
2588 3759 2621 3813 6
2638 3758 2773 3841 (Col.
2802 3756 3029 3841 IIQSLn.
3046 3755 3101 3839 bl
3128 3757 3361 3841 inhepist:
3389 3753 3589 3841 I523‘ac
3612 3767 3764 3841 prg-

2172 3832 2359 3886 sertim
2390 3823 2821 3885 observationem
2854 3828 3065 3883 tertiam
3090 3828 3141 3882 in
3166 3823 3384 3882 dissert.
3428 3828 3451 3881 1
3491 3823 3764 3891 Quesnel-

2174 3903 2210 3956 li
2238 3904 2303 3955 ad
2326 3918 2520 3955 annum
2542 3900 2667 3955 454.

2246 3982 2284 4008 ω
2315 3973 2455 4026 Editi
2477 3986 2597 4026 cum
2626 3971 2745 4025 Vat.
2784 3970 3000 4025 collect.
3044 3968 3139 4034 24,
3176 3968 3360 4023 litteris
3399 3967 3476 4020 vel
3515 3966 3759 4037 syllabis.

2178 4044 2517 4099 Praetulimus
2548 4049 2757 4097 veteres
2802 4042 2964 4095 libros
3008 4039 3239 4109 Ratisp.,
3270 4036 3761 4109 utrumqueﬁisp.

2174 4125 2229 4168 et
2251 4114 2411 4169 codd.
2438 4113 2652 4167 collect.
2671 4112 2757 4177 11,
2777 4111 2845 4167 12
2869 4126 2930 4166 ac
2952 4110 3043 4176 21,
3062 4105 3183 4164 cum
3218 4110 3388 4163 Binio.
3416 4109 3539 4163 Mox
3562 4105 3766 4177 Nesto-

2174 4187 2335 4238 riante
2361 4184 2565 4238 [tmesis
2589 4176 2816 4236 asserant
2847 4182 2897 4235 in
2920 4180 3175 4235 mss.Vat.
3209 4177 3525 4247 Hisp.,Isid.
3557 4188 3611 4232 et
3641 4176 3765 4230 col-

2176 4256 2301 4309 lect.
2322 4257 2407 4310 11.
2439 4269 2501 4307 ac.
2520 4254 2611 4307 21.
2639 4252 2845 4322 Ratisp.
2872 4252 3055 4307 etVat.
3084 4252 3295 4306 collect.
3331 4251 3422 4314 94,
3452 4257 3761 4302 assererem.

2246 4336 2270 4361 ι’
2298 4326 2465 4388 Alias,
2496 4325 2728 4377 latorem.

2248 4406 2272 4429 ο
2304 4396 2513 4465 angati
2540 4395 2739 4463 antiqui
2769 4409 2889 4448 cum
2914 4408 3042 4447 mss.
3069 4392 3283 4447 collect.
3308 4387 3412 4453 21,
3440 4387 3530 4465 qui
3565 4395 3614 4440 et
3643 4403 3763 4465 n_teo

2176 4467 2360 4535 scripto
2393 4458 2733 4520 censentium.
2759 4465 3034 4532 Quesnelli
3059 4465 3344 4535 lectionem
3358 4474 3423 4515 ex
3441 4458 3766 4535 Grimanico

2177 4528 2360 4591 caetieri
2401 4540 2567 4591 nostri
2604 4528 2816 4590 codices
2862 4537 3179 4603 approbant.
3211 4532 3397 4588 Solum
3443 4544 3515 4583 ex
3545 4528 3765 4597 Ratisp.

2179 4608 2481 4663 addidimus
2509 4617 2555 4660 et
2582 4622 2609 4660 a
2638 4606 2928 4673 Qnesnello
2953 4608 3234 4660 omissum.
3548 4669 3567 4673 _
3758 4670 3761 4673 _
3791 4644 3799 4653 .

2250 4689 2276 4727 ιτ
2307 4679 2454 4732 Ilanc
2487 4669 2727 4732 veterum
2772 4677 3066 4731 editionum
3106 4675 3391 4729 lectionem
3433 4669 3775 4725 conﬁrmant

499 4740 684 4824 apnot.
722 4746 784 4799 l0
815 4740 1134 4824 (estquia,
1168 4764 1223 4824 n_.
1248 4740 1317 4824 li):
1350 4747 1650 4824 Enimvero
1669 4740 1809 4801 inter
1832 4750 2069 4824 testimo-
2104 4765 2152 4824 ι)
2178 4750 2345 4803 nostri
2377 4748 2858 4824 codic_e_s_Rat_isp_._,
2890 4748 3008 4801 Vat.
3043 4746 3252 4824 collect.
3293 4744 3361 4824 12
3394 4750 3449 4796 et
3595 4741 3788 4821 atque\

495 4814 584 4867 nia
620 4814 834 4867 Patrum
865 4817 1103 4885 subjecta
1130 4814 1369 4885 epistula:
1394 4816 1496 4871 165
1524 4817 1590 4871 ad
1630 4818 1859 4872 Leonem
1902 4822 2074 4887 Augu-

498 4893 659 4946 stum,
692 4895 888 4951 praeter
909 4894 1015 4940 tres
1040 4888 1281 4942 laudatos
1298 4887 1687 4942 Alexandrinos
1712 4888 1978 4943 antistites
2008 4906 2075 4945 ex

497 4955 1058 5029 Qrientalibuslandat
1084 4969 1287 5029 tantum
1316 4960 1574 5011 Joannem
1599 4957 2068 5029 Chrysostomum,

498 5026 752 5078 Basilinm
782 5037 834 5097 et
862 5026 1175 5095 Gregorium
1215 5028 1628 5093 Nazianzenum,
1659 5026 1883 5097 quorum
1916 5026 2073 5085 nemo

498 5096 563 5149 ad
581 5096 979 5167 Antiochenam
1014 5098 1289 5153 ditecesim
1324 5104 1575 5167 pertinet.

496 5235 517 5287 ι
575 5164 747 5288 frz’at.
781 5167 955 5236 Hisp.,
982 5168 1108 5223 Isid.
1139 5177 1194 5223 et
1223 5164 1360 5224 alius
1390 5169 1601 5223 collect.
1636 5170 1724 5238 11,
1758 5186 1820 5224 ne
1842 5170 2073 5239 repullu-

519 5253 584 5288 an
612 5255 624 5288 i
664 5255 742 5288 us.

519 5246 742 5289 antibus.

574 5316 597 5353 ε
628 5306 793 5361 Iidem
835 5307 1069 5371 codices,
1113 5315 1337 5378 possent.
1390 5308 1513 5363 Mss.
1570 5309 1690 5364 Vat.
1740 5310 1948 5365 collect.
2002 5313 2073 5365 24

498 5392 620 5449 cum
650 5379 910 5449 Sichardo
951 5392 1005 5433 et
1034 5380 1279 5446 Merlino,
1314 5396 1601 5449 possumus.
1640 5381 1753 5435 Duo
1788 5382 1926 5436 Vatt.
1961 5384 2073 5437 col-

498 5448 626 5502 lect.
648 5448 736 5510 21,
768 5460 994 5515 possunt.

570 5515 601 5557 ι
631 5517 706 5571 Ita
738 5520 950 5586 utrique
982 5521 1129 5589 llisp.
1158 5535 1278 5575 cum
1308 5521 1459 5584 Isid.,
1482 5522 1691 5591 Ratisp.
1734 5531 1788 5576 et
1818 5522 1936 5578 Vat.
1964 5525 2071 5579 col-

498 5588 622 5663 lect.
660 5591 935 5663 ll_;a_lias,
968 5588 1098 5663 ipsa.
1134 5592 1297 5646 Paulo
1328 5604 1445 5659 post
1473 5610 1606 5646 nunc
1637 5588 1801 5648 deest
1850 5595 1901 5647 in
1949 5595 2065 5649 Vat.

500 5660 680 5737 Hisp.,
703 5661 929 5737 _Isid.__et
959 5660 1063 5716 alio
1093 5663 1209 5716 Vat.
1241 5664 1449 5737 collect:
1480 5664 1561 5717 11.

580 5730 595 5767 ί
621 5730 799 5796 Vulg.,
827 5734 1071 5788 linea...”
1103 5739 1397 5787 innotescat.
1422 5734 1756 5789 Praetulimus
1788 5734 2067 5790 lectionem

499 5811 606 5873 ms.
644 5802 844 5870 Ratisp.
874 5804 985 5856 Mox
1021 5819 1114 5872 pro
1143 5806 1259 5857 (let't
1310 5805 1517 5873 utrique
1559 5805 1712 5859 codd.
1768 5805 1916 5872 llisp.
1946 5822 2074 5861 cum.

504 5869 630 5923 Isid.
663 5881 713 5924 ct
745 5869 871 5925 is.
904 5869 1111 5929 collect.
1151 5876 1203 5929 11
1237 5886 1287 5929 ct
1313 5876 1373 5929 L’I
1419 5869 1613 5931 habent
1641 5869 1957 5932 clericorum.

2182 4821 2484 4893 exemplum
2514 4810 2923 4893 Sichardiflluc
2948 4816 3153 4893 accedit
3174 4814 3475 4893 VindebOn.
3500 4810 3767 4893 HiSpq‘in

2182 4905 2289 4957 quo
2312 4906 2408 4959 pro
2433 4891 2617 4943 sinceri
2642 4905 2750 4942 esse
2770 4903 2995 4943 erronee
3034 4890 3289 4959 scriptum
3323 4889 3724 4959 est_s_inceritate
3744 4898 3768 4944 ,-

2180 4952 2270 5028 qui
2299 4952 2448 5013 error
2474 4960 2787 5015 emendatus
2827 4959 2925 5013 fuit
2955 4960 3007 5011 in
3051 4952 3168 5011 Vat.
3197 4957 3369 5028 llisp.,
3404 4952 3530 5028 Isid.
3572 4959 3626 5004 et
3646 4965 3772 5028 ca;-

2182 5024 2311 5084 t'eris
2342 5031 2578 5099 ejusdem
2604 5030 2969 5099 originisgsine
3000 5024 3531 5099 errore.Que_snell_us
3555 5035 3622 5075 ex
3638 5024 3769 5099 solo

2184 5094 2384 5168 Grim.,
2410 5112 2457 5155 et
2495 5094 2733 5172 probetur
2773 5094 3082 5172 apostolicay‘
3112 5098 3246 5172 sedis
3285 5095 3570 5172 sinceritas,
3615 5094 3771 5157 apud

2180 5162 2667 5238 quam,'etc.'Quod
2700 5162 2874 5225 antém
2909 5169 3113 5223 notavit
3142 5168 3194 5221 in
3222 5165 3458 5238 postilla,
3481 5162 3768 5238 vulgatam

2182 5242 2465 5296 lcetinnem
2508 5237 2679 5313 sensui
2717 5256 3021 5313 repugnare,
3052 5253 3237 5291 verum
3267 5245 3351 5291 est
3388 5237 3433 5288 si
3479 5237 3591 5313 lucc
3633 5246 3770 5311 sen-

2182 5315 2346 5367 tentia
2375 5314 2488 5379 regi
2516 5311 2764 5366 credatur
2792 5311 3044 5384 particula
3069 5318 3141 5384 ut,
3169 5323 3274 5384 non
3296 5321 3437 5384 _vero
3466 5311 3777 5384 Sicorim"-

2181 5394 2333 5449 galttt'
2365 5400 2485 5437 cum
2516 5379 2847 5436 antecedenti
2886 5379 3401 5453 sententia,_facian_t_
3428 5379 3769 5453 recitari...”

2180 5442 2226 5507 et
2259 5455 2530 5522 probentur
2552 5455 2841 5525 apostolica
2864 5454 2994 5505 sedis
3016 5442 3196 5504 sinceri
3206 5442 3323 5525 esse
3350 5442 3769 5525 discipttli_,dum

2181 5515 2416 5593 ejusdem
2465 5515 2619 5595 sedis
2665 5524 2819 5577 fidem
2866 5532 3175 5595 sequentur.
3235 5519 3383 5595 Hanc
3433 5515 3768 5595 peculiatem

2179 5584 2553 5649 Alexandrina:
2586 5594 2839 5649 Ecclesiae
2880 5584 3293 5661 prierogativam
3325 5589 3435 5643 Leo
3466 5584 3639 5639 fusius
3668 5601 3772 5639 ex-

2180 5667 2321 5733 ponit
2353 5668 2508 5735 cpist.
2542 5668 2572 5718 9
2606 5667 2654 5717 in
2688 5664 2950 5736 exordio.»
3109 5732 3156 5736 __
3197 5730 3209 5736 Δ
3312 5729 3325 5736 _
3546 5726 3601 5736 ,υ
3649 5726 3660 5736 .

2250 5747 2276 5784 (ι
2305 5726 2590 5789 Ita'omnes
2620 5737 2787 5788 nostri
2818 5734 3061 5806 coild.et
3105 5729 3405 5806 Sichardus
3439 5741 3503 5781 ac
3546 5726 3766 5806 minus.

2177 5806 2493 5872 Quesnelle
2514 5822 2631 5859 cum
2660 5806 2776 5860 aliis
2807 5805 3056 5874 vulgatis,
3091 5818 3121 5855 ν
3146 5803 3282 5869 idus,
3308 5810 3363 5855 et
3393 5799 3445 5853 in
3479 5799 3721 5864 margine
3751 5814 3765 5848 :

2176 5879 2343 5943 Alias,
2374 5894 2421 5930 τι
