4072 6358
294 453 423 513 1081

765 556 1090 616 EPISTULA
1119 564 1143 593 ⁸
1168 551 1405 610 CXXXI.

575 674 602 716 δ
626 691 692 731 λι)
715 689 973 730 ωιιΑΝυιι
1003 684 1290 726 smscoruu
1328 679 1586 722 COENSEI.

292 795 564 852 SYNOPSIS.
588 788 709 843 —l.
740 786 1009 840 lulianum
1040 784 1099 836 de
1128 782 1340 847 receptis
1369 777 1589 852 Proterii
1610 774 1760 852 Αιεξυ.
1790 774 1874 852 fit-

371 844 707 925 tei'isrmonet;
732 875 875 911 suam
895 857 962 909 ad
994 844 1299 925 Flavianum
1312 848 1588 925 epistolam
1610 863 1672 900 ex
1694 844 1875 925 Latino

450 914 703 987 criticum,
734 930 798 982 ab
841 929 1015 982 eodeni
1053 923 1320 991 transferri
1349 914 1497 991 "cupit
1534 934 1593 991 at:
1642 914 1874 991 mandat,

369 987 521 1072 quam
564 1002 655 1072 sub
699 999 964 1072 signaculo
1005 987 1219 1072 Augusti
1264 987 1469 1072 missam
1516 987 1878 1072 Alexandrina:

370 1058 501 1147 plebi
526 1075 579 1147 in
606 1058 838 1147 Ecclesia
864 1070 1067 1147 recitari
1086 1058 1296 1119 'vuft.—
1323 1063 1387 1117 ll.
1422 1060 1498 1114 De
1529 1058 1787 1113 Paschate-
1802 1072 1880 1109 se-

374 1140 572 1200 buemis
598 1144 720 1197 anni
749 1151 800 1193 nt
821 1140 1144 1195 rescribatur.

758 1277 869 1331 Leo
896 1274 1120 1330 JULuuo
1158 1272 1429 1341 episcopo.

374 1438 503 1495 CAP.
535 1437 658 1492 1.-
684 1433 923 1504 Sumptis
948 1432 1125 1487 fratris
1155 1438 1210 1486 et
1230 1428 1533 1499 coepiscopi
1562 1424 1733 1480 nostri
1757 1424 1885 1508 ετο-

303 1531 427 1587 terii
456 1527 809 1585 Alexandrini
842 1523 1097 1579 antistitis
1127 1522 1318 1577 litteris
1345 1519 1706 1573 indubitanter
1728 1530 1890 1584 agno-

304 1624 362 1676 vi
404 1620 679 1677 catholica:
722 1632 844 1671 eum
891 1614 1107 1669 studere
1145 1614 1421 1677 doctrinae,
1453 1619 1506 1663 et
1538 1617 1685 1663 recto
1727 1606 1889 1660 corde

306 1711 581 1768 haereticis
610 1708 828 1764 obviare
856 1722 871 1760 :
900 1716 958 1760 ut
987 1705 1178 1759 merito
1205 1714 1425 1773 sperare
1461 1700 1726 1768 possimus
1768 1711 1890 1751 eum

282 1802 291 1803 ⁷⁷
308 1803 567 1859 Ecclesiae
598 1800 809 1873 1260
852 1797 937 1853 cui
972 1796 1243 1866 praesidet,
1273 1802 1327 1849 et
1359 1792 1608 1861 exemplo
1658 1804 1889 1853 morum,

309 1906 369 1950 et
398 1894 759 1950 insinuatione
799 1890 921 1943 ﬁdei
960 1887 1317 1959 profuturum.
1358 1883 1463 1938 Sed
1507 1882 1627 1952 quia
1665 1896 1771 1935 non
1806 1895 1897 1948 pa-

312 2003 434 2043 rum
455 1987 554 2056 ipsi
575 1984 771 2039 laboris
792 1981 1245 2051 Eutycltianorum
1273 1974 1589 2031 factionibus
1610 1973 1892 2035 excitatur,

312 2080 408 2147 qui
450 2076 735 2147 epistolam
771 2088 945 2129 meam
975 2072 1039 2126 ad
1069 2071 1241 2126 beata:
1270 2068 1546 2124 memoria:
1586 2066 1898 2120 Flavianum

314 2172 520 2237 datam,
558 2168 731 2224 fallaci
763 2166 1200 2235 interpretatione
1225 2170 1529 2231 corruptam
1570 2156 1902 2226 simplicibus

314 2264 618 2333 quibusque
639 2269 730 2315 aut
757 2258 987 2314 indoctis
1016 2258 1083 2311 ita
1112 2258 1360 2311 dicuntur
1387 2254 1652 2323 ingerere,
1682 2258 1739 2304 ut
1768 2265 1904 2318 quae-

313 2353 439 2411 dam
465 2355 584 2409 loca
616 2352 935 2407 Nestoriano
967 2364 1264 2418 congruere
1289 2346 1573 2401 videantur
1594 2343 1763 2398 errori
1797 2359 1809 2395 :
1846 2348 1906 2394 ut

314 2451 435 2505 haec
458 2447 764 2517 malignitas
792 2460 897 2499 non
932 2444 1101 2513 possit
1131 2442 1196 2496 de
1225 2437 1635 2495 conturbatione
1665 2434 1903 2488 fidelium

314 2538 561 2611 gloriari,
597 2540 699 2593 hoc
724 2534 1043 2590 fraternitati
1068 2543 1170 2588 tum
1193 2531 1393 2587 laboris
1419 2529 1659 2599 injungo,
1684 2534 1743 2579 ut
1762 2538 1905 2579 eam-

316 2633 442 2687 dem
473 2629 756 2700 epistolam
784 2641 977 2691 meam,
1013 2640 1171 2695 quam
1213 2624 1265 2678 in
1311 2621 1562 2676 omnibus
1595 2615 1907 2687 apostolicae

316 2720 651 2778 concordare
680 2717 938 2773 doctrinae
978 2714 1328 2771 consonantia
1372 2712 1632 2781 majorum
1661 2709 1906 2779 exempla

319 2821 607 2875 testantur,
634 2808 879 2879 diligenti
906 2806 1345 2875 interpretatione
1370 2818 1436 2858 ex
1465 2802 1654 2857 Latino
1681 2802 1733 2855 in
1754 2800 1906 2855 Grae-

320 2922 448 2961 cum
505 2904 798 2960 transferre
826 2902 1081 2972 digneris,
1108 2915 1264 2969 quam
1295 2897 1717 2967 gloriosissimus
1744 2904 1800 2949 et
1847 2893 1909 2947 fi-

322 2999 638 3056 delissimus
686 2997 940 3067 princeps
973 2995 1040 3049 ad
1076 2992 1467 3048 Alexandrinos
1510 2990 1738 3060 judices,
1772 2988 1910 3043 sicut

326 3103 351 3132 ο
386 3093 627 3163 peposci,
656 3090 754 3146 sub
791 3088 1047 3160 signaculi
1075 3088 1157 3142 sui
1185 3085 1537 3156 impressione
1560 3084 1907 3153 transmittat,

321 3186 650 3242 Christianae
676 3183 817 3254 plebi
846 3182 902 3237 in
933 3180 1169 3236 Ecclesia
1192 3179 1545 3245 recitandam,
1570 3192 1690 3233 cum
1724 3176 1912 3246 prazdi-

322 3278 629 3334 cationibus
661 3288 965 3331 sanctorum
990 3276 1225 3328 virorum
1255 3273 1341 3343 qui
1374 3272 1473 3341 ipsi
1498 3272 1753 3326 Ecclesia:
1774 3286 1911 3340 pra:-

323 3371 545 3427 fuerunt
571 3387 585 3423 :
617 3383 725 3439 quo
753 3366 961 3423 facilius
984 3367 1037 3420 hi
1064 3368 1150 3437 qui
1173 3363 1199 3403 ἀ
1219 3366 1524 3437 ignoranter
1554 3364 1813 3419 fluctuare
1835 3364 1914 3418 di-

324 3474 545 3530 cuntur,
579 3462 804 3517 veritate
850 3470 1144 3530 comperta,
1179 3460 1357 3528 pravis
1392 3456 1827 3527 persuasionibus
1859 3458 1910 3511 in

325 3570 571 3611 errorem
598 3553 823 3609 ulterius
864 3566 969 3606 non
1003 3553 1300 3605 trahantur.
1334 3550 1409 3604 Ne
1449 3560 1629 3604 autem
1669 3549 1919 3604 fraterni—

328 3657 497 3703 tatem
529 3656 673 3701 tuam
701 3644 899 3715 aliquid
926 3643 1242 3714 prazteriret,
1277 3642 1455 3711 qualia
1497 3642 1562 3695 ad
1604 3641 1914 3696 clementis-

329 3742 529 3794 simum
562 3738 940 3808 imperatorem
966 3736 1047 3791 vel
1071 3734 1135 3788 ad
1164 3737 1334 3804 ipsum
1365 3734 1744 3788 Alexandrinae
1770 3734 1918 3789 urbis

332 3830 656 3898 episcopum
686 3828 879 3896 scripta
915 3826 1225 3893 direxerim,
1258 3825 1467 3880 subdita
1514 3826 1636 3879 huic
1674 3824 1919 3895 epistola:

332 3922 587 3989 exempla
627 3919 1021 3975 monstrabunt.

411 4158 437 4185 ἰ
464 4148 612 4203 Alias
632 4144 755 4200 102.
787 4143 917 4211 Quae
940 4150 1116 4197 autem
1146 4151 1301 4197 antea
1329 4141 1420 4195 13l
1453 4149 1591 4207 erat,
1625 4158 1765 4198 nunc
1793 4145 1919 4201 161.

332 4220 552 4285 Scripta
583 4216 650 4272 10
678 4216 831 4270 Mart.
858 4230 946 4268 an.
982 4215 1109 4268 454.

409 4287 442 4329 δ
469 4283 545 4343 Ex
585 4286 891 4342 Grimanico
940 4285 1124 4339 codice
1160 4283 1359 4339 editam
1396 4299 1515 4339 cum
1550 4284 1922 4354 Ratisponensi

334 4360 654 4425 relegimus.

417 4442 439 4466 ε
469 4430 635 4497 Epist.
668 4426 789 4481 150.

414 4497 441 4535 ἀ
471 4500 678 4567 Ratisp.
708 4497 907 4551 omittit
936 4498 1250 4564 ignoranter.

426 4580 450 4642 εξ
476 4571 565 4642 lla
576 4584 645 4642 ex
672 4568 860 4642 eodem
887 4567 1197 4642 Ratispnut
1218 4570 1268 4642 in
1299 4567 1503 4642 duabus
1531 4569 1771 4638 epistolis
1790 4585 1928 4642 prae-

351 4640 691 4698 sedentibus.
725 4639 1042 4706 Quesnellus
1068 4654 1130 4691 ex
1160 4638 1488 4703 Grimanico,
1512 4655 1578 4694 vn
1604 4642 1743 4694 idus.

426 4710 620 4765 tAlias
661 4719 801 4780 post.
842 4714 999 4777 epist.
1050 4707 1173 4761 105.
1229 4708 1577 4780 Quieﬂautem
1627 4721 1783 4767 antea
1828 4710 1931 4765 132

343 4792 483 4843 erat,
521 4778 813 4835 nunc'16‘2.
840 4780 1047 4849 Scripta
1078 4779 1408 4849 circaApril.
1441 4796 1528 4835 an.
1560 4780 1686 4837 454.

427 4864 449 4899 ις
487 4852 579 4905 Est
612 4851 664 4905 in
694 4866 798 4905 una
828 4848 1145 4904 collectione
1174 4848 1239 4903 16
1261 4849 1750 4907 Tltessalonicensi.
1792 4852 1931 4907 Con-

343 4924 572 4977 tulitnus
600 4936 720 4974 cum
751 4921 876 4975 cod.
904 4920 1124 4985 Barber,
1152 4918 1306 4986 3556,
1328 4936 1394 4975 ex
1414 4938 1518 4990 quo
1543 4922 1687 4977 illam
1716 4924 1929 4980 Holste-

345 4991 689 5069 nius_edidit.
716 4992 853 5069 An_t_e
888 5006 1014 5069 eum
1048 5004 1205 5069 vero“
1221 4994 1465 5069 eamdem
1517 4994 1758 5069 ediderat
1788 4996 1929 5069 Alla-
1961 5010 2012 5069 Ι)

345 5068 455 5118 tius
485 5064 539 5116 in
561 5061 857 5116 Concordia
888 5061 1138 5115 Ecclesiae
1168 5061 1441 5116 Occident.
1468 5079 1534 5118 ex
1562 5066 1747 5119 codice
1790 5066 1934 5119 Vati-

341 5150 518 5204 cano,
542 5131 918 5204 quetnfrustra
948 5132 1307 5204 quaesivimus.
1337 5132 1517 5198 Quoad
1552 5142 1779 5204 tempus,
1806 5136 1933 5199 dum

344 5204 461 5259 Leo
491 5198 579 5275 die
602 5204 635 5257 8
665 5201 839 5275 Martii
891 5198 1015 5275 anni
1065 5204 1341 5270 praesentis
1364 5204 1470 5257 454
1499 5198 1711 5271 ξρνίρέἰι
1734 5198 1933 5275 εβῑδιοέ

348 5276 461 5327 lam
487 5272 611 5340 128,
645 5273 879 5327 nondum
931 5274 1025 5326 has
1058 5288 1187 5341 quas
1218 5277 1561 5335 exSpectabat
1589 5277 1655 5329 ab
1688 5272 1935 5330 Anatolio

348 5347 565 5400 litteras
594 5353 906 5415 acceperat;
943 5343 1253 5415 ibidemque
1282 5345 1481 5398 idcirCu
1508 5345 1575 5398 ab
1606 5348 1932 5415 imperatore

347 5416 529 5487 petiit,
559 5414 799 5469 efﬁceret
822 5424 875 5469 ut
907 5413 1045 5467 idem
1070 5414 1353 5487 episcopus
1378 5430 1438 5487 ea
1476 5413 1795 5472 rescriberet
1816 5434 1934 5487 qua:

348 5483 441 5567 his
480 5486 673 5567 litteris
719 5488 1084 5567 continentur.
1132 5483 1187 5536 ld
1228 5484 1529 5567 Marcianus
1570 5483 1846 5556 praestitit,
1880 5497 1935 5542 ut

348 5558 523 5628 liquet
542 5572 607 5610 ex
632 5570 757 5628 cap.
787 5555 812 5607 1
839 5554 1075 5628 epistola;
1103 5557 1407 5628 prtesentis.
1442 5557 1551 5611 Leo
1572 5554 1746 5613 autem
1773 5560 1929 5628 epist.

348 5626 483 5707 150,
536 5630 657 5707 data
707 5626 795 5682 die
838 5628 905 5682 29
957 5625 1098 5707 Maii,
1151 5641 1268 5696 cap.
1322 5626 1371 5690 l,
1407 5642 1467 5683 se
1515 5630 1650 5683 banc
1700 5625 1935 5683 Anatolii

352 5697 641 5765 epistolam
699 5713 831 5749 nunc
883 5696 1152 5769 accepisse
1211 5707 1436 5769 testatur
1490 5714 1590 5752 una
1636 5716 1755 5755 cum
1786 5702 1933 5769 ejus-

349 5770 482 5821 dem
513 5768 1108 5848 imperatoriilitterish;
1143 5767 1281 5848 unde
1338 5770 1580 5837 utrisque
1631 5767 1936 5825 statim're-

350 5836 572 5909 spondit
606 5838 762 5906 epist.
796 5837 896 5891 135
925 5847 977 5891 et
1008 5836 1126 5890 156.
1174 5838 1241 5892 Ut
1275 5850 1449 5892 autem
1488 5836 1779 5909 congruunt
1807 5853 1937 5895 tent-

350 5921 466 5978 ναι
487 5908 641 5964 detur
689 5909 1081 5963 transutissioni
1130 5910 1423 5963 litterarum
1468 5925 1528 5965 ac
1578 5908 1935 5981 responsioni,

1613 431 1942 491 EPISTOLA
1977 431 2235 489 CXXXII.

1894 554 1949 615 Α
2040 544 2167 599 Cn.
2194 542 2259 598 ll.
2282 572 2352 586 -—
2376 542 2454 599 De
2480 542 2660 598 futuro
2701 538 3063 604 Paschate,ut
3089 547 3232 605 saepe
3268 533 3376 605 jam
3415 531 3548 588 scri-

3405 422 3545 478 1082

1973 637 2076 706 psi,
2122 644 2240 690 esto
2290 636 2574 701 sollicitus,
2600 644 2655 689 et
2705 632 3121 687 clementissimo
3168 627 3387 698 principi
3429 640 3548 680 meo

1974 729 2191 784 nomine
2212 727 2562 798 opportunius
2584 727 2850 791 intimato,
2878 734 2937 778 ut
2960 722 3086 793 quid
3108 722 3207 777 sibi
3232 719 3548 788 rescriptum

1975 821 2047 876 sit
2076 821 2235 874 faciat
2262 820 2566 886 certiorem,
2600 819 2852 888 quoniam
2878 815 3155 869 imminent
3176 812 3291 867 dies
3308 821 3367 865 ut
3394 824 3553 865 nosse

1979 912 2246 982 possimus
2271 926 2427 981 quem
2471 911 2613 965 diem
2646 908 2912 964 Formatis
2939 906 3211 962 ascribere
3239 904 3551 967 debeamus,

1980 1014 2036 1060 et
2062 1003 2299 1059 omnium
2346 1017 2412 1057 ex
2455 1002 2553 1057 hac
2599 1011 2749 1071 parte
2780 998 3016 1069 suspicio
3062 996 3358 1051 evidentius
3390 994 3559 1062 possit

1981 1096 2206 1151 absolvi.
2252 1104 2275 1132 ο
2318 1096 2446 1149 Data
2476 1111 2525 1148 \‘l
2567 1093 2684 1149 idus
2715 1092 2909 1157 Martii,
2941 1092 3095 1145 Aetio
3126 1098 3181 1143 et
3210 1088 3399 1143 Studio
3428 1084 3557 1140 viris

1982 1189 2294 1245 clarissimis
2322 1186 2649 1243 consulibus.

2305 1301 2510 1371 1261
2552 1298 2884 1353 EPISTOLA
2918 1296 2936 1333 ί
2970 1293 3227 1350 CXXXII.

1990 1404 2015 1442 δ
2046 1408 2295 1449 ANATOLII
2327 1407 2559 1447 EPISCOPI
2590 1402 3195 1445 CONSTANTINOPOLITANI
3248 1401 3313 1440 AD
3356 1397 3564 1439 LEONEI
3606 1362 3615 1375 .

2655 1478 2845 1516 PAPAM.

1993 1578 2262 1633 SYNOPSIS.
2295 1605 2364 1617 ——
2402 1577 2444 1630 1.
2486 1574 2564 1628 De
2614 1575 2899 1627 intermisso
2943 1572 3225 1624 litterarum
3272 1566 3569 1621 commercio

2064 1652 2227 1702 amice
2270 1648 2622 1716 conqueritur.
2674 1644 2907 1697 Drbitam
2960 1639 3571 1716 pontiﬁciolredientiam

2068 1712 2449 1774 ostendit.——'l|.
2474 1718 2673 1771 Aetium
2717 1718 3002 1768 restitutum
3028 1729 3155 1777 esse,
3186 1712 3437 1764 Andream
3457 1724 3573 1759 vero

2070 1792 2355 1859 depositum
2383 1786 2766 1859 scribit—pelli.
2796 1785 3000 1859 Litteris
3027 1783 3187 1859 sancti
3214 1779 3466 1850 pontiﬁcis
3488 1794 3573 1831 re-

2073 1854 2232 1915 creari
2260 1856 3021 1931 peroptat.—lY._Am_bitionis
3061 1854 3267 1923 culpam
3304 1865 3577 1931 arsenmo-

2074 1934 2221 1995 Iitur,
2250 1920 2460 2000 eamque
2508 1931 2560 1981 in
2603 1928 2829 2000 derisui
2846 1920 3577 2000 episcoporu-mque-Orienta-

2075 1992 2217 2057 lium—
2239 1992 2464 2056 studium
2498 2000 2741 2069 refundit.
2788 1992 3056 2069 Gestorum
3088 1992 3581 2069 ACItafcedonensium

2075 2074 2393 2139 conﬁrmatio
2468 2067 2741 2141 pontiﬁciw
2808 2067 3099 2121 auctoritati
3170 2073 3421 2118 reseruata
3478 2070 3582 2114 tra-

2079 2146 2239 2198 ditur.

2034 2258 2383 2316 Sanctissimo
2426 2272 2486 2308 ae
2529 2254 2833 2309 beatissimo
2870 2252 3190 2321 coepiscopo
3219 2263 3370 2319 paprc
3398 2245 3564 2302 Lemn

2338 2334 2643 2382 ANATOLIUS
2674 2325 2725 2377 in
2757 2324 2985 2377 Domino
3014 2322 3258 2376 salutem.

2079 2442 2269 2499 Cael.
2310 2442 2567 2495 —-0mne
2610 2437 2823 2509 quidem
2873 2436 3119 2489 solatium
3168 2448 3387 2505 prorsus
3431 2440 3589 2500 atque

2008 2541 2265 2595 auxilium
2291 2535 2431 2607 quod
2462 2535 2586 2588 vitre
2629 2532 2915 2587 laboriosae
2945 2530 3196 2599 curisque
3221 2527 3432 2581 vallata;
3455 2526 3591 2579 ratio

2014 2632 2301 2703 flagitaret,
2319 2630 2370 2683 in
2396 2638 2573 2683 vestra
2602 2626 2835 2695 positum
2859 2636 3082 2693 sperans
3103 2636 3222 2675 esse
3246 2617 3591 2682 beatitudine,

2011 2728 2175 2781 totius
2204 2723 2467 2779 sarcinam
2498 2719 2628 2774 mihi
2658 2714 3029 2772 sollicitudinis
3052 2714 3175 2769 inde
3203 2711 3397 2767 merito
3424 2709 3595 2765 levio-

2011 2834 2125 2875 rem
2150 2818 2265 2873 fore
2293 2813 2658 2877 credideram;
2692 2826 2835 2865 nunc
2863 2823 2992 2864 vero
3020 2807 3226 2863 cunctis
3252 2805 3460 2877 1262
3477 2802 3596 2858 aliis

2011 2912 2187 2967 acrior
2216 2924 2299 2963 me
2331 2906 2525 2976 pressit
2553 2903 2819 2969 anxietas,
2875 2916 3033 2971 quam
3064 2896 3093 2935 δ
3141 2898 3344 2953 diutina
3392 2895 3597 2965 peperit

2011 3012 2206 3059 vestrm
2231 3016 2337 3056 non
2382 2998 2537 3054 solita
2586 2995 2887 3052 sanctitatis
2914 2991 3242 3047 intermissio
3273 2991 3593 3053 litterarum,

2014 3098 2246 3153 maxime
2273 3110 2393 3149 cum
2425 3092 2577 3159 mihi,
2609 3106 2727 3161 quae
2750 3090 2960 3157 scriptae
3000 3093 3182 3141 essent
3219 3099 3249 3138 a
3276 3083 3428 3138 vobis
3456 3083 3596 3146 aliis,

2015 3192 2427 3249 ostenderentur
2448 3187 2713 3257 epistolae,
2734 3198 2851 3255 quin
2879 3181 2896 3219 ί
2936 3182 3107 3250 majus
3137 3179 3377 3234 facerent
3396 3175 3600 3231 doloris

2018 3291 2387 3352 augmentum,
2421 3280 2512 3348 qui
2544 3276 2877 3346 frequentius
2902 3287 3154 3343 cuperem
3204 3269 3365 3340 potiri
3411 3267 3601 3323 vestris

2021 3371 2269 3427 aﬁ‘atibus
2297 3388 2309 3422 :
2334 3378 2390 3423 ut
2416 3368 2507 3422 illa
2536 3367 2688 3421 vobis
2730 3363 3030 3419 obediendo
3079 3362 3427 3430 complerem,
3484 3373 3601 3427 quae

2022 3465 2217 3521 vestris
2260 3462 2596 3517 omnifariam
2656 3458 3057 3529 perfectissimis
3106 3456 3353 3510 sensibus
3407 3450 3600 3521 placita

2020 3559 2358 3614 videbantur.
2398 3556 2527 3609 Nam
2562 3555 2771 3624 penitus
2798 3552 2937 3607 absit
2970 3560 3023 3605 ut
3074 3551 3151 3603 eis
3182 3562 3280 3618 ego
3333 3559 3602 3614 quaacum-

2023 3666 2127 3722 que
2151 3650 2282 3705 mihi
2316 3649 2541 3703 fuissent
2595 3646 2842 3701 mandata
2888 3658 2983 3713 per
3024 3643 3228 3696 litteras
3268 3638 3601 3692 adversarer.

2028 3743 2165 3811 Quia
2190 3752 2365 3796 tamen
2395 3740 2666 3811 piissimus
2712 3746 2763 3793 et
2819 3732 3309 3791 Christianissimus
3336 3730 3603 3799 princeps,

2023 3834 2115 3904 qui
2146 3832 2563 3889 consultissima:
2612 3846 2722 3885 sua:
2778 3827 3131 3899 providentiae
3178 3824 3318 3878 bono
3368 3832 3472 3875 tam
3518 3834 3606 3875 res

2025 3929 2305 3983 universas
2334 3929 2473 3997 regit
2514 3928 2798 3989 humanas,
2831 3936 2988 3992 quam
3033 3917 3364 3989 philosophia
3394 3914 3607 3969 divina-

2028 4151 2169 4205 hanc
2197 4149 2480 4219 epistolam
2511 4148 2741 4203 Anatolii
2773 4155 2896 4215 post
2912 4145 3159 4219 Martium
3192 4152 3245 4199 et
3266 4150 3390 4219 ante
3418 4141 3609 4197 Maium

2028 4214 2329 4284 exaratam,
2360 4235 2453 4275 seu
2481 4220 2621 4275 circa
2640 4219 2875 4289 Aprilem
2908 4218 3257 4289 collocamus.
3284 4214 3429 4289 Δ(Συ-η)
3454 4229 3611 4281 porro

2026 4293 2079 4346 in
2113 4293 2216 4346 fine
2246 4294 2471 4354 dicatur,
2502 4289 2568 4344 Et
2593 4284 2897 4356 subicriptio
2927 4288 3106 4341 litteris
3129 4285 3339 4350 Gracia,
3372 4284 3459 4339 hic
3490 4299 3613 4356 pro-

2028 4363 2281 4417 culdubio
2318 4361 2586 4416 indicatur
2639 4355 2963 4428 autographa
3012 4359 3179 4426 ipsius
3205 4356 3437 4411 Anatolii
3473 4355 3612 4428 sub-

2027 4434 2376 4501 scriptio,qui
2394 4448 2515 4487 cum
2538 4426 2787 4486 Latinam
2811 4426 3129 4499 scripturam
3152 4426 3613 4501 ignoraret,Grte-

2029 4504 2107 4558 cis
2135 4500 2329 4557 litteris
2358 4517 2485 4557 usus
2507 4512 2607 4557 est.
2636 4501 2769 4556 Hinc
2810 4503 2971 4555 etiam
3027 4500 3377 4569 signiﬁcatur,
3432 4512 3615 4569 exem-

2035 4575 2179 4643 plum
2215 4575 2369 4643 hujus
2399 4575 2640 4642 epistolae
2668 4573 2734 4626 ad
2758 4571 2990 4625 Leonem
3025 4567 3417 4643 transmissum,
3438 4567 3615 4643 fuisse

2032 4638 2299 4712 scriptum
2334 4638 2543 4708 Latine,
2593 4653 2647 4697 et
2674 4643 2844 4697 solam
2891 4641 3135 4712 Anatolii
3164 4638 3615 4712 subscriptionem

2032 4709 2275 4771 Graecam
2308 4714 2492 4770 fuisse.
2526 4714 2831 4770 Anatolium
2852 4711 3065 4779 quidem
3098 4709 3285 4765 Graece
3306 4709 3616 4779 lucubrasse

2036 4788 2175 4840 hanc
2203 4787 2505 4854 epistolam,
2534 4787 2671 4839 sicut
2699 4777 2888 4840 Graece
2936 4779 3477 4854 scripsit_epistolam
3511 4777 3608 4854 101

2036 4798 2175 4840 hanc
2203 4798 2505 4854 epistolam,
2534 4798 2671 4839 SlCUl
2699 4798 2888 4840 urtece
2936 4798 3040 4836 scr:
3084 4798 3154 4834 Sll.
3196 4798 3477 4847 eptstmam
3511 4798 3608 4833 un

2034 4872 2195 4925 quam
2228 4871 2367 4910 nunc
2392 4857 2620 4925 primum
2652 4854 2936 4921 edidimus,
2990 4798 3125 4907 niiiil
3155 4849 3510 4925 dubitandum
3536 4852 3615 4925 vi-

2036 4919 2212 4982 detur.
2245 4932 2310 4982 At
2340 4919 2491 4981 sicuti
2521 4928 2575 4979 S.
2607 4926 2842 4996 Cyrillus
2872 4919 2932 4996 ut
2971 4919 3354 4996 promptiorem
3386 4929 3441 4974 et
3488 4919 3618 4974 faci-

2039 4999 2224 5052 liorem
2256 4997 2550 5052 Ccelestino
2576 4993 2726 5066 papa)
2758 4994 3007 5066 redderet
3047 4993 3333 5048 lectionem
3363 5005 3617 5066 quorum-

2039 5069 2157 5123 dam
2204 5062 2659 5122 documentorum
2690 5082 2808 5135 qua:
2855 5065 3043 5135 Graece
3090 5075 3244 5135 erant
3282 5062 3615 5135 scriptatea

2041 5151 2198 5193 antea
2229 5140 2414 5193 Latine
2444 5129 2841 5205 interpretanda
2870 5134 3095 5201 curavit,
3119 5132 3389 5205 ae_Lati_ne
3412 5129 3616 5205 reddita

2038 5210 2103 5262 ad
2135 5211 2381 5263 eumdem
2411 5201 2714 5278 pontificem
2764 5208 2937 5270 misit,
2972 5202 3423 5278 quemadmodum
3442 5201 3621 5278 liquet.

2038 5294 2100 5333 ex
2130 5282 2356 5348 epistola
2392 5270 2632 5348 ejusdem
2656 5286 2841 5332 octava
2882 5270 3022 5348 inter
3040 5272 3308 5348 epistolas
3342 5270 3622 5348 Ecclestini

2038 5341 2177 5414 apud
2212 5351 2268 5403 Ρ.
2307 5341 2678 5404 Constantium
2728 5363 2875 5402 num.
2928 5346 2983 5411 9,
3038 5341 3108 5399 ita
3153 5346 3311 5397 etiam
3344 5341 3624 5396 Anatolius

2042 5421 2177 5473 hanc
2206 5422 2486 5488 epistolam
2540 5420 2636 5474 abs
2690 5435 2748 5473 se
2789 5416 3003 5487 quidem
3036 5414 3229 5488 Graece
3262 5414 3538 5488 scriptam,
3569 5422 3626 5488 at

2042 5482 2350 5560 Latinc'per
2372 5494 2505 5544 alios
2536 5482 2821 5552 redditam,
2860 5499 2916 5543 et
2956 5488 3050 5560 abs
3100 5499 3159 5540 se
3196 5482 3622 5560 litteris_Gr_a:ci_s

2039 5553 2299 5629 signatam
2332 5562 2394 5615 ad
2429 5564 2661 5617 Leonem
2687 5562 2898 5613 misisse
2922 5556 3164 5629 videtur;
3198 5554 3337 5609 unde
3368 5553 3453 5629 hic
3481 5553 3625 5629 Lati-

2042 5624 2139 5685 nus
2158 5647 2331 5687 tex‘ns
2357 5649 2449 5701 pro
2476 5635 2593 5701 ipso
2615 5627 3109 5701 originaliAnatolii
3136 5641 3295 5680 manu
3319 5624 3623 5696 subscripta

2045 5704 2226 5757 haberi
2252 5706 2426 5758 debet.

2117 5773 2139 5810 ¹¹
2175 5774 2407 5839 Allatius,
2442 5776 2701 5828 diuturna.

2124 5857 2133 5881 ι
2178 5848 2250 5899 lia
2281 5848 2466 5901 melius
2489 5846 2713 5900 Allatius
2739 5855 2898 5912 quam
2928 5840 3059 5898 altas
3087 5840 3271 5912 magis.
