4072 6358
296 432 434 494 1085

1595 430 1923 492 EPISTOLA
1958 426 2239 487 CXXXIII.

3428 444 3564 505 1086

250 565 257 589 ⁷
294 555 519 629 ligenter
560 549 851 618 ascriptum
900 542 1044 604 diem
1090 544 1211 604 festi
1262 544 1551 619 paschalis,
1609 568 1727 624 quae
1779 568 1876 623 per
1905 557 1960 615 A
2052 554 2178 612 CAP.
2228 556 2292 613 Il.
2325 586 2395 599 ——
2426 557 2496 615 Ut
2540 566 2720 615 autem
2758 572 2864 617 non
2893 568 2917 596 °
2958 562 3282 621 arbitremur
3323 561 3570 625 absoluto

296 658 536 707 octavam
564 642 915 699 Indictionem
939 642 1188 710 futuram,
1236 636 1347 698 Deo
1379 654 1689 714 praestante,
1727 646 1875 701 cele-

295 739 496 799 branda
526 745 626 793 est.
658 736 1035 792 Verumtamen
1064 752 1166 791 non
1220 738 1365 792 velut
1416 755 1445 793 a
1487 755 1544 794 se
1583 748 1882 796 commotus

296 836 395 891 hoc
420 833 694 898 indicavit,
721 832 812 886 sed
836 832 957 900 quia
988 841 1013 869 α
1046 834 1244 902 scripta
1282 840 1387 888 tua:
1418 830 1445 871 δ
1470 835 1771 890 sanctitatis
1795 850 1884 890 ac-

296 930 522 999 ceperit,
556 939 605 981 et
632 924 978 996 praecipiebat
1006 936 1261 994 oportere
1292 939 1391 980 nos
1417 941 1632 981 causam
1660 926 1884 997 diligen-

294 1035 378 1081 ter
403 1024 671 1093 inquirere
700 1021 937 1075 adhibita
980 1023 1138 1076 nimis
1171 1022 1485 1076 tenuissima
1530 1024 1881 1091 scrutatione,

293 1133 410 1187 qua:
435 1116 655 1170 multum
687 1114 1066 1169 sollicitudinis
1106 1130 1168 1170 ac
1197 1114 1357 1169 studii
1382 1117 1705 1171 contineret.
1735 1116 1882 1185 Qua-

295 1220 512 1283 propter
536 1209 911 1279 negligendum
944 1226 1049 1264 non
1097 1209 1194 1263 fuit
1238 1211 1525 1279 quominus
1564 1213 1742 1266 statim
1789 1226 1882 1267 ne-

293 1305 498 1374 gotium
552 1303 910 1368 ventilarem;
958 1296 1170 1373 quando
1228 1318 1291 1357 ex
1344 1302 1436 1357 illo
1468 1302 1577 1372 jam
1621 1315 1880 1373 tempore,

291 1409 398 1465 quo
422 1404 444 1433 ε
469 1393 938 1449 commonitorium
993 1400 1095 1448 tua:
1128 1395 1489 1451 venerationis
1524 1397 1729 1465 accepi,
1760 1397 1883 1465 plu-

290 1491 482 1546 rimam
510 1502 692 1541 curam
724 1487 801 1540 rei
830 1484 985 1555 hujus
1008 1485 1308 1553 habuerim,
1344 1504 1486 1543 nunc
1520 1484 1545 1525 ἀ
1582 1489 1781 1559 legales
1828 1490 1887 1546 li-

297 1582 432 1637 bros
506 1580 849 1647 inspiciens,
917 1593 1061 1633 nunc
1129 1581 1471 1650 antiquorum
1524 1590 1547 1619 °
1605 1582 1882 1638 doctorum

295 1670 506 1745 1265
532 1673 768 1724 instituta
801 1672 1140 1739 contingens,
1174 1686 1239 1726 ex
1276 1671 1468 1741 quibus
1510 1672 1764 1741 possibile
1804 1683 1885 1730 est

290 1764 598 1832 hujusioodi
626 1776 937 1835 computum
963 1764 1284 1836 investigare
1331 1767 1601 1821 solertius.
1654 1768 1884 1824 Sumens

290 1859 456 1915 etiam
490 1870 541 1914 et
591 1858 921 1914 centenalem
956 1874 1173 1914 cursum
1216 1856 1437 1915 Paschze
1492 1860 1817 1931 descriptum
1849 1878 1877 1915 a

1984 663 2104 719 quze
2136 651 2291 707 nobis
2321 650 2571 709 videntur
2600 655 2839 712 scribere
2870 670 2967 713 seu
2996 658 3137 714 velle
3158 657 3393 727 ﬁrmare,
3426 659 3571 718 inse-

1983 743 2191 800 ruimus
2214 756 2240 796 ι)
2267 748 2429 803 etiam
2457 762 2644 804 causas
2669 748 2789 808 huic
2819 750 3082 820 epistolae,
3112 752 3305 822 quibus
3335 761 3425 809 tua
3446 767 3571 812 san-

1983 836 2141 891 ctitas
2190 838 2327 893 forte
2381 841 2613 895 aestimet
2668 855 2775 895 non
2822 855 2881 896 se
2927 841 3126 898 debere
3174 843 3574 914 reprehendere

1984 927 2356 1000 Egyptiorum
2384 930 2641 987 Ecclesiae
2664 935 2968 999 veritatem,
2988 950 3108 1001 qua:
3128 944 3301 993 mater
3329 936 3574 1009 hujusce-

1984 1024 2129 1079 modi
2161 1025 2358 1079 Iaboris
2396 1025 2608 1099 1266
2636 1027 2859 1093 exstitit,
2911 1028 3300 1099 diligenterque
3336 1030 3573 1087 conscri-

1985 1116 2108 1184 psit.
2141 1114 2279 1171 Olim
2308 1118 2520 1186 quidem
2555 1118 2813 1173 Dominus
2840 1134 2936 1188 pcr
2957 1119 3193 1191 Moysem
3239 1130 3452 1193 tempus
3480 1137 3575 1195 pa-

1986 1208 2165 1264 schale
2204 1210 2525 1280 significavit
2568 1202 2753 1267 dicens
2787 1230 2799 1266 :
2835 1212 3045 1268 Custodi
3075 1230 3295 1272 mensem
3326 1232 3575 1273 nouorum

1987 1299 2164 1373 (Deut.
2195 1319 2304 1370 xvi,
2331 1300 2415 1374 l);
2450 1304 2679 1373 primum
2708 1304 2850 1360 hunc
2874 1321 2993 1361 esse
3025 1307 3398 1375 pronuntians,
3437 1310 3577 1365 sicut

1987 1392 2179 1449 iterum
2207 1393 2379 1450 dicit:
2417 1395 2609 1450 Mensis
2644 1398 2737 1451 iste
2764 1397 2900 1450 vobis
2938 1398 3139 1451 initium
3171 1397 3438 1463 mensium,
3462 1400 3575 1470 pri-

1986 1502 2101 1539 mus
2132 1488 2224 1539 erit
2253 1488 2306 1540 in
2337 1487 2592 1541 mensibus
2618 1488 2742 1542 anni
2772 1486 2970 1557 (Exod.
3011 1503 3104 1551 xu.
3139 1486 3227 1561 2);
3260 1498 3314 1543 et
3346 1506 3359 1544 :
3392 1486 3578 1547 Facies

1987 1579 2195 1635 Pascha
2224 1580 2443 1634 Domino
2467 1578 2577 1634 Deo
2608 1592 2693 1636 tuo
2718 1592 2900 1651 quarta
2922 1581 3119 1635 decima
3156 1582 3240 1636 die
3262 1584 3449 1638 mensis
3471 1583 3577 1654 pri-

1990 1674 2059 1726 mi
2082 1673 2265 1742 (Leuit.
2292 1690 2443 1741 xxiii,
2468 1674 2530 1739 5;
2560 1672 2723 1727 Num.
2749 1691 2937 1740 xxvnt,
2965 1672 3077 1745 I6).
3099 1675 3203 1730 Sed
3227 1676 3319 1746 qui
3345 1677 3459 1732 inec
3482 1691 3578 1747 per

1988 1764 2221 1839 Moysem
2270 1766 2480 1821 locutus
2529 1775 2609 1820 est
2649 1765 2928 1833 Dominus,
2977 1765 3251 1837 plenitudo
3291 1767 3423 1837 legis
3465 1765 3578 1823 exi-

1990 1867 2158 1920 stens.
2193 1858 2405 1927 quando
2436 1860 2684 1927 dignatus
2714 1868 2796 1915 est
2834 1857 2994 1914 homo
3023 1854 3160 1927 ﬁeri,
3186 1869 3213 1910 tt
3244 1859 3429 1930 quinta
3457 1859 3578 1915 sab-

291 1950 607 2007 beati~simo
639 1960 789 2021 patre
813 1960 867 2006 et
894 1949 914 1988 ί
940 1954 1195 2020 ερὶερονο
1219 1965 1404 2007 nostro
1435 1953 1758 2023 Theophila,
1779 1971 1889 2010 om.
1920 1936 1966 2001 Β
1996 1950 2239 2003 batorum
2288 1966 2378 2004 xw
2436 1949 2559 2004 luna
2606 1952 2806 2004 mensis
2843 1950 2999 2020 primi
3042 1950 3096 2005 in
3138 1949 3417 2007 caenaculo
3455 1965 3573 2006 cum

293 2061 523 2114 nemque
551 2060 893 2113 percurrens,
941 2046 1013 2099 ita
1060 2047 1235 2115 reperi
1262 2046 1545 2117 diligenter
1574 2048 1888 2117 integreque

292 2140 649 2204 compositum
684 2182 699 2205 ,
744 2149 802 2194 ut
846 2141 1170 2209 quicumque
1224 2141 1311 2195 ille
1360 2142 1466 2205 sit,
1514 2144 1888 2197 auctoritatem

294 2232 582 2300 scriptura:
615 2229 773 2300 hujus
829 2232 1073 2303 quolibet
1122 2233 1281 2287 modo
1337 2232 1740 2302 reprehendere
1770 2242 1794 2282 ε
1828 2251 1891 2291 ac

294 2322 604 2388 vituperare
626 2337 731 2377 non
757 2324 947 2391 possit.
974 2324 1100 2378 Erat
1128 2323 1271 2379 enim
1299 2326 1695 2394 inconsequens
1714 2328 1886 2380 virum

292 2416 364 2481 ita
391 2415 697 2485 vigilantem
723 2415 941 2485 Oeaque
964 2417 1368 2484 charissimam,
1396 2418 1701 2473 divinarum
1724 2420 1886 2475 etiam

294 2506 525 2563 ditatum
548 2507 771 2562 scientia
794 2506 1216 2575 Scripturarum,
1239 2510 1289 2564 in
1314 2512 1530 2580 negotio
1556 2520 1665 2566 tam
1690 2526 1884 2582 magno

294 2616 359 2657 ac
390 2601 723 2665 necessario,
744 2604 1105 2670 prmtermisso
1127 2602 1414 2673 diligentiae
1433 2603 1618 2658 labore
1648 2606 1884 2673 potuisse

296 2693 632 2761 delinquere.
688 2693 794 2748 Sed
825 2694 982 2757 forte,
1035 2696 1175 2749 sicut
1208 2704 1295 2748 tua
1327 2698 1584 2751 sanctitas
1614 2693 1643 2733 ¹ι
1670 2698 1881 2762 scribit,

297 2787 545 2843 mendosi
570 2785 816 2842 codicisi
853 2797 943 2841 aut
964 2786 1167 2842 librarii
1199 2802 1352 2843 error
1381 2799 1480 2852 est,
1506 2796 1560 2843 et
1598 2796 1879 2858 propterea

299 2894 399 2935 nos
432 2878 447 2930 i
494 2890 769 2949 oporteret
796 2881 936 2935 diem
961 2890 1160 2936 sanctm
1206 2881 1349 2939 illius
1381 2881 1687 2939 festivitatis
1718 2893 1890 2939 trans-

298 2971 465 3039 ferre,
492 2970 520 3011 ¹ι
545 2973 690 3042 quod
718 2974 877 3028 absit.
917 2971 936 3012 ι
966 2974 1286 3030 Celebretnr
1308 2986 1487 3032 autem
1528 2976 1599 3031 ita
1626 2977 1800 3045 porius
1832 2986 1892 3033 ttt

299 3066 646 3121 centenarias
674 3078 937 3121 annorum
966 3076 1156 3121 cursus
1183 3068 1424 3134 ejusdem
1476 3062 1769 3124 beatissimi
1799 3084 1892 3139 pa-

300 3158 400 3217 tris
434 3156 604 3213 nostri
630 3169 683 3214 et
710 3167 751 3196 ω
778 3161 1014 3230 episcopi
1043 3158 1326 3229 TheOph‘ili
1363 3164 1626 3230 continet,
1664 3164 1752 3231 qui
1796 3180 1892 3217 an-

300 3252 579 3322 tiquorum
609 3254 816 3326 paginis
847 3255 1068 3310 omnino
1094 3256 1409 3323 concordat,
1436 3258 1485 3311 id
1511 3269 1590 3313 cst
1620 3275 1745 3313 nix
1775 3260 1889 3315 dies

1993 2040 2271 2109 discipulis
2304 2043 2498 2109 pascha
2526 2042 2876 2110 manducans,
2910 2040 3068 2110 paulo
3101 2052 3217 2109 post
3246 2057 3274 2094 a
3303 2036 3442 2097 Juda
3472 2051 3579 2099 tra-

1990 2136 2157 2205 ditur,
2207 2146 2257 2189 et
2287 2146 2308 2173 ι’
2339 2136 2584 2201 sequenti
2625 2136 2715 2190 die
2752 2152 2817 2191 xv
2854 2136 2977 2189 luna
3019 2134 3367 2204 cruciﬁgitur,
3414 2134 3467 2190 id
3495 2143 3580 2190 est

1987 2243 2040 2283 vr
2070 2227 2223 2292 feria,
2259 2236 2314 2282 et
2341 2228 2405 2281 ad
2439 2226 2639 2281 inferos
2666 2226 3021 2295 descendens,
3057 2241 3118 2283 ac
3149 2226 3580 2297 dispensationes

1990 2322 2179 2380 Salutis
2213 2330 2408 2377 nostra:
2455 2320 2760 2391 perficiens,
2793 2336 3014 2391 vespere
3037 2320 3246 2376 sabbati
3276 2321 3581 2377 lucescente

1993 2422 2014 2450 ⁸
2044 2415 2322 2468 Dominico
2360 2413 2656 2468 resurrexit
2696 2430 2723 2466 ει
2762 2414 3006 2468 mortuis.
3044 2412 3104 2467 In
3135 2426 3243 2482 quo
3280 2411 3371 2467 die
3400 2412 3580 2468 lunam

1995 2522 2101 2562 xvn
2123 2507 2276 2577 primi
2296 2506 2660 2575 mensisjuxta
2677 2504 2931 2561 Hebrzeos
2948 2506 3217 2562 exstitisse
3238 2505 3579 2562 manifestum

1990 2611 2091 2657 est.
2124 2601 2231 2657 Nos
2255 2618 2382 2671 ergo
2408 2602 2695 2656 Christiani
2727 2616 2831 2655 non
2870 2602 3041 2655 solum
3071 2618 3164 2657 xiv
3187 2602 3364 2657 lunam
3399 2600 3449 2660 in
3478 2600 3579 2657 Pa-

1991 2695 2116 2747 scha
2145 2692 2467 2762 requirimus
2491 2694 2617 2764 (hoc
2644 2695 2785 2747 enim
2808 2692 2978 2748 Judaei
3008 2693 3267 2750 facientes
3295 2694 3412 2748 sine
3430 2693 3581 2747 testi-

1990 2790 2155 2842 vitate
2181 2794 2355 2853 sunt),
2391 2786 2483 2845 sed
2516 2787 2672 2841 etiam
2708 2786 3136 2841 Resurrectionis
3164 2785 3305 2841 diem
3349 2783 3580 2841 Redem-

1994 2880 2159 2951 ptoris
2194 2880 2385 2945 nostri,
2418 2882 2512 2949 qui
2544 2893 2623 2934 est
2653 2894 2760 2934 xvii
2805 2879 2929 2934 luna
2956 2876 3163 2950 prtefati
3194 2878 3349 2949 primi
3377 2879 3579 2935 mensis

1995 2988 2276 3038 novorum,
2304 2972 2589 3027 sollicitius
2612 2973 2977 3028 observamus.
3004 2972 3155 3039 Quod
3181 2973 3226 3026 si
3249 2972 3444 3028 eodem
3465 2987 3582 3027 mo-

1993 3065 2063 3120 do
2092 3065 2442 3135 plenilunium
2474 3065 2495 3101 τ
2532 3074 2749 3132 semper
2774 3070 3085 3119 occurreret
3119 3064 3304 3132 quinta
3330 3063 3583 3119 sabbato-

1994 3176 2136 3229 rum,
2168 3159 2378 3229 quando
2408 3159 2655 3217 Salvator
2678 3158 2875 3226 pascha
2898 3173 3019 3212 cum
3051 3156 3325 3227 discipulis
3356 3156 3583 3212 mandu-

1994 3260 2154 3321 cavit,
2200 3272 2361 3313 omne
2403 3257 2681 3310 tolleretur
2723 3254 3054 3324 ambiguum.
3106 3250 3236 3319 Quia
3280 3265 3406 3307 vero
3436 3250 3581 3306 luna:

301 3320 511 3404 mensis
542 3320 851 3402 Pharinuthi
877 3348 1027 3418 juxta
1051 3348 1349 3421 Egyptios.
1396 3320 1595 3417 quiest
1643 3362 1734 3406 vni
1780 3347 1887 3406 kal.
1917 3320 1965 3384 Ο
1998 3320 2229 3408 circulus
2265 3350 2331 3405 ad
2369 3352 2497 3405 solis
2539 3358 2753 3405 cursum
2788 3320 3065 3417 inaequalis
3094 3356 3196 3414 est,
3239 3352 3295 3401 et
3331 3354 3421 3400 xiv
3454 3346 3580 3399 luna

302 3442 493 3499 Maias.
531 3442 593 3498 Et
634 3457 731 3498 nos
775 3443 939 3509 enim,
968 3451 1021 3498 et
1068 3451 1177 3498 tota
1209 3441 1459 3515 Egyptia
1516 3446 1685 3513 regio,
1731 3457 1891 3515 atque

304 3538 499 3591 Oriens
529 3536 827 3600 universus,
855 3543 886 3573 ιι
926 3537 1006 3593 sic
1033 3538 1210 3606 ipsum
1250 3536 1393 3593 diem
1436 3538 1762 3595 celebraturi
1799 3553 1893 3595 su-

306 3637 448 3694 mus,
475 3628 587 3683 Deo
616 3636 926 3698 praestante.

374 3874 409 3905 ⁸
437 3868 558 3930 Vid.
585 3870 743 3942 epist.
774 3862 898 3935 121,
919 3880 971 3924 c.
1000 3865 1065 3934 2;
1089 3866 1247 3939 epist.
1271 3860 1395 3937 127,
1430 3878 1483 3923 c.
1518 3866 1597 3935 2;
1643 3876 1699 3926 et
1740 3870 1900 3941 epist.

312 3948 588 4005 |51.c.l.

375 4017 408 4056 ι)
444 4018 521 4072 Ms
590 4014 789 4082 Oxon.,
833 4008 1207 4083 fraternitatis;
1252 4018 1307 4067 et
1361 4020 1544 4079 postea
1584 4019 1772 4067 teneret
1803 4028 1902 4085 pro

311 4091 614 4145 contineret.

384 4170 409 4198 ο
438 4160 551 4213 Hoc
583 4157 776 4212 Leonis
802 4151 1273 4209 commonitorium
1299 4150 1366 4207 ad
1386 4151 1687 4210 Proterinm
1711 4153 1779 4212 de
1800 4155 1902 4212 Pa-

312 4232 506 4285 schate
527 4246 648 4283 ann.
684 4228 790 4282 L55
820 4224 1175 4281 desideratur.

382 4299 411 4338 τι
441 4300 706 4370 ιρςαιὶυηι
748 4297 997 4351 librorum
1022 4297 1238 4370 nomine
1264 4294 1481 4370 videtur
1510 4296 1811 4370 intelligere
1833 4297 1901 4353 li-

311 4370 440 4428 ιιι-οε
479 4367 609 4441 legis
651 4369 867 4441 Moysis,
899 4369 950 4422 in
986 4368 1176 4441 quibus
1229 4367 1456 4441 primum
1511 4367 1710 4441 Pascha
1738 4384 1901 4441 “prae-

313 4437 679 4511 ceptnm'fuit,
704 4437 754 4495 ei
778 4442 1067 4511 ascriptum
1091 4438 1261 4509 primo
1288 4438 1483 4505 mensi,
1508 4440 1598 4510 qui
1641 4449 1694 4495 et
1726 4437 1901 4495 Nouo-

313 4507 431 4569 ruin
461 4507 701 4575 vocatur,
732 4512 854 4565 luna
884 4507 969 4564 M.

388 4596 414 4622 ε
451 4582 804 4639 Μιϐωιιοιι..
858 4584 991 4635 dicta
1041 4581 1289 4635 instituta.
1338 4581 1523 4637 Melius
1548 4581 1894 4653 cod.0xon.,

316 4654 473 4709 docta
529 4657 779 4706 instituta.
836 4652 1137 4721 Intelligere
1168 4652 1379 4708 videtur
1404 4653 1597 4725 Cyclos
1625 4666 1676 4708 et
1710 4671 1898 4709 monu-

317 4736 500 4781 menta
530 4726 797 4793 paschalia
827 4725 1126 4794 antiquiora
1146 4724 1753 4793 centenario'l‘lieophili
1800 4725 1902 4779 La-

319 4809 387 4852 te:
406 4800 535 4850 culo
564 4812 658 4850 seu
687 4811 865 4859 cursu,
910 4795 975 4850 de
1005 4811 1109 4861 quo
1154 4808 1281 4849 sane
1310 4796 1464 4862 paulo
1492 4807 1613 4865 post
1641 4807 1896 4854 testatur:

319 4869 427 4933 Qui
454 4870 783 4935 antiquorum
816 4868 1011 4934 paginis
1041 4867 1244 4918 ontnino
1266 4867 1563 4921 concordat.

400 4938 417 4976 τ
454 4940 641 5002 Janus,
689 4938 981 5009 coepiscopo
1028 4944 1199 4989 nostra
1244 4935 1560 5004 Theophila,
1602 4954 1903 5010 omnemque

320 5010 626 5063 decurrens.

399 5090 424 5126 ε
456 5080 510 5134 In
543 5093 669 5133 mss.
706 5078 876 5131 Oxon.
909 5090 1067 5129 Voces
1096 5093 1156 5129 ac
1183 5077 1466 5145 vituperare
1493 5078 1832 5135 omittuntur.

395 5150 425 5186 ιι
457 5154 579 5204 Mss.
611 5147 825 5203 Cotton.
858 5157 909 5200 et
946 5146 1116 5214 high.
1149 5151 1369 5219 scripsit.

404 5219 423 5257 ί
460 5224 585 5275 Erat
612 5224 661 5273 in
694 5219 870 5281 rdllIS,
907 5226 991 5271 aut
1035 5219 1295 5285 scriptoris
1333 5219 1550 5272 librarii.
1590 5219 1909 5287 Quesnellns

326 5304 536 5347 DO‘a'tl
560 5291 670 5344 iia-c
699 5288 876 5343 omnia
901 5289 1087 5341 dee~se
1119 5290 1169 5341 iu
1194 5305 1293 5342 ms.
1319 5294 1489 5344 Oxon.
1514 5290 1690 5345 Solam
1723 5308 1908 5347 vocem

324 5362 619 5431 scriptoris,
661 5376 779 5431 qua:
819 5358 1075 5426 abundat,
1106 5365 1421 5417 auctoritate
1462 5363 1618 5418 triutn
1665 5362 1909 5419 codicum

324 5430 449 5489 Julii
478 5430 687 5487 deleviu
714 5447 796 5485 IIS.

407 5504 422 5556 i
454 5507 624 5559 Codd.
654 5505 867 5557 Cotton.
891 5508 947 5555 et
972 5499 1144 5570 Digb.,
1174 5512 1385 5572 oportet.
1422 5504 1476 5557 In
1503 5503 1783 5572 Theophili
1812 5505 1912 5560 La-

332 5580 543 5630 ter-mlo
560 5592 620 5626 ac
642 5573 1125 5627 Alexandrinorum
1156 5581 1553 5638 computatione
1569 5575 1771 5635 Pascha
1788 5578 1912 5631 anni

328 5646 443 5701 455
470 5647 796 5700 μωιιιεὺηιιιι·
825 5661 911 5699 vit:
941 5643 1047 5699 kal.
1085 5645 1232 5709 Maii;
1261 5663 1325 5700 ex
1357 5645 1548 5699 Leonis
1580 5660 1758 5701 autern
1784 5664 1911 5701 sen-

334 5732 442 5773 tcrn
457 5735 523 5781 ia,
551 5720 637 5784 qui
660 5735 896 5772 errorem
919 5733 966 5769 Ill
987 5734 1052 5771 eo
1070 5717 1350 5773 Latcrculo
1370 5736 1398 5770 ιι
1417 5720 1648 5784 repsisse
1674 5722 1912 5786 putabat,

332 5790 764 5846 tramferi-nilnni
807 5798 924 5843 erat
966 5805 1088 5861 pnsc
1130 5806 1158 5841 a
1200 5790 1508 5844 iudicuth
1539 5788 1644 5846 kal.
1670 5790 1911 5861 ejusdem

331 5863 558 5923 metris,
598 5874 646 5912 ut
677 5862 877 5914 Latinis
911 5860 1204 5913 videbitur.

412 5934 439 5971 ⁸
469 5918 613 5994 ιιὼιι
638 5948 706 5993 ex
733 5933 1125 5993 Strmoudiuuis
1150 5930 1387 6000 schedis,
1411 5932 1543 6002 quod
1572 5932 1714 5991 abiit.
1738 5918 1913 6000 Ques-é

1930 4696 1980 4757 D

2000 3443 2269 3514 paschalis
2307 3441 2359 3497 in
2404 3441 2491 3496 die
2526 3439 2806 3495 Dominico
2842 3453 2986 3505 saepe
3024 3430 3306 3507 contingit,
3352 3446 3461 3491 non
3498 3440 3583 3491 est

1998 3551 2177 3594 autem
2212 3536 2464 3606 possibile
2502 3544 2629 3591 tunc
2662 3535 2855 3589 festum
2884 3533 3183 3597 celebrare.
3212 3529 3311 3585 sed
3340 3543 3442 3585 nec
3470 3528 3581 3598 pri-

1999 3631 2109 3701 die,
2132 3630 2379 3698 sabbato,
2402 3628 2527 3684 luna
2549 3642 2642 3684 xm
2660 3632 2688 3665 ιι
2708 3626 2972 3698 jejunium
2994 3624 3224 3693 solvere,
3250 3622 3308 3679 in
3330 3621 3583 3693 septima-

2007 3871 2178 3928 nellns
2216 3888 2279 3927 ex
2324 3886 2424 3927 ms.
2465 3868 2641 3930 Oxon.
2684 3879 2738 3928 et
2760 3869 2927 3945 Janus
2956 3886 3021 3928 ex
3062 3870 3229 3928 tribus
3273 3868 3385 3925 suis
3418 3864 3577 3925 codd.

2006 3945 2379 4000 ementlarunt.

2080 4012 2099 4053 ι
2134 4013 2208 4068 Ita
2235 4014 2512 4081 lugendum
2542 4027 2663 4067 cum
2688 4013 2823 4069 Juno
2847 4028 2913 4068 ex
2941 4026 3041 4068 ms.
3064 4010 3304 4079 Cotton.,
3332 4025 3427 4081 pro
3452 4010 3582 4066 cele-

2006 4086 2200 4147 bratur,
2230 4088 2369 4153 qUod
2402 4086 2588 4139 crat‘iu
2615 4085 2732 4139 aliis
2759 4084 2931 4139 editis.

2075 4166 2114 4194 ω
2151 4156 2321 4210 Editio
2348 4155 2486 4220 Jaui,
2517 4157 2821 4226 coepiscOpi.

2074 4234 2101 4264 τι
2127 4228 2259 4281 Cod.
2286 4227 2463 4298 Digh.,
2490 4227 2563 4282 sic
2591 4223 2758 4297 ipsius
2770 4225 2874 4281 diei
2899 4223 3208 4282 celebraturi
3231 4225 3587 4280 auctoritatem

2004 4315 2200 4355 sumus.

2076 4380 2100 4407 ο
2129 4371 2448 4425 Arbitrantur
2478 4369 2686 4437 passive
2717 4368 2801 4423 hic
2823 4366 3051 4425 sumitur
3080 4384 3177 4439 pro
3207 4368 3578 4439 existimemur,

2003 4441 2077 4495 uti
2113 4442 2319 4506 passive
2349 4442 2547 4508 pariter
2574 4441 2800 4495 sumitur
2826 4457 2852 4493 a
2880 4439 3048 4495 C(Blio
3076 4438 3216 4511 apud
3248 4438 3578 4494 Priscianum

2005 4514 2099 4568 lib.
2128 4530 2241 4576 viti,
2277 4525 2324 4567 et
2354 4514 2421 4567 ab
2449 4512 2671 4579 Ulpiano
2702 4511 2763 4567 Ι).
2794 4526 2854 4575 ιι,
2881 4512 2936 4576 7,
2968 4511 3054 4566 «12.

2076 4595 2103 4635 ι>
2130 4585 2395 4640 PartiCula
2440 4586 2589 4638 etiam
2619 4599 2683 4638 ex
2712 4581 2829 4638 Jani
2872 4584 3110 4644 editione
3134 4592 3184 4637 et
3214 4595 3345 4635 mss.
3386 4581 3586 4636 inserta

2004 4665 2105 4711 est.
2131 4655 2249 4710 Mox
2274 4660 2401 4724 forte
2429 4657 2579 4712 deest
2604 4658 2655 4711 in
2686 4670 2786 4711 nis.
2812 4655 3009 4720 Oxum,
3040 4666 3093 4711 et
3122 4667 3360 4725 spernere
3389 4667 3485 4722 pro
3504 4666 3587 4708 rc-

2008 4729 2333 4798 prehrndere.

2077 4809 2105 4848 τι
2131 4799 2204 4854 ita
2229 4814 2292 4853 ex
2322 4813 2422 4853 ins.
2451 4797 2626 4859 Oxon,
2659 4806 2709 4851 et
2734 4796 2901 4852 tribus
2924 4793 3081 4851 codd.
3117 4793 3258 4863 Jani,
3284 4809 3381 4867 pro
3409 4795 3589 4867 quinta

2006 4870 2245 4941 {erigat
2273 4868 2459 4923 eratin
2488 4868 2666 4941 editis.

2081 4950 2103 4978 τ
2136 4938 2305 4995 Voces
2331 4940 2557 5009 sequenti
2582 4939 2883 5009 die_absunt
2908 4953 2937 4991 a
2960 4936 3272 5009 ms.‘Oxon.

2080 5018 2102 5046 ⁸
2134 5012 2285 5079 Apud
2333 5006 2598 5064 lsabbrum
2650 5007 2898 5062 Dominus
2939 5006 3355 5079 proADomim'co,
3398 5022 3590 5076 perpe-

2012 5098 2147 5137 ram.
2183 5076 2564 5147 Iiespiciuntnr'
2584 5080 2672 5135 illa
2703 5080 2971 5150 Evangelii
2999 5096 3012 5132 :
3044 5076 3254 5150 Vespere
3278 5087 3449 5150 autem
3474 5079 3591 5150 sab-

2014 5146 2302 5231 banqu
2337 5154 2538 5206 lucescit
2577 5152 2631 5204 in
2660 5152 2821 5231 prima
2847 5146 3063 5218 sabbati,
3104 5146 3156 5205 id
3181 5160 3263 5205 est
3292 5146 3588 5216 Dominica,

2012 5240 2115 5295 qua
2146 5222 2392 5278 Chrisuis
2426 5223 2736 5277 resurrexit.

2086 5295 2106 5331 τ
2137 5294 2213 5348 Ita
2245 5294 2555 5359 Buehcrius,
2601 5304 2653 5348 et
2700 5307 2800 5347 ms.
2834 5293 3031 5357 0xon.,
3073 5306 3135 5346 ac
3161 5291 3327 5346 Janus
3358 5306 3426 5344 ex
3466 5288 3590 5345 cod.

2018 5364 2167 5431 Digb.
2205 5366 2402 5419 rectius
2462 5381 2580 5418 nam
2610 5367 2659 5417 in
2683 5364 2801 5419 aliis
2824 5366 3003 5427 editis,
3035 5379 3186 5431 super
3206 5360 3506 5426 occurrerit,
3540 5368 3595 5416 et

2018 5438 2169 5488 paulo
2201 5446 2338 5488 nost.
2361 5380 2584 5488 toljetur.
2614 5452 2734 5488 uua:
2764 5450 2977 5488 sensum
3007 5435 3163 5488 nlaue
3195 5433 3528 5488 nerturbant.

2012 5438 2169 5506 paulo
2201 5446 2338 5501 post,
2361 5433 2584 5499 tolletur,
2614 5452 2734 5505 qua:
2764 5450 2977 5506 sensum
3007 5435 3163 5506 plane
3195 5433 3528 5499 perturbant.

2088 5516 2114 5544 ι
2148 5507 2287 5561 Duas
2314 5506 2584 5561 Proterius
2616 5508 2853 5561 rationes
2877 5505 3238 5573 all'ertqnibns
3262 5519 3327 5559 eo
3342 5518 3470 5559 casu
3489 5518 3595 5572 quo

2017 5578 2141 5631 luna
2174 5577 2237 5632 14
2285 5579 2467 5633 incidit
2501 5582 2550 5630 in
2586 5577 2934 5643 Dominiram,
2972 5576 3173 5631 Pasoha
3203 5574 3467 5630 celebrari
3497 5590 3595 5627 ne~

2018 5665 2171 5719 queat
2214 5650 2323 5713 ipsa
2365 5651 2451 5703 die
2496 5647 2770 5703 Dominica
2812 5650 2931 5702 luna
2974 5647 3058 5719 M.
3102 5648 3193 5700 sed
3239 5646 3592 5719 diﬂ‘ereudum

2020 5716 2089 5773 sit
2122 5721 2170 5772 in
2212 5719 2539 5773 Dominicatn
2579 5730 2909 5784 sequentem,
2956 5718 3007 5771 I°
3034 5720 3157 5786 quia
3199 5728 3320 5769 tunc
3350 5716 3601 5785 paschale

2021 5791 2213 5845 festum
2238 5792 2495 5846 celebrari
2523 5792 2731 5859 nequit.
2758 5788 2813 5841 2°
2841 5790 2961 5859 quia
2989 5787 3175 5855 pridie,
3202 5788 3442 5855 sabbato,
3473 5788 3599 5843 luna

2021 5864 2111 5925 15,
2153 5863 2415 5930 jejunium
2445 5858 2651 5915 solvere
2672 5878 2776 5915 non
2801 5858 2946 5915 licet.
2968 5859 3073 5914 llas
3094 5858 3309 5914 easdem
3334 5866 3591 5925 rationes,

2022 5949 2155 6004 quas
2180 5934 2454 5992 Proterius
2484 5934 2677 5990 iterum
2705 5940 2857 6003 urget
2885 5945 2936 5989 c.
2971 5931 3003 5987 5
3032 5930 3224 5993 eodem
3249 5945 3413 6004 scopo
3443 5931 3496 5990 in
3529 5932 3603 5989 si-
