4072 6358
496 360 629 416 108³7

1628 360 1684 416 5.
1723 359 1970 415 LEOMS
2007 356 2218 413 MAGNI
2260 359 2637 417 El’lSTOLIE.

3622 368 3762 427 1088

491 492 613 533 nam
646 474 855 548 1267
885 480 1198 545 sequentem
1243 473 1600 530 differendum
1643 483 1747 530 est.
1772 484 1797 511 ι
1838 474 2067 528 Maxime
2094 478 2148 538 Α
2171 481 2474 547 septimam,
2497 480 2756 534 vicesimo
2782 476 3000 547 quidem
3028 485 3220 534 octavo
3248 477 3340 534 die
3362 478 3564 538 mensis
3591 481 3759 539 Phar-

490 580 608 621 cum
643 568 933 621 habeamus
961 568 1099 621 intra
1141 581 1258 622 eam
1300 584 1367 622 xv
1414 567 1619 633 lunam,
1660 566 1893 638 quando,
1935 567 2074 621 sicut

489 661 703 729 scripsit
720 660 1029 730 Apostolus,
1052 660 1256 715 Pascha
1278 672 1505 716 nostrum
1528 664 1818 716 immolatus
1839 672 1910 715 est
1926 660 2073 715 Chri-

488 762 594 805 stus
639 751 680 822 (l
712 751 827 806 Cor.
856 768 910 822 v,
941 751 1031 823 7);
1083 768 1175 808 xw
1212 769 1440 823 namque
1487 755 1611 809 luna
1652 754 1807 824 primi
1849 755 2069 819 mensis,

487 844 629 913 juxta
666 844 940 913 Hebraeos,
970 855 1031 901 ut
1056 847 1302 917 superius
1333 848 1533 903 dictum
1564 857 1667 914 est,
1695 849 1851 904 Jesus
1876 849 2070 917 pascha

486 936 724 1006 typieum
756 939 1126 1007 manducavit;
1171 941 1415 1010 sequenti
1444 938 1471 978 δ
1502 956 1632 995 vero
1661 951 1810 995 sexta
1838 941 1967 995 feria
1999 954 2072 995 xv

486 1029 631 1095 luna,
672 1042 725 1085 ιιι
754 1034 870 1087 ovis
895 1034 1203 1099 occisionis,
1250 1036 1396 1090 cruci
1426 1050 1522 1105 pro
1553 1034 1707 1089 nobis
1742 1035 1935 1090 affixus
1965 1045 2067 1101 est,

485 1134 539 1178 et
567 1139 789 1195 vespere
828 1127 1037 1182 sabbati
1074 1129 1381 1185 lucescente
1408 1140 1431 1169 ε
1480 1130 1763 1185 Dominico
1798 1147 1909 1186 xvu
1948 1132 2069 1186 luna

486 1221 784 1274 resurrexit
809 1236 839 1275 a
872 1221 1123 1276 mortuis.

556 1311 682 1365 CAP.
715 1311 801 1365 Ill.
835 1344 903 1354 -—
929 1313 1063 1381 Quia
1106 1328 1234 1384 ergo
1284 1315 1335 1368 in
1374 1315 1718 1370 solemnitate
1757 1316 1931 1370 futura
1971 1331 2067 1387 pa-

484 1400 652 1455 schali
678 1418 773 1472 per
799 1414 1038 1459 octavam
1065 1405 1432 1474 indictionem,
1463 1423 1574 1461 xxtt
1596 1406 1726 1463 died
1752 1408 2066 1465 Pharmuthi

485 1498 685 1551 mensis
712 1512 993 1565 novorum,
1018 1499 1104 1568 qui
1133 1508 1214 1553 est
1240 1514 1306 1553 xv
1336 1498 1596 1554 kalendas
1614 1500 1797 1565 Maias,
1832 1512 1853 1538 ο
1881 1517 2069 1556 occur-

483 1594 554 1647 rit
579 1611 666 1649 xtv
694 1596 814 1651 luna
838 1597 923 1651 die
944 1596 1241 1662 Dominico,
1264 1598 1313 1650 in
1335 1598 1686 1666 septimanam
1709 1598 1924 1654 differre
1941 1614 2068 1654 con-

482 1690 629 1743 venit
672 1691 1111 1761 subsequentem.
1146 1692 1417 1745 llabentes
1456 1692 1599 1746 enim
1643 1692 1779 1749 intra
1818 1708 1935 1749 eam
1971 1694 2067 1746 tri-

481 1778 711 1835 duanum
735 1784 1066 1852 mysterium,
1101 1782 1200 1837 hoc
1224 1792 1306 1838 est
1329 1798 1400 1837 xv
1424 1784 1865 1853 lunam,-quando
1889 1784 2063 1838 cruci-

2176 573 2372 637 tnuthi,
2403 575 2491 644 qui
2532 582 2614 629 est
2643 589 2697 630 ιι
2745 572 3004 630 kalendas
3032 574 3217 643 Maias,
3253 576 3456 646 jejunia
3487 578 3760 633 solvemul

2177 682 2397 738 vespere
2424 668 2791 734 sabbatorum,
2823 668 3215 739 sequentivero
3246 671 3548 727 luceseente
3574 673 3761 731 Denti-

2178 761 2317 826 nico,
2348 761 2435 815 die
2465 778 2589 816 xxtx
2620 763 2820 815 mensis
2850 762 3015 830 ipsius
3044 761 3382 829 Pharmuthi,
3429 764 3521 833 qui
3554 775 3636 820 est
3664 780 3757 823 vm

2174 855 2430 910 kalendas
2452 856 2636 924 Maias,
2676 855 2888 927 1268
2915 855 3253 910 festivitatem
3278 856 3641 914 sincerissime
3669 876 3759 915 ce-

2177 948 2524 1016 lebrabimus.

2244 1040 2372 1095 CAP.
2403 1041 2491 1095 IV.
2525 1070 2595 1082 —
2622 1039 2755 1095 Nam
2784 1048 2837 1095 et
2865 1041 3057 1111 priscis
3090 1041 3443 1111 temporibus,
3473 1042 3517 1097 si
3541 1043 3758 1112 quando

2174 1133 2261 1189 die
2281 1133 2562 1188 Dominico
2588 1133 2710 1188 luna
2728 1150 2815 1187 xtv
2832 1143 3041 1203 reperta
3063 1143 3164 1198 est,
3184 1133 3235 1187 in
3258 1143 3570 1205 sequentem
3590 1136 3759 1205 septi-

2173 1241 2386 1280 manam
2434 1235 2519 1281 est
2563 1225 2721 1280 dilata
2777 1225 3057 1290 festivitas,
3103 1226 3243 1281 sicut
3285 1228 3338 1281 in
3371 1224 3391 1263 ί
3427 1227 3759 1297 octogesimo

2175 1334 2337 1384 nono,
2372 1328 2425 1375 et
2452 1319 2800 1390 nonagesimo
2849 1320 3008 1374 tertio
3044 1333 3185 1373 anno
3213 1334 3243 1373 a
3285 1319 3601 1375 Diocletiani
3632 1335 3757 1389 pro-

2173 1414 2331 1467 batur
2371 1414 2619 1484 imperio.
2662 1412 2753 1468 Sic
2794 1413 2938 1467 enim
2986 1423 3040 1467 et
3078 1421 3204 1468 tunc
3246 1412 3537 1467 beatissimi
3572 1413 3759 1469 Patres

2174 1506 2341 1560 nostri
2359 1506 2551 1561 fecisse
2570 1506 2929 1561 declarantur.
2954 1505 3009 1560 ln
3028 1505 3356 1575 octogesimo
3375 1504 3586 1574 quidem
3611 1518 3757 1558 nono

2171 1613 2311 1653 anno
2340 1598 2407 1652 ab
2430 1598 2661 1667 imperio
2684 1596 3021 1663 Diocletiani,
3051 1597 3339 1667 superstite
3361 1595 3531 1650 beatae
3552 1611 3761 1653 memo-

2173 1690 2268 1743 riae
2295 1697 2446 1758 patre
2475 1701 2660 1743 nostro
2691 1698 2743 1744 et
2781 1688 3036 1757 episcopo
3069 1697 3093 1735 tt
3120 1687 3435 1753 Athanasio,
3474 1701 3594 1742 cum
3635 1687 3763 1742 luna

2172 1797 2261 1836 xw
2291 1782 2557 1851 paschalis
2587 1781 2675 1836 die
2706 1796 2874 1836 xxvttt
2915 1780 3115 1836 mensis
3136 1777 3166 1816 ιι
3199 1779 3556 1847 Phamenoth,
3594 1779 3647 1834 id
3676 1788 3765 1835 est

482 1872 624 1928 fixus
677 1884 758 1929 est
810 1875 1085 1942 Christus,
1145 1884 1347 1945 quartae
1399 1875 1624 1930 decitnze
1682 1876 2065 1939 cohaerentem,
2100 1874 2149 1934 B
2177 1888 2318 1927 nono
2347 1873 2697 1928 kalendarum
2728 1871 2995 1941 Aprilium
3028 1871 3113 1925 die
3144 1871 3501 1941 provenisset,
3535 1872 3624 1928 die
3654 1872 3765 1927 Do-

482 1981 688 2023 necnon
718 1978 773 2024 et
802 1977 1006 2024 sextam
1038 1969 1326 2035 decimam,
1365 1977 1418 2024 et
1448 1979 1765 2039 sequentem
1802 1969 2064 2024 decimam

479 2175 592 2247 mili
618 2178 982 2247 controversia
1008 2177 1211 2247 jamdiu
1244 2186 1368 2231 ante
1398 2177 1733 2243 protulerant
1757 2176 1917 2230 etiam
1938 2176 2067 2228 Am-

483 2246 693 2302 brosius
723 2249 775 2302 in
803 2246 1025 2314 epistola
1056 2250 1120 2303 ad
1143 2250 1422 2318 episcopos
1452 2264 1545 2312 per
1571 2247 1841 2302 jEmiliam
1867 2247 2067 2300 consti-

485 2325 650 2384 tutos,
704 2333 765 2373 ac
813 2319 1144 2389 Theophilus
1174 2320 1566 2374 Alexandrinus
1614 2321 1673 2389 iu
1703 2318 1930 2387 Prologo
1963 2318 2063 2371 Pa-

477 2390 646 2444 schali
674 2399 892 2458 agentes
914 2388 981 2444 de
1013 2391 1272 2446 Paschate
1300 2407 1387 2445 an.
1417 2391 1543 2444 387.
1568 2389 1643 2443 Ex
1668 2388 1857 2443 horum
1889 2398 2064 2443 autem

482 2461 803 2530 testimoniis
842 2462 1110 2530 colligitur
1140 2473 1301 2515 totam
1334 2476 1518 2516 earum
1563 2462 1829 2515 rationum
1862 2460 1966 2513 vim
1997 2458 2064 2513 ad

475 2529 735 2599 jejunium
765 2529 1026 2597 revocari,
1058 2533 1129 2587 ita
1178 2541 1233 2586 ιιι
1263 2548 1453 2586 sensus
1484 2534 1553 2585 sit
1596 2532 1843 2598 paschale
1873 2531 2063 2585 festum

477 2615 581 2655 non
615 2617 773 2669 posse
812 2603 899 2657 die
926 2603 1203 2658 Dominica
1253 2604 1377 2657 luna
1411 2602 1478 2656 14
1508 2602 1790 2664 celebrari.
1823 2618 1888 2656 eo
1922 2601 2064 2670 quod

476 2687 576 2725 nec
607 2672 852 2741 jejunare
899 2674 1056 2729 liceat
1087 2690 1147 2729 ea
1188 2674 1274 2729 die
1305 2676 1425 2728 luna
1460 2675 1544 2741 14,
1601 2688 1697 2727 nec
1727 2672 1886 2727 liceat
1918 2674 2062 2725 anti-

480 2741 734 2811 paschale
760 2743 1019 2813 jejunium
1058 2747 1265 2800 solvere
1294 2761 1388 2800 seu
1422 2746 1709 2799 terminare
1738 2746 1859 2797 luna
1892 2743 1979 2798 15.
2002 2742 2057 2797 Si

475 2815 727 2868 nimirum
751 2815 1127 2870 celebrandum
1150 2827 1293 2871 esset
1316 2816 1568 2884 paschale
1600 2814 1794 2869 festum
1830 2816 1953 2868 httta
1995 2813 2061 2867 14

474 2898 593 2938 cum
623 2884 810 2940 incidit
836 2887 889 2940 in
921 2887 1270 2953 Dominicam,
1302 2888 1402 2941 hac
1425 2886 1613 2941 eadem
1646 2886 2061 2955 lunajejunium

474 2964 618 3010 esset
645 2958 990 3024 servandum,
1023 2970 1075 3013 et
1104 2958 1419 3013 solvendum
1452 2959 1623 3012 solum
1656 2958 1707 3011 in
1738 2972 1980 3026 vespere,
2008 2967 2063 3010 ut

474 3026 557 3099 lex
592 3027 969 3097 praecipiebat;
1005 3031 1188 3097 sicque
1210 3028 1557 3099 jejunandum
1589 3039 1735 3083 esset
1766 3029 1851 3083 die
1884 3028 2062 3082 Domi-

473 3098 615 3161 nico,
645 3099 784 3164 quod
809 3108 986 3154 tamen
1006 3098 1223 3154 omnino
1254 3099 1558 3155 faciendum
1582 3115 1689 3153 non
1717 3110 1818 3164 est,
1847 3116 1911 3152 ne
1939 3114 2059 3153 cum

473 3168 781 3241 Manichaﬁs
814 3169 1088 3225 Dominica
1131 3171 1499 3241 jejunantibus
1545 3170 1969 3225 consentiamus.
1999 3168 2059 3241 Si

473 3252 600 3294 vero
624 3240 695 3294 ob
727 3242 1029 3295 evitandam
1070 3244 1207 3295 hanc
1244 3258 1364 3296 eum
1405 3242 1713 3296 Manichteis
1754 3240 2063 3295 similitudi-

474 3326 728 3383 t_tem_non
754 3312 1059 3380 jejunemus
1092 3314 1208 3383 ipso
1236 3313 1517 3368 Dominico
1547 3314 1634 3367 die
1663 3313 1783 3366 luna
1840 3313 1925 3377 H,
1953 3326 2061 3381 quo

472 3380 675 3435 Pascha
696 3383 1081 3437 celebrandum
1103 3380 1369 3452 putemus,
1398 3384 1660 3454 jejunium
1679 3380 2060 3447 antepaschale

472 3467 725 3538 cogemur
754 3454 993 3538 Solvere,
1033 3470 1136 3538 seu_
1160 3458 1448 3509 terminare
1491 3456 1577 3509 die
1619 3454 1820 3538 sabbati
1862 3468 2055 3521 prmce-
2088 3477 2132 3538 ο

474 3523 653 3595 dentis
686 3524 810 3578 luna
860 3526 947 3589 15,
994 3526 1137 3595 quod
1172 3536 1347 3579 tamen
1379 3542 1443 3579 ex
1473 3526 1669 3579 veteris
1697 3526 1828 3593 legis
1861 3539 2062 3589 praece-

472 3594 656 3667 ptione
684 3606 809 3650 ante
833 3594 1099 3651 decimam
1129 3604 1371 3667 quartam
1404 3597 1605 3661 lunam,
1638 3610 1740 3663 qua
1772 3610 1940 3664 agnus
1970 3610 2059 3663 pa-

470 3664 669 3719 schalis
696 3667 1065 3722 comedendus
1096 3664 1233 3733 erat,
1263 3668 1395 3720 solvi
1427 3683 1519 3721 seu
1552 3669 1829 3721 terminari
1855 3668 2058 3735 nequit.

474 3734 605 3790 Vide
626 3750 675 3789 c.
708 3737 741 3791 5
771 3736 928 3802 huius
950 3739 1212 3806 epistolae.
1244 3737 1405 3807 Igitur
1435 3748 1492 3792 ut
1518 3738 1818 3791 decliuetur
1848 3734 2058 3790 utrum-

471 3822 592 3874 que,
626 3809 879 3876 paschale
909 3808 1104 3864 festum
1139 3810 1189 3863 itt
1221 3809 1553 3864 Dontinicam
1587 3818 1900 3877 sequentem
1933 3824 2059 3877 pro-

474 3879 792 3933 trahendum
820 3888 921 3933 est.
1162 3912 1171 3923 α

542 3958 567 3985 λ
595 3949 692 4003 Ms.
725 3949 927 4017 Oxon.,
971 3949 1198 4004 Maxime
1225 3951 1394 4019 quod:
1432 3959 1486 4005 et
1526 3950 1687 4019 paulo
1728 3958 1845 4018 post
1873 3964 2061 4019 perpe-

473 4033 609 4083 ram,
666 4020 732 4073 M
760 4021 937 4075 lunam
972 4037 1071 4090 pro
1123 4023 1207 4075 15.
1256 4022 1525 4076 Iudicatur
1567 4032 1744 4074 autem
1782 4024 1918 4074 intra
1948 4039 2061 4074 eam

472 4090 813 4161 septimanam
843 4100 1131 4161 sequentem
1164 4092 1347 4147 haberi
1371 4094 1548 4147 lunam
1577 4093 1665 4155 l5,
1691 4107 1793 4161 qua
1817 4092 2060 4147 Christus

472 4176 661 4234 passus
701 4172 1071 4234 est,iqu5rque
1112 4163 1164 4216 in
1206 4164 1491 4234 hypothesi
1547 4163 1688 4217 luna:
1732 4164 1798 4216 14
1828 4177 2057 4234 concur-

471 4233 637 4285 rentis
660 4247 779 4286 cum
805 4233 890 4287 die
909 4233 1207 4298 Dominico,
1231 4233 1280 4288 in
1310 4235 1492 4289 feriam
1526 4234 1813 4288 secundam
1839 4233 2056 4297 incidit;

471 4311 523 4355 et
553 4304 795 4358 similiter
829 4305 963 4357 intra
988 4321 1105 4359 eam
1135 4305 1488 4372 septimanam
1532 4304 1714 4357 haberi
1746 4306 1923 4358 lunam
1971 4305 2054 4366 17,

470 4389 572 4439 qua
602 4374 843 4428 Christus
880 4377 1197 4439 resurrexit,
1230 4392 1455 4444 qumque
1498 4376 1549 4428 in
1596 4374 1783 4428 feriam
1814 4383 2056 4442 quartam

388 4478 391 4479 ν
472 4444 657 4497 eadem
692 4446 739 4498 itt
772 4444 1054 4514 hypothesi
1088 4447 1331 4501 incurrit.
1373 4448 1481 4500 Hoc
1509 4456 1686 4499 autem
1719 4456 2058 4513 argumento,

471 4529 576 4580 quo
601 4516 797 4583 pariter
828 4518 903 4568 usi
936 4517 1149 4570 fuerant
1185 4516 1241 4571 S.
1269 4516 1582 4571 Ambrosius
1613 4532 1676 4569 ac
1704 4515 2055 4584 Theophilus,

472 4584 744 4639 Proterins
787 4588 1057 4640 insinuare
1095 4588 1299 4641 nititur.
1346 4589 1618 4641 Paschatis
1657 4586 1967 4639 dilationem
2006 4588 2055 4638 iu

475 4654 805 4710 Dominicam
835 4668 1149 4726 sequentem
1197 4672 1314 4711 esse
1341 4659 1562 4721 licitam,
1612 4658 1731 4723 quia
1779 4658 1830 4709 iu
1869 4657 2057 4711 cadent

472 4729 766 4793 septimana
798 4744 889 4795 per
917 4729 1178 4796 ejusmodi
1212 4730 1521 4781 dilationem
1551 4729 1765 4781 lunares
1797 4728 1909 4781 dies
1938 4743 2057 4795 pas-

471 4796 639 4849 sionis
688 4807 740 4849 et
795 4799 1208 4852 resurrectionis
1253 4798 1452 4853 Christi
1504 4799 2054 4864 comprehenduntur,

2174 1966 2397 2033 minico,
2436 1964 2452 2003 ί
2489 1968 2541 2025 in
2569 1966 2990 2037 subsequentem
3023 1965 3336 2020 translatum
3362 1976 3445 2020 est
3467 1965 3765 2021 hebdoma-

2249 2185 2271 2211 ε
2299 2174 2374 2229 Ita
2404 2188 2469 2229 ex
2497 2174 2635 2230 Jano
2660 2173 2999 2244 reposuimus
3026 2187 3123 2241 pro
3164 2173 3457 2241 occurrerit,
3490 2175 3565 2228 uti
3596 2175 3764 2230 etiant

2172 2253 2461 2299 contextus
2496 2246 2750 2312 postulat.
2776 2246 3068 2301 lndictione
3098 2256 3273 2300 autem
3298 2245 3331 2298 8
3362 2262 3448 2300 an.
3476 2245 3601 2311 455,
3636 2248 3765 2303 luna

2175 2316 2242 2370 14
2280 2317 2599 2371 occurrebat
2635 2316 2850 2386 quidem
2884 2333 2952 2371 xv
2981 2315 3090 2371 kal.
3113 2316 3233 2370 Maii
3273 2332 3339 2372 ex
3364 2317 3767 2371 Alexandrino-

2174 2402 2293 2458 rum
2326 2388 2726 2455 supputatione,
2759 2403 2865 2442 non
2901 2403 3031 2443 vero
3066 2387 3205 2456 apud
3235 2388 3527 2458 Romanos,
3565 2389 3655 2458 qui
3693 2403 3767 2443 eo

2170 2457 2260 2512 die
2298 2458 2569 2513 habebant
2607 2460 2785 2513 lunam
2811 2460 2893 2513 l7.
2914 2458 3141 2513 Tantum
3166 2457 3595 2527 vero‘discrinten
3620 2462 3768 2514 inter

2170 2528 2562 2601 Alexandrinos
2584 2540 2635 2584 et
2669 2530 2940 2601 Romanos
2979 2545 3046 2585 ex
3072 2529 3284 2584 diverso
3313 2530 3485 2601 cyclo,
3508 2540 3564 2585 et
3591 2546 3657 2585 ex
3681 2531 3768 2585 lu-

2169 2615 2251 2653 nas
2281 2600 2507 2655 saltibus
2553 2600 2911 2656 diversimode
2949 2601 3256 2655 constitutis
3292 2603 3582 2656 oriebatur.
3623 2602 3766 2656 Cum

2169 2671 2311 2724 enim
2350 2671 2426 2725 illi
2457 2686 2521 2726 ex
2553 2687 2649 2726 suo
2685 2673 2837 2741 cyclo
2865 2671 3339 2727 decemnovennali
3374 2673 3583 2727 decimo
3610 2688 3763 2726 nono

2167 2755 2380 2810 quoque
2427 2757 2570 2797 anno
2619 2743 2813 2797 saltum
2871 2744 3010 2797 lunae
3059 2743 3436 2807 admitterent,
3492 2744 3575 2796 isti
3629 2758 3769 2797 vero

2169 2828 2235 2866 ex
2274 2813 2426 2884 cyclo
2465 2829 2725 2869 annorum
2758 2814 2827 2868 84
2852 2814 2980 2868 olim
3020 2814 3235 2884 quidem
3278 2814 3598 2868 duodecimo
3625 2829 3769 2881 quo-

2166 2897 2270 2952 que
2316 2900 2475 2951 anno,
2523 2894 2849 2954 postremum
2897 2899 3025 2940 vero
3071 2900 3213 2939 anno
3260 2885 3501 2954 quolibet
3542 2885 3764 2939 decimo

2165 2965 2359 3023 quarto
2381 2958 2629 3012 eumdem
2653 2958 2845 3010 saltum
2869 2956 3194 3021 receperint,
3221 2970 3474 3010 successu
3495 2956 3765 3024 temporis

2166 3028 2346 3080 evenit
2373 3035 2430 3081 ut
2452 3037 2582 3082 aetas
2605 3027 2743 3081 lunae
2772 3042 2862 3080 an.
2893 3025 2998 3080 455
3021 3026 3199 3081 triduo
3220 3026 3569 3093 discreparet,
3584 3035 3641 3081 et
3659 3026 3769 3081 Ro-

2167 3098 2338 3150 manis
2370 3113 2439 3151 xv
2469 3096 2575 3152 kal.
2609 3098 2729 3152 Maii
2765 3106 2913 3153 esset
2942 3098 3064 3151 luna
3096 3099 3185 3162 l7,
3224 3112 3344 3165 quae
3374 3098 3765 3152 Alexandrinis

2164 3179 2281 3222 erat
2309 3169 2395 3223 H.
2449 3169 2583 3223 Hinc
2618 3170 2874 3223 Romanis
2905 3184 2968 3223 ea
3012 3170 3126 3223 dies
3162 3179 3285 3238 apta
3325 3176 3442 3222 erat
3482 3168 3763 3236 Paschati,

2164 3254 2283 3307 qua:
2308 3239 2353 3293 si
2379 3240 2519 3308 apud
2556 3243 2700 3309 ipsos
2723 3240 2912 3294 fuisset
2943 3239 3066 3293 luna
3102 3240 3189 3304 M,
3214 3240 3289 3293 uti
3318 3249 3436 3293 erat
3466 3240 3605 3309 apud
3630 3240 3766 3296 Ale-

2164 3309 2488 3376 xandrinos,
2538 3328 2644 3365 non
2690 3311 2864 3365 solum
2912 3326 2976 3365 ex
3007 3310 3531 3380 Alexandrinorum,
3570 3326 3766 3367 verum

2163 3381 2323 3435 etiam
2354 3397 2421 3435 ex
2446 3382 2809 3437 Romanorum
2843 3382 3042 3450 regulis
3074 3380 3339 3450 paschalis
3366 3397 3486 3436 esse
3518 3396 3626 3435 non
3660 3398 3761 3450 po-

2167 3458 2377 3506 tutsset.
2402 3454 2593 3507 Mirum
2623 3468 2750 3507 vero
2771 3452 2966 3507 accidit
2998 3454 3295 3507 l’roterium
3331 3469 3433 3505 non
3458 3452 3763 3508 advertisse

2169 3521 2306 3577 hanc
2337 3523 2479 3577 lunas
2516 3532 2727 3579 tetatem
2771 3523 2911 3593 apud
2944 3522 3216 3577 Romanos
3254 3523 3546 3587 diversam,
3597 3538 3764 3592 quam

2167 3595 2299 3647 satis
2348 3594 2677 3651 iudicaverat
2723 3593 2782 3650 S.
2828 3594 3060 3665 Cyrillus
3109 3594 3161 3649 in
3213 3594 3439 3663 Prologo
3488 3594 3765 3659 Paschali,

2167 3679 2436 3735 quamque
2469 3669 2514 3721 si
2550 3667 2639 3721 ille
2673 3664 2883 3735 pariter
2908 3665 3270 3729 observasset,
3311 3664 3765 3734 deprehendisset

2165 3750 2320 3789 suum
2350 3747 2721 3804 argumentum
2754 3738 2853 3791 soli
2887 3736 3025 3790 luna:
3056 3738 3122 3791 M
3157 3737 3401 3790 innixum
3439 3736 3633 3790 exinde
3660 3752 3763 3791 [ιιι-

2169 3816 2301 3872 tare,
2344 3808 2447 3861 nisi
2484 3809 2535 3863 in
2567 3809 2667 3862 alia
2696 3808 2836 3863 lunae
2855 3816 3015 3863 relate
3048 3807 3332 3862 statuenda
3366 3805 3638 3861 Romanos
3668 3822 3765 3862 er-

2169 3892 2288 3932 rare
2313 3878 2609 3934 docuisset.

2242 3946 2259 3985 ί
2296 3950 2643 4004 Alexandrini
2676 3964 2782 4004 aera
2804 3949 3169 4007 Diocletianea
3194 3949 3498 4013 utebantur,
3529 3963 3649 4016 quae
3674 3948 3764 4001 in-

2166 4018 2298 4087 cipit
2327 4035 2468 4073 anno
2509 4036 2632 4074 terat
2660 4022 2893 4089 vulgaris
2917 4022 3048 4088 284,
3104 4021 3244 4075 unde
3276 4034 3446 4074 anuus
3475 4035 3597 4073 certe
3631 4019 3763 4073 Dio-

2166 4090 2381 4144 cletiani
2413 4090 2480 4143 89
2522 4090 2622 4145 fuit
2664 4106 2835 4145 annus
2871 4106 2995 4146 tera:
3034 4092 3267 4161 vulgaris
3313 4092 3446 4155 575,
3489 4100 3543 4145 et
3580 4105 3763 4144 annus

2165 4175 2290 4214 terre
2324 4161 2696 4216 Diocletianea:
2729 4163 2798 4216 95
2832 4161 2929 4216 fuit
2972 4177 3145 4215 annus
3193 4178 3315 4216 terat:
3354 4161 3585 4230 vulgaris
3624 4161 3763 4217 377.

2168 4231 2291 4285 "CCC
2324 4242 2499 4285 autem
2540 4232 2645 4286 duo
2685 4234 2932 4301 exempla
2971 4232 3033 4288 S.
3066 4233 3384 4288 Ambrosius
3412 4231 3466 4285 in
3502 4232 3761 4286 eumdem

2166 4301 2324 4355 finem
2354 4302 2608 4356 attulerat
2640 4318 2734 4371 pro
2756 4305 3041 4357 statuendo
3075 4303 3161 4357 die
3196 4303 3475 4357 Paschatis
3507 4318 3596 4355 an.
3626 4302 3758 4366 587,

2164 4373 2251 4437 qui
2300 4372 2395 4426 fuit
2434 4388 2606 4427 annus
2639 4390 2761 4427 terte
2804 4374 3117 4428 Diocletiani
3159 4375 3279 4428 105.
3330 4374 3474 4428 Licet
3518 4373 3664 4426 enim
3714 4375 3762 4427 is

2165 4441 2384 4497 Latinus
2414 4453 2557 4497 esset
2593 4454 2646 4498 et
2676 4444 2874 4498 Latinae
2913 4444 3325 4498 Mediolaneusis
3352 4444 3611 4498 Ecclesia:
3643 4445 3761 4514 epi-

2164 4528 2380 4580 scopus,
2408 4530 2511 4567 non
2538 4524 2711 4569 tamen
2729 4514 3114 4581 Romanorum,
3148 4515 3243 4569 sed
3268 4514 3761 4569 Alexandrinorum

2164 4585 2336 4708 cilicio,
2381 4585 2655 4639 mensibus
2678 4602 2891 4653 aeraque
2932 4588 3205 4650 utebatur,
3248 4596 3303 4640 ttt
3334 4601 3401 4641 ex
3429 4587 3657 4654 epistola
3689 4587 3760 4639 ad

2213 4655 2395 4708 ‘milite
2421 4656 2703 4708 eoiscoous
2737 4656 2924 4708 liuuet.

2213 4655 2395 4708 Bmilite
2421 4656 2703 4724 episc0pus
2737 4656 2924 4723 liquet.

2238 4734 2261 4770 κ
2294 4724 2460 4790 Editi,
2485 4727 2775 4780 Anastasio.
2804 4727 3121 4792 Quesnellus
3142 4726 3451 4782 emendavit
3476 4742 3538 4781 ex
3564 4726 3761 4781 codice

2160 4794 2334 4849 Oxon.
2355 4796 2521 4850 Janus
2550 4812 2677 4850 vero
2705 4813 2769 4850 ex
2797 4813 2927 4851 mss.
2954 4798 3106 4853 Bodl.
3138 4809 3190 4852 et
3214 4797 3367 4866 Digb.
3388 4796 3586 4852 Confer
3609 4798 3761 4851 illius

472 4882 605 4933 quos
649 4876 899 4938 utrosque
937 4870 1185 4937 subsequi
1228 4886 1357 4923 sane
1398 4876 1575 4938 potest
1612 4861 1727 4922 dies
1759 4868 2053 4931 Paschatis,
2084 4861 2135 4920 D
2164 4878 2363 4933 notam,
2400 4869 2489 4921 ubi
2523 4869 2870 4921 Athanasium
2914 4870 2965 4921 in
3003 4868 3263 4922 Paschate
3283 4861 3418 4922 anni
3446 4870 3549 4924 573
3577 4868 3759 4923 adhuc

474 4937 777 5009 prteeedere
804 4948 980 4991 autem
1010 4955 1111 4992 non
1138 4949 1329 5009 potest.
1359 4937 1482 4993 Haec
1501 4940 1665 5006 probe
1687 4939 2054 5009 statuebantur

472 5008 523 5060 in
553 5010 925 5078 supputatione
954 5008 1459 5069 Alexandrinorum.
1494 5012 1545 5063 in
1572 5025 1677 5078 qua
1707 5010 1822 5063 dies
1843 5026 1911 5063 xv
1939 5008 2049 5065 ltal.

472 5078 593 5132 Maii
620 5077 747 5132 anni
768 5079 871 5133 455
902 5082 1256 5134 concurrebat
1291 5097 1410 5134 eum
1444 5082 1563 5133 luna
1592 5077 1664 5133 M
1704 5080 1792 5133 die
1816 5080 2055 5133 Domini-

472 5164 557 5217 co,
589 5164 695 5205 non
728 5165 854 5203 vero
882 5152 931 5203 itt
960 5150 1269 5205 Latinorum
1301 5150 1698 5217 supputatione,
1728 5151 1920 5217 quibus
1946 5151 2053 5206 alio

471 5220 620 5290 cyclo
642 5222 910 5275 utentibus
932 5221 1045 5274 dies
1068 5238 1134 5275 xv
1157 5221 1263 5274 kal.
1298 5223 1420 5275 Maii
1448 5236 1512 5275 eo
1540 5237 1680 5273 anno
1704 5222 1973 5276 incidebat
1998 5222 2051 5277 in

474 5292 650 5345 lunam
674 5293 829 5357 l7,ut
846 5299 1028 5362 annot.
1050 5293 1333 5361 ‘27(ln{ra.
1352 5311 1404 5346 η.
1423 5294 1473 5362 θ)
1490 5292 2051 5360 explicabimus.Qua-

476 5377 534 5416 re
562 5372 727 5417 totum
754 5368 851 5417 Itoe
884 5361 1108 5417 Proterii
1138 5372 1647 5432 argumentum,pro
1674 5363 2049 5418 Alexandrinis

471 5434 681 5501 quidem
714 5449 1025 5498 congruum,
1056 5434 1321 5488 Romanos
1349 5449 1564 5489 movere
1588 5450 1692 5489 non
1725 5443 1952 5502 poterat.

544 5502 570 5540 b
608 5506 920 5540 Domini-Iam
946 5520 1057 5540 "orn
1080 5505 1370 5540 mlionimnc
1404 5514 1453 5540 nl
1492 5520 1584 5540 nm-
1612 5520 1727 5540 nam
1754 5505 1952 5540 nlonim-

605 5506 921 5560 Particulam
946 5520 1057 5559 vero
1080 5505 1373 5573 adjecimus
1404 5514 1458 5559 et
1492 5520 1584 5573 per
1612 5520 1728 5559 eam
1754 5505 2048 5570 planiorem

472 5587 683 5629 sensum
717 5576 1065 5639 reddidimus.
1100 5591 1201 5645 ope
1229 5592 1359 5630 mss.
1387 5577 1602 5629 Cotton.
1637 5586 1688 5629 et
1715 5576 1863 5644 Digb.

548 5660 567 5685 υ
605 5647 714 5699 Vox
751 5647 1017 5699 Dominico
1042 5644 1191 5702 abeSt
1220 5663 1249 5701 a
1281 5662 1381 5700 ms.
1406 5646 1579 5700 Oxon.
1608 5646 1741 5700 Vide
1772 5653 1953 5702 annot.
1979 5644 2050 5700 9.0

471 5713 626 5790 θερίζ
650 5716 884 5790 1086,11.
920 5716 989 5790 ⁸).

542 5783 567 5822 ἀ
603 5787 739 5842 Editi
782 5783 903 5843 ante
935 5783 1123 5845 Ianum
1152 5789 1238 5845 hic
1280 5789 1523 5844 inserunt
1542 5800 1725 5843 vocem
1757 5787 2050 5856 Dominico,

472 5868 591 5919 quae
622 5858 673 5910 itt
702 5859 853 5913 codd.
882 5860 1091 5914 Cotton.
1124 5870 1177 5916 et
1202 5860 1353 5923 Digb.
1385 5858 1556 5922 abest,
1584 5867 1639 5914 et
1666 5858 1987 5915 abuttdabaL

2159 4940 2506 5007 superstitem
2538 4955 2602 4992 ex
2630 4940 2727 4992 hoc
2753 4940 3061 4994 testimonio
3086 4939 3150 4993 ad
3180 4939 3337 4993 fidem
3366 4941 3522 4994 unius
3550 4941 3760 4993 codtcis

2158 5009 2466 5074 emendato,
2499 5010 2582 5062 cui
2608 5024 2749 5063 nunc
2775 5010 2881 5062 duo
2906 5010 2995 5063 alii
3015 5013 3226 5064 codices
3245 5012 3527 5076 accedunt,
3547 5011 3757 5079 optime

2158 5080 2380 5148 colligit,
2436 5079 2595 5147 idque
2636 5096 2732 5133 nos
2772 5080 3210 5135 confirmavimus
3243 5081 3337 5134 ιιι).
3363 5098 3378 5135 ι
3404 5083 3759 5136 Observatio-

2159 5166 2287 5203 num
2336 5149 2388 5202 in
2430 5149 2567 5203 Hist.
2610 5151 2951 5221 Pelagianam
2994 5152 3142 5206 card.
3186 5151 3381 5207 Norisii
3417 5166 3465 5206 c.
3498 5150 3564 5215 2,
3607 5169 3660 5204 ιι.
3691 5152 3755 5213 5,

2158 5222 2473 5274 auctoritate
2503 5236 2755 5293 anonymt
2788 5222 3157 5288 Athanasiani,
3189 5224 3280 5291 qui
3304 5233 3489 5293 postea
3515 5223 3754 5293 exami-

2161 5293 2417 5358 quissimo
2468 5306 2569 5362 ms.
2610 5292 2677 5345 57
2730 5294 2947 5362 capituli
2992 5293 3317 5348 Veronensis
3364 5310 3393 5345 a
3440 5292 3758 5347 Marchione

2162 5362 2413 5488 8ρὶρίιέἓέ
2438 5361 2647 5415 Mall‘eio
2670 5361 2844 5419 editus
2871 5364 2965 5417 fuit
2994 5363 3047 5417 in
3072 5365 3302 5434 append.
3323 5365 3460 5419 Hist.
3484 5365 3755 5432 Theolog.

2163 5447 2279 5488 uas.
2420 5473 2433 5485 .

2182 5447 2279 5499 tag.
2309 5437 2433 5488 269.

2163 5450 2731 5557 pagi’tgubhamenoth
2756 5504 2887 5559 editi
2911 5503 3243 5560 Phaminoth.
3266 5506 3365 5562 Ms.
3384 5504 3583 5575 Oxon.,
3612 5505 3756 5560 Par-

2154 5576 2331 5627 motlti.
2350 5584 2379 5613 θ

2232 5648 2248 5681 ι
2266 5645 2425 5717 fidem
2458 5659 2583 5708 ms.,
2610 5646 2661 5699 in
2682 5646 3065 5717 subsequentem
3086 5647 3409 5702 Dominicam
3436 5646 3754 5701 translatum

2154 5725 2228 5770 est
2254 5716 2479 5789 Pascha,
2510 5717 2581 5769 ita
2606 5729 2662 5769 ut
2690 5716 2855 5786 pridie
2884 5718 2988 5789 Ital.
3018 5719 3294 5789 Aprilium,
3327 5728 3432 5774 etc.
3476 5719 3542 5772 Et
3584 5718 3753 5785 paulo

2159 5795 2299 5856 post,
2333 5788 2387 5840 in
2414 5797 2715 5861 sequentem
2739 5788 2859 5843 item
2891 5788 3213 5844 Dominicam
3243 5805 3342 5861 pro
3370 5790 3426 5844 in
3454 5798 3751 5859 sequentem

2155 5861 2274 5913 item
2296 5857 2650 5915 septimanam.
2683 5858 2883 5927 Qum
