  <div class='ocr_page' id='page_1' title='image "/cluster/home/n/w/nwhite01/storage/ocr_20150623/54/uva.x000827097/012.png"; bbox 0 0 3914 6232; ppageno 0'>
   <div class='ocr_carea' id='block_1_1' title="bbox 88 577 3519 612">
    <p class='ocr_par' dir='ltr' id='par_1_1' title="bbox 88 577 3235 584">
     <span class='ocr_line' id='line_1_1' title="bbox 88 577 3235 584; baseline 0 -4"><span class='ocrx_word' id='word_1_1' title='bbox 88 577 1417 584; x_wconf 30' lang='grc' dir='ltr'><strong><em>ᾐκκ</em></strong></span> <span class='ocrx_word' id='word_1_2' title='bbox 3105 577 3110 581; x_wconf 89' lang='grc'>,</span> <span class='ocrx_word' id='word_1_3' title='bbox 3230 577 3235 580; x_wconf 82' lang='lat'><strong><em>.</em></strong></span> 
     </span>
    </p>
   </div>
   <div class='ocr_carea' id='block_1_2' title="bbox 1149 742 2473 813">
    <p class='ocr_par' dir='ltr' id='par_1_2' title="bbox 1149 742 2473 813">
     <span class='ocr_line' id='line_1_2' title="bbox 1149 742 2473 813; baseline -0.005 -3"><span class='ocrx_word' id='word_1_4' title='bbox 1149 742 1796 810; x_wconf 78' lang='lat' dir='ltr'><strong><em>BALLERINIORUM</em></strong></span> <span class='ocrx_word' id='word_1_5' title='bbox 1840 743 2473 813; x_wconf 78' lang='lat' dir='ltr'><strong><em>NUNCUPATORIA.</em></strong></span> 
     </span>
    </p>
   </div>
   <div class='ocr_carea' id='block_1_3' title="bbox 841 1038 2793 1219">
    <p class='ocr_par' dir='ltr' id='par_1_3' title="bbox 841 1038 2793 1219">
     <span class='ocr_line' id='line_1_3' title="bbox 841 1038 2793 1219; baseline -0.003 -1"><span class='ocrx_word' id='word_1_6' title='bbox 841 1049 1314 1218; x_wconf 81' lang='lat' dir='ltr'><strong><em>BEN</em></strong></span> <span class='ocrx_word' id='word_1_7' title='bbox 1329 1043 2254 1219; x_wconf 82' lang='lat' dir='ltr'><strong><em>EDICTO</em></strong></span> <span class='ocrx_word' id='word_1_8' title='bbox 2345 1038 2793 1212; x_wconf 79' lang='lat' dir='ltr'><strong><em>XIV</em></strong></span> 
     </span>
    </p>
   </div>
   <div class='ocr_carea' id='block_1_4' title="bbox 1269 1331 2456 1428">
    <p class='ocr_par' dir='ltr' id='par_1_4' title="bbox 1269 1331 2456 1428">
     <span class='ocr_line' id='line_1_4' title="bbox 1269 1331 2456 1428; baseline -0.003 -4"><span class='ocrx_word' id='word_1_9' title='bbox 1269 1337 1845 1427; x_wconf 89' lang='lat' dir='ltr'><strong><em>PONTIFICI</em></strong></span> <span class='ocrx_word' id='word_1_10' title='bbox 1895 1331 2362 1428; x_wconf 85' lang='lat' dir='ltr'><strong><em>MAXIMO</em></strong></span> <span class='ocrx_word' id='word_1_11' title='bbox 2453 1343 2456 1346; x_wconf 79' lang='grc'><strong>’</strong></span> 
     </span>
    </p>
   </div>
   <div class='ocr_carea' id='block_1_5' title="bbox 569 1529 3033 1604">
    <p class='ocr_par' dir='ltr' id='par_1_5' title="bbox 569 1529 3033 1604">
     <span class='ocr_line' id='line_1_5' title="bbox 569 1529 3033 1604; baseline -0.004 0"><span class='ocrx_word' id='word_1_12' title='bbox 569 1537 981 1604; x_wconf 76' lang='lat' dir='ltr'><strong><em>PETBUS</em></strong></span> <span class='ocrx_word' id='word_1_13' title='bbox 1063 1537 1188 1604; x_wconf 82' lang='lat' dir='ltr'><strong>ET</strong></span> <span class='ocrx_word' id='word_1_14' title='bbox 1255 1536 1900 1604; x_wconf 77' lang='lat' dir='ltr'><strong><em>HIERONYMUS</em></strong></span> <span class='ocrx_word' id='word_1_15' title='bbox 1970 1532 2408 1600; x_wconf 77' lang='lat' dir='ltr'><strong><em>FRATRES</em></strong></span> <span class='ocrx_word' id='word_1_16' title='bbox 2485 1529 3033 1597; x_wconf 79' lang='lat' dir='ltr'><strong><em>BALLEBINII</em></strong></span> 
     </span>
    </p>
   </div>
   <div class='ocr_carea' id='block_1_6' title="bbox 1324 1685 3067 1765">
    <p class='ocr_par' dir='ltr' id='par_1_6' title="bbox 1324 1685 3067 1765">
     <span class='ocr_line' id='line_1_6' title="bbox 1324 1685 3067 1765; baseline -0.006 -1"><span class='ocrx_word' id='word_1_17' title='bbox 1324 1706 1770 1765; x_wconf 79' lang='lat' dir='ltr'><strong><em>PRESBYTERI</em></strong></span> <span class='ocrx_word' id='word_1_18' title='bbox 1807 1703 2300 1763; x_wconf 86' lang='lat' dir='ltr'><strong><em>VERONENSES.</em></strong></span> <span class='ocrx_word' id='word_1_19' title='bbox 3062 1685 3067 1690; x_wconf 52' lang='grc'><em>’</em></span> 
     </span>
    </p>
   </div>
   <div class='ocr_carea' id='block_1_7' title="bbox 173 1995 3521 2086">
    <p class='ocr_par' dir='ltr' id='par_1_7' title="bbox 173 1995 3521 2086">
     <span class='ocr_line' id='line_1_7' title="bbox 173 1995 3521 2086; baseline -0.005 -16"><span class='ocrx_word' id='word_1_20' title='bbox 173 2008 306 2071; x_wconf 73' lang='lat' dir='ltr'><strong><em>Hac</em></strong></span> <span class='ocrx_word' id='word_1_21' title='bbox 357 2006 753 2071; x_wconf 73' lang='lat' dir='ltr'><strong><em>sanctissimi</em></strong></span> <span class='ocrx_word' id='word_1_22' title='bbox 791 2023 964 2086; x_wconf 71' lang='lat' dir='ltr'><strong><em>teque</em></strong></span> <span class='ocrx_word' id='word_1_23' title='bbox 1011 2023 1080 2066; x_wconf 93' lang='lat' dir='ltr'><strong><em>ac</em></strong></span> <span class='ocrx_word' id='word_1_24' title='bbox 1128 2002 1456 2064; x_wconf 75' lang='lat' dir='ltr'><strong><em>doctissimi</em></strong></span> <span class='ocrx_word' id='word_1_25' title='bbox 1486 2003 1699 2064; x_wconf 86' lang='lat' dir='ltr'><strong><em>summi</em></strong></span> <span class='ocrx_word' id='word_1_26' title='bbox 1744 1999 2049 2084; x_wconf 80' lang='lat' dir='ltr'><strong><em>pontiﬁcis</em></strong></span> <span class='ocrx_word' id='word_1_27' title='bbox 2115 2003 2341 2065; x_wconf 72' lang='lat' dir='ltr'><strong><em>Lamus</em></strong></span> <span class='ocrx_word' id='word_1_28' title='bbox 2387 1997 2596 2060; x_wconf 72' lang='lat' dir='ltr'><strong>MAGNI</strong></span> <span class='ocrx_word' id='word_1_29' title='bbox 2645 1995 2861 2078; x_wconf 82' lang='lat' dir='ltr'><strong><em>Opera,</em></strong></span> <span class='ocrx_word' id='word_1_30' title='bbox 2917 2015 3051 2078; x_wconf 66' lang='lat' dir='ltr'><strong><em>quas</em></strong></span> <span class='ocrx_word' id='word_1_31' title='bbox 3107 1997 3191 2061; x_wconf 88' lang='lat' dir='ltr'><strong><em>ad</em></strong></span> <span class='ocrx_word' id='word_1_32' title='bbox 3232 2010 3521 2082; x_wconf 63' lang='lat' dir='ltr'><strong><em>prastan.</em></strong></span> 
     </span>
    </p>
   </div>
   <div class='ocr_carea' id='block_1_8' title="bbox 121 2093 3522 2184">
    <p class='ocr_par' dir='ltr' id='par_1_8' title="bbox 121 2093 3522 2184">
     <span class='ocr_line' id='line_1_8' title="bbox 121 2093 3522 2184; baseline -0.002 -18"><span class='ocrx_word' id='word_1_33' title='bbox 121 2107 342 2168; x_wconf 81' lang='lat' dir='ltr'><strong><em>tissimos</em></strong></span> <span class='ocrx_word' id='word_1_34' title='bbox 366 2104 632 2178; x_wconf 86' lang='lat' dir='ltr'><strong><em>codices,</em></strong></span> <span class='ocrx_word' id='word_1_35' title='bbox 655 2102 1002 2184; x_wconf 62' lang='lat' dir='ltr'><strong><em>praesertim</em></strong></span> <span class='ocrx_word' id='word_1_36' title='bbox 1033 2101 1349 2174; x_wconf 75' lang='lat' dir='ltr'><strong><em>Romanos,</em></strong></span> <span class='ocrx_word' id='word_1_37' title='bbox 1379 2099 2017 2173; x_wconf 76' lang='lat' dir='ltr'><strong><em>exacta,emendatiora</em></strong></span> <span class='ocrx_word' id='word_1_38' title='bbox 2037 2106 2094 2158; x_wconf 88' lang='lat' dir='ltr'><strong><em>et</em></strong></span> <span class='ocrx_word' id='word_1_39' title='bbox 2111 2097 2380 2158; x_wconf 77' lang='lat' dir='ltr'><strong><em>auctiora</em></strong></span> <span class='ocrx_word' id='word_1_40' title='bbox 2404 2115 2562 2156; x_wconf 90' lang='lat' dir='ltr'><strong><em>nunc</em></strong></span> <span class='ocrx_word' id='word_1_41' title='bbox 2585 2093 3011 2175; x_wconf 87' lang='lat' dir='ltr'><strong><em>prodeunt,cui</em></strong></span> <span class='ocrx_word' id='word_1_42' title='bbox 3020 2098 3219 2176; x_wconf 89' lang='lat' dir='ltr'><strong><em>potius</em></strong></span> <span class='ocrx_word' id='word_1_43' title='bbox 3238 2101 3522 2166; x_wconf 68' lang='lat' dir='ltr'><strong><em>inscribe-</em></strong></span> 
     </span>
    </p>
   </div>
   <div class='ocr_carea' id='block_1_9' title="bbox 126 2192 3520 2286">
    <p class='ocr_par' dir='ltr' id='par_1_9' title="bbox 126 2192 3520 2286">
     <span class='ocr_line' id='line_1_9' title="bbox 126 2192 3520 2286; baseline -0.001 -22"><span class='ocrx_word' id='word_1_44' title='bbox 126 2225 292 2266; x_wconf 83' lang='lat' dir='ltr'><strong><em>remus</em></strong></span> <span class='ocrx_word' id='word_1_45' title='bbox 343 2223 524 2286; x_wconf 85' lang='lat' dir='ltr'><strong><em>quam</em></strong></span> <span class='ocrx_word' id='word_1_46' title='bbox 591 2201 734 2277; x_wconf 88' lang='lat' dir='ltr'><strong><em>tibi,</em></strong></span> <span class='ocrx_word' id='word_1_47' title='bbox 800 2199 1125 2262; x_wconf 80' lang='lat' dir='ltr'><strong><em>beatissime</em></strong></span> <span class='ocrx_word' id='word_1_48' title='bbox 1183 2199 1387 2271; x_wconf 86' lang='lat' dir='ltr'><strong><em>Pater,</em></strong></span> <span class='ocrx_word' id='word_1_49' title='bbox 1445 2200 1556 2280; x_wconf 86' lang='lat' dir='ltr'><strong><em>qui</em></strong></span> <span class='ocrx_word' id='word_1_50' title='bbox 1615 2198 1770 2259; x_wconf 85' lang='lat' dir='ltr'><strong><em>tanti</em></strong></span> <span class='ocrx_word' id='word_1_51' title='bbox 1815 2196 2118 2277; x_wconf 81' lang='lat' dir='ltr'><strong><em>pontiﬁcis</em></strong></span> <span class='ocrx_word' id='word_1_52' title='bbox 2175 2197 2235 2255; x_wconf 90' lang='lat' dir='ltr'><strong><em>in</em></strong></span> <span class='ocrx_word' id='word_1_53' title='bbox 2290 2193 2490 2256; x_wconf 91' lang='lat' dir='ltr'><strong><em>eadem</em></strong></span> <span class='ocrx_word' id='word_1_54' title='bbox 2545 2193 2815 2254; x_wconf 80' lang='lat' dir='ltr'><strong><em>Romana</em></strong></span> <span class='ocrx_word' id='word_1_55' title='bbox 2873 2192 3154 2258; x_wconf 79' lang='lat' dir='ltr'><strong><em>cathedra</em></strong></span> <span class='ocrx_word' id='word_1_56' title='bbox 3208 2216 3520 2278; x_wconf 79' lang='lat' dir='ltr'><strong><em>successor,</em></strong></span> 
     </span>
    </p>
   </div>
   <div class='ocr_carea' id='block_1_10' title="bbox 129 2291 3521 2384">
    <p class='ocr_par' dir='ltr' id='par_1_10' title="bbox 129 2291 3521 2384">
     <span class='ocr_line' id='line_1_10' title="bbox 129 2291 3521 2384; baseline -0.001 -20"><span class='ocrx_word' id='word_1_57' title='bbox 129 2303 305 2364; x_wconf 80' lang='lat' dir='ltr'><strong><em>iisdem</em></strong></span> <span class='ocrx_word' id='word_1_58' title='bbox 346 2303 465 2363; x_wconf 82' lang='lat' dir='ltr'><strong><em>zeli</em></strong></span> <span class='ocrx_word' id='word_1_59' title='bbox 506 2303 701 2384; x_wconf 82' lang='lat' dir='ltr'><strong><em>ipsius</em></strong></span> <span class='ocrx_word' id='word_1_60' title='bbox 743 2319 817 2361; x_wconf 86' lang='lat' dir='ltr'><strong><em>ac</em></strong></span> <span class='ocrx_word' id='word_1_61' title='bbox 858 2296 1143 2359; x_wconf 64' lang='lat' dir='ltr'><strong><em>doctrinm</em></strong></span> <span class='ocrx_word' id='word_1_62' title='bbox 1188 2296 1448 2376; x_wconf 71' lang='lat' dir='ltr'><strong><em>vestigiis</em></strong></span> <span class='ocrx_word' id='word_1_63' title='bbox 1493 2298 1778 2368; x_wconf 77' lang='lat' dir='ltr'><strong><em>insistens,</em></strong></span> <span class='ocrx_word' id='word_1_64' title='bbox 1826 2293 1976 2355; x_wconf 91' lang='lat' dir='ltr'><strong><em>idem</em></strong></span> <span class='ocrx_word' id='word_1_65' title='bbox 2021 2309 2262 2356; x_wconf 76' lang='lat' dir='ltr'><strong>IAGNUS</strong></span> <span class='ocrx_word' id='word_1_66' title='bbox 2309 2296 2430 2355; x_wconf 80' lang='lat' dir='ltr'><strong><em>LEO</em></strong></span> <span class='ocrx_word' id='word_1_67' title='bbox 2473 2291 2773 2352; x_wconf 87' lang='lat' dir='ltr'><strong><em>redivivus</em></strong></span> <span class='ocrx_word' id='word_1_68' title='bbox 2817 2291 3032 2354; x_wconf 84' lang='lat' dir='ltr'><strong><em>videris</em></strong></span> <span class='ocrx_word' id='word_1_69' title='bbox 3049 2291 3083 2354; x_wconf 78' lang='lat'><strong><em>~?</em></strong></span> <span class='ocrx_word' id='word_1_70' title='bbox 3122 2293 3236 2356; x_wconf 87' lang='lat' dir='ltr'><strong><em>Ille</em></strong></span> <span class='ocrx_word' id='word_1_71' title='bbox 3285 2297 3521 2379; x_wconf 80' lang='lat' dir='ltr'><strong><em>quidem</em></strong></span> 
     </span>
    </p>
   </div>
   <div class='ocr_carea' id='block_1_11' title="bbox 132 2391 3524 2483">
    <p class='ocr_par' dir='ltr' id='par_1_11' title="bbox 132 2391 3524 2483">
     <span class='ocr_line' id='line_1_11' title="bbox 132 2391 3524 2483; baseline -0.002 -23"><span class='ocrx_word' id='word_1_72' title='bbox 132 2401 192 2460; x_wconf 80' lang='lat' dir='ltr'><strong><em>ob</em></strong></span> <span class='ocrx_word' id='word_1_73' title='bbox 223 2401 392 2483; x_wconf 78' lang='lat' dir='ltr'><strong><em>plum</em></strong></span> <span class='ocrx_word' id='word_1_74' title='bbox 434 2409 491 2462; x_wconf 92' lang='lat' dir='ltr'><strong><em>et</em></strong></span> <span class='ocrx_word' id='word_1_75' title='bbox 526 2397 842 2480; x_wconf 77' lang='lat' dir='ltr'><strong><em>prteclara</em></strong></span> <span class='ocrx_word' id='word_1_76' title='bbox 883 2394 1163 2458; x_wconf 78' lang='lat' dir='ltr'><strong><em>diuturni</em></strong></span> <span class='ocrx_word' id='word_1_77' title='bbox 1193 2395 1582 2476; x_wconf 79' lang='lat' dir='ltr'><strong><em>pontiﬁcatus</em></strong></span> <span class='ocrx_word' id='word_1_78' title='bbox 1624 2401 1810 2473; x_wconf 89' lang='lat' dir='ltr'><strong><em>gesta,</em></strong></span> <span class='ocrx_word' id='word_1_79' title='bbox 1856 2391 2090 2472; x_wconf 84' lang='lat' dir='ltr'><strong><em>quibus,</em></strong></span> <span class='ocrx_word' id='word_1_80' title='bbox 2137 2391 2304 2454; x_wconf 87' lang='lat' dir='ltr'><strong><em>nulla</em></strong></span> <span class='ocrx_word' id='word_1_81' title='bbox 2363 2400 2689 2472; x_wconf 81' lang='lat' dir='ltr'><strong><em>temporum</em></strong></span> <span class='ocrx_word' id='word_1_82' title='bbox 2749 2409 3062 2472; x_wconf 86' lang='lat' dir='ltr'><strong><em>rerumque</em></strong></span> <span class='ocrx_word' id='word_1_83' title='bbox 3121 2393 3524 2460; x_wconf 60' lang='lat' dir='ltr'><strong><em>vicissitudine</em></strong></span> 
     </span>
    </p>
   </div>
   <div class='ocr_carea' id='block_1_12' title="bbox 132 2488 3530 2579">
    <p class='ocr_par' dir='ltr' id='par_1_12' title="bbox 132 2488 3530 2579">
     <span class='ocr_line' id='line_1_12' title="bbox 132 2488 3530 2579; baseline 0.002 -25"><span class='ocrx_word' id='word_1_84' title='bbox 132 2510 228 2560; x_wconf 80' lang='lat' dir='ltr'><strong><em>aut</em></strong></span> <span class='ocrx_word' id='word_1_85' title='bbox 281 2497 658 2579; x_wconf 74' lang='lat' dir='ltr'><strong><em>difﬁcultate,</em></strong></span> <span class='ocrx_word' id='word_1_86' title='bbox 727 2495 1107 2576; x_wconf 85' lang='lat' dir='ltr'><strong><em>perterritus,</em></strong></span> <span class='ocrx_word' id='word_1_87' title='bbox 1168 2492 1448 2556; x_wconf 88' lang='lat' dir='ltr'><strong><em>adversus</em></strong></span> <span class='ocrx_word' id='word_1_88' title='bbox 1520 2503 1888 2553; x_wconf 86' lang='lat' dir='ltr'><strong><em>contumaces</em></strong></span> <span class='ocrx_word' id='word_1_89' title='bbox 1942 2510 2012 2552; x_wconf 92' lang='lat' dir='ltr'><strong><em>ac</em></strong></span> <span class='ocrx_word' id='word_1_90' title='bbox 2061 2489 2332 2551; x_wconf 77' lang='lat' dir='ltr'><strong><em>sub-iolos</em></strong></span> <span class='ocrx_word' id='word_1_91' title='bbox 2391 2489 2538 2570; x_wconf 78' lang='lat' dir='ltr'><strong><em>ﬁdei</em></strong></span> <span class='ocrx_word' id='word_1_92' title='bbox 2603 2489 2810 2564; x_wconf 77' lang='lat' dir='ltr'><strong><em>hostes,</em></strong></span> <span class='ocrx_word' id='word_1_93' title='bbox 2886 2488 3183 2553; x_wconf 58' lang='lat' dir='ltr'><strong><em>catholica</em></strong></span> <span class='ocrx_word' id='word_1_94' title='bbox 3248 2493 3530 2560; x_wconf 69' lang='lat' dir='ltr'><strong><em>Ecclesiae</em></strong></span> 
     </span>
    </p>
   </div>
   <div class='ocr_carea' id='block_1_13' title="bbox 130 2585 3534 2676">
    <p class='ocr_par' dir='ltr' id='par_1_13' title="bbox 130 2585 3534 2676">
     <span class='ocr_line' id='line_1_13' title="bbox 130 2585 3534 2676; baseline 0.001 -21"><span class='ocrx_word' id='word_1_95' title='bbox 130 2596 394 2676; x_wconf 81' lang='lat' dir='ltr'><strong><em>dogmata</em></strong></span> <span class='ocrx_word' id='word_1_96' title='bbox 435 2593 703 2675; x_wconf 78' lang='lat' dir='ltr'><strong><em>defendit</em></strong></span> <span class='ocrx_word' id='word_1_97' title='bbox 749 2593 1056 2664; x_wconf 82' lang='lat' dir='ltr'><strong><em>acerrime,</em></strong></span> <span class='ocrx_word' id='word_1_98' title='bbox 1102 2600 1157 2653; x_wconf 93' lang='lat' dir='ltr'><strong><em>et</em></strong></span> <span class='ocrx_word' id='word_1_99' title='bbox 1199 2592 1441 2653; x_wconf 84' lang='lat' dir='ltr'><strong><em>novitiis</em></strong></span> <span class='ocrx_word' id='word_1_100' title='bbox 1483 2609 1553 2651; x_wconf 91' lang='lat' dir='ltr'><strong><em>ac</em></strong></span> <span class='ocrx_word' id='word_1_101' title='bbox 1599 2589 1930 2650; x_wconf 88' lang='lat' dir='ltr'><strong><em>temerariis</em></strong></span> <span class='ocrx_word' id='word_1_102' title='bbox 1971 2587 2366 2669; x_wconf 84' lang='lat' dir='ltr'><strong><em>quorumdam</em></strong></span> <span class='ocrx_word' id='word_1_103' title='bbox 2394 2585 2650 2648; x_wconf 79' lang='lat' dir='ltr'><strong><em>ausibus</em></strong></span> <span class='ocrx_word' id='word_1_104' title='bbox 2690 2606 2806 2648; x_wconf 90' lang='lat' dir='ltr'><strong><em>sese</em></strong></span> <span class='ocrx_word' id='word_1_105' title='bbox 2863 2586 3174 2669; x_wconf 85' lang='lat' dir='ltr'><strong><em>objiciens,</em></strong></span> <span class='ocrx_word' id='word_1_106' title='bbox 3216 2591 3534 2658; x_wconf 80' lang='lat' dir='ltr'><strong><em>Ecclesia-</em></strong></span> 
     </span>
    </p>
   </div>
   <div class='ocr_carea' id='block_1_14' title="bbox 131 2684 3584 2776">
    <p class='ocr_par' dir='ltr' id='par_1_14' title="bbox 131 2684 3584 2776">
     <span class='ocr_line' id='line_1_14' title="bbox 131 2684 3584 2776; baseline 0 -23"><span class='ocrx_word' id='word_1_107' title='bbox 131 2715 256 2754; x_wconf 78' lang='lat' dir='ltr'><strong><em>rum</em></strong></span> <span class='ocrx_word' id='word_1_108' title='bbox 295 2694 624 2776; x_wconf 83' lang='lat' dir='ltr'><strong><em>privilegia</em></strong></span> <span class='ocrx_word' id='word_1_109' title='bbox 683 2701 742 2752; x_wconf 91' lang='lat' dir='ltr'><strong><em>et</em></strong></span> <span class='ocrx_word' id='word_1_110' title='bbox 781 2690 1114 2772; x_wconf 77' lang='lat' dir='ltr'><strong><em>apostolicae</em></strong></span> <span class='ocrx_word' id='word_1_111' title='bbox 1173 2688 1324 2750; x_wconf 88' lang='lat' dir='ltr'><strong><em>sedis</em></strong></span> <span class='ocrx_word' id='word_1_112' title='bbox 1356 2689 1511 2768; x_wconf 83' lang='lat' dir='ltr'><strong><em>jura</em></strong></span> <span class='ocrx_word' id='word_1_113' title='bbox 1553 2687 1798 2768; x_wconf 80' lang='lat' dir='ltr'><strong><em>fortiter</em></strong></span> <span class='ocrx_word' id='word_1_114' title='bbox 1855 2685 2198 2758; x_wconf 80' lang='lat' dir='ltr'><strong><em>vindicavit,</em></strong></span> <span class='ocrx_word' id='word_1_115' title='bbox 2243 2694 2300 2745; x_wconf 91' lang='lat' dir='ltr'><strong><em>et</em></strong></span> <span class='ocrx_word' id='word_1_116' title='bbox 2337 2704 2450 2764; x_wconf 90' lang='lat' dir='ltr'><strong><em>pro</em></strong></span> <span class='ocrx_word' id='word_1_117' title='bbox 2511 2684 2778 2746; x_wconf 83' lang='lat' dir='ltr'><strong><em>custodia</em></strong></span> <span class='ocrx_word' id='word_1_118' title='bbox 2821 2704 2891 2748; x_wconf 88' lang='lat' dir='ltr'><strong><em>ac</em></strong></span> <span class='ocrx_word' id='word_1_119' title='bbox 2930 2685 3304 2753; x_wconf 71' lang='lat' dir='ltr'><strong><em>observantia</em></strong></span> <span class='ocrx_word' id='word_1_120' title='bbox 3345 2692 3532 2754; x_wconf 53' lang='lat' dir='ltr'><strong><em>eccle.</em></strong></span> <span class='ocrx_word' id='word_1_121' title='bbox 3579 2700 3584 2704; x_wconf 82' lang='lat'>&#39;</span> 
     </span>
    </p>
   </div>
   <div class='ocr_carea' id='block_1_15' title="bbox 127 2782 3530 2871">
    <p class='ocr_par' dir='ltr' id='par_1_15' title="bbox 127 2782 3530 2871">
     <span class='ocr_line' id='line_1_15' title="bbox 127 2782 3530 2871; baseline -0 -19"><span class='ocrx_word' id='word_1_122' title='bbox 127 2795 364 2854; x_wconf 64' lang='grc' dir='ltr'><strong><em>,νέωτά-κ</em></strong></span> <span class='ocrx_word' id='word_1_123' title='bbox 403 2791 736 2871; x_wconf 59' lang='lat' dir='ltr'><strong><em>disciplina</em></strong></span> <span class='ocrx_word' id='word_1_124' title='bbox 780 2790 1093 2870; x_wconf 81' lang='lat' dir='ltr'><strong><em>irrepentes</em></strong></span> <span class='ocrx_word' id='word_1_125' title='bbox 1135 2787 1502 2869; x_wconf 76' lang='lat' dir='ltr'><strong><em>corruptelas</em></strong></span> <span class='ocrx_word' id='word_1_126' title='bbox 1543 2796 1600 2847; x_wconf 92' lang='lat' dir='ltr'><strong><em>et</em></strong></span> <span class='ocrx_word' id='word_1_127' title='bbox 1643 2785 1859 2847; x_wconf 87' lang='lat' dir='ltr'><strong><em>abusus</em></strong></span> <span class='ocrx_word' id='word_1_128' title='bbox 1900 2784 2188 2862; x_wconf 83' lang='lat' dir='ltr'><strong><em>detegere,</em></strong></span> <span class='ocrx_word' id='word_1_129' title='bbox 2229 2783 2652 2863; x_wconf 87' lang='lat' dir='ltr'><strong><em>perstringere,</em></strong></span> <span class='ocrx_word' id='word_1_130' title='bbox 2699 2782 3010 2846; x_wconf 83' lang='lat' dir='ltr'><strong><em>emendare</em></strong></span> <span class='ocrx_word' id='word_1_131' title='bbox 3042 2793 3104 2846; x_wconf 84' lang='lat' dir='ltr'><strong><em>et</em></strong></span> <span class='ocrx_word' id='word_1_132' title='bbox 3155 2789 3530 2870; x_wconf 70' lang='lat' dir='ltr'><strong><em>exstinguere</em></strong></span> 
     </span>
    </p>
   </div>
   <div class='ocr_carea' id='block_1_16' title="bbox 127 2880 3531 2968">
    <p class='ocr_par' dir='ltr' id='par_1_16' title="bbox 127 2880 3531 2968">
     <span class='ocr_line' id='line_1_16' title="bbox 127 2880 3531 2968; baseline -0.001 -18"><span class='ocrx_word' id='word_1_133' title='bbox 127 2893 285 2950; x_wconf 67' lang='lat' dir='ltr'><strong><em>nisus</em></strong></span> <span class='ocrx_word' id='word_1_134' title='bbox 321 2900 434 2963; x_wconf 85' lang='lat' dir='ltr'><strong><em>est;</em></strong></span> <span class='ocrx_word' id='word_1_135' title='bbox 481 2889 608 2961; x_wconf 88' lang='lat' dir='ltr'><strong><em>ille,</em></strong></span> <span class='ocrx_word' id='word_1_136' title='bbox 655 2889 921 2968; x_wconf 88' lang='lat' dir='ltr'><strong><em>inquam,</em></strong></span> <span class='ocrx_word' id='word_1_137' title='bbox 971 2895 1173 2948; x_wconf 88' lang='lat' dir='ltr'><strong><em>tantus</em></strong></span> <span class='ocrx_word' id='word_1_138' title='bbox 1208 2885 1490 2968; x_wconf 72' lang='lat' dir='ltr'><strong><em>pontifex</em></strong></span> <span class='ocrx_word' id='word_1_139' title='bbox 1550 2884 1622 2947; x_wconf 92' lang='lat' dir='ltr'><strong><em>ob</em></strong></span> <span class='ocrx_word' id='word_1_140' title='bbox 1674 2892 1794 2945; x_wconf 91' lang='lat' dir='ltr'><strong><em>tam</em></strong></span> <span class='ocrx_word' id='word_1_141' title='bbox 1847 2881 2154 2964; x_wconf 75' lang='lat' dir='ltr'><strong><em>praeclara</em></strong></span> <span class='ocrx_word' id='word_1_142' title='bbox 2207 2889 2372 2959; x_wconf 82' lang='lat' dir='ltr'><strong><em>gesta</em></strong></span> <span class='ocrx_word' id='word_1_143' title='bbox 2415 2882 2626 2944; x_wconf 58' lang='lat' dir='ltr'><strong><em>Mnes:</em></strong></span> <span class='ocrx_word' id='word_1_144' title='bbox 2685 2880 2923 2942; x_wconf 86' lang='lat' dir='ltr'><strong><em>titulum</em></strong></span> <span class='ocrx_word' id='word_1_145' title='bbox 2966 2883 3112 2964; x_wconf 89' lang='lat' dir='ltr'><strong><em>jure</em></strong></span> <span class='ocrx_word' id='word_1_146' title='bbox 3147 2890 3531 2966; x_wconf 83' lang='lat' dir='ltr'><strong><em>promeruit;</em></strong></span> 
     </span>
    </p>
   </div>
   <div class='ocr_carea' id='block_1_17' title="bbox 128 2977 3534 3069">
    <p class='ocr_par' dir='ltr' id='par_1_17' title="bbox 128 2977 3534 3069">
     <span class='ocr_line' id='line_1_17' title="bbox 128 2977 3534 3069; baseline 0.005 -37"><span class='ocrx_word' id='word_1_147' title='bbox 128 2990 365 3069; x_wconf 57' lang='lat' dir='ltr'><strong><em>ejng</em></strong></span> <span class='ocrx_word' id='word_1_148' title='bbox 405 2985 669 3067; x_wconf 65' lang='lat' dir='ltr'><strong><em>insignia</em></strong></span> <span class='ocrx_word' id='word_1_149' title='bbox 715 2984 932 3066; x_wconf 86' lang='lat' dir='ltr'><strong><em>Opera,</em></strong></span> <span class='ocrx_word' id='word_1_150' title='bbox 978 2983 1188 3066; x_wconf 80' lang='lat' dir='ltr'><strong><em>quibus</em></strong></span> <span class='ocrx_word' id='word_1_151' title='bbox 1229 3002 1322 3044; x_wconf 90' lang='lat' dir='ltr'><strong><em>res</em></strong></span> <span class='ocrx_word' id='word_1_152' title='bbox 1363 2992 1448 3044; x_wconf 92' lang='lat' dir='ltr'><strong><em>tot</em></strong></span> <span class='ocrx_word' id='word_1_153' title='bbox 1490 3001 1561 3044; x_wconf 89' lang='lat' dir='ltr'><strong><em>ac</em></strong></span> <span class='ocrx_word' id='word_1_154' title='bbox 1607 2991 1723 3042; x_wconf 88' lang='lat' dir='ltr'><strong><em>tam</em></strong></span> <span class='ocrx_word' id='word_1_155' title='bbox 1765 2999 1978 3061; x_wconf 88' lang='lat' dir='ltr'><strong><em>graves</em></strong></span> <span class='ocrx_word' id='word_1_156' title='bbox 2012 2977 2316 3060; x_wconf 90' lang='lat' dir='ltr'><strong><em>promovit</em></strong></span> <span class='ocrx_word' id='word_1_157' title='bbox 2359 2988 2535 3059; x_wconf 90' lang='lat' dir='ltr'><strong><em>atque</em></strong></span> <span class='ocrx_word' id='word_1_158' title='bbox 2571 2978 2849 3060; x_wconf 83' lang='lat' dir='ltr'><strong><em>perfecit,</em></strong></span> <span class='ocrx_word' id='word_1_159' title='bbox 2893 2981 2955 3041; x_wconf 90' lang='lat' dir='ltr'><strong><em>in</em></strong></span> <span class='ocrx_word' id='word_1_160' title='bbox 2980 2999 3297 3062; x_wconf 82' lang='lat' dir='ltr'><strong><em>perennem</em></strong></span> <span class='ocrx_word' id='word_1_161' title='bbox 3333 2995 3534 3066; x_wconf 81' lang='lat' dir='ltr'><strong><em>poste-</em></strong></span> 
     </span>
    </p>
   </div>
   <div class='ocr_carea' id='block_1_18' title="bbox 126 3076 3534 3159">
    <p class='ocr_par' dir='ltr' id='par_1_18' title="bbox 126 3076 3534 3159">
     <span class='ocr_line' id='line_1_18' title="bbox 126 3076 3534 3159; baseline 0.002 -19"><span class='ocrx_word' id='word_1_162' title='bbox 126 3105 332 3146; x_wconf 76' lang='lat' dir='ltr'><strong><em>rerum</em></strong></span> <span class='ocrx_word' id='word_1_163' title='bbox 389 3084 736 3146; x_wconf 87' lang='lat' dir='ltr'><strong><em>memoriam</em></strong></span> <span class='ocrx_word' id='word_1_164' title='bbox 778 3081 862 3144; x_wconf 89' lang='lat' dir='ltr'><strong><em>ad</em></strong></span> <span class='ocrx_word' id='word_1_165' title='bbox 916 3099 1021 3142; x_wconf 87' lang='lat' dir='ltr'><strong><em>nos</em></strong></span> <span class='ocrx_word' id='word_1_166' title='bbox 1085 3079 1450 3155; x_wconf 88' lang='lat' dir='ltr'><strong><em>transmissa,</em></strong></span> <span class='ocrx_word' id='word_1_167' title='bbox 1517 3079 1910 3159; x_wconf 74' lang='lat' dir='ltr'><strong><em>maximisque</em></strong></span> <span class='ocrx_word' id='word_1_168' title='bbox 1969 3076 2246 3138; x_wconf 86' lang='lat' dir='ltr'><strong><em>encomiis</em></strong></span> <span class='ocrx_word' id='word_1_169' title='bbox 2287 3096 2404 3136; x_wconf 88' lang='lat' dir='ltr'><strong><em>non</em></strong></span> <span class='ocrx_word' id='word_1_170' title='bbox 2447 3076 2635 3137; x_wconf 88' lang='lat' dir='ltr'><strong><em>solum</em></strong></span> <span class='ocrx_word' id='word_1_171' title='bbox 2677 3095 2714 3138; x_wconf 94' lang='lat' dir='ltr'><strong><em>a</em></strong></span> <span class='ocrx_word' id='word_1_172' title='bbox 2775 3077 3029 3153; x_wconf 84' lang='lat' dir='ltr'><strong><em>Latinis,</em></strong></span> <span class='ocrx_word' id='word_1_173' title='bbox 3095 3099 3298 3142; x_wconf 88' lang='lat' dir='ltr'><strong><em>verum</em></strong></span> <span class='ocrx_word' id='word_1_174' title='bbox 3357 3086 3534 3147; x_wconf 89' lang='lat' dir='ltr'><strong><em>etiam</em></strong></span> 
     </span>
    </p>
   </div>
   <div class='ocr_carea' id='block_1_19' title="bbox 127 3171 3535 3260">
    <p class='ocr_par' dir='ltr' id='par_1_19' title="bbox 127 3171 3535 3260">
     <span class='ocr_line' id='line_1_19' title="bbox 127 3171 3535 3260; baseline 0.001 -18"><span class='ocrx_word' id='word_1_175' title='bbox 127 3200 163 3242; x_wconf 77' lang='grc' dir='ltr'><em>α</em></span> <span class='ocrx_word' id='word_1_176' title='bbox 209 3180 428 3244; x_wconf 77' lang='lat' dir='ltr'><strong><em>Graecis</em></strong></span> <span class='ocrx_word' id='word_1_177' title='bbox 471 3190 597 3242; x_wconf 90' lang='lat' dir='ltr'><strong><em>tum</em></strong></span> <span class='ocrx_word' id='word_1_178' title='bbox 640 3179 926 3260; x_wconf 80' lang='lat' dir='ltr'><strong><em>antiquis,</em></strong></span> <span class='ocrx_word' id='word_1_179' title='bbox 979 3187 1100 3240; x_wconf 89' lang='lat' dir='ltr'><strong><em>tum</em></strong></span> <span class='ocrx_word' id='word_1_180' title='bbox 1145 3175 1594 3250; x_wconf 88' lang='lat' dir='ltr'><strong><em>recentioribus,</em></strong></span> <span class='ocrx_word' id='word_1_181' title='bbox 1639 3173 2064 3249; x_wconf 87' lang='lat' dir='ltr'><strong><em>commendata,</em></strong></span> <span class='ocrx_word' id='word_1_182' title='bbox 2125 3171 2390 3256; x_wconf 87' lang='lat' dir='ltr'><strong><em>ejusdem</em></strong></span> <span class='ocrx_word' id='word_1_183' title='bbox 2431 3175 2593 3236; x_wconf 79' lang='lat' dir='ltr'><strong><em>tituli</em></strong></span> <span class='ocrx_word' id='word_1_184' title='bbox 2650 3184 2920 3236; x_wconf 75' lang='lat' dir='ltr'><strong><em>meritum</em></strong></span> <span class='ocrx_word' id='word_1_185' title='bbox 2963 3195 3034 3238; x_wconf 94' lang='lat' dir='ltr'><strong><em>ac</em></strong></span> <span class='ocrx_word' id='word_1_186' title='bbox 3081 3177 3390 3258; x_wconf 87' lang='lat' dir='ltr'><strong><em>justitiam</em></strong></span> <span class='ocrx_word' id='word_1_187' title='bbox 3432 3182 3535 3244; x_wconf 80' lang='lat' dir='ltr'><strong><em>de-</em></strong></span> 
     </span>
    </p>
   </div>
   <div class='ocr_carea' id='block_1_20' title="bbox 130 3290 2423 3341">
    <p class='ocr_par' dir='ltr' id='par_1_20' title="bbox 130 3290 2423 3341">
     <span class='ocr_line' id='line_1_20' title="bbox 130 3290 2423 3341; baseline 0.005 -5"><span class='ocrx_word' id='word_1_188' title='bbox 130 3290 478 3341; x_wconf 79' lang='lat' dir='ltr'><strong><em>monstrant.</em></strong></span> <span class='ocrx_word' id='word_1_189' title='bbox 2421 3290 2423 3292; x_wconf 72' lang='grc'><em>’</em></span> 
     </span>
    </p>
   </div>
   <div class='ocr_carea' id='block_1_21' title="bbox 211 3370 3535 3456">
    <p class='ocr_par' dir='ltr' id='par_1_21' title="bbox 211 3370 3535 3456">
     <span class='ocr_line' id='line_1_21' title="bbox 211 3370 3535 3456; baseline 0.001 -18"><span class='ocrx_word' id='word_1_190' title='bbox 211 3376 369 3452; x_wconf 74' lang='lat' dir='ltr'><strong><em>Quid</em></strong></span> <span class='ocrx_word' id='word_1_191' title='bbox 405 3385 602 3438; x_wconf 89' lang='lat' dir='ltr'><strong><em>autem</em></strong></span> <span class='ocrx_word' id='word_1_192' title='bbox 645 3374 718 3436; x_wconf 92' lang='lat' dir='ltr'><strong><em>de</em></strong></span> <span class='ocrx_word' id='word_1_193' title='bbox 762 3383 838 3449; x_wconf 88' lang='lat' dir='ltr'><strong><em>te,</em></strong></span> <span class='ocrx_word' id='word_1_194' title='bbox 889 3372 1219 3437; x_wconf 85' lang='lat' dir='ltr'><strong><em>beatissime</em></strong></span> <span class='ocrx_word' id='word_1_195' title='bbox 1261 3373 1448 3436; x_wconf 85' lang='lat' dir='ltr'><strong><em>Pater</em></strong></span> <span class='ocrx_word' id='word_1_196' title='bbox 1479 3373 1510 3434; x_wconf 86' lang='lat'><strong>?</strong></span> <span class='ocrx_word' id='word_1_197' title='bbox 1552 3372 1691 3434; x_wconf 89' lang='lat' dir='ltr'><strong><em>Jam</em></strong></span> <span class='ocrx_word' id='word_1_198' title='bbox 1748 3370 1884 3434; x_wconf 88' lang='lat' dir='ltr'><strong><em>inde</em></strong></span> <span class='ocrx_word' id='word_1_199' title='bbox 1941 3371 2018 3433; x_wconf 92' lang='lat' dir='ltr'><strong><em>ab</em></strong></span> <span class='ocrx_word' id='word_1_200' title='bbox 2058 3370 2306 3434; x_wconf 74' lang='lat' dir='ltr'><strong><em>exordio</em></strong></span> <span class='ocrx_word' id='word_1_201' title='bbox 2349 3371 2730 3454; x_wconf 76' lang='lat' dir='ltr'><strong><em>pontiﬁcatus</em></strong></span> <span class='ocrx_word' id='word_1_202' title='bbox 2787 3371 2878 3433; x_wconf 87' lang='lat' dir='ltr'><strong><em>tui</em></strong></span> <span class='ocrx_word' id='word_1_203' title='bbox 2914 3381 3057 3453; x_wconf 92' lang='lat' dir='ltr'><strong><em>quot</em></strong></span> <span class='ocrx_word' id='word_1_204' title='bbox 3097 3381 3157 3436; x_wconf 92' lang='lat' dir='ltr'><strong><em>et</em></strong></span> <span class='ocrx_word' id='word_1_205' title='bbox 3195 3394 3375 3456; x_wconf 89' lang='lat' dir='ltr'><strong><em>quam</em></strong></span> <span class='ocrx_word' id='word_1_206' title='bbox 3419 3378 3535 3440; x_wconf 85' lang='lat' dir='ltr'><strong><em>im-</em></strong></span> 
     </span>
    </p>
   </div>
   <div class='ocr_carea' id='block_1_22' title="bbox 129 3471 3540 3555">
    <p class='ocr_par' dir='ltr' id='par_1_22' title="bbox 129 3471 3540 3555">
     <span class='ocr_line' id='line_1_22' title="bbox 129 3471 3540 3555; baseline 0.001 -19"><span class='ocrx_word' id='word_1_207' title='bbox 129 3475 318 3553; x_wconf 68' lang='lat' dir='ltr'><strong><em>plexae</em></strong></span> <span class='ocrx_word' id='word_1_208' title='bbox 361 3494 552 3536; x_wconf 75' lang='lat' dir='ltr'><strong><em>causae</em></strong></span> <span class='ocrx_word' id='word_1_209' title='bbox 589 3493 704 3555; x_wconf 87' lang='lat' dir='ltr'><strong><em>pro</em></strong></span> <span class='ocrx_word' id='word_1_210' title='bbox 746 3471 1078 3534; x_wconf 86' lang='lat' dir='ltr'><strong><em>conditione</em></strong></span> <span class='ocrx_word' id='word_1_211' title='bbox 1121 3473 1365 3533; x_wconf 89' lang='lat' dir='ltr'><strong><em>istorum</em></strong></span> <span class='ocrx_word' id='word_1_212' title='bbox 1411 3481 1734 3552; x_wconf 86' lang='lat' dir='ltr'><strong><em>temporum</em></strong></span> <span class='ocrx_word' id='word_1_213' title='bbox 1796 3481 2244 3547; x_wconf 86' lang='lat' dir='ltr'><strong><em>concurrerunt,</em></strong></span> <span class='ocrx_word' id='word_1_214' title='bbox 2293 3471 2506 3552; x_wconf 84' lang='lat' dir='ltr'><strong><em>quibus</em></strong></span> <span class='ocrx_word' id='word_1_215' title='bbox 2566 3490 2720 3532; x_wconf 89' lang='lat' dir='ltr'><strong><em>nunc</em></strong></span> <span class='ocrx_word' id='word_1_216' title='bbox 2781 3471 3093 3552; x_wconf 87' lang='lat' dir='ltr'><strong><em>integritas</em></strong></span> <span class='ocrx_word' id='word_1_217' title='bbox 3150 3473 3314 3555; x_wconf 84' lang='lat' dir='ltr'><strong><em>ﬁdei,</em></strong></span> <span class='ocrx_word' id='word_1_218' title='bbox 3378 3497 3540 3540; x_wconf 87' lang='lat' dir='ltr'><strong><em>nunc</em></strong></span> 
     </span>
    </p>
   </div>
   <div class='ocr_carea' id='block_1_23' title="bbox 129 3558 3538 3652">
    <p class='ocr_par' dir='ltr' id='par_1_23' title="bbox 129 3558 3538 3652">
     <span class='ocr_line' id='line_1_23' title="bbox 129 3558 3538 3652; baseline 0.005 -30"><span class='ocrx_word' id='word_1_219' title='bbox 129 3573 444 3652; x_wconf 60' lang='lat' dir='ltr'><strong><em>ponti/ﬁcia</em></strong></span> <span class='ocrx_word' id='word_1_220' title='bbox 473 3572 654 3651; x_wconf 89' lang='lat' dir='ltr'><strong><em>jura,</em></strong></span> <span class='ocrx_word' id='word_1_221' title='bbox 703 3586 861 3629; x_wconf 85' lang='lat' dir='ltr'><strong><em>nunc</em></strong></span> <span class='ocrx_word' id='word_1_222' title='bbox 928 3567 1250 3648; x_wconf 84' lang='lat' dir='ltr'><strong><em>disciplina</em></strong></span> <span class='ocrx_word' id='word_1_223' title='bbox 1312 3568 1706 3629; x_wconf 86' lang='lat' dir='ltr'><strong><em>ecclesiastica</em></strong></span> <span class='ocrx_word' id='word_1_224' title='bbox 1761 3587 2025 3649; x_wconf 89' lang='lat' dir='ltr'><strong><em>sanaque</em></strong></span> <span class='ocrx_word' id='word_1_225' title='bbox 2082 3567 2356 3630; x_wconf 90' lang='lat' dir='ltr'><strong><em>doctrina</em></strong></span> <span class='ocrx_word' id='word_1_226' title='bbox 2398 3588 2629 3629; x_wconf 90' lang='lat' dir='ltr'><strong><em>morum</em></strong></span> <span class='ocrx_word' id='word_1_227' title='bbox 2674 3569 2947 3650; x_wconf 65' lang='lat' dir='ltr'><strong><em>impetitm</em></strong></span> <span class='ocrx_word' id='word_1_228' title='bbox 2986 3570 3204 3649; x_wconf 83' lang='lat' dir='ltr'><strong><em>fuere?</em></strong></span> <span class='ocrx_word' id='word_1_229' title='bbox 3251 3558 3341 3634; x_wconf 77' lang='lat' dir='ltr'><strong><em>Tu</em></strong></span> <span class='ocrx_word' id='word_1_230' title='bbox 3399 3594 3538 3638; x_wconf 86' lang='lat' dir='ltr'><strong><em>vero</em></strong></span> 
     </span>
    </p>
   </div>
   <div class='ocr_carea' id='block_1_24' title="bbox 127 3665 3537 3752">
    <p class='ocr_par' dir='ltr' id='par_1_24' title="bbox 127 3665 3537 3752">
     <span class='ocr_line' id='line_1_24' title="bbox 127 3665 3537 3752; baseline 0.003 -27"><span class='ocrx_word' id='word_1_231' title='bbox 127 3670 285 3730; x_wconf 63' lang='lat' dir='ltr'><strong><em>nulli</em></strong></span> <span class='ocrx_word' id='word_1_232' title='bbox 320 3670 544 3742; x_wconf 87' lang='lat' dir='ltr'><strong><em>labori,</em></strong></span> <span class='ocrx_word' id='word_1_233' title='bbox 591 3667 753 3728; x_wconf 87' lang='lat' dir='ltr'><strong><em>nulli</em></strong></span> <span class='ocrx_word' id='word_1_234' title='bbox 789 3665 1166 3730; x_wconf 89' lang='lat' dir='ltr'><strong><em>meditationi</em></strong></span> <span class='ocrx_word' id='word_1_235' title='bbox 1197 3685 1473 3747; x_wconf 85' lang='lat' dir='ltr'><strong><em>parcens,</em></strong></span> <span class='ocrx_word' id='word_1_236' title='bbox 1519 3675 1845 3748; x_wconf 84' lang='lat' dir='ltr'><strong><em>opportune</em></strong></span> <span class='ocrx_word' id='word_1_237' title='bbox 1885 3666 2148 3727; x_wconf 89' lang='lat' dir='ltr'><strong><em>omnibus</em></strong></span> <span class='ocrx_word' id='word_1_238' title='bbox 2186 3665 2508 3748; x_wconf 84' lang='lat' dir='ltr'><strong><em>providiin</em></strong></span> <span class='ocrx_word' id='word_1_239' title='bbox 2543 3667 2809 3728; x_wconf 73' lang='lat' dir='ltr'><strong><em>Assiduae</em></strong></span> <span class='ocrx_word' id='word_1_240' title='bbox 2851 3686 3010 3730; x_wconf 70' lang='lat' dir='ltr'><strong><em>curse</em></strong></span> <span class='ocrx_word' id='word_1_241' title='bbox 3052 3677 3111 3730; x_wconf 94' lang='lat' dir='ltr'><strong><em>et</em></strong></span> <span class='ocrx_word' id='word_1_242' title='bbox 3153 3671 3373 3752; x_wconf 63' lang='lat' dir='ltr'><strong><em>vigilite</em></strong></span> <span class='ocrx_word' id='word_1_243' title='bbox 3403 3682 3537 3751; x_wconf 72' lang='lat' dir='ltr'><strong><em>tuae,</em></strong></span> 
     </span>
    </p>
   </div>
   <div class='ocr_carea' id='block_1_25' title="bbox 129 3754 3541 3853">
    <p class='ocr_par' dir='ltr' id='par_1_25' title="bbox 129 3754 3541 3853">
     <span class='ocr_line' id='line_1_25' title="bbox 129 3754 3541 3853; baseline 0.001 -26"><span class='ocrx_word' id='word_1_244' title='bbox 129 3767 337 3848; x_wconf 78' lang='lat' dir='ltr'><strong><em>quibus</em></strong></span> <span class='ocrx_word' id='word_1_245' title='bbox 375 3766 729 3848; x_wconf 87' lang='lat' dir='ltr'><strong><em>parcissimo</em></strong></span> <span class='ocrx_word' id='word_1_246' title='bbox 770 3765 894 3826; x_wconf 89' lang='lat' dir='ltr'><strong><em>cibo</em></strong></span> <span class='ocrx_word' id='word_1_247' title='bbox 940 3763 1218 3844; x_wconf 84' lang='lat' dir='ltr'><strong><em>brevique</em></strong></span> <span class='ocrx_word' id='word_1_248' title='bbox 1257 3783 1457 3824; x_wconf 89' lang='lat' dir='ltr'><strong><em>somno</em></strong></span> <span class='ocrx_word' id='word_1_249' title='bbox 1501 3773 1824 3840; x_wconf 89' lang='lat' dir='ltr'><strong><em>contentus,</em></strong></span> <span class='ocrx_word' id='word_1_250' title='bbox 1873 3764 1969 3825; x_wconf 90' lang='lat' dir='ltr'><strong><em>die</em></strong></span> <span class='ocrx_word' id='word_1_251' title='bbox 2009 3774 2295 3846; x_wconf 87' lang='lat' dir='ltr'><strong><em>noctuque</em></strong></span> <span class='ocrx_word' id='word_1_252' title='bbox 2343 3766 2644 3847; x_wconf 89' lang='lat' dir='ltr'><strong><em>pastorali</em></strong></span> <span class='ocrx_word' id='word_1_253' title='bbox 2696 3766 2898 3847; x_wconf 81' lang='lat' dir='ltr'><strong><em>ofﬁcio</em></strong></span> <span class='ocrx_word' id='word_1_254' title='bbox 2939 3776 2998 3828; x_wconf 87' lang='lat' dir='ltr'><strong><em>et</em></strong></span> <span class='ocrx_word' id='word_1_255' title='bbox 3035 3754 3367 3832; x_wconf 86' lang='lat' dir='ltr'><strong><em>actionibus</em></strong></span> <span class='ocrx_word' id='word_1_256' title='bbox 3416 3791 3541 3853; x_wconf 85' lang='lat' dir='ltr'><strong><em>pu-</em></strong></span> 
     </span>
    </p>
   </div>
   <div class='ocr_carea' id='block_1_26' title="bbox 134 3861 3546 3946">
    <p class='ocr_par' dir='ltr' id='par_1_26' title="bbox 134 3861 3546 3946">
     <span class='ocr_line' id='line_1_26' title="bbox 134 3861 3546 3946; baseline 0.002 -22"><span class='ocrx_word' id='word_1_257' title='bbox 134 3864 295 3926; x_wconf 83' lang='lat' dir='ltr'><strong><em>blicis</em></strong></span> <span class='ocrx_word' id='word_1_258' title='bbox 341 3865 668 3945; x_wconf 84' lang='lat' dir='ltr'><strong><em>indefessus</em></strong></span> <span class='ocrx_word' id='word_1_259' title='bbox 709 3882 905 3939; x_wconf 85' lang='lat' dir='ltr'><strong><em>vacas,</em></strong></span> <span class='ocrx_word' id='word_1_260' title='bbox 951 3872 1008 3924; x_wconf 83' lang='lat' dir='ltr'><strong><em>&#39;ct</em></strong></span> <span class='ocrx_word' id='word_1_261' title='bbox 1049 3861 1212 3944; x_wconf 86' lang='lat' dir='ltr'><strong><em>quod</em></strong></span> <span class='ocrx_word' id='word_1_262' title='bbox 1250 3872 1515 3944; x_wconf 84' lang='lat' dir='ltr'><strong><em>superest</em></strong></span> <span class='ocrx_word' id='word_1_263' title='bbox 1552 3862 1838 3924; x_wconf 86' lang='lat' dir='ltr'><strong><em>subcisici</em></strong></span> <span class='ocrx_word' id='word_1_264' title='bbox 1878 3865 2174 3945; x_wconf 87' lang='lat' dir='ltr'><strong><em>temporis,</em></strong></span> <span class='ocrx_word' id='word_1_265' title='bbox 2222 3865 2284 3924; x_wconf 88' lang='lat' dir='ltr'><strong><em>in</em></strong></span> <span class='ocrx_word' id='word_1_266' title='bbox 2326 3863 2774 3926; x_wconf 84' lang='lat' dir='ltr'><strong><em>conscribendas</em></strong></span> <span class='ocrx_word' id='word_1_267' title='bbox 2809 3884 2923 3946; x_wconf 90' lang='lat' dir='ltr'><strong><em>pro</em></strong></span> <span class='ocrx_word' id='word_1_268' title='bbox 2965 3885 3164 3929; x_wconf 86' lang='lat' dir='ltr'><strong><em>rerum</em></strong></span> <span class='ocrx_word' id='word_1_269' title='bbox 3206 3871 3546 3933; x_wconf 87' lang='lat' dir='ltr'><strong><em>necessitate</em></strong></span> 
     </span>
    </p>
   </div>
   <div class='ocr_carea' id='block_1_27' title="bbox 135 3959 3540 4043">
    <p class='ocr_par' dir='ltr' id='par_1_27' title="bbox 135 3959 3540 4043">
     <span class='ocr_line' id='line_1_27' title="bbox 135 3959 3540 4043; baseline 0.002 -22"><span class='ocrx_word' id='word_1_270' title='bbox 135 3963 494 4025; x_wconf 75' lang='lat' dir='ltr'><strong><em>doctissimas</em></strong></span> <span class='ocrx_word' id='word_1_271' title='bbox 554 3973 615 4024; x_wconf 91' lang='lat' dir='ltr'><strong><em>et</em></strong></span> <span class='ocrx_word' id='word_1_272' title='bbox 687 3959 1117 4023; x_wconf 87' lang='lat' dir='ltr'><strong><em>eruditissimas</em></strong></span> <span class='ocrx_word' id='word_1_273' title='bbox 1178 3959 1580 4022; x_wconf 87' lang='lat' dir='ltr'><strong><em>Institutiones</em></strong></span> <span class='ocrx_word' id='word_1_274' title='bbox 1623 3971 1801 4042; x_wconf 87' lang='lat' dir='ltr'><strong><em>atque</em></strong></span> <span class='ocrx_word' id='word_1_275' title='bbox 1861 3960 2310 4024; x_wconf 87' lang='lat' dir='ltr'><strong><em>Constitutiones</em></strong></span> <span class='ocrx_word' id='word_1_276' title='bbox 2369 3962 2623 4043; x_wconf 76' lang='lat' dir='ltr'><strong><em>confers,</em></strong></span> <span class='ocrx_word' id='word_1_277' title='bbox 2681 3963 2949 4024; x_wconf 89' lang='lat' dir='ltr'><strong><em>omnibus</em></strong></span> <span class='ocrx_word' id='word_1_278' title='bbox 3003 3967 3320 4027; x_wconf 75' lang='lat' dir='ltr'><strong><em>notissimas</em></strong></span> <span class='ocrx_word' id='word_1_279' title='bbox 3378 3975 3540 4028; x_wconf 86' lang='lat' dir='ltr'><strong><em>sunt.</em></strong></span> 
     </span>
    </p>
   </div>
   <div class='ocr_carea' id='block_1_28' title="bbox 143 4057 3546 4144">
    <p class='ocr_par' dir='ltr' id='par_1_28' title="bbox 143 4057 3546 4144">
     <span class='ocr_line' id='line_1_28' title="bbox 143 4057 3546 4144; baseline 0.002 -25"><span class='ocrx_word' id='word_1_280' title='bbox 143 4059 272 4140; x_wconf 75' lang='lat' dir='ltr'><strong><em>Ipsa</em></strong></span> <span class='ocrx_word' id='word_1_281' title='bbox 316 4073 419 4124; x_wconf 91' lang='lat' dir='ltr'><strong><em>tua</em></strong></span> <span class='ocrx_word' id='word_1_282' title='bbox 467 4060 664 4142; x_wconf 87' lang='lat' dir='ltr'><strong><em>Opera</em></strong></span> <span class='ocrx_word' id='word_1_283' title='bbox 704 4077 836 4140; x_wconf 69' lang='lat' dir='ltr'><strong><em>quas</em></strong></span> <span class='ocrx_word' id='word_1_284' title='bbox 871 4057 1151 4140; x_wconf 84' lang='lat' dir='ltr'><strong><em>pluribus</em></strong></span> <span class='ocrx_word' id='word_1_285' title='bbox 1193 4057 1588 4120; x_wconf 86' lang='lat' dir='ltr'><strong><em>voluminibus</em></strong></span> <span class='ocrx_word' id='word_1_286' title='bbox 1632 4058 1859 4139; x_wconf 86' lang='lat' dir='ltr'><strong><em>digesta</em></strong></span> <span class='ocrx_word' id='word_1_287' title='bbox 1918 4059 2196 4121; x_wconf 82' lang='lat' dir='ltr'><strong><em>hactenus</em></strong></span> <span class='ocrx_word' id='word_1_288' title='bbox 2232 4060 2593 4141; x_wconf 79' lang='lat' dir='ltr'><strong><em>prodierunt</em></strong></span> <span class='ocrx_word' id='word_1_289' title='bbox 2655 4061 2714 4120; x_wconf 90' lang='lat' dir='ltr'><strong><em>in</em></strong></span> <span class='ocrx_word' id='word_1_290' title='bbox 2760 4061 2968 4136; x_wconf 91' lang='lat' dir='ltr'><strong><em>lucem,</em></strong></span> <span class='ocrx_word' id='word_1_291' title='bbox 3033 4081 3278 4144; x_wconf 76' lang='lat' dir='ltr'><strong><em>quosque</em></strong></span> <span class='ocrx_word' id='word_1_292' title='bbox 3319 4063 3382 4124; x_wconf 91' lang='lat' dir='ltr'><strong><em>in</em></strong></span> <span class='ocrx_word' id='word_1_293' title='bbox 3423 4063 3546 4125; x_wconf 88' lang='lat' dir='ltr'><strong><em>dies</em></strong></span> 
     </span>
    </p>
   </div>
   <div class='ocr_carea' id='block_1_29' title="bbox 144 4155 3546 4242">
    <p class='ocr_par' dir='ltr' id='par_1_29' title="bbox 144 4155 3546 4242">
     <span class='ocr_line' id='line_1_29' title="bbox 144 4155 3546 4242; baseline 0.003 -28"><span class='ocrx_word' id='word_1_294' title='bbox 144 4157 452 4220; x_wconf 76' lang='lat' dir='ltr'><strong><em>identidem</em></strong></span> <span class='ocrx_word' id='word_1_295' title='bbox 487 4155 814 4242; x_wconf 89' lang='lat' dir='ltr'><strong><em>prodeunt,</em></strong></span> <span class='ocrx_word' id='word_1_296' title='bbox 857 4175 928 4218; x_wconf 93' lang='lat' dir='ltr'><strong><em>ac</em></strong></span> <span class='ocrx_word' id='word_1_297' title='bbox 969 4157 1032 4216; x_wconf 87' lang='lat' dir='ltr'><strong><em>in</em></strong></span> <span class='ocrx_word' id='word_1_298' title='bbox 1074 4156 1241 4216; x_wconf 88' lang='lat' dir='ltr'><strong><em>omni</em></strong></span> <span class='ocrx_word' id='word_1_299' title='bbox 1277 4155 1670 4218; x_wconf 78' lang='lat' dir='ltr'><strong><em>ecclesiastica</em></strong></span> <span class='ocrx_word' id='word_1_300' title='bbox 1711 4158 1956 4218; x_wconf 87' lang='lat' dir='ltr'><strong><em>materie</em></strong></span> <span class='ocrx_word' id='word_1_301' title='bbox 1995 4177 2116 4218; x_wconf 87' lang='lat' dir='ltr'><strong><em>non</em></strong></span> <span class='ocrx_word' id='word_1_302' title='bbox 2161 4167 2283 4219; x_wconf 89' lang='lat' dir='ltr'><strong><em>tam</em></strong></span> <span class='ocrx_word' id='word_1_303' title='bbox 2320 4157 2733 4239; x_wconf 61' lang='lat' dir='ltr'><strong><em>prementibus,</em></strong></span> <span class='ocrx_word' id='word_1_304' title='bbox 2779 4177 2960 4240; x_wconf 90' lang='lat' dir='ltr'><strong><em>quam</em></strong></span> <span class='ocrx_word' id='word_1_305' title='bbox 3001 4158 3227 4238; x_wconf 74' lang='lat' dir='ltr'><strong><em>futuris</em></strong></span> <span class='ocrx_word' id='word_1_306' title='bbox 3273 4162 3546 4242; x_wconf 48' lang='lat' dir='ltr'><strong><em>tempori;</em></strong></span> 
     </span>
    </p>
   </div>
   <div class='ocr_carea' id='block_1_30' title="bbox 140 4253 3546 4340">
    <p class='ocr_par' dir='ltr' id='par_1_30' title="bbox 140 4253 3546 4340">
     <span class='ocr_line' id='line_1_30' title="bbox 140 4253 3546 4340; baseline 0.002 -26"><span class='ocrx_word' id='word_1_307' title='bbox 140 4254 236 4315; x_wconf 81' lang='lat' dir='ltr'><strong><em>bus</em></strong></span> <span class='ocrx_word' id='word_1_308' title='bbox 267 4258 666 4338; x_wconf 88' lang='lat' dir='ltr'><strong><em>prospiciunt,</em></strong></span> <span class='ocrx_word' id='word_1_309' title='bbox 712 4253 852 4315; x_wconf 89' lang='lat' dir='ltr'><strong><em>dum</em></strong></span> <span class='ocrx_word' id='word_1_310' title='bbox 893 4273 1090 4315; x_wconf 89' lang='lat' dir='ltr'><strong><em>omnes</em></strong></span> <span class='ocrx_word' id='word_1_311' title='bbox 1131 4273 1264 4315; x_wconf 91' lang='lat' dir='ltr'><strong><em>cum</em></strong></span> <span class='ocrx_word' id='word_1_312' title='bbox 1308 4255 1606 4336; x_wconf 89' lang='lat' dir='ltr'><strong><em>voluptate</em></strong></span> <span class='ocrx_word' id='word_1_313' title='bbox 1648 4263 1703 4315; x_wconf 92' lang='lat' dir='ltr'><strong><em>et</em></strong></span> <span class='ocrx_word' id='word_1_314' title='bbox 1742 4255 2000 4316; x_wconf 80' lang='lat' dir='ltr'><strong><em>utilitate</em></strong></span> <span class='ocrx_word' id='word_1_315' title='bbox 2039 4254 2337 4329; x_wconf 86' lang='lat' dir='ltr'><strong><em>evolvunt,</em></strong></span> <span class='ocrx_word' id='word_1_316' title='bbox 2401 4257 2845 4336; x_wconf 73' lang='lat' dir='ltr'><strong><em>maximamque</em></strong></span> <span class='ocrx_word' id='word_1_317' title='bbox 2889 4256 2952 4316; x_wconf 89' lang='lat' dir='ltr'><strong><em>in</em></strong></span> <span class='ocrx_word' id='word_1_318' title='bbox 3011 4255 3215 4318; x_wconf 89' lang='lat' dir='ltr'><strong><em>iisdem</em></strong></span> <span class='ocrx_word' id='word_1_319' title='bbox 3255 4273 3376 4320; x_wconf 89' lang='lat' dir='ltr'><strong><em>non</em></strong></span> <span class='ocrx_word' id='word_1_320' title='bbox 3413 4259 3546 4340; x_wconf 74' lang='lat' dir='ltr'><strong><em>iam</em></strong></span> 
     </span>
    </p>
   </div>
   <div class='ocr_carea' id='block_1_31' title="bbox 147 4351 3544 4435">
    <p class='ocr_par' dir='ltr' id='par_1_31' title="bbox 147 4351 3544 4435">
     <span class='ocr_line' id='line_1_31' title="bbox 147 4351 3544 4435; baseline 0.001 -21"><span class='ocrx_word' id='word_1_321' title='bbox 147 4354 365 4429; x_wconf 83' lang='lat' dir='ltr'><strong><em>molem,</em></strong></span> <span class='ocrx_word' id='word_1_322' title='bbox 408 4353 515 4416; x_wconf 88' lang='lat' dir='ltr'><strong><em>sed</em></strong></span> <span class='ocrx_word' id='word_1_323' title='bbox 552 4354 960 4426; x_wconf 79' lang='lat' dir='ltr'><strong><em>eruditionem,</em></strong></span> <span class='ocrx_word' id='word_1_324' title='bbox 1007 4372 1211 4414; x_wconf 87' lang='lat' dir='ltr'><strong><em>rerum</em></strong></span> <span class='ocrx_word' id='word_1_325' title='bbox 1254 4355 1621 4426; x_wconf 89' lang='lat' dir='ltr'><strong><em>varietatem,</em></strong></span> <span class='ocrx_word' id='word_1_326' title='bbox 1669 4351 2024 4429; x_wconf 71' lang='lat' dir='ltr'><strong><em>met/tadum,</em></strong></span> <span class='ocrx_word' id='word_1_327' title='bbox 2084 4353 2570 4435; x_wconf 87' lang='lat' dir='ltr'><strong><em>perspicuitatem</em></strong></span> <span class='ocrx_word' id='word_1_328' title='bbox 2612 4373 2684 4415; x_wconf 91' lang='lat' dir='ltr'><strong><em>ac</em></strong></span> <span class='ocrx_word' id='word_1_329' title='bbox 2745 4352 3077 4416; x_wconf 79' lang='lat' dir='ltr'><strong><em>doctrinam</em></strong></span> <span class='ocrx_word' id='word_1_330' title='bbox 3138 4354 3544 4434; x_wconf 87' lang='lat' dir='ltr'><strong><em>admirantur,</em></strong></span> 
     </span>
    </p>
   </div>
   <div class='ocr_carea' id='block_1_32' title="bbox 155 4451 3550 4538">
    <p class='ocr_par' dir='ltr' id='par_1_32' title="bbox 155 4451 3550 4538">
     <span class='ocr_line' id='line_1_32' title="bbox 155 4451 3550 4538; baseline 0.002 -28"><span class='ocrx_word' id='word_1_331' title='bbox 155 4462 203 4512; x_wconf 86' lang='lat' dir='ltr'><strong><em>te</em></strong></span> <span class='ocrx_word' id='word_1_332' title='bbox 239 4473 369 4514; x_wconf 89' lang='lat' dir='ltr'><strong><em>cum</em></strong></span> <span class='ocrx_word' id='word_1_333' title='bbox 412 4453 678 4534; x_wconf 85' lang='lat' dir='ltr'><strong><em>antiquis</em></strong></span> <span class='ocrx_word' id='word_1_334' title='bbox 710 4451 1204 4534; x_wconf 79' lang='lat' dir='ltr'><strong><em>prtetantioribus</em></strong></span> <span class='ocrx_word' id='word_1_335' title='bbox 1241 4451 1629 4533; x_wconf 81' lang='lat' dir='ltr'><strong><em>pontiﬁcibus</em></strong></span> <span class='ocrx_word' id='word_1_336' title='bbox 1671 4452 1963 4532; x_wconf 82' lang='lat' dir='ltr'><strong><em>conferre,</em></strong></span> <span class='ocrx_word' id='word_1_337' title='bbox 2011 4463 2066 4514; x_wconf 89' lang='lat' dir='ltr'><strong><em>et</em></strong></span> <span class='ocrx_word' id='word_1_338' title='bbox 2107 4454 2376 4514; x_wconf 74' lang='lat' dir='ltr'><strong>MAGNUM</strong></span> <span class='ocrx_word' id='word_1_339' title='bbox 2419 4471 2575 4526; x_wconf 87' lang='lat' dir='ltr'><strong><em>vere,</em></strong></span> <span class='ocrx_word' id='word_1_340' title='bbox 2621 4471 2722 4512; x_wconf 88' lang='lat' dir='ltr'><strong><em>seu</em></strong></span> <span class='ocrx_word' id='word_1_341' title='bbox 2757 4451 2956 4534; x_wconf 88' lang='lat' dir='ltr'><strong><em>potius</em></strong></span> <span class='ocrx_word' id='word_1_342' title='bbox 3000 4453 3301 4518; x_wconf 66' lang='lat' dir='ltr'><strong><em>MAXIMUM</em></strong></span> <span class='ocrx_word' id='word_1_343' title='bbox 3361 4457 3550 4538; x_wconf 83' lang='lat' dir='ltr'><strong><em>conﬁ-</em></strong></span> 
     </span>
    </p>
   </div>
   <div class='ocr_carea' id='block_1_33' title="bbox 156 4549 3550 4633">
    <p class='ocr_par' dir='ltr' id='par_1_33' title="bbox 156 4549 3550 4633">
     <span class='ocr_line' id='line_1_33' title="bbox 156 4549 3550 4633; baseline 0.002 -23"><span class='ocrx_word' id='word_1_344' title='bbox 156 4554 261 4611; x_wconf 88' lang='lat' dir='ltr'><strong><em>teri</em></strong></span> <span class='ocrx_word' id='word_1_345' title='bbox 309 4572 426 4613; x_wconf 86' lang='lat' dir='ltr'><strong><em>non</em></strong></span> <span class='ocrx_word' id='word_1_346' title='bbox 467 4550 773 4613; x_wconf 89' lang='lat' dir='ltr'><strong><em>dubitant.</em></strong></span> <span class='ocrx_word' id='word_1_347' title='bbox 821 4550 1031 4613; x_wconf 76' lang='lat' dir='ltr'><strong>MAGNI</strong></span> <span class='ocrx_word' id='word_1_348' title='bbox 1075 4551 1270 4629; x_wconf 82' lang='lat' dir='ltr'><strong><em>igitur</em></strong></span> <span class='ocrx_word' id='word_1_349' title='bbox 1329 4551 1568 4632; x_wconf 90' lang='lat' dir='ltr'><strong><em>antiqui</em></strong></span> <span class='ocrx_word' id='word_1_350' title='bbox 1623 4551 1886 4612; x_wconf 78' lang='lat' dir='ltr'><strong><em>Romani</em></strong></span> <span class='ocrx_word' id='word_1_351' title='bbox 1922 4551 2203 4612; x_wconf 72' lang='lat' dir='ltr'><strong><em>antistitis</em></strong></span> <span class='ocrx_word' id='word_1_352' title='bbox 2266 4549 2460 4632; x_wconf 88' lang='lat' dir='ltr'><strong><em>Opera</em></strong></span> <span class='ocrx_word' id='word_1_353' title='bbox 2532 4549 2648 4611; x_wconf 88' lang='lat' dir='ltr'><strong><em>tibi</em></strong></span> <span class='ocrx_word' id='word_1_354' title='bbox 2672 4570 2806 4633; x_wconf 78' lang='lat' dir='ltr'><strong><em>prae</em></strong></span> <span class='ocrx_word' id='word_1_355' title='bbox 2861 4552 3086 4614; x_wconf 64' lang='lat' dir='ltr'><strong><em>ceteris</em></strong></span> <span class='ocrx_word' id='word_1_356' title='bbox 3126 4556 3442 4616; x_wconf 81' lang='lat' dir='ltr'><strong><em>successori</em></strong></span> <span class='ocrx_word' id='word_1_357' title='bbox 3477 4572 3550 4618; x_wconf 91' lang='lat' dir='ltr'><strong><em>ac</em></strong></span> 
     </span>
    </p>
   </div>
   <div class='ocr_carea' id='block_1_34' title="bbox 157 4647 1830 4730">
    <p class='ocr_par' dir='ltr' id='par_1_34' title="bbox 157 4647 1830 4730">
     <span class='ocr_line' id='line_1_34' title="bbox 157 4647 1830 4730; baseline -0.001 -20"><span class='ocrx_word' id='word_1_358' title='bbox 157 4650 493 4712; x_wconf 74' lang='lat' dir='ltr'><strong><em>mulatori</em></strong></span> <span class='ocrx_word' id='word_1_359' title='bbox 525 4650 659 4730; x_wconf 86' lang='lat' dir='ltr'><strong><em>ejus</em></strong></span> <span class='ocrx_word' id='word_1_360' title='bbox 700 4648 925 4712; x_wconf 80' lang='lat' dir='ltr'><strong>MAGNO</strong></span> <span class='ocrx_word' id='word_1_361' title='bbox 966 4649 1295 4730; x_wconf 77' lang='lat' dir='ltr'><strong><em>tequissime</em></strong></span> <span class='ocrx_word' id='word_1_362' title='bbox 1337 4647 1594 4710; x_wconf 84' lang='lat' dir='ltr'><strong><em>dicanda</em></strong></span> <span class='ocrx_word' id='word_1_363' title='bbox 1633 4649 1830 4728; x_wconf 83' lang='lat' dir='ltr'><strong><em>fuere.</em></strong></span> 
     </span>
    </p>
   </div>
   <div class='ocr_carea' id='block_1_35' title="bbox 225 4747 3557 4832">
    <p class='ocr_par' dir='ltr' id='par_1_35' title="bbox 225 4747 3557 4832">
     <span class='ocr_line' id='line_1_35' title="bbox 225 4747 3557 4832; baseline 0.002 -23"><span class='ocrx_word' id='word_1_364' title='bbox 225 4748 384 4809; x_wconf 78' lang='lat' dir='ltr'><strong><em>Huic</em></strong></span> <span class='ocrx_word' id='word_1_365' title='bbox 424 4758 622 4809; x_wconf 90' lang='lat' dir='ltr'><strong><em>autem</em></strong></span> <span class='ocrx_word' id='word_1_366' title='bbox 665 4747 1207 4826; x_wconf 75' lang='lat' dir='ltr'><strong><em>congrumtissimze</em></strong></span> <span class='ocrx_word' id='word_1_367' title='bbox 1260 4747 1488 4808; x_wconf 89' lang='lat' dir='ltr'><strong><em>rationi</em></strong></span> <span class='ocrx_word' id='word_1_368' title='bbox 1530 4747 1652 4808; x_wconf 91' lang='lat' dir='ltr'><strong><em>alia</em></strong></span> <span class='ocrx_word' id='word_1_369' title='bbox 1709 4748 1962 4828; x_wconf 89' lang='lat' dir='ltr'><strong><em>gravior</em></strong></span> <span class='ocrx_word' id='word_1_370' title='bbox 2021 4755 2074 4808; x_wconf 90' lang='lat' dir='ltr'><strong><em>et</em></strong></span> <span class='ocrx_word' id='word_1_371' title='bbox 2133 4747 2356 4826; x_wconf 84' lang='lat' dir='ltr'><strong><em>fortior</em></strong></span> <span class='ocrx_word' id='word_1_372' title='bbox 2415 4747 2660 4809; x_wconf 89' lang='lat' dir='ltr'><strong><em>accedit.</em></strong></span> <span class='ocrx_word' id='word_1_373' title='bbox 2729 4748 2887 4809; x_wconf 86' lang='lat' dir='ltr'><strong><em>Dum</em></strong></span> <span class='ocrx_word' id='word_1_374' title='bbox 2949 4751 3100 4810; x_wconf 91' lang='lat' dir='ltr'><strong><em>enim</em></strong></span> <span class='ocrx_word' id='word_1_375' title='bbox 3160 4759 3297 4811; x_wconf 90' lang='lat' dir='ltr'><strong><em>ante</em></strong></span> <span class='ocrx_word' id='word_1_376' title='bbox 3333 4770 3557 4832; x_wconf 90' lang='lat' dir='ltr'><strong><em>paucos</em></strong></span> 
     </span>
    </p>
   </div>
   <div class='ocr_carea' id='block_1_36' title="bbox 155 4842 3554 4927">
    <p class='ocr_par' dir='ltr' id='par_1_36' title="bbox 155 4842 3554 4927">
     <span class='ocr_line' id='line_1_36' title="bbox 155 4842 3554 4927; baseline 0.001 -21"><span class='ocrx_word' id='word_1_377' title='bbox 155 4866 320 4908; x_wconf 83' lang='lat' dir='ltr'><strong><em>annos</em></strong></span> <span class='ocrx_word' id='word_1_378' title='bbox 362 4847 519 4909; x_wconf 88' lang='lat' dir='ltr'><strong><em>alter</em></strong></span> <span class='ocrx_word' id='word_1_379' title='bbox 557 4865 588 4908; x_wconf 92' lang='lat' dir='ltr'><strong><em>e</em></strong></span> <span class='ocrx_word' id='word_1_380' title='bbox 631 4845 798 4906; x_wconf 90' lang='lat' dir='ltr'><strong><em>nobis</em></strong></span> <span class='ocrx_word' id='word_1_381' title='bbox 846 4845 1040 4906; x_wconf 67' lang='lat' dir='ltr'><strong><em>Romte</em></strong></span> <span class='ocrx_word' id='word_1_382' title='bbox 1084 4844 1336 4925; x_wconf 89' lang='lat' dir='ltr'><strong><em>degeret,</em></strong></span> <span class='ocrx_word' id='word_1_383' title='bbox 1383 4865 1556 4925; x_wconf 90' lang='lat' dir='ltr'><strong><em>seque</em></strong></span> <span class='ocrx_word' id='word_1_384' title='bbox 1599 4859 1733 4908; x_wconf 90' lang='lat' dir='ltr'><strong><em>ante</em></strong></span> <span class='ocrx_word' id='word_1_385' title='bbox 1771 4846 1941 4926; x_wconf 86' lang='lat' dir='ltr'><strong><em>pedes</em></strong></span> <span class='ocrx_word' id='word_1_386' title='bbox 2006 4854 2128 4905; x_wconf 90' lang='lat' dir='ltr'><strong><em>tuos</em></strong></span> <span class='ocrx_word' id='word_1_387' title='bbox 2199 4842 2513 4905; x_wconf 84' lang='lat' dir='ltr'><strong><em>identidem</em></strong></span> <span class='ocrx_word' id='word_1_388' title='bbox 2573 4855 2843 4924; x_wconf 78' lang='lat' dir='ltr'><strong><em>sisteret;</em></strong></span> <span class='ocrx_word' id='word_1_389' title='bbox 2887 4847 3043 4908; x_wconf 88' lang='lat' dir='ltr'><strong><em>inter</em></strong></span> <span class='ocrx_word' id='word_1_390' title='bbox 3097 4867 3190 4909; x_wconf 92' lang='lat' dir='ltr'><strong><em>eos</em></strong></span> <span class='ocrx_word' id='word_1_391' title='bbox 3244 4868 3554 4927; x_wconf 88' lang='lat' dir='ltr'><strong><em>sermones,</em></strong></span> 
     </span>
    </p>
   </div>
   <div class='ocr_carea' id='block_1_37' title="bbox 155 4939 3556 5029">
    <p class='ocr_par' dir='ltr' id='par_1_37' title="bbox 155 4939 3556 5029">
     <span class='ocr_line' id='line_1_37' title="bbox 155 4939 3556 5029; baseline 0.001 -23"><span class='ocrx_word' id='word_1_392' title='bbox 155 4965 279 5026; x_wconf 78' lang='lat' dir='ltr'><strong><em>quos</em></strong></span> <span class='ocrx_word' id='word_1_393' title='bbox 313 4966 431 5029; x_wconf 85' lang='lat' dir='ltr'><strong><em>pro</em></strong></span> <span class='ocrx_word' id='word_1_394' title='bbox 474 4963 706 5006; x_wconf 87' lang='lat' dir='ltr'><strong><em>summa</em></strong></span> <span class='ocrx_word' id='word_1_395' title='bbox 751 4943 1118 5023; x_wconf 85' lang='lat' dir='ltr'><strong><em>benignitate</em></strong></span> <span class='ocrx_word' id='word_1_396' title='bbox 1163 4953 1265 5003; x_wconf 90' lang='lat' dir='ltr'><strong><em>tua</em></strong></span> <span class='ocrx_word' id='word_1_397' title='bbox 1309 4963 1437 5003; x_wconf 89' lang='lat' dir='ltr'><strong><em>cum</em></strong></span> <span class='ocrx_word' id='word_1_398' title='bbox 1482 4943 1678 5005; x_wconf 91' lang='lat' dir='ltr'><strong><em>eodem</em></strong></span> <span class='ocrx_word' id='word_1_399' title='bbox 1721 4941 1956 5018; x_wconf 76' lang='lat' dir='ltr'><strong><em>habere,</em></strong></span> <span class='ocrx_word' id='word_1_400' title='bbox 2003 4939 2330 5023; x_wconf 88' lang='lat' dir='ltr'><strong><em>quibusque</em></strong></span> <span class='ocrx_word' id='word_1_401' title='bbox 2399 4944 2529 5021; x_wconf 86' lang='lat' dir='ltr'><strong><em>fere</em></strong></span> <span class='ocrx_word' id='word_1_402' title='bbox 2600 4943 2668 5004; x_wconf 87' lang='lat' dir='ltr'><strong><em>de</em></strong></span> <span class='ocrx_word' id='word_1_403' title='bbox 2724 4945 2960 5025; x_wconf 85' lang='lat' dir='ltr'><strong><em>optimis</em></strong></span> <span class='ocrx_word' id='word_1_404' title='bbox 3015 4945 3225 5007; x_wconf 88' lang='lat' dir='ltr'><strong><em>studiis</em></strong></span> <span class='ocrx_word' id='word_1_405' title='bbox 3277 4956 3330 5008; x_wconf 93' lang='lat' dir='ltr'><strong><em>et</em></strong></span> <span class='ocrx_word' id='word_1_406' title='bbox 3373 4947 3556 5009; x_wconf 87' lang='lat' dir='ltr'><strong><em>eccle-</em></strong></span> 
     </span>
    </p>
   </div>
   <div class='ocr_carea' id='block_1_38' title="bbox 158 5039 3561 5126">
    <p class='ocr_par' dir='ltr' id='par_1_38' title="bbox 158 5039 3561 5126">
     <span class='ocr_line' id='line_1_38' title="bbox 158 5039 3561 5126; baseline 0.002 -22"><span class='ocrx_word' id='word_1_407' title='bbox 158 5047 400 5106; x_wconf 79' lang='lat' dir='ltr'><strong><em>siasticis</em></strong></span> <span class='ocrx_word' id='word_1_408' title='bbox 441 5043 770 5123; x_wconf 85' lang='lat' dir='ltr'><strong><em>disciplinis</em></strong></span> <span class='ocrx_word' id='word_1_409' title='bbox 813 5062 929 5102; x_wconf 89' lang='lat' dir='ltr'><strong><em>non</em></strong></span> <span class='ocrx_word' id='word_1_410' title='bbox 965 5061 1164 5122; x_wconf 87' lang='lat' dir='ltr'><strong><em>pauca</em></strong></span> <span class='ocrx_word' id='word_1_411' title='bbox 1203 5041 1426 5101; x_wconf 90' lang='lat' dir='ltr'><strong><em>solebas</em></strong></span> <span class='ocrx_word' id='word_1_412' title='bbox 1469 5041 1772 5114; x_wconf 82' lang='lat' dir='ltr'><strong><em>disserere,</em></strong></span> <span class='ocrx_word' id='word_1_413' title='bbox 1819 5041 1890 5101; x_wconf 91' lang='lat' dir='ltr'><strong><em>de</em></strong></span> <span class='ocrx_word' id='word_1_414' title='bbox 1931 5057 2000 5102; x_wconf 89' lang='lat' dir='ltr'><strong><em>ea</em></strong></span> <span class='ocrx_word' id='word_1_415' title='bbox 2045 5039 2116 5100; x_wconf 89' lang='lat' dir='ltr'><strong><em>S.</em></strong></span> <span class='ocrx_word' id='word_1_416' title='bbox 2166 5041 2378 5101; x_wconf 86' lang='lat' dir='ltr'><strong><em>Leonis</em></strong></span> <span class='ocrx_word' id='word_1_417' title='bbox 2417 5041 2672 5102; x_wconf 84' lang='lat' dir='ltr'><strong><em>editione</em></strong></span> <span class='ocrx_word' id='word_1_418' title='bbox 2715 5041 2923 5102; x_wconf 87' lang='lat' dir='ltr'><strong><em>incidit</em></strong></span> <span class='ocrx_word' id='word_1_419' title='bbox 2964 5045 3203 5118; x_wconf 87' lang='lat' dir='ltr'><strong><em>mentio,</em></strong></span> <span class='ocrx_word' id='word_1_420' title='bbox 3250 5065 3368 5126; x_wconf 90' lang='lat' dir='ltr'><strong><em>qua</em></strong></span> <span class='ocrx_word' id='word_1_421' title='bbox 3410 5047 3561 5109; x_wconf 82' lang='lat' dir='ltr'><strong><em>Pas-</em></strong></span> 
     </span>
    </p>
   </div>
   <div class='ocr_carea' id='block_1_39' title="bbox 167 5137 3562 5227">
    <p class='ocr_par' dir='ltr' id='par_1_39' title="bbox 167 5137 3562 5227">
     <span class='ocr_line' id='line_1_39' title="bbox 167 5137 3562 5227; baseline 0.001 -23"><span class='ocrx_word' id='word_1_422' title='bbox 167 5143 380 5204; x_wconf 69' lang='lat' dir='ltr'><strong><em>citatius</em></strong></span> <span class='ocrx_word' id='word_1_423' title='bbox 425 5139 765 5217; x_wconf 82' lang='lat' dir='ltr'><strong><em>Ouesnellus</em></strong></span> <span class='ocrx_word' id='word_1_424' title='bbox 807 5141 1003 5201; x_wconf 88' lang='lat' dir='ltr'><strong><em>sancti</em></strong></span> <span class='ocrx_word' id='word_1_425' title='bbox 1029 5139 1332 5221; x_wconf 83' lang='lat' dir='ltr'><strong><em>pontiﬁcis</em></strong></span> <span class='ocrx_word' id='word_1_426' title='bbox 1381 5140 1574 5221; x_wconf 89' lang='lat' dir='ltr'><strong><em>Opera</em></strong></span> <span class='ocrx_word' id='word_1_427' title='bbox 1617 5159 1733 5199; x_wconf 90' lang='lat' dir='ltr'><strong><em>non</em></strong></span> <span class='ocrx_word' id='word_1_428' title='bbox 1779 5149 1897 5200; x_wconf 90' lang='lat' dir='ltr'><strong><em>tam</em></strong></span> <span class='ocrx_word' id='word_1_429' title='bbox 1939 5137 2247 5200; x_wconf 86' lang='lat' dir='ltr'><strong><em>emendare</em></strong></span> <span class='ocrx_word' id='word_1_430' title='bbox 2307 5158 2377 5200; x_wconf 90' lang='lat' dir='ltr'><strong><em>ac</em></strong></span> <span class='ocrx_word' id='word_1_431' title='bbox 2440 5139 2762 5215; x_wconf 88' lang='lat' dir='ltr'><strong><em>illustrare,</em></strong></span> <span class='ocrx_word' id='word_1_432' title='bbox 2829 5161 3010 5222; x_wconf 90' lang='lat' dir='ltr'><strong><em>quam</em></strong></span> <span class='ocrx_word' id='word_1_433' title='bbox 3069 5143 3300 5224; x_wconf 90' lang='lat' dir='ltr'><strong><em>aliquot</em></strong></span> <span class='ocrx_word' id='word_1_434' title='bbox 3351 5146 3562 5227; x_wconf 88' lang='lat' dir='ltr'><strong><em>pravis</em></strong></span> 
     </span>
    </p>
   </div>
   <div class='ocr_carea' id='block_1_40' title="bbox 165 5237 3561 5322">
    <p class='ocr_par' dir='ltr' id='par_1_40' title="bbox 165 5237 3561 5322">
     <span class='ocr_line' id='line_1_40' title="bbox 165 5237 3561 5322; baseline 0.001 -22"><span class='ocrx_word' id='word_1_435' title='bbox 165 5238 601 5313; x_wconf 77' lang='lat' dir='ltr'><strong><em>notatiunculis,</em></strong></span> <span class='ocrx_word' id='word_1_436' title='bbox 649 5238 1146 5300; x_wconf 84' lang='lat' dir='ltr'><strong><em>observationibus</em></strong></span> <span class='ocrx_word' id='word_1_437' title='bbox 1189 5248 1243 5300; x_wconf 91' lang='lat' dir='ltr'><strong><em>et</em></strong></span> <span class='ocrx_word' id='word_1_438' title='bbox 1304 5237 1812 5298; x_wconf 87' lang='lat' dir='ltr'><strong><em>dissertationibus</em></strong></span> <span class='ocrx_word' id='word_1_439' title='bbox 1853 5255 1966 5296; x_wconf 87' lang='lat' dir='ltr'><strong><em>non</em></strong></span> <span class='ocrx_word' id='word_1_440' title='bbox 2008 5237 2216 5316; x_wconf 91' lang='lat' dir='ltr'><strong><em>paucis</em></strong></span> <span class='ocrx_word' id='word_1_441' title='bbox 2260 5237 2320 5296; x_wconf 88' lang='lat' dir='ltr'><strong><em>in</em></strong></span> <span class='ocrx_word' id='word_1_442' title='bbox 2365 5237 2505 5297; x_wconf 89' lang='lat' dir='ltr'><strong><em>locis</em></strong></span> <span class='ocrx_word' id='word_1_443' title='bbox 2547 5237 2929 5318; x_wconf 85' lang='lat' dir='ltr'><strong><em>redarguere,</em></strong></span> <span class='ocrx_word' id='word_1_444' title='bbox 2971 5250 3306 5322; x_wconf 89' lang='lat' dir='ltr'><strong><em>pervertere</em></strong></span> <span class='ocrx_word' id='word_1_445' title='bbox 3347 5253 3401 5304; x_wconf 92' lang='lat' dir='ltr'><strong><em>et</em></strong></span> <span class='ocrx_word' id='word_1_446' title='bbox 3457 5243 3561 5304; x_wconf 86' lang='lat' dir='ltr'><strong><em>de-</em></strong></span> 
     </span>
    </p>
   </div>
   <div class='ocr_carea' id='block_1_41' title="bbox 163 5333 3561 5420">
    <p class='ocr_par' dir='ltr' id='par_1_41' title="bbox 163 5333 3561 5420">
     <span class='ocr_line' id='line_1_41' title="bbox 163 5333 3561 5420; baseline 0.001 -22"><span class='ocrx_word' id='word_1_447' title='bbox 163 5350 397 5420; x_wconf 84' lang='lat' dir='ltr'><strong><em>turpare</em></strong></span> <span class='ocrx_word' id='word_1_448' title='bbox 437 5336 694 5398; x_wconf 86' lang='lat' dir='ltr'><strong><em>studuit.</em></strong></span> <span class='ocrx_word' id='word_1_449' title='bbox 740 5336 901 5399; x_wconf 85' lang='lat' dir='ltr'><strong><em>Hinc</em></strong></span> <span class='ocrx_word' id='word_1_450' title='bbox 957 5356 1136 5418; x_wconf 88' lang='lat' dir='ltr'><strong><em>porro</em></strong></span> <span class='ocrx_word' id='word_1_451' title='bbox 1179 5356 1343 5398; x_wconf 74' lang='lat' dir='ltr'><strong><em>novte</em></strong></span> <span class='ocrx_word' id='word_1_452' title='bbox 1387 5335 1679 5409; x_wconf 89' lang='lat' dir='ltr'><strong><em>editionis,</em></strong></span> <span class='ocrx_word' id='word_1_453' title='bbox 1727 5354 1856 5417; x_wconf 61' lang='lat' dir='ltr'><strong><em>quae</em></strong></span> <span class='ocrx_word' id='word_1_454' title='bbox 1898 5333 1976 5395; x_wconf 91' lang='lat' dir='ltr'><strong><em>ad</em></strong></span> <span class='ocrx_word' id='word_1_455' title='bbox 2047 5333 2358 5396; x_wconf 85' lang='lat' dir='ltr'><strong><em>Vaticanos</em></strong></span> <span class='ocrx_word' id='word_1_456' title='bbox 2414 5339 2742 5417; x_wconf 74' lang='lat' dir='ltr'><strong><em>praesertim</em></strong></span> <span class='ocrx_word' id='word_1_457' title='bbox 2786 5357 2919 5398; x_wconf 90' lang='lat' dir='ltr'><strong><em>mss.</em></strong></span> <span class='ocrx_word' id='word_1_458' title='bbox 2979 5337 3200 5400; x_wconf 91' lang='lat' dir='ltr'><strong><em>codices</em></strong></span> <span class='ocrx_word' id='word_1_459' title='bbox 3241 5341 3317 5402; x_wconf 93' lang='lat' dir='ltr'><strong><em>ab</em></strong></span> <span class='ocrx_word' id='word_1_460' title='bbox 3359 5361 3423 5402; x_wconf 91' lang='lat' dir='ltr'><strong><em>eo</em></strong></span> <span class='ocrx_word' id='word_1_461' title='bbox 3467 5343 3561 5401; x_wconf 86' lang='lat' dir='ltr'><strong><em>in-</em></strong></span> 
     </span>
    </p>
   </div>
   <div class='ocr_carea' id='block_1_42' title="bbox 165 5433 3558 5516">
    <p class='ocr_par' dir='ltr' id='par_1_42' title="bbox 165 5433 3558 5516">
     <span class='ocr_line' id='line_1_42' title="bbox 165 5433 3558 5516; baseline 0 -20"><span class='ocrx_word' id='word_1_462' title='bbox 165 5438 444 5498; x_wconf 85' lang='lat' dir='ltr'><strong><em>consultos</em></strong></span> <span class='ocrx_word' id='word_1_463' title='bbox 489 5438 857 5516; x_wconf 70' lang='lat' dir='ltr'><strong><em>exigeretur,</em></strong></span> <span class='ocrx_word' id='word_1_464' title='bbox 903 5435 1278 5516; x_wconf 88' lang='lat' dir='ltr'><strong><em>ejusdemque</em></strong></span> <span class='ocrx_word' id='word_1_465' title='bbox 1322 5433 1574 5496; x_wconf 90' lang='lat' dir='ltr'><strong><em>audaces</em></strong></span> <span class='ocrx_word' id='word_1_466' title='bbox 1615 5446 1859 5496; x_wconf 87' lang='lat' dir='ltr'><strong><em>conatus</em></strong></span> <span class='ocrx_word' id='word_1_467' title='bbox 1902 5433 2238 5494; x_wconf 86' lang='lat' dir='ltr'><strong><em>retunderet</em></strong></span> <span class='ocrx_word' id='word_1_468' title='bbox 2278 5442 2334 5494; x_wconf 91' lang='lat' dir='ltr'><strong><em>et</em></strong></span> <span class='ocrx_word' id='word_1_469' title='bbox 2360 5433 2736 5515; x_wconf 78' lang='lat' dir='ltr'><strong><em>infringeret,</em></strong></span> <span class='ocrx_word' id='word_1_470' title='bbox 2782 5437 3171 5498; x_wconf 91' lang='lat' dir='ltr'><strong><em>necessitatem</em></strong></span> <span class='ocrx_word' id='word_1_471' title='bbox 3201 5439 3558 5499; x_wconf 90' lang='lat' dir='ltr'><strong><em>memorasti.</em></strong></span> 
     </span>
    </p>
   </div>
   <div class='ocr_carea' id='block_1_43' title="bbox 169 5530 3564 5614">
    <p class='ocr_par' dir='ltr' id='par_1_43' title="bbox 169 5530 3564 5614">
     <span class='ocr_line' id='line_1_43' title="bbox 169 5530 3564 5614; baseline -0.001 -16"><span class='ocrx_word' id='word_1_472' title='bbox 169 5535 303 5598; x_wconf 83' lang='lat' dir='ltr'><strong><em>Cum</em></strong></span> <span class='ocrx_word' id='word_1_473' title='bbox 349 5555 488 5596; x_wconf 86' lang='lat' dir='ltr'><strong><em>vero</em></strong></span> <span class='ocrx_word' id='word_1_474' title='bbox 534 5534 642 5595; x_wconf 79' lang='lat' dir='ltr'><strong><em>hoc</em></strong></span> <span class='ocrx_word' id='word_1_475' title='bbox 688 5533 838 5594; x_wconf 85' lang='lat' dir='ltr'><strong><em>idem</em></strong></span> <span class='ocrx_word' id='word_1_476' title='bbox 882 5532 1190 5593; x_wconf 85' lang='lat' dir='ltr'><strong><em>consilium</em></strong></span> <span class='ocrx_word' id='word_1_477' title='bbox 1235 5532 1586 5614; x_wconf 89' lang='lat' dir='ltr'><strong><em>quibusdam</em></strong></span> <span class='ocrx_word' id='word_1_478' title='bbox 1621 5530 2156 5614; x_wconf 67' lang='lat' dir='ltr'><strong><em>pru’decessoribus</em></strong></span> <span class='ocrx_word' id='word_1_479' title='bbox 2201 5531 2314 5590; x_wconf 88' lang='lat' dir='ltr'><strong><em>tuis</em></strong></span> <span class='ocrx_word' id='word_1_480' title='bbox 2359 5531 2420 5590; x_wconf 90' lang='lat' dir='ltr'><strong><em>in</em></strong></span> <span class='ocrx_word' id='word_1_481' title='bbox 2463 5540 2705 5591; x_wconf 88' lang='lat' dir='ltr'><strong><em>mentem</em></strong></span> <span class='ocrx_word' id='word_1_482' title='bbox 2751 5531 2987 5612; x_wconf 86' lang='lat' dir='ltr'><strong><em>quidem</em></strong></span> <span class='ocrx_word' id='word_1_483' title='bbox 3031 5535 3330 5601; x_wconf 83' lang='lat' dir='ltr'><strong><em>venissset;</em></strong></span> <span class='ocrx_word' id='word_1_484' title='bbox 3371 5542 3433 5593; x_wconf 92' lang='lat' dir='ltr'><strong><em>at</em></strong></span> <span class='ocrx_word' id='word_1_485' title='bbox 3451 5552 3564 5612; x_wconf 86' lang='lat' dir='ltr'><strong><em>per</em></strong></span> 
     </span>
    </p>
   </div>
   <div class='ocr_carea' id='block_1_44' title="bbox 164 5628 3570 5717">
    <p class='ocr_par' dir='ltr' id='par_1_44' title="bbox 164 5628 3570 5717">
     <span class='ocr_line' id='line_1_44' title="bbox 164 5628 3570 5717; baseline -0.001 -23"><span class='ocrx_word' id='word_1_486' title='bbox 164 5652 245 5694; x_wconf 84' lang='lat' dir='ltr'><strong><em>eos</em></strong></span> <span class='ocrx_word' id='word_1_487' title='bbox 282 5634 500 5717; x_wconf 87' lang='lat' dir='ltr'><strong><em>quibus</em></strong></span> <span class='ocrx_word' id='word_1_488' title='bbox 542 5633 612 5694; x_wconf 91' lang='lat' dir='ltr'><strong><em>id</em></strong></span> <span class='ocrx_word' id='word_1_489' title='bbox 647 5632 880 5714; x_wconf 84' lang='lat' dir='ltr'><strong><em>negotii</em></strong></span> <span class='ocrx_word' id='word_1_490' title='bbox 919 5629 1342 5692; x_wconf 90' lang='lat' dir='ltr'><strong><em>demandatum</em></strong></span> <span class='ocrx_word' id='word_1_491' title='bbox 1387 5629 1532 5712; x_wconf 79' lang='lat' dir='ltr'><strong><em>fuit,</em></strong></span> <span class='ocrx_word' id='word_1_492' title='bbox 1580 5649 1886 5713; x_wconf 87' lang='lat' dir='ltr'><strong><em>nunquam</em></strong></span> <span class='ocrx_word' id='word_1_493' title='bbox 1912 5628 2268 5714; x_wconf 81' lang='lat' dir='ltr'><strong><em>perfectum,</em></strong></span> <span class='ocrx_word' id='word_1_494' title='bbox 2316 5646 2418 5690; x_wconf 90' lang='lat' dir='ltr'><strong><em>nec</em></strong></span> <span class='ocrx_word' id='word_1_495' title='bbox 2454 5628 2883 5713; x_wconf 79' lang='lat' dir='ltr'><strong><em>perﬁciendum</em></strong></span> <span class='ocrx_word' id='word_1_496' title='bbox 2924 5629 3304 5706; x_wconf 87' lang='lat' dir='ltr'><strong><em>crederetur;</em></strong></span> <span class='ocrx_word' id='word_1_497' title='bbox 3343 5636 3410 5688; x_wconf 87' lang='lat' dir='ltr'><strong><em>tu</em></strong></span> <span class='ocrx_word' id='word_1_498' title='bbox 3451 5629 3570 5691; x_wconf 87' lang='lat' dir='ltr'><strong><em>mi-</em></strong></span> 
     </span>
    </p>
   </div>
   <div class='ocr_carea' id='block_1_45' title="bbox 167 5724 3583 5816">
    <p class='ocr_par' dir='ltr' id='par_1_45' title="bbox 167 5724 3583 5816">
     <span class='ocr_line' id='line_1_45' title="bbox 167 5724 3583 5816; baseline 0 -24"><span class='ocrx_word' id='word_1_499' title='bbox 167 5733 306 5797; x_wconf 82' lang='lat' dir='ltr'><strong><em>nime</em></strong></span> <span class='ocrx_word' id='word_1_500' title='bbox 342 5733 546 5816; x_wconf 84' lang='lat' dir='ltr'><strong><em>ferens</em></strong></span> <span class='ocrx_word' id='word_1_501' title='bbox 587 5729 908 5796; x_wconf 88' lang='lat' dir='ltr'><strong><em>editionem</em></strong></span> <span class='ocrx_word' id='word_1_502' title='bbox 952 5737 1072 5792; x_wconf 92' lang='lat' dir='ltr'><strong><em>tam</em></strong></span> <span class='ocrx_word' id='word_1_503' title='bbox 1115 5729 1505 5795; x_wconf 88' lang='lat' dir='ltr'><strong><em>necessariam</em></strong></span> <span class='ocrx_word' id='word_1_504' title='bbox 1550 5729 1770 5796; x_wconf 89' lang='lat' dir='ltr'><strong><em>diutius</em></strong></span> <span class='ocrx_word' id='word_1_505' title='bbox 1807 5725 2161 5816; x_wconf 79' lang='lat' dir='ltr'><strong><em>prorogari,</em></strong></span> <span class='ocrx_word' id='word_1_506' title='bbox 2211 5725 2364 5790; x_wconf 80' lang='lat' dir='ltr'><strong><em>banc</em></strong></span> <span class='ocrx_word' id='word_1_507' title='bbox 2405 5725 2574 5791; x_wconf 84' lang='lat' dir='ltr'><strong><em>nobis</em></strong></span> <span class='ocrx_word' id='word_1_508' title='bbox 2629 5725 3041 5814; x_wconf 71' lang='lat' dir='ltr'><strong><em>imponendum</em></strong></span> <span class='ocrx_word' id='word_1_509' title='bbox 3096 5724 3391 5790; x_wconf 74' lang='lat' dir='ltr'><strong><em>censutsti.</em></strong></span> <span class='ocrx_word' id='word_1_510' title='bbox 3438 5725 3583 5794; x_wconf 80' lang='lat' dir='ltr'><strong><em>Non</em></strong></span> 
     </span>
    </p>
   </div>
   <div class='ocr_carea' id='block_1_46' title="bbox 467 5859 3254 5935">
    <p class='ocr_par' dir='ltr' id='par_1_46' title="bbox 467 5859 3254 5935">
     <span class='ocr_line' id='line_1_46' title="bbox 467 5859 3254 5935; baseline -0.003 -3"><span class='ocrx_word' id='word_1_511' title='bbox 467 5867 744 5935; x_wconf 60' lang='lat' dir='ltr'><strong><em>Panos.</em></strong></span> <span class='ocrx_word' id='word_1_512' title='bbox 790 5863 946 5932; x_wconf 78' lang='lat' dir='ltr'><strong><em>LIV.</em></strong></span> <span class='ocrx_word' id='word_1_513' title='bbox 3221 5859 3254 5924; x_wconf 75' lang='grc'><strong>1</strong></span> 
     </span>
    </p>
   </div>
  </div>
