3914 6232
395 391 466 459 il
1569 391 1951 455 EPISTOLA
1995 392 2627 458 NUNCUPATORIA.
3725 390 3797 449 12

399 529 590 590 solum
636 525 986 608 magnitudo
1029 527 1243 609 operis,
1289 534 1345 587 et
1384 526 1595 605 magni
1658 524 1995 587 adversarii
2033 524 2288 586 eruditio
2333 546 2403 585 ac
2446 528 2765 607 ingenium,
2817 546 3016 588 verum
3071 526 3247 588 etiam
3289 540 3345 587 et
3389 524 3569 585 multo
3612 525 3802 603 magis

398 624 777 689 imbecillitas
820 634 1047 700 nostra,
1093 624 1265 704 cujus
1306 620 1735 702 nobismetipsis
1777 623 1997 683 conscii
2037 643 2255 691 sumus,
2302 643 2603 705 suspensos
2648 624 2820 684 initio
2851 633 3029 705 atque
3058 623 3345 705 ancipites
3367 622 3563 684 animo
3595 620 3805 681 tenuiit

410 726 498 787 At
537 723 833 785 voluntati
871 732 929 783 et
969 720 1322 784 auctoritati
1352 728 1468 780 tux
1508 718 1935 801 obsequendum
1973 721 2115 801 fuit.
2163 719 2286 782 Nos
2328 729 2521 783 autem
2564 730 2632 782 ut
2671 722 2926 800 erigeres
2968 731 3145 803 atque
3188 720 3477 801 reﬁceres,
3526 738 3638 779 non
3667 718 3803 779 solis

409 821 595 885 verbis
638 840 777 882 usus
818 839 896 898 es,
952 820 1055 881 sed
1092 829 1253 881 tuum
1296 836 1526 900 quoque
1567 818 1836 881 auxilum
1882 819 1943 879 in
1985 816 2245 879 eamdem
2289 817 2603 879 editionem
2646 818 2970 879 contulisti.
3022 817 3170 880 Cum
3215 819 3367 878 enim
3415 820 3476 878 in
3518 814 3809 897 ejusmodi

402 916 760 982 editionibus
796 914 1190 997 procurandis
1226 916 1709 996 prxstantiorum
1752 913 2014 976 codicum
2056 912 2381 975 subsidium
2403 914 2774 994 potissimum
2805 915 3192 995 requiratur;
3227 923 3286 974 tu
3304 913 3589 975 Vaticana
3618 931 3807 973 exem-

400 1016 609 1100 plaria
648 1014 847 1076 statim
892 1013 1325 1075 communicari
1342 1012 1603 1097 jussisti,
1648 1021 1825 1093 atque
1866 1023 1931 1072 ut
1973 1010 2210 1073 collatio
2278 1010 2525 1091 facilior
2566 1020 2623 1072 et
2659 1011 2996 1092 expeditior
3046 1012 3236 1093 ﬁeret,
3284 1031 3423 1074 raro
3474 1010 3802 1093 privilegio

400 1133 492 1183 ea,
536 1110 751 1196 quibus
795 1100 1217 1191 indigeremui,
1262 1108 1495 1170 domum
1538 1109 1771 1189 a/Ierri,
1818 1118 1873 1169 et
1904 1108 2209 1191 quamdiu
2247 1128 2391 1191 opus
2432 1104 2574 1172 esset
2612 1111 2881 1171 retineri-
2900 1108 3243 1173 indulsisti:
3290 1129 3362 1171 ac
3396 1119 3691 1191 praeterea
3737 1115 3805 1168 ut

401 1212 537 1276 aliis
591 1228 667 1271 ex
710 1208 977 1286 urbibus,
1026 1208 1135 1269 ubi
1169 1209 1305 1269 rari
1340 1216 1521 1268 essent
1562 1216 1738 1288 atque
1782 1206 2099 1268 inconsulti
2137 1206 2383 1282 codices,
2428 1218 2723 1269 accuratx
2778 1208 3120 1269 collationes
3177 1215 3633 1289 praestarentur,
3680 1207 3803 1285 ipse

394 1329 510 1394 pro
552 1306 920 1370 humanitate
960 1316 1065 1368 tua
1105 1305 1363 1387 effecisti,
1413 1303 1555 1366 adeo
1597 1313 1667 1365 ut
1705 1304 1880 1366 etiam
1924 1305 1985 1365 in
2031 1304 2181 1366 hanc
2222 1313 2482 1367 nostram
2524 1305 2727 1365 urbem
2770 1303 3161 1386 quorumdam
3205 1306 3581 1385 antiquorum
3613 1304 3799 1364 libro-

399 1428 537 1469 rum
578 1406 878 1468 variantes
922 1404 1207 1476 lectiones,
1256 1422 1388 1484 qua:
1430 1402 1501 1464 ob
1546 1401 2037 1484 longinquitatem
2081 1402 2340 1464 locorum
2383 1401 2571 1462 isthuc
2612 1403 2797 1462 serius
2831 1421 3172 1484 pervenere,
3218 1402 3653 1464 humanissimis
3700 1402 3801 1462 lit-

401 1506 541 1567 teris
585 1504 704 1565 tuis
744 1493 993 1565 soczatas
1033 1501 1450 1564 transmiseris.
1498 1500 1575 1561 1d
1611 1509 1807 1562 autem
1843 1519 2020 1582 penes
2060 1519 2254 1580 aequos
2297 1518 2495 1561 rerum
2538 1500 2920 1560 aestimatores
2963 1508 3191 1561 tantum
3257 1510 3357 1574 est,
3407 1509 3472 1561 ut
3513 1500 3634 1561 hxc
3674 1499 3802 1561 edi-

404 1605 508 1680 tio,
555 1601 727 1683 cujus
771 1609 834 1661 tu
875 1609 1082 1662 auctor
1123 1608 1176 1660 et
1216 1598 1543 1680 opitulator
1584 1600 1780 1677 fuisti,
1832 1610 1933 1659 tua
1977 1596 2410 1680 quodam-modo
2453 1596 2724 1658 habenda
2773 1597 2891 1673 sit;
2932 1616 3002 1657 ac
3038 1596 3288 1678 proinde
3333 1598 3393 1657 in
3444 1617 3512 1659 ea
3555 1608 3650 1658 tuo
3695 1617 3806 1659 no‘

405 1700 560 1763 mini
593 1697 924 1761 dedicanda
985 1717 1103 1763 non
1143 1697 1460 1776 offeramus
1502 1696 1738 1778 aliquid
1776 1698 2012 1757 omnino
2055 1704 2360 1770 nostrum;
2407 1714 2498 1755 sec
2542 1694 2753 1767 verius,
2799 1692 2961 1775 quod
2999 1693 3267 1775 beneﬁcio
3312 1703 3408 1755 tuo
3451 1695 3803 1776 accepimus.

408 1796 743 1861 reddamus.
812 1794 969 1856 Hinc
1029 1796 1205 1855 etiam
1268 1791 1616 1873 conﬁdimus
1677 1792 1810 1873 fore
1865 1803 1931 1853 ut
1992 1795 2178 1873 ipsam
2242 1792 2547 1852 editionem
2613 1790 2855 1871 benigne
2895 1790 3182 1872 suscipias
3224 1811 3294 1852 ac
3355 1794 3570 1853 tuearis
3630 1792 3812 1874 quasi

411 1918 537 1959 rem
580 1904 783 1957 tuam:
828 1911 1153 1974 omnesque,
1219 1894 1331 1973 qui
1386 1910 1512 1953 eam
1556 1912 1593 1953 a
1638 1901 1691 1952 te
1728 1900 2106 1973 praeceptam,
2158 1900 2322 1971 teque
2382 1911 2546 1971 opem
2604 1890 2831 1969 ferente
2868 1889 3194 1970 perfectam
3260 1888 3610 1969 intelligent,
3673 1910 3809 1953 cum

395 1992 756 2078 praeclaram
817 2009 1022 2051 curam
1064 1999 1123 2050 et
1178 1987 1538 2070 singularem
1596 1987 1863 2066 favorem
1926 1997 2085 2049 tuum
2145 1986 2683 2063 commendabunt;
2727 1994 2848 2047 tum
2912 2005 3047 2047 vero
3088 1987 3147 2045 si
3198 1986 3347 2068 quid
3376 2006 3490 2068 per
3546 2006 3648 2048 nos
3693 1990 3799 2049 mi-

397 2113 508 2155 nus
569 2099 705 2173 apte
766 2089 1130 2151 exsecutioni
1184 2086 1532 2149 mandatum
1589 2088 1906 2165 invenient,
1972 2086 2226 2148 nominis
2286 2095 2347 2146 et
2374 2086 2707 2167 patrocinii
2740 2086 2835 2145 tui
2867 2085 3073 2164 gratia
3115 2084 3542 2147 condonaturos
3598 2104 3808 2166 spera-

399 2210 551 2253 mus.

477 2291 807 2368 Antequam
857 2304 994 2347 vero
1038 2284 1218 2365 hujus
1267 2282 1526 2366 epistola
1585 2281 1765 2362 ﬁnem
1825 2282 2099 2361 facimus,
2166 2283 2312 2356 sine,
2358 2300 2718 2362 quaesumus,
2782 2280 2969 2343 Pater
3029 2280 3368 2355 beatissime,
3416 2292 3479 2342 ut
3521 2281 3686 2363 quod
3741 2285 3807 2346 S.

395 2389 589 2451 LEONI
629 2384 889 2446 maxime
929 2400 1255 2462 congruum
1303 2389 1360 2441 et
1396 2380 1719 2460 gloriosum
1771 2378 2085 2455 credimus,
2142 2379 2569 2460 sapientissimo
2615 2377 2855 2460 judicio
2913 2388 3010 2440 tuo
3070 2378 3479 2459 subjiciamus.
3531 2379 3615 2441 De
3656 2397 3810 2444 θοο-

406 2500 581 2550 'roms
628 2482 807 2543 titulo
848 2488 905 2541 et
945 2479 1113 2541 cultu
1154 2477 1339 2541 eidem
1397 2486 1600 2539 sancto
1647 2478 1929 2559 pontiﬁci
1983 2476 2340 2539 decernendo
2377 2495 2577 2558 pauca
2630 2476 2904 2558 quaedam
2968 2476 3095 2551 tibi,
3160 2485 3227 2537 ut
3269 2476 3642 2559 conﬁdimus,
3692 2500 3812 2539 non

390 2578 738 2663 injucunda
772 2596 1128 2661 .proponere
1191 2576 1352 2637 libet.
1405 2575 1525 2652 Qui
1581 2575 1791 2637 MAGNI
1851 2594 2062 2636 nomen
2117 2575 2394 2649 obtinuit,
2458 2590 2743 2637 DOCTORIS
2804 2593 3035 2655 quoque
3076 2572 3313 2636 titulum
3380 2578 3602 2637 mereri
3655 2578 3817 2639 nihil

396 2679 779 2760 ambiqimus.
828 2675 911 2739 Si
945 2674 1096 2737 enim
1137 2689 1424 2736 noc'roms
1467 2671 1868 2753 appellatione
1913 2683 1968 2733 et
2009 2672 2173 2733 cultu
2218 2674 2268 2733 ii
2304 2671 2480 2752 digni
2514 2680 2669 2743 sunt,
2716 2673 2828 2752 qui
2863 2690 2984 2733 una
3044 2690 3173 2732 cum
3215 2673 3447 2734 eximia
3496 2678 3811 2737 sanctitate

394 2778 684 2858 insignem
721 2775 956 2857 pariter
995 2771 1327 2834 doctrinam
1357 2772 1693 2851 fungentes,
1741 2779 1797 2831 et
1839 2768 1977 2831 dum
2022 2772 2083 2831 in
2127 2771 2272 2832 vivis
2312 2777 2510 2845 essent,
2559 2769 2892 2830 universam
2935 2769 3271 2831 Ecclesiam
3312 2770 3579 2846 docuere,
3607 2781 3666 2833 et
3705 2774 3813 2835 ad-

395 2876 511 2955 huc
548 2882 685 2956 post
744 2880 988 2932 mortem
1051 2868 1223 2931 illam
1288 2867 1494 2929 docent
1536 2869 1606 2928 iis
1665 2867 1939 2949 aperibus
2001 2868 2241 2940 relictis,
2316 2886 2445 2948 quae
2506 2868 2669 2926 omni
2720 2875 2974 2947 tempore
3029 2887 3143 2949 pro
3199 2867 3321 2947 ﬁde
3360 2888 3433 2929 ac
3488 2868 3808 2951 disciplina

392 2972 677 3039 Ecclesia:
720 2970 859 3030 usui
894 2966 1109 3047 futura
1163 2966 1327 3033 sint;
1390 2986 1579 3026 nonne
1621 2966 1683 3026 S.
1751 2968 1897 3039 LEO,
1960 2966 2133 3045 cujus
2191 2966 2580 3025 sanctimonia
2624 2965 2944 3025 certissima
2985 2976 3086 3040 est,
3133 2975 3187 3027 et
3230 2966 3448 3043 docuit,
3495 2978 3550 3029 et
3608 2970 3800 3045 decet,

397 3081 457 3132 et
493 3087 721 3150 semper
760 3065 1043 3127 docturus
1087 3073 1172 3125 est
1210 3064 1546 3125 universam
1588 3062 1944 3137 Ecclesium,
1991 3082 2124 3124 cum
2166 3072 2225 3124 et
2268 3061 2639 3123 instituendis
2686 3060 3165 3124 Christianorum
3209 3065 3485 3140 moribus,
3531 3076 3590 3127 et
3630 3078 3808 3129 recta:

397 3167 546 3250 ﬁdei
584 3161 1026 3236 conservandae,
1072 3159 1569 3242 confutandisque
1612 3159 2101 3223 heterodoxorum
2143 3160 2446 3221 erroribus
2488 3161 2795 3243 aptissima
2832 3160 3098 3241 plurium
3125 3181 3457 3224 sermonum
3498 3174 3554 3225 et
3592 3168 3812 3246 episto-

400 3266 595 3329 larum
638 3270 1009 3323 monumenta
1052 3258 1330 3338 vulgarit,
1375 3278 1508 3340 qux
1549 3278 1664 3319 non
1710 3268 1831 3319 tam
1876 3260 1937 3318 in
1997 3258 2347 3328 Occidentis,
2395 3278 2575 3339 quam
2637 3261 2697 3320 in
2764 3259 3018 3320 Orientis
3058 3259 3343 3322 Ecclesiis
3400 3281 3624 3323 summo
3671 3284 3808 3327 cum

397 3364 617 3429 honore
654 3368 946 3440 suscepta,
991 3357 1366 3420 celebrantur
1406 3357 1482 3419 ab
1523 3356 1812 3433 omnibus,
1857 3359 2235 3439 maximoque
2294 3357 2667 3418 auctoritatis
2704 3357 2963 3439 pondere
3003 3358 3347 3438 allegantur
3395 3359 3646 3441 frequen
3660 3364 3814 3425 tissi-

400 3480 515 3539 me,
559 3477 724 3541 atque
765 3476 835 3518 ac
878 3454 1262 3517 celebriorum
1305 3453 1612 3515 doctorum
1655 3474 1837 3536 opera
1877 3455 2137 3537 allegari
2157 3454 2385 3516 solent?
2428 3455 2593 3516 Hinc
2636 3448 2833 3517 autem
2875 3475 2990 3516 non
3038 3458 3327 3517 immerito
3372 3474 3668 3522 DOCTORIS
3712 3483 3817 3523 no-

401 3578 533 3620 men
575 3558 635 3618 ei
670 3555 810 3615 olim
856 3552 1066 3615 tribuit
1107 3550 1495 3615 Cassiodorus
1538 3552 1644 3634 (a),
1688 3563 1744 3614 et
1787 3553 1920 3635 (qui
1955 3548 2210 3614 maximi
2264 3551 2524 3614 habendi
2576 3554 2733 3633 sunt)
2777 3553 2889 3614 duo
2931 3554 3149 3613 summi
3194 3555 3503 3636 pontiﬁces
3558 3556 3817 3637 Vigilius

387 3656 484 3741 _(b)
528 3663 582 3715 et
646 3649 999 3714 Hadrianus
1039 3650 1078 3711 Ι
1119 3649 1215 3732 (c),
1253 3669 1322 3711 ac
1382 3649 1653 3732 deinceps
1708 3651 1837 3725 alii,
1884 3670 1959 3712 ex
2016 3650 2229 3732 quibus
2292 3650 2594 3713 Usuardus
2635 3661 2693 3711 et
2767 3650 3185 3713 Vandelbertus
3240 3653 3503 3715 eumdem
3563 3657 3814 3723 titulum

402 3750 846 3833 Martyrologio
891 3749 1284 3810 inseruerunt.
1332 3748 1545 3810 Plurie
1583 3751 1789 3812 setiam
1836 3748 2157 3813 Gallicanae
2199 3748 2481 3809 Ecclesix
2523 3748 2781 3810 doctores
2810 3746 3028 3811 honore
3054 3768 3185 3811 eum
3216 3751 3278 3811 in
3296 3751 3557 3833 publicis
3585 3758 3817 3839 ofﬁciis

410 3849 598 3912 colere
638 3867 757 3910 non
798 3846 1166 3922 dubitarunt,
1213 3856 1281 3907 ut
1321 3866 1395 3907 ex
1436 3866 1637 3908 eorum
1680 3848 1974 3927 liturgicis
2017 3847 2191 3908 libris
2234 3845 2575 3909 didicimus.
2619 3847 2871 3929 Aliquot
2909 3847 3005 3909 hic
3043 3857 3276 3909 tantum
3318 3851 3580 3933 exempli
3600 3860 3815 3934 gratia

410 3947 765 4027 attingemus
810 3944 1157 4015 testimonia,
1205 3965 1336 4026 quae
1378 3946 1862 4009 eminentissimus
1903 3944 2227 4007 cardinalis
2283 3945 2604 4026 Philippus
2664 3945 2734 4006 de
2775 3946 3073 4008 Montibus
3114 3947 3254 4008 huic
3293 3958 3492 4010 nostro
3559 3955 3815 4016 concilio

401 4044 663 4107 maxime
702 4043 930 4124 favens,
968 4041 1157 4125 paulo
1200 4053 1513 4126 antequam
1556 4062 1586 4105 e
1617 4044 1765 4105 vivis
1806 4042 2130 4117 excederet,
2153 4062 2229 4106 ex
2265 4063 2375 4105 sua
2420 4043 2729 4105 lectissima
2761 4043 3104 4106 bibliotheca
3135 4045 3302 4106 nobis
3329 4051 3811 4113 communicavit.

396 4142 509 4207 Ex
547 4141 864 4204 Breviario
895 4140 1791 4221 Lingonensiannimnccxxxx,
1836 4140 1931 4202 die
1971 4159 2099 4203 xxx
2143 4141 2447 4204 Octobris:
2498 4145 2715 4204 [λοιπε
2758 4144 2782 4203 I
2827 4162 3008 4223 papae
3049 4150 3112 4204 et
3154 4143 3445 4206 Ecclesiae
3489 4162 3813 4212 nocroms.

398 4240 508 4304 Ex
549 4240 862 4303 Breviario
906 4238 1333 4303 Catalaunensi
1369 4239 1517 4301 anni
1555 4256 1928 4313 mnccxxx'n,
1976 4239 2075 4301 die
2116 4257 2195 4302 xx
2242 4238 2546 4302 Octobris:
2596 4242 2824 4302 Laoms
2865 4241 3079 4320 Magni
3148 4259 3330 4320 papae
3387 4247 3451 4303 et
3517 4243 3817 4309 Ecclesia:

397 4354 705 4402 noc'ronls.
801 4336 1033 4400 Eadem
1125 4337 1403 4418 leguntur
1472 4339 1538 4398 in
1620 4338 1951 4400 Breviarizs
2040 4336 2421 4401 Cluniacensi
2484 4339 2638 4400 anni
2715 4355 3040 4411 chcxx‘n,
3131 4337 3594 4420 Rothomagensi
3666 4347 3825 4405 anni

404 4452 786 4513 Inccxxvm,
857 4443 911 4496 et
983 4434 1448 4498 Claromontano
1512 4438 1663 4497 anni
1715 4451 2091 4508 unccxxxm,
2156 4434 2253 4496 die
2311 4452 2375 4499 x1
2445 4435 2725 4517 Aprilis;
2769 4438 2829 4496 in
2899 4434 3282 4497 Narbonensi
3343 4438 3494 4499 anni
3552 4454 3815 4517 chmx,

400 4533 498 4596 die
536 4550 728 4599 XXVIII
795 4533 1020 4607 Junii;
1068 4533 1130 4593 in
1182 4532 1514 4595 Senonensi
1569 4535 1720 4595 anni
1772 4550 2077 4596 unccxxvr
2118 4542 2175 4595 et
2241 4533 2660 4595 Aurelianensi
2706 4534 2857 4595 anni
2921 4549 3251 4609 unccxxx1,
3298 4533 3391 4594 die
3457 4553 3583 4597 xxx
3631 4538 3816 4601 Octo-

405 4632 561 4707 bris;
607 4634 669 4696 in
712 4631 1045 4696 Parisiensi
1081 4631 1232 4691 anni
1267 4648 1634 4707 unccxxxvx,
1681 4631 1776 4694 die
1816 4651 1856 4694 χ
1899 4630 2291 4705 Novembris;
2337 4650 2408 4692 ac
2450 4634 2511 4693 in
2556 4632 2925 4693 Bituricensi
2964 4632 3116 4693 anni
3148 4642 3490 4709 nocxxxtv,
3538 4633 3637 4696 die
3681 4655 3817 4700 xxx

399 4728 775 4792 Novembris.

479 4827 643 4891 Num
686 4848 825 4890 vero
867 4838 1090 4910 tempus
1125 4828 1256 4906 jam
1327 4826 1652 4901 advenerit,
1703 4829 1765 4887 in
1807 4846 1922 4908 quo
1967 4826 2240 4889 Romana
2311 4849 2543 4911 quoque
2600 4828 2900 4903 Ecclesia,
2946 4846 3075 4910 quae
3142 4848 3259 4889 non
3301 4830 3582 4892 minorem
3625 4830 3817 4915 hujus

396 4926 496 4988 sui
528 4927 888 4988 sanctissimi
949 4925 1383 5006 doctissimique
1437 4924 1755 5006 pontiﬁcis,
1803 4945 1919 5006 quo
1962 4926 2221 4987 maxime
2262 4945 2315 4987 ο)
2332 4936 2540 4999 natur,
2601 4945 2857 4986 amorem
2901 4927 3116 5002 nutrit,
3163 4924 3315 4987 hunc
3355 4927 3618 4990 eumdem
3668 4934 3822 4993 titu-

398 5023 526 5086 lum
567 5033 619 5083 et
662 5022 883 5084 cultum
926 5021 1110 5083 eidem
1152 5020 1494 5082 solemntter
1564 5021 1808 5095 tribuat,
1871 5022 2251 5103 generalique
2318 5023 2548 5085 decreto
2613 5025 2678 5083 in
2722 5025 3058 5085 universum
3132 5023 3539 5087 Christianum
3611 5030 3818 5091 orbem

396 5118 694 5194 extendat,
744 5119 876 5193 tibi,
930 5118 1252 5179 beatissime
1299 5120 1505 5192 Pater,
1551 5119 2005 5199 dijudieandum
2070 5133 2246 5201 atque
2302 5122 2769 5182 constituendum
2829 5121 3235 5202 relinquimus.
3305 5123 3396 5184 Tu
3440 5125 3501 5184 in
3543 5142 3608 5185 eo
3654 5127 3812 5188 cele-

395 5216 647 5278 berrimo
693 5215 881 5298 Opere
922 5215 1001 5277 de
1070 5215 1542 5277 Bealiﬁcatione
1612 5222 1674 5277 et
1743 5217 2248 5292 Canouizatione,
2327 5219 2488 5301 quod
2528 5221 2842 5298 omnigena
2909 5237 3083 5280 sacra
3123 5219 3454 5282 eruditione
3494 5224 3811 5303 refertum,

396 5315 557 5377 circa
597 5314 748 5375 ritus
816 5310 1167 5395 hujusmodi
1199 5312 1411 5393 regula
1455 5314 1518 5374 in
1550 5322 1859 5394 posterum
1900 5312 2170 5377 solemnis
2211 5333 2282 5378 ac
2327 5316 2617 5378 tutissima
2656 5315 2935 5396 futurum
2996 5323 3101 5392 est,
3169 5324 3284 5379 tres
3325 5317 3688 5385 conditiones
3732 5323 3817 5386 ad

491 5587 543 5660 b)
570 5587 878 5660 Cotistitut.
907 5605 966 5644 n.
996 5590 1095 5660 22,
1121 5592 1164 5645 ι.
1195 5587 1270 5660 YI
1300 5588 1514 5649 Concil.
1548 5589 1693 5649 Ven.
1727 5589 1869 5651 edit.
1902 5589 2012 5652 col.
2042 5590 2167 5648 305.

468 5522 546 5589 (a)
575 5522 643 5573 In
673 5533 762 5589 ps.
795 5533 920 5574 va.

468 5522 525 5585 (a
575 5522 643 5573 In
673 5533 762 5589 ps.
795 5533 920 5574 va.

491 5590 520 5645 b
570 5588 878 5645 Constitut.
907 5605 966 5644 n.
996 5590 1088 5660 22,
1121 5592 1164 5645 t.
1195 5587 1270 5644 VI
1300 5588 1324 5647 ί

468 5519 546 5740 Ec}
568 5658 748 5745 Epist.
782 5660 868 5720 97.
900 5660 1039 5721 Cod.
1071 5657 1324 5722 Carolin.
