3914 6232
182 364 236 423 l3
1077 371 1476 434 Plt/EFATIO
1521 372 1962 433 GENERALIS
2007 374 2087 434 IN
2133 374 2339 435 HANC
2384 374 2841 439 EDITIONEM.
3580 383 3658 446 ﬂ

178 503 729 568 constituendum
824 505 1135 581 Ecclesiae
1203 507 1524 568 doctorem
1596 506 1976 568 necessarias
2018 506 2345 587 designain
2401 509 2480 590 (α)
2554 513 2935 573 eminentem
2995 510 3215 573 scilicet
3275 514 3654 591 doctrinam,

179 599 463 679 insignem
536 604 740 666 vitae
816 602 1249 679 sanctitatem,
1309 608 1372 664 et
1444 608 1752 682 praeterea
1823 605 2054 664 summi
2124 606 2439 684 pontificis
2512 616 2621 668 aut
2695 610 2942 671 concilii
2999 610 3310 688 generalis
3381 612 3659 691 legitime

180 701 534 779 congregati
613 700 1192 764 declarationem.
1249 700 1417 763 Duas
1456 702 1692 781 priores
1770 701 2154 780 conditiones,
2204 704 2265 764 in
2326 706 2539 786 quibus
2581 707 2708 786 ejus
2767 708 2936 769 tituli
2992 707 3346 774 decernendi
3380 709 3566 772 radix
3606 719 3662 772 et

181 798 422 873 met-inim
468 801 910 874 continetur,
964 800 1022 859 in
1062 801 1266 862 LEONE
1310 807 1511 861 nostro
1556 799 1821 860 inveniri
1859 800 1990 880 ipsa
2030 801 2304 863 Romana
2346 802 2621 865 Ecclesia
2663 824 2793 866 cum
2842 807 2905 865 in
2946 806 3082 867 aliis
3118 806 3372 886 publicis
3416 807 3655 883 tabulis,

191 904 288 956 tum
324 897 389 957 in
431 896 960 980 Martyrologio
997 900 1141 961 satis
1220 906 1433 959 testata
1475 908 1580 959 est.
1627 897 1831 959 Restat
1872 907 1944 959 ut
2014 901 2191 961 tertia
2259 899 2537 974 conditio,
2603 922 2723 982 qua
2767 901 2919 962 idem
2965 902 3166 963 titulus
3206 914 3263 965 et
3305 905 3496 967 cultus
3539 907 3660 986 ipsi

198 996 250 1055 in
281 1014 569 1059 ωιιυθνεα
620 995 942 1059 Ecclesia
984 995 1249 1076 legitima
1290 996 1644 1057 auctoritate
1686 996 2106 1070 constituatur,
2151 996 2334 1058 eidem
2388 998 2629 1059 accedat
2664 1018 2775 1079 per
2818 1008 2889 1072 te,
2936 1001 3047 1080 qui
3081 999 3211 1079 cjus
3251 1002 3466 1064 merita
3507 1022 3651 1064 con-

203 1092 472 1169 Sidet-aus,
521 1093 603 1157 de
652 1093 882 1155 eodem
924 1093 1195 1174 fortassis
1231 1092 1678 1174 pronuntiabit),
1734 1093 1898 1173 quod
1936 1092 2007 1153 de
2065 1094 2138 1155 S.
2202 1094 2519 1155 Bernardo
2577 1097 2635 1155 in
2679 1095 2876 1156 eodem
2942 1094 3131 1176 Opere
3187 1098 3485 1179 scripsisti
3519 1099 3647 1181 (b);

218 1192 563 1255 Dolendum
625 1191 935 1267 videtur,
996 1191 1167 1271 quod
1226 1209 1423 1271 usque
1479 1191 1691 1252 adhuc
1749 1192 2090 1271 cogitatum
2150 1211 2276 1254 non
2335 1192 2526 1254 fuerit
2582 1193 2659 1255 de
2717 1196 2950 1255 Sancto
3011 1199 3103 1281 ιρι
3142 1193 3380 1258 meritis
3410 1196 3642 1259 eximio

219 1291 573 1373 cmicstique
602 1290 924 1353 doctrina
972 1290 1224 1364 referto,
1258 1289 1523 1351 colendo
1557 1288 1737 1350 titulo
1769 1305 2060 1353 DOCTOBIS
2101 1290 2167 1351 in
2197 1290 2492 1352 universa
2519 1290 3003 1352 Ecclesia.Forte
3053 1291 3184 1367 tibi,
3228 1293 3333 1354 cui
3352 1292 3509 1355 nihil
3541 1295 3648 1374 ju-

223 1388 446 1451 cundius
486 1407 686 1472 quam
731 1395 1086 1451 sanctorum
1130 1385 1355 1447 cultum
1395 1404 1761 1467 promovere,
1779 1387 1996 1468 quique
2034 1388 2337 1468 peculiare
2380 1398 2542 1449 tuum
2585 1409 2730 1469 erga
2766 1400 3034 1451 sanctum
3078 1394 3336 1454 Leonem
3362 1392 3641 1471 studium,

226 1487 351 1548 dum
388 1507 527 1550 esses
576 1487 939 1551 Canonicus
981 1484 1323 1546 Archivista
1363 1483 1643 1545 Basilica?
1688 1482 1753 1546 S.
1830 1484 2022 1561 Petri,
2071 1486 2129 1545 in
2169 1488 2484 1547 novissima
2554 1487 2886 1547 inventione
2928 1486 3001 1566 (c)
3063 1489 3193 1568 ejus
3234 1490 3498 1570 corporis
3534 1510 3648 1574 po-

233 1587 496 1647 tissunum
538 1583 994 1655 demonstrasti,
1044 1582 1171 1655 tibi,
1221 1583 1488 1663 inquam,
1533 1580 1657 1645 haec
1702 1581 1831 1642 laus
1873 1592 2172 1643 reservata
2216 1592 2321 1657 est,
2368 1593 2433 1643 ut
2471 1586 2583 1664 qui
2618 1604 2867 1664 magnus
2909 1604 2965 1644 es
3005 1588 3217 1665 magni
3250 1604 3465 1651 LEONIS
3503 1608 3638 1650 suc-

233 1696 402 1746 cesSor
438 1694 495 1744 et
534 1682 884 1755 aemulator,
933 1689 1164 1742 tantum
1200 1679 1503 1760 potiﬁcem
1548 1696 1840 1741 DOCTOBIS
1886 1680 2058 1739 titulo
2102 1699 2347 1740 etrornes
2389 1680 2572 1760 hujus
2632 1682 2906 1742 editionis
2970 1684 3292 1757 occasione,
3325 1705 3457 1766 quae
3498 1686 3639 1747 dum

230 1785 396 1864 Ipsius
436 1782 656 1863 Opera,
692 1779 959 1861 jubente
1001 1798 1073 1839 ac
1115 1776 1440 1859 opitulante
1487 1787 1562 1850 te,
1608 1776 1689 1838 ad
1725 1779 2001 1859 puriores
2042 1777 2265 1839 codices
2308 1788 2519 1839 exacta
2544 1789 2599 1838 et
2640 1779 2942 1840 illustrata
2984 1789 3200 1861 tuoque
3241 1785 3475 1843 nomini
3512 1784 3631 1845 ins-

100 1926 115 1939 .
226 1883 401 1961 cripta
440 1883 501 1940 in
545 1879 740 1943 lucem
787 1877 1057 1959 pro/ert,
1105 1877 1316 1938 MAGNI
1358 1875 1538 1956 hujus
1581 1892 1869 1938 DUCTOBIS
1913 1878 2189 1937 meritum
2231 1879 2407 1939 etiam
2453 1877 2791 1957 conﬁrmat.
2842 1877 2965 1938 Sed
3006 1878 3113 1939 hoc
3147 1888 3310 1939 tuum
3339 1879 3645 1960 judicium

218 1989 341 2041 ato.
391 1979 434 2041 7
438 1978 529 2039 ibi
563 1978 827 2040 interim
871 1974 1016 2035 dum
1057 1974 1323 2036 volumen
1367 1972 1525 2034 istud
1563 1974 1890 2053 o/ferimus,
1924 1983 2156 2036 sanctos
2200 1984 2330 2036 tuos
2366 1974 2545 2057 pedes
2587 1974 2913 2036 humillime
2955 1976 3370 2053 deosculantes,
3419 1986 3646 2059 aposto-

212 2077 372 2140 licam
415 2075 901 2139 benedictionem
932 2071 1342 2154 deprecamur.

251 2268 325 2341 (a)
354 2268 485 2341 Lib.
524 2282 604 2341 1v,
646 2266 929 2341 partum,
971 2277 1096 2333 cap.
1130 2261 1222 2332 1t,
1252 2278 1312 2315 n.
1347 2259 1434 2315 43.

338 2340 681 2469 ἐξιοεάείῗιξξ
705 2335 907 2469 ἓίυῗίει
935 2407 1075 2459 tom.
1112 2404 1180 2469 II,
1212 2403 1272 2458 in
1301 2403 1587 2458 observat.
1627 2401 1695 2456 ad
1725 2401 1963 2457 Dissert.
2002 2402 2023 2457 l
2064 2401 2357 2468 Quesnelli
2392 2403 2461 2458 ad
2506 2419 2598 2457 an.
2634 2401 2759 2457 46L

240 2425 308 2485 ξε)
338 2425 463 2469 Hac
496 2425 577 2467 ae
609 2425 681 2465 re
711 2425 907 2481 plura
935 2425 1075 2459 wm.
1114 2425 1180 2473 ιι,

158 2556 3638 2594 m

1097 2724 2751 2911 BALLERINIOBUM

750 2981 1848 3169 PBXEFATIO
1973 2980 3064 3143 GENERALIS
3166 3096 3171 3101 ι

864 3243 945 3304 ΙΝ
991 3239 1456 3305 UNIVEBSAM
1498 3237 1826 3301 OPERUM
1872 3237 2150 3300 SANCTI
2194 3238 2469 3299 LEONlS
2516 3239 2969 3303 EDlTlONEM.

224 3548 282 3608 ὶ.
329 3546 505 3606 Cum
558 3537 655 3597 de
705 3546 891 3594 nova
933 3526 1209 3588 editione
1251 3527 1528 3605 Operum
1573 3523 1774 3584 sancti
1815 3524 2041 3586 Leonis
2086 3542 2266 3604 papae
2311 3522 2391 3583 ad
2435 3541 2581 3583 mss.
2630 3524 2977 3602 praesertim
3024 3527 3340 3585 Romanos
3384 3495 3630 3585 codices

164 3638 609 3706 incutit-nuda,
664 3646 827 3710 quas
873 3624 1134 3688 editioni
1193 3622 1650 3694 Quesnellianae
1699 3621 1835 3699 jam
1880 3621 2248 3700 proscriptus
2306 3620 2542 3700 opponi
2586 3627 2649 3681 et
2708 3622 2991 3701 prml'erri
3054 3626 3282 3702 posset,
3333 3621 3515 3685 alteri
3556 3639 3636 3682 ex

181 3739 383 3812 nobis,
432 3736 603 3795 dum
656 3730 893 3788 Romae
935 3725 1123 3795 esset,
1166 3737 1496 3801 supremus
1557 3716 1818 3777 antistes
1860 3716 2235 3778 Benedictus
2279 3718 2415 3779 XIV
2458 3735 2617 3777 onus
2683 3717 3001 3797 imposuit,
3063 3728 3203 3780 non‘
3254 3737 3457 3799 pauca
3501 3719 3632 3800 pri-

195 3854 362 3894 mum
406 3849 531 3893 nec
574 3824 759 3887 levia
807 3824 1131 3880 momenta
1176 3820 1558 3878 terruerunt.
1604 3815 1755 3886 Quae
1798 3814 1965 3875 enim
2011 3820 2073 3874 et
2115 3815 2336 3893 quanti
2379 3815 2457 3874 sit
2499 3832 2574 3875 ea
2618 3815 2838 3876 Leonis
2882 3816 3094 3892 editio,
3145 3835 3339 3897 quam
3383 3835 3630 3878 summo

210 3930 408 3992 studio
452 3922 714 3989 curavit
757 3915 1142 3993 Paschasius
1182 3912 1575 3989 Quesncllus,
1620 3912 1712 3972 illi
1755 3912 1872 3972 soli
1914 3912 2207 3990 ignorare
2252 3918 2513 3990 queunt,
2588 3912 2693 3991 qui
2739 3911 3078 3989 editionem
3124 3913 3262 3993 ejus
3305 3914 3630 3992 ignorant.

214 4030 277 4089 Si
314 4033 561 4089 textum
633 4015 990 4097 expendas,
1037 4014 1144 4092 qui
1192 4012 1253 4072 in
1301 4010 1690 4071 mstimandis
1735 4015 2014 4071 veterum
2060 4009 2440 4070 editionibus
2486 4010 2759 4090 primum
2805 4017 2867 4072 et
2910 4012 3305 4090 potissimum
3351 4016 3635 4092 spectan-

225 4126 333 4187 dus
371 4128 489 4196 est,
534 4126 599 4180 et
644 4118 715 4177 in
762 4132 891 4194 quo
936 4110 1240 4191 quaeritur
1284 4126 1437 4169 num
1481 4108 1560 4167 sit
1603 4108 1973 4169 emendatus
2016 4125 2089 4168 ac
2158 4107 2434 4168 ineditiis
2477 4108 2795 4187 opusculis
2837 4115 3078 4182 auctus,
3156 4109 3366 4189 plures
3408 4106 3513 4168 ille
3559 4126 3633 4167 ac

228 4218 781 4302 praestantissimos
825 4210 1073 4273 codices
1116 4214 1337 4269 nactus
1402 4213 1514 4279 est,
1564 4224 1832 4285 quorum
1905 4205 2196 4285 praesidio
2242 4205 2440 4264 multa
2482 4205 2621 4266 loca
2664 4206 2725 4265 in
2773 4206 3193 4266 anterioribus
3250 4204 3632 4266 editionibus

228 4300 569 4399 depravata
611 4311 882 4373 feliciter
923 4306 1215 4379 correxit,
1279 4310 1341 4366 et
1400 4303 1714 4383 Epistolas
1774 4303 2113 4383 pontificis,
2180 4302 2528 4381 quaeinter
2588 4302 2783 4381 ipsius
2846 4304 3051 4381 Opera
3110 4320 3303 4362 sacras
3348 4300 3627 4364 historia:

230 4418 504 4478 utiliores
547 4414 721 4484 sunt,
766 4427 844 4470 ex
890 4424 1017 4466 uno
1062 4403 1419 4467 Grimanico
1491 4420 1605 4461 ms.
1654 4406 1794 4462 octo
1840 4407 1901 4462 et
1945 4399 2165 4480 viginti
2235 4404 2425 4460 antea
2467 4399 2715 4460 ineditis
2759 4418 2988 4476 augere
3060 4399 3356 4479 Epistolis
3399 4400 3627 4480 potuit.

228 4516 539 4576 Praeterea
583 4509 710 4571 alia
752 4504 1044 4587 quaedam
1091 4502 1324 4581 adjecit
1366 4499 1625 4576 inedita,
1672 4500 1837 4559 inter
1877 4517 2020 4578 quae
2086 4497 2358 4557 maxime
2425 4496 2688 4559 celebris
2732 4503 2825 4557 est
2893 4498 3331 4577 antiquissima
3372 4499 3482 4559 illa
3524 4501 3631 4560 Ca-

218 4630 467 4675 nonum
529 4614 596 4671 et
657 4604 1080 4686 Epistolarum
1147 4604 1573 4662 Romanorum
1638 4596 2005 4676 pontificum
2080 4596 2389 4669 collectio,
2438 4615 2578 4675 qua:
2649 4596 3047 4676 Dionysianae
3104 4596 3369 4657 nihilum
3443 4596 3626 4673 cedit,

221 4706 752 4785 vetustissimique
794 4701 1083 4763 canonici
1120 4699 1281 4778 juris
1333 4694 1625 4757 studiosis
1672 4695 1946 4755 maximo
1993 4694 2362 4773 adjumento
2407 4700 2519 4753 est.
2569 4694 2633 4755 Si
2678 4713 2825 4755 vero
2893 4695 3088 4775 ipsius
3158 4695 3415 4757 editoris
3459 4696 3633 4757 lucu-

217 4808 548 4871 brationes
590 4802 787 4863 textui
860 4798 959 4859 vel
1028 4797 1215 4858 rebus
1282 4793 1672 4855 illustrandis
1739 4793 2005 4853 insertas
2071 4790 2425 4853 consideres
2491 4790 2576 4870 (id
2643 4792 2809 4851 enim
2882 4793 3150 4855 alterum
3214 4799 3307 4853 est
3350 4792 3520 4873 quod
3567 4793 3633 4854 in

215 4902 609 4965 editionibus
651 4894 1006 4981 quaeritur),
1053 4912 1345 4974 quasnam
1408 4890 1598 4952 editio
1670 4892 1926 4950 Patrum
1977 4896 2069 4951 tot
2139 4889 2323 4949 unius
2389 4888 2645 4950 editoris
2715 4890 3278 4963 observationibus,
3346 4890 3635 4952 admoni-

213 5003 524 5069 tionibus.
573 4998 735 5059 notis
807 5000 873 5055 et
914 4989 1455 5052 dissertationibus
1501 4988 1884 5067 locupletata
1926 4986 2301 5058 invenietur,
2349 4991 2504 5064 quot
2571 4986 2680 5046 illa
2722 4988 2967 5061 Leonis,
3018 5006 3210 5067 quam
3256 4988 3628 5060 Quesnellus

210 5102 389 5181 typis
435 5094 805 5176 impressit?
850 5093 1002 5163 Quae
1058 5090 1223 5149 enim
1295 5087 1574 5167 ejusdem
1651 5086 1967 5165 pontificis
2010 5090 2215 5164 Opera
2287 5102 2479 5163 parvo
2541 5085 2862 5145 volumine
2932 5086 3171 5160 formm,
3220 5086 3314 5146 uti
3380 5092 3634 5162 vocant,

203 5205 465 5260 octavae
508 5194 605 5255 vel
646 5195 895 5274 quartae
938 5187 1004 5248 in
1074 5186 1350 5265 antiquis
1422 5183 1801 5244 editionibus
1872 5182 2592 5261 comprehendebantur,
2666 5182 2747 5242 ob
2818 5183 3133 5254 Quesnelli
3204 5184 3640 5244 additamenta

200 5296 381 5357 duos
427 5292 690 5373 implent
734 5306 867 5349 non
911 5285 1172 5365 exiguos
1214 5290 1421 5345 tomos
1451 5280 1721 5342 in-folio.
1770 5282 1963 5352 Quem
1998 5299 2186 5360 porro
2233 5299 2357 5341 non
2408 5287 2655 5341 moveat
2702 5286 2941 5341 tantum
2989 5280 3264 5341 studium
3311 5282 3374 5341 in
3423 5284 3635 5341 Leone

196 5392 471 5456 edendo
514 5390 593 5452 ab
636 5407 712 5451 eo
784 5388 1147 5463 susceptum
1223 5387 1286 5442 et
1328 5379 1572 5441 naviter
1639 5379 2016 5457 impensum,
2066 5377 2173 5457 qui
2248 5377 2569 5457 praestanti
2612 5377 2865 5455 ingenio
2910 5383 2972 5438 et
3016 5377 3214 5438 multa
3284 5373 3639 5440 eruditione

194 5497 503 5564 ornatus,
556 5487 909 5570 plurimum
980 5485 1251 5561 poterat,
1297 5478 1532 5558 quique
1580 5476 1849 5556 priorem
1897 5475 2240 5537 editionem
2313 5475 2490 5535 novis
2533 5475 2698 5534 curis
2761 5474 3155 5553 recognitum
3200 5480 3343 5554 post
3410 5466 3643 5570 viginti

196 5562 502 5675 quinque
556 5562 765 5650 annos
823 5577 1057 5643 recusit
1109 5576 1479 5675 auctiorem,
1541 5573 1716 5675 adeo
1757 5580 1826 5636 ut
1853 5574 2074 5635 limata
2104 5578 2165 5675 et
2219 5572 2516 5675 perfecta,
2578 5576 2898 5675 quantum
2922 5566 3373 5675 per-eumtieri.
3402 5562 3643 5675 potuit2

192 5659 484 5778 iudicari
537 5679 832 5753 debeat?
879 5676 1217 5760 Magniﬁca
1272 5673 1529 5759 quidem
1560 5672 1764 5757 elogia
1813 5692 1853 5737 a
1908 5670 2391 5757 quampluribus
2438 5669 2728 5736 litteratis
2784 5669 2935 5732 viris
2989 5663 3266 5731 obtinuit
3321 5659 3651 5742 ejusmodi
