  <div class='ocr_page' id='page_1' title='image "/cluster/home/n/w/nwhite01/storage/ocr_20150623/54/uva.x000827097/015.png"; bbox 0 0 3914 6232; ppageno 0'>
   <div class='ocr_carea' id='block_1_1' title="bbox 399 377 1945 443">
    <p class='ocr_par' dir='ltr' id='par_1_1' title="bbox 399 380 1945 443">
     <span class='ocr_line' id='line_1_1' title="bbox 399 380 1945 443; baseline -0.002 0"><span class='ocrx_word' id='word_1_1' title='bbox 399 385 480 443; x_wconf 61' lang='grc'><strong>15</strong></span> <span class='ocrx_word' id='word_1_2' title='bbox 1211 381 1624 443; x_wconf 72' lang='grc' dir='ltr'>ΡΒᾹΞΡΑΤΙΟ</span> <span class='ocrx_word' id='word_1_3' title='bbox 1671 380 1945 442; x_wconf 66' lang='grc' dir='ltr'>ϐΕΝΕΒε</span> 
     </span>
    </p>
   </div>
   <div class='ocr_carea' id='block_1_2' title="bbox 2270 377 3816 443">
    <p class='ocr_par' dir='ltr' id='par_1_2' title="bbox 2279 377 3816 441">
     <span class='ocr_line' id='line_1_2' title="bbox 2279 377 3816 441; baseline -0.001 -3"><span class='ocrx_word' id='word_1_4' title='bbox 2279 379 2488 440; x_wconf 83' lang='lat' dir='ltr'>llANC</span> <span class='ocrx_word' id='word_1_5' title='bbox 2533 377 2989 441; x_wconf 85' lang='lat' dir='ltr'>EDITIONEM.</span> <span class='ocrx_word' id='word_1_6' title='bbox 3735 381 3816 438; x_wconf 88' lang='grc'>16</span> 
     </span>
    </p>
   </div>
   <div class='ocr_carea' id='block_1_3' title="bbox 400 511 3817 595">
    <p class='ocr_par' dir='ltr' id='par_1_3' title="bbox 400 511 3817 595">
     <span class='ocr_line' id='line_1_3' title="bbox 400 511 3817 595; baseline -0 -18"><span class='ocrx_word' id='word_1_7' title='bbox 400 515 614 589; x_wconf 84' lang='lat' dir='ltr'>editio,</span> <span class='ocrx_word' id='word_1_8' title='bbox 658 531 801 595; x_wconf 64' lang='lat' dir='ltr'>quas</span> <span class='ocrx_word' id='word_1_9' title='bbox 853 514 1084 577; x_wconf 89' lang='lat' dir='ltr'>idcirco</span> <span class='ocrx_word' id='word_1_10' title='bbox 1141 534 1266 576; x_wconf 89' lang='lat' dir='ltr'>non</span> <span class='ocrx_word' id='word_1_11' title='bbox 1327 523 1454 577; x_wconf 88' lang='lat' dir='ltr'>tam</span> <span class='ocrx_word' id='word_1_12' title='bbox 1514 515 1784 595; x_wconf 89' lang='lat' dir='ltr'>primum</span> <span class='ocrx_word' id='word_1_13' title='bbox 1841 511 2148 592; x_wconf 88' lang='lat' dir='ltr'>impressa</span> <span class='ocrx_word' id='word_1_14' title='bbox 2177 531 2367 591; x_wconf 90' lang='lat' dir='ltr'>quam</span> <span class='ocrx_word' id='word_1_15' title='bbox 2419 529 2660 584; x_wconf 88' lang='lat' dir='ltr'>recusa,</span> <span class='ocrx_word' id='word_1_16' title='bbox 2713 512 2923 573; x_wconf 81' lang='lat' dir='ltr'>statim</span> <span class='ocrx_word' id='word_1_17' title='bbox 2955 517 3087 574; x_wconf 89' lang='lat' dir='ltr'>toto</span> <span class='ocrx_word' id='word_1_18' title='bbox 3117 512 3270 574; x_wconf 87' lang='lat' dir='ltr'>orbo</span> <span class='ocrx_word' id='word_1_19' title='bbox 3301 512 3584 594; x_wconf 87' lang='lat' dir='ltr'>dispersa</span> <span class='ocrx_word' id='word_1_20' title='bbox 3611 519 3817 594; x_wconf 84' lang='lat' dir='ltr'>atque</span> 
     </span>
    </p>
   </div>
   <div class='ocr_carea' id='block_1_4' title="bbox 402 604 3816 693">
    <p class='ocr_par' dir='ltr' id='par_1_4' title="bbox 402 604 3816 693">
     <span class='ocr_line' id='line_1_4' title="bbox 402 604 3816 693; baseline -0.001 -19"><span class='ocrx_word' id='word_1_21' title='bbox 402 618 720 693; x_wconf 82' lang='lat' dir='ltr'>suscepta,</span> <span class='ocrx_word' id='word_1_22' title='bbox 774 613 982 674; x_wconf 88' lang='lat' dir='ltr'>adhuc</span> <span class='ocrx_word' id='word_1_23' title='bbox 1037 604 1427 674; x_wconf 85' lang='lat' dir='ltr'>desideratur</span> <span class='ocrx_word' id='word_1_24' title='bbox 1481 632 1519 674; x_wconf 90' lang='lat' dir='ltr'>a</span> <span class='ocrx_word' id='word_1_25' title='bbox 1577 611 1861 692; x_wconf 81' lang='lat' dir='ltr'>pluribus</span> <span class='ocrx_word' id='word_1_26' title='bbox 1905 629 1918 684; x_wconf 91' lang='lat'>;</span> <span class='ocrx_word' id='word_1_27' title='bbox 1975 616 2037 671; x_wconf 88' lang='lat' dir='ltr'>et</span> <span class='ocrx_word' id='word_1_28' title='bbox 2097 610 2242 671; x_wconf 91' lang='lat' dir='ltr'>licet</span> <span class='ocrx_word' id='word_1_29' title='bbox 2298 609 2378 670; x_wconf 91' lang='lat' dir='ltr'>ob</span> <span class='ocrx_word' id='word_1_30' title='bbox 2440 629 2736 671; x_wconf 89' lang='lat' dir='ltr'>censuras</span> <span class='ocrx_word' id='word_1_31' title='bbox 2801 611 3272 682; x_wconf 90' lang='lat' dir='ltr'>nonnullorum,</span> <span class='ocrx_word' id='word_1_32' title='bbox 3333 630 3406 672; x_wconf 89' lang='lat' dir='ltr'>ac</span> <span class='ocrx_word' id='word_1_33' title='bbox 3455 613 3816 691; x_wconf 84' lang='lat' dir='ltr'>praesertim</span> 
     </span>
    </p>
   </div>
   <div class='ocr_carea' id='block_1_5' title="bbox 402 707 3819 792">
    <p class='ocr_par' dir='ltr' id='par_1_5' title="bbox 402 707 3819 792">
     <span class='ocr_line' id='line_1_5' title="bbox 402 707 3819 792; baseline -0.001 -19"><span class='ocrx_word' id='word_1_34' title='bbox 402 711 831 792; x_wconf 79' lang='lat' dir='ltr'>Inquisitionis</span> <span class='ocrx_word' id='word_1_35' title='bbox 887 715 1186 772; x_wconf 65' lang='lat' dir='ltr'>Romanae</span> <span class='ocrx_word' id='word_1_36' title='bbox 1243 711 1393 771; x_wconf 91' lang='lat' dir='ltr'>anni</span> <span class='ocrx_word' id='word_1_37' title='bbox 1452 711 1632 783; x_wconf 86' lang='grc'><strong>1676,</strong></span> <span class='ocrx_word' id='word_1_38' title='bbox 1693 709 1861 788; x_wconf 89' lang='lat' dir='ltr'>apud</span> <span class='ocrx_word' id='word_1_39' title='bbox 1937 707 2285 768; x_wconf 86' lang='lat' dir='ltr'>catholicos</span> <span class='ocrx_word' id='word_1_40' title='bbox 2338 727 2465 768; x_wconf 90' lang='lat' dir='ltr'>non</span> <span class='ocrx_word' id='word_1_41' title='bbox 2539 709 2854 768; x_wconf 91' lang='lat' dir='ltr'>modicum</span> <span class='ocrx_word' id='word_1_42' title='bbox 2926 709 3289 770; x_wconf 79' lang='lat' dir='ltr'>detrimenti</span> <span class='ocrx_word' id='word_1_43' title='bbox 3345 711 3599 789; x_wconf 81' lang='lat' dir='ltr'>ceperit,</span> <span class='ocrx_word' id='word_1_44' title='bbox 3665 729 3819 771; x_wconf 86' lang='lat' dir='ltr'>eam</span> 
     </span>
    </p>
   </div>
   <div class='ocr_carea' id='block_1_6' title="bbox 410 805 3818 890">
    <p class='ocr_par' dir='ltr' id='par_1_6' title="bbox 410 805 3818 890">
     <span class='ocr_line' id='line_1_6' title="bbox 410 805 3818 890; baseline -0.001 -20"><span class='ocrx_word' id='word_1_45' title='bbox 410 809 828 871; x_wconf 80' lang='lat' dir='ltr'>nihilominus</span> <span class='ocrx_word' id='word_1_46' title='bbox 883 808 1132 869; x_wconf 67' lang='lat' dir='ltr'>eruditis</span> <span class='ocrx_word' id='word_1_47' title='bbox 1203 807 1420 888; x_wconf 73' lang='lat' dir='ltr'>ubique</span> <span class='ocrx_word' id='word_1_48' title='bbox 1485 807 1802 890; x_wconf 83' lang='lat' dir='ltr'>probatam</span> <span class='ocrx_word' id='word_1_49' title='bbox 1863 807 2182 866; x_wconf 85' lang='lat' dir='ltr'>affirmare</span> <span class='ocrx_word' id='word_1_50' title='bbox 2241 824 2367 866; x_wconf 90' lang='lat' dir='ltr'>non</span> <span class='ocrx_word' id='word_1_51' title='bbox 2421 805 2734 866; x_wconf 76' lang='lat' dir='ltr'>dubitavit</span> <span class='ocrx_word' id='word_1_52' title='bbox 2783 808 3061 868; x_wconf 81' lang='lat' dir='ltr'>Joannes</span> <span class='ocrx_word' id='word_1_53' title='bbox 3115 808 3407 868; x_wconf 84' lang='lat' dir='ltr'>Albertus</span> <span class='ocrx_word' id='word_1_54' title='bbox 3461 808 3818 868; x_wconf 85' lang='lat' dir='ltr'>Fabricius.</span> 
     </span>
    </p>
   </div>
   <div class='ocr_carea' id='block_1_7' title="bbox 420 901 3820 986">
    <p class='ocr_par' dir='ltr' id='par_1_7' title="bbox 420 901 3820 986">
     <span class='ocr_line' id='line_1_7' title="bbox 420 901 3820 986; baseline -0.001 -18"><span class='ocrx_word' id='word_1_55' title='bbox 420 901 567 968; x_wconf 59' lang='lat' dir='ltr'>Hac</span> <span class='ocrx_word' id='word_1_56' title='bbox 618 907 872 986; x_wconf 71' lang='lat' dir='ltr'>qizidem</span> <span class='ocrx_word' id='word_1_57' title='bbox 932 906 1300 968; x_wconf 89' lang='lat' dir='ltr'>heterodoxi</span> <span class='ocrx_word' id='word_1_58' title='bbox 1328 906 1448 966; x_wconf 90' lang='lat' dir='ltr'>viri</span> <span class='ocrx_word' id='word_1_59' title='bbox 1467 907 1626 978; x_wconf 90' lang='lat' dir='ltr'>laus,</span> <span class='ocrx_word' id='word_1_60' title='bbox 1688 910 1752 966; x_wconf 89' lang='lat' dir='ltr'>et</span> <span class='ocrx_word' id='word_1_61' title='bbox 1779 904 1828 965; x_wconf 92' lang='lat' dir='ltr'>si</span> <span class='ocrx_word' id='word_1_62' title='bbox 1863 906 2160 965; x_wconf 75' lang='lat' dir='ltr'>Romanae</span> <span class='ocrx_word' id='word_1_63' title='bbox 2193 921 2471 964; x_wconf 62' lang='lat' dir='ltr'>censurae</span> <span class='ocrx_word' id='word_1_64' title='bbox 2501 921 2832 984; x_wconf 81' lang='lat' dir='ltr'>perperam</span> <span class='ocrx_word' id='word_1_65' title='bbox 2863 904 3124 965; x_wconf 88' lang='lat' dir='ltr'>omnino</span> <span class='ocrx_word' id='word_1_66' title='bbox 3156 906 3517 985; x_wconf 90' lang='lat' dir='ltr'>opponitur,</span> <span class='ocrx_word' id='word_1_67' title='bbox 3555 905 3820 985; x_wconf 86' lang='lat' dir='ltr'>pervul-</span> 
     </span>
    </p>
   </div>
   <div class='ocr_carea' id='block_1_8' title="bbox 411 1001 3822 1085">
    <p class='ocr_par' dir='ltr' id='par_1_8' title="bbox 411 1001 3822 1085">
     <span class='ocr_line' id='line_1_8' title="bbox 411 1001 3822 1085; baseline -0.001 -19"><span class='ocrx_word' id='word_1_68' title='bbox 411 1010 622 1085; x_wconf 82' lang='lat' dir='ltr'>gatam</span> <span class='ocrx_word' id='word_1_69' title='bbox 653 1009 864 1066; x_wconf 83' lang='lat' dir='ltr'>tamen</span> <span class='ocrx_word' id='word_1_70' title='bbox 895 1004 972 1066; x_wconf 91' lang='lat' dir='ltr'>de</span> <span class='ocrx_word' id='word_1_71' title='bbox 1003 1004 1220 1066; x_wconf 85' lang='lat' dir='ltr'>eadem</span> <span class='ocrx_word' id='word_1_72' title='bbox 1255 1003 1526 1065; x_wconf 81' lang='lat' dir='ltr'>editione</span> <span class='ocrx_word' id='word_1_73' title='bbox 1559 1002 1916 1082; x_wconf 88' lang='lat' dir='ltr'>opinionem</span> <span class='ocrx_word' id='word_1_74' title='bbox 1950 1002 2086 1062; x_wconf 90' lang='lat' dir='ltr'>aliis</span> <span class='ocrx_word' id='word_1_75' title='bbox 2116 1001 2305 1062; x_wconf 89' lang='lat' dir='ltr'>etiam</span> <span class='ocrx_word' id='word_1_76' title='bbox 2337 1001 2789 1062; x_wconf 90' lang='lat' dir='ltr'>catholicorum</span> <span class='ocrx_word' id='word_1_77' title='bbox 2819 1002 3193 1064; x_wconf 77' lang='lat' dir='ltr'>testimoniis</span> <span class='ocrx_word' id='word_1_78' title='bbox 3221 1005 3658 1065; x_wconf 80' lang='lat' dir='ltr'>confirmatam</span> <span class='ocrx_word' id='word_1_79' title='bbox 3709 1023 3822 1065; x_wconf 92' lang='lat' dir='ltr'>os-</span> 
     </span>
    </p>
   </div>
   <div class='ocr_carea' id='block_1_9' title="bbox 355 1093 630 1166">
    <p class='ocr_par' dir='ltr' id='par_1_9' title="bbox 355 1093 630 1166">
     <span class='ocr_line' id='line_1_9' title="bbox 355 1093 630 1166; baseline -0.018 0"><span class='ocrx_word' id='word_1_80' title='bbox 355 1127 358 1131; x_wconf 61' lang='lat'><strong><em>-</em></strong></span> <span class='ocrx_word' id='word_1_81' title='bbox 401 1093 630 1166; x_wconf 80' lang='lat' dir='ltr'>tendit.</span> 
     </span>
    </p>
   </div>
   <div class='ocr_carea' id='block_1_10' title="bbox 489 1191 3827 1280">
    <p class='ocr_par' dir='ltr' id='par_1_10' title="bbox 489 1191 3827 1280">
     <span class='ocr_line' id='line_1_10' title="bbox 489 1191 3827 1280; baseline 0 -19"><span class='ocrx_word' id='word_1_82' title='bbox 489 1193 568 1261; x_wconf 74' lang='lat' dir='ltr'>ii.</span> <span class='ocrx_word' id='word_1_83' title='bbox 619 1191 804 1260; x_wconf 65' lang='lat' dir='ltr'>Hisce</span> <span class='ocrx_word' id='word_1_84' title='bbox 884 1197 1556 1273; x_wconf 75' lang='lat' dir='ltr'>animadversionibus,</span> <span class='ocrx_word' id='word_1_85' title='bbox 1640 1215 1781 1276; x_wconf 85' lang='lat' dir='ltr'>quae</span> <span class='ocrx_word' id='word_1_86' title='bbox 1861 1202 2094 1258; x_wconf 87' lang='lat' dir='ltr'>metum</span> <span class='ocrx_word' id='word_1_87' title='bbox 2170 1195 2565 1276; x_wconf 84' lang='lat' dir='ltr'>ingerebant,</span> <span class='ocrx_word' id='word_1_88' title='bbox 2644 1197 3086 1276; x_wconf 80' lang='lat' dir='ltr'>opponebatur</span> <span class='ocrx_word' id='word_1_89' title='bbox 3160 1216 3335 1259; x_wconf 86' lang='lat' dir='ltr'>novae</span> <span class='ocrx_word' id='word_1_90' title='bbox 3414 1198 3619 1260; x_wconf 83' lang='lat' dir='ltr'>adhuc</span> <span class='ocrx_word' id='word_1_91' title='bbox 3672 1206 3827 1280; x_wconf 90' lang='lat' dir='ltr'>post</span> 
     </span>
    </p>
   </div>
   <div class='ocr_carea' id='block_1_11' title="bbox 405 1287 3822 1378">
    <p class='ocr_par' dir='ltr' id='par_1_11' title="bbox 405 1287 3822 1378">
     <span class='ocr_line' id='line_1_11' title="bbox 405 1287 3822 1378; baseline 0 -20"><span class='ocrx_word' id='word_1_92' title='bbox 405 1287 913 1371; x_wconf 72' lang='lat' dir='ltr'>Quesnellianam</span> <span class='ocrx_word' id='word_1_93' title='bbox 953 1295 1246 1358; x_wconf 80' lang='lat' dir='ltr'>editionis</span> <span class='ocrx_word' id='word_1_94' title='bbox 1277 1295 1633 1356; x_wconf 79' lang='lat' dir='ltr'>necessitas.</span> <span class='ocrx_word' id='word_1_95' title='bbox 1695 1288 1904 1356; x_wconf 77' lang='lat' dir='ltr'>Primo</span> <span class='ocrx_word' id='word_1_96' title='bbox 1959 1295 2125 1356; x_wconf 89' lang='lat' dir='ltr'>enim</span> <span class='ocrx_word' id='word_1_97' title='bbox 2176 1293 2534 1374; x_wconf 88' lang='lat' dir='ltr'>judicatum</span> <span class='ocrx_word' id='word_1_98' title='bbox 2566 1293 2686 1354; x_wconf 91' lang='lat' dir='ltr'>fuit</span> <span class='ocrx_word' id='word_1_99' title='bbox 2742 1295 3040 1356; x_wconf 86' lang='lat' dir='ltr'>interesse</span> <span class='ocrx_word' id='word_1_100' title='bbox 3098 1295 3438 1376; x_wconf 87' lang='lat' dir='ltr'>plurimum</span> <span class='ocrx_word' id='word_1_101' title='bbox 3473 1300 3535 1366; x_wconf 89' lang='lat' dir='ltr'>S.</span> <span class='ocrx_word' id='word_1_102' title='bbox 3597 1299 3822 1378; x_wconf 84' lang='lat' dir='ltr'>ponti-</span> 
     </span>
    </p>
   </div>
   <div class='ocr_carea' id='block_1_12' title="bbox 380 1389 3826 1475">
    <p class='ocr_par' dir='ltr' id='par_1_12' title="bbox 380 1389 3826 1475">
     <span class='ocr_line' id='line_1_12' title="bbox 380 1389 3826 1475; baseline 0 -18"><span class='ocrx_word' id='word_1_103' title='bbox 380 1393 540 1457; x_wconf 64' lang='lat' dir='ltr'>ﬁcis</span> <span class='ocrx_word' id='word_1_104' title='bbox 578 1397 804 1475; x_wconf 79' lang='lat' dir='ltr'>Opera</span> <span class='ocrx_word' id='word_1_105' title='bbox 848 1389 929 1455; x_wconf 85' lang='lat' dir='ltr'>ad</span> <span class='ocrx_word' id='word_1_106' title='bbox 985 1396 1302 1455; x_wconf 81' lang='lat' dir='ltr'>Romanos</span> <span class='ocrx_word' id='word_1_107' title='bbox 1351 1393 1668 1473; x_wconf 55' lang='lat' dir='ltr'>praecipue</span> <span class='ocrx_word' id='word_1_108' title='bbox 1726 1393 1971 1454; x_wconf 86' lang='lat' dir='ltr'>codices</span> <span class='ocrx_word' id='word_1_109' title='bbox 2028 1391 2298 1472; x_wconf 83' lang='lat' dir='ltr'>exigere,</span> <span class='ocrx_word' id='word_1_110' title='bbox 2357 1393 2474 1472; x_wconf 87' lang='lat' dir='ltr'>qui</span> <span class='ocrx_word' id='word_1_111' title='bbox 2528 1393 2670 1453; x_wconf 86' lang='lat' dir='ltr'>etsi</span> <span class='ocrx_word' id='word_1_112' title='bbox 2701 1393 2764 1452; x_wconf 89' lang='lat' dir='ltr'>in</span> <span class='ocrx_word' id='word_1_113' title='bbox 2825 1395 3093 1455; x_wconf 75' lang='lat' dir='ltr'>Romani</span> <span class='ocrx_word' id='word_1_114' title='bbox 3148 1395 3458 1467; x_wconf 84' lang='lat' dir='ltr'>antistitis</span> <span class='ocrx_word' id='word_1_115' title='bbox 3503 1396 3826 1475; x_wconf 88' lang='lat' dir='ltr'>Operibus</span> 
     </span>
    </p>
   </div>
   <div class='ocr_carea' id='block_1_13' title="bbox 408 1490 3825 1575">
    <p class='ocr_par' dir='ltr' id='par_1_13' title="bbox 408 1490 3825 1575">
     <span class='ocr_line' id='line_1_13' title="bbox 408 1490 3825 1575; baseline 0.001 -20"><span class='ocrx_word' id='word_1_116' title='bbox 408 1493 872 1575; x_wconf 54' lang='lat' dir='ltr'>praetentiores</span> <span class='ocrx_word' id='word_1_117' title='bbox 901 1498 1092 1572; x_wconf 88' lang='lat' dir='ltr'>atque</span> <span class='ocrx_word' id='word_1_118' title='bbox 1143 1492 1427 1572; x_wconf 89' lang='lat' dir='ltr'>puriores</span> <span class='ocrx_word' id='word_1_119' title='bbox 1483 1491 1907 1571; x_wconf 66' lang='lat' dir='ltr'>prmsumendi</span> <span class='ocrx_word' id='word_1_120' title='bbox 1965 1491 2110 1564; x_wconf 88' lang='lat' dir='ltr'>sint,</span> <span class='ocrx_word' id='word_1_121' title='bbox 2171 1508 2207 1550; x_wconf 70' lang='grc' dir='ltr'>τι</span> <span class='ocrx_word' id='word_1_122' title='bbox 2265 1490 2598 1561; x_wconf 87' lang='lat' dir='ltr'>Quesnello</span> <span class='ocrx_word' id='word_1_123' title='bbox 2657 1497 2870 1554; x_wconf 88' lang='lat' dir='ltr'>tamen</span> <span class='ocrx_word' id='word_1_124' title='bbox 2928 1492 3128 1566; x_wconf 91' lang='lat' dir='ltr'>irrito,</span> <span class='ocrx_word' id='word_1_125' title='bbox 3192 1499 3262 1554; x_wconf 90' lang='lat' dir='ltr'>ut</span> <span class='ocrx_word' id='word_1_126' title='bbox 3316 1494 3380 1554; x_wconf 94' lang='lat' dir='ltr'>in</span> <span class='ocrx_word' id='word_1_127' title='bbox 3439 1495 3825 1574; x_wconf 75' lang='lat' dir='ltr'>praefatione</span> 
     </span>
    </p>
   </div>
   <div class='ocr_carea' id='block_1_14' title="bbox 402 1588 3824 1670">
    <p class='ocr_par' dir='ltr' id='par_1_14' title="bbox 402 1588 3824 1670">
     <span class='ocr_line' id='line_1_14' title="bbox 402 1588 3824 1670; baseline 0.001 -17"><span class='ocrx_word' id='word_1_128' title='bbox 402 1596 689 1666; x_wconf 74' lang='lat' dir='ltr'>testatur,</span> <span class='ocrx_word' id='word_1_129' title='bbox 752 1597 979 1652; x_wconf 87' lang='lat' dir='ltr'>conatu</span> <span class='ocrx_word' id='word_1_130' title='bbox 1034 1590 1303 1670; x_wconf 75' lang='lat' dir='ltr'>quaesiti,</span> <span class='ocrx_word' id='word_1_131' title='bbox 1363 1590 1887 1668; x_wconf 66' lang='lat' dir='ltr'>praetermittendi</span> <span class='ocrx_word' id='word_1_132' title='bbox 1943 1589 2200 1648; x_wconf 85' lang='lat' dir='ltr'>fuerunt</span> <span class='ocrx_word' id='word_1_133' title='bbox 2229 1588 2292 1648; x_wconf 92' lang='lat' dir='ltr'>in</span> <span class='ocrx_word' id='word_1_134' title='bbox 2353 1589 2557 1668; x_wconf 88' lang='lat' dir='ltr'>prima</span> <span class='ocrx_word' id='word_1_135' title='bbox 2586 1590 2897 1663; x_wconf 81' lang='lat' dir='ltr'>editione;</span> <span class='ocrx_word' id='word_1_136' title='bbox 2935 1591 2998 1650; x_wconf 93' lang='lat' dir='ltr'>in</span> <span class='ocrx_word' id='word_1_137' title='bbox 3056 1592 3333 1653; x_wconf 90' lang='lat' dir='ltr'>secunda</span> <span class='ocrx_word' id='word_1_138' title='bbox 3363 1611 3512 1654; x_wconf 87' lang='lat' dir='ltr'>vero</span> <span class='ocrx_word' id='word_1_139' title='bbox 3569 1593 3824 1657; x_wconf 89' lang='lat' dir='ltr'>Barbe-</span> 
     </span>
    </p>
   </div>
   <div class='ocr_carea' id='block_1_15' title="bbox 408 1687 3823 1769">
    <p class='ocr_par' dir='ltr' id='par_1_15' title="bbox 408 1687 3823 1769">
     <span class='ocr_line' id='line_1_15' title="bbox 408 1687 3823 1769; baseline 0.001 -18"><span class='ocrx_word' id='word_1_140' title='bbox 408 1691 690 1755; x_wconf 82' lang='lat' dir='ltr'>rinor-um</span> <span class='ocrx_word' id='word_1_141' title='bbox 749 1694 997 1750; x_wconf 86' lang='lat' dir='ltr'>tantum</span> <span class='ocrx_word' id='word_1_142' title='bbox 1059 1688 1632 1766; x_wconf 88' lang='lat' dir='ltr'>manuscriptorum</span> <span class='ocrx_word' id='word_1_143' title='bbox 1691 1687 2007 1747; x_wconf 87' lang='lat' dir='ltr'>variantes</span> <span class='ocrx_word' id='word_1_144' title='bbox 2065 1687 2363 1746; x_wconf 83' lang='lat' dir='ltr'>lectiones</span> <span class='ocrx_word' id='word_1_145' title='bbox 2413 1687 2671 1766; x_wconf 79' lang='lat' dir='ltr'>accepit.</span> <span class='ocrx_word' id='word_1_146' title='bbox 2737 1706 2813 1748; x_wconf 90' lang='lat' dir='ltr'>ex</span> <span class='ocrx_word' id='word_1_147' title='bbox 2845 1687 3073 1767; x_wconf 89' lang='lat' dir='ltr'>quibus</span> <span class='ocrx_word' id='word_1_148' title='bbox 3116 1688 3266 1768; x_wconf 88' lang='lat' dir='ltr'>ipsis</span> <span class='ocrx_word' id='word_1_149' title='bbox 3323 1708 3555 1769; x_wconf 86' lang='lat' dir='ltr'>paucas</span> <span class='ocrx_word' id='word_1_150' title='bbox 3583 1691 3823 1754; x_wconf 82' lang='lat' dir='ltr'>admo-</span> 
     </span>
    </p>
   </div>
   <div class='ocr_carea' id='block_1_16' title="bbox 405 1779 3829 1868">
    <p class='ocr_par' dir='ltr' id='par_1_16' title="bbox 405 1779 3829 1868">
     <span class='ocr_line' id='line_1_16' title="bbox 405 1779 3829 1868; baseline 0.001 -19"><span class='ocrx_word' id='word_1_151' title='bbox 405 1789 553 1849; x_wconf 83' lang='lat' dir='ltr'>dum</span> <span class='ocrx_word' id='word_1_152' title='bbox 585 1779 650 1847; x_wconf 86' lang='lat' dir='ltr'>in</span> <span class='ocrx_word' id='word_1_153' title='bbox 684 1785 834 1848; x_wconf 84' lang='lat' dir='ltr'>:olis</span> <span class='ocrx_word' id='word_1_154' title='bbox 864 1785 1160 1866; x_wconf 87' lang='lat' dir='ltr'>Epistolis</span> <span class='ocrx_word' id='word_1_155' title='bbox 1209 1784 1518 1846; x_wconf 89' lang='lat' dir='ltr'>adhibuit.</span> <span class='ocrx_word' id='word_1_156' title='bbox 1553 1787 1756 1845; x_wconf 88' lang='lat' dir='ltr'>Tanto</span> <span class='ocrx_word' id='word_1_157' title='bbox 1805 1790 2014 1845; x_wconf 89' lang='lat' dir='ltr'>autem</span> <span class='ocrx_word' id='word_1_158' title='bbox 2050 1783 2248 1862; x_wconf 89' lang='lat' dir='ltr'>magis</span> <span class='ocrx_word' id='word_1_159' title='bbox 2297 1782 2433 1844; x_wconf 68' lang='lat' dir='ltr'>haac</span> <span class='ocrx_word' id='word_1_160' title='bbox 2464 1785 2889 1846; x_wconf 81' lang='lat' dir='ltr'>Romanorum</span> <span class='ocrx_word' id='word_1_161' title='bbox 2949 1786 3404 1864; x_wconf 86' lang='lat' dir='ltr'>exemplarium</span> <span class='ocrx_word' id='word_1_162' title='bbox 3466 1791 3829 1868; x_wconf 76' lang='lat' dir='ltr'>recognitio</span> 
     </span>
    </p>
   </div>
   <div class='ocr_carea' id='block_1_17' title="bbox 407 1881 3831 1963">
    <p class='ocr_par' dir='ltr' id='par_1_17' title="bbox 407 1881 3831 1963">
     <span class='ocr_line' id='line_1_17' title="bbox 407 1881 3831 1963; baseline 0.002 -17"><span class='ocrx_word' id='word_1_163' title='bbox 407 1885 758 1947; x_wconf 84' lang='lat' dir='ltr'>necessaria</span> <span class='ocrx_word' id='word_1_164' title='bbox 816 1885 950 1946; x_wconf 80' lang='lat' dir='ltr'>visa</span> <span class='ocrx_word' id='word_1_165' title='bbox 999 1889 1111 1958; x_wconf 89' lang='lat' dir='ltr'>est,</span> <span class='ocrx_word' id='word_1_166' title='bbox 1171 1883 1341 1963; x_wconf 89' lang='lat' dir='ltr'>quod</span> <span class='ocrx_word' id='word_1_167' title='bbox 1399 1901 1473 1942; x_wconf 88' lang='lat' dir='ltr'>ex</span> <span class='ocrx_word' id='word_1_168' title='bbox 1506 1899 1633 1941; x_wconf 88' lang='lat' dir='ltr'>una</span> <span class='ocrx_word' id='word_1_169' title='bbox 1683 1887 1864 1961; x_wconf 88' lang='lat' dir='ltr'>parte</span> <span class='ocrx_word' id='word_1_170' title='bbox 1922 1881 2290 1952; x_wconf 89' lang='lat' dir='ltr'>Quesnellus</span> <span class='ocrx_word' id='word_1_171' title='bbox 2342 1882 2406 1942; x_wconf 92' lang='lat' dir='ltr'>in</span> <span class='ocrx_word' id='word_1_172' title='bbox 2455 1901 2570 1943; x_wconf 92' lang='lat' dir='ltr'>usu</span> <span class='ocrx_word' id='word_1_173' title='bbox 2618 1883 2900 1944; x_wconf 91' lang='lat' dir='ltr'>codicum</span> <span class='ocrx_word' id='word_1_174' title='bbox 2951 1884 3351 1963; x_wconf 64' lang='lat' dir='ltr'>negligentiae</span> <span class='ocrx_word' id='word_1_175' title='bbox 3408 1895 3745 1950; x_wconf 86' lang='lat' dir='ltr'>accusetur</span> <span class='ocrx_word' id='word_1_176' title='bbox 3790 1911 3831 1953; x_wconf 87' lang='lat' dir='ltr'>a</span> 
     </span>
    </p>
   </div>
   <div class='ocr_carea' id='block_1_18' title="bbox 406 1979 3825 2064">
    <p class='ocr_par' dir='ltr' id='par_1_18' title="bbox 406 1979 3825 2064">
     <span class='ocr_line' id='line_1_18' title="bbox 406 1979 3825 2064; baseline 0.001 -20"><span class='ocrx_word' id='word_1_177' title='bbox 406 1984 806 2063; x_wconf 85' lang='lat' dir='ltr'>quibusdam,</span> <span class='ocrx_word' id='word_1_178' title='bbox 865 2000 937 2042; x_wconf 81' lang='lat' dir='ltr'>ac</span> <span class='ocrx_word' id='word_1_179' title='bbox 986 1981 1335 2062; x_wconf 75' lang='lat' dir='ltr'>praesertim</span> <span class='ocrx_word' id='word_1_180' title='bbox 1370 1999 1408 2041; x_wconf 91' lang='lat' dir='ltr'>a</span> <span class='ocrx_word' id='word_1_181' title='bbox 1464 1979 1720 2040; x_wconf 89' lang='lat' dir='ltr'>Baluzio</span> <span class='ocrx_word' id='word_1_182' title='bbox 1781 1984 1844 2039; x_wconf 90' lang='lat' dir='ltr'>et</span> <span class='ocrx_word' id='word_1_183' title='bbox 1870 1980 2260 2051; x_wconf 89' lang='lat' dir='ltr'>Constantio,</span> <span class='ocrx_word' id='word_1_184' title='bbox 2293 1979 2355 2039; x_wconf 94' lang='lat' dir='ltr'>in</span> <span class='ocrx_word' id='word_1_185' title='bbox 2416 1981 2820 2058; x_wconf 88' lang='lat' dir='ltr'>antiquorum</span> <span class='ocrx_word' id='word_1_186' title='bbox 2878 1980 3183 2041; x_wconf 91' lang='lat' dir='ltr'>librorum</span> <span class='ocrx_word' id='word_1_187' title='bbox 3237 1983 3444 2046; x_wconf 88' lang='lat' dir='ltr'>studio</span> <span class='ocrx_word' id='word_1_188' title='bbox 3501 1987 3825 2064; x_wconf 82' lang='lat' dir='ltr'>peritissi-</span> 
     </span>
    </p>
   </div>
   <div class='ocr_carea' id='block_1_19' title="bbox 409 2076 3825 2162">
    <p class='ocr_par' dir='ltr' id='par_1_19' title="bbox 409 2076 3825 2162">
     <span class='ocr_line' id='line_1_19' title="bbox 409 2076 3825 2162; baseline 0.002 -20"><span class='ocrx_word' id='word_1_189' title='bbox 409 2081 672 2156; x_wconf 88' lang='lat' dir='ltr'>mis;ex</span> <span class='ocrx_word' id='word_1_190' title='bbox 727 2079 852 2140; x_wconf 89' lang='lat' dir='ltr'>alia</span> <span class='ocrx_word' id='word_1_191' title='bbox 905 2098 1054 2140; x_wconf 85' lang='lat' dir='ltr'>vero</span> <span class='ocrx_word' id='word_1_192' title='bbox 1114 2085 1264 2139; x_wconf 89' lang='lat' dir='ltr'>nota</span> <span class='ocrx_word' id='word_1_193' title='bbox 1319 2077 1454 2156; x_wconf 90' lang='lat' dir='ltr'>ejus</span> <span class='ocrx_word' id='word_1_194' title='bbox 1491 2077 1748 2137; x_wconf 88' lang='lat' dir='ltr'>libertas</span> <span class='ocrx_word' id='word_1_195' title='bbox 1777 2077 1841 2136; x_wconf 90' lang='lat' dir='ltr'>in</span> <span class='ocrx_word' id='word_1_196' title='bbox 1902 2076 2297 2137; x_wconf 88' lang='lat' dir='ltr'>emendando</span> <span class='ocrx_word' id='word_1_197' title='bbox 2354 2077 2693 2137; x_wconf 88' lang='lat' dir='ltr'>identidem</span> <span class='ocrx_word' id='word_1_198' title='bbox 2753 2083 2950 2151; x_wconf 88' lang='lat' dir='ltr'>textu,</span> <span class='ocrx_word' id='word_1_199' title='bbox 3012 2079 3185 2140; x_wconf 93' lang='lat' dir='ltr'>nullo</span> <span class='ocrx_word' id='word_1_200' title='bbox 3243 2081 3514 2160; x_wconf 84' lang='lat' dir='ltr'>allegato</span> <span class='ocrx_word' id='word_1_201' title='bbox 3571 2085 3825 2162; x_wconf 85' lang='lat' dir='ltr'>codice,</span> 
     </span>
    </p>
   </div>
   <div class='ocr_carea' id='block_1_20' title="bbox 408 2175 3831 2257">
    <p class='ocr_par' dir='ltr' id='par_1_20' title="bbox 408 2175 3831 2257">
     <span class='ocr_line' id='line_1_20' title="bbox 408 2175 3831 2257; baseline 0.001 -17"><span class='ocrx_word' id='word_1_202' title='bbox 408 2177 728 2240; x_wconf 90' lang='lat' dir='ltr'>nonnullis</span> <span class='ocrx_word' id='word_1_203' title='bbox 784 2177 1201 2257; x_wconf 89' lang='lat' dir='ltr'>suspicionem</span> <span class='ocrx_word' id='word_1_204' title='bbox 1262 2175 1568 2254; x_wconf 89' lang='lat' dir='ltr'>injccerit.</span> <span class='ocrx_word' id='word_1_205' title='bbox 1622 2175 1858 2235; x_wconf 88' lang='lat' dir='ltr'>Deinde</span> <span class='ocrx_word' id='word_1_206' title='bbox 1919 2175 2190 2252; x_wconf 90' lang='lat' dir='ltr'>plurima</span> <span class='ocrx_word' id='word_1_207' title='bbox 2247 2181 2394 2235; x_wconf 93' lang='lat' dir='ltr'>sunt</span> <span class='ocrx_word' id='word_1_208' title='bbox 2451 2175 2515 2234; x_wconf 93' lang='lat' dir='ltr'>in</span> <span class='ocrx_word' id='word_1_209' title='bbox 2568 2176 2702 2254; x_wconf 87' lang='lat' dir='ltr'>ejus</span> <span class='ocrx_word' id='word_1_210' title='bbox 2769 2177 3311 2238; x_wconf 87' lang='lat' dir='ltr'>lucubrationibus</span> <span class='ocrx_word' id='word_1_211' title='bbox 3372 2180 3657 2243; x_wconf 88' lang='lat' dir='ltr'>licentius</span> <span class='ocrx_word' id='word_1_212' title='bbox 3717 2185 3831 2245; x_wconf 90' lang='lat' dir='ltr'>in-</span> 
     </span>
    </p>
   </div>
   <div class='ocr_carea' id='block_1_21' title="bbox 406 2274 3826 2359">
    <p class='ocr_par' dir='ltr' id='par_1_21' title="bbox 406 2274 3826 2359">
     <span class='ocr_line' id='line_1_21' title="bbox 406 2274 3826 2359; baseline 0.001 -20"><span class='ocrx_word' id='word_1_213' title='bbox 406 2283 594 2351; x_wconf 89' lang='lat' dir='ltr'>serta,</span> <span class='ocrx_word' id='word_1_214' title='bbox 651 2276 880 2356; x_wconf 89' lang='lat' dir='ltr'>quibus</span> <span class='ocrx_word' id='word_1_215' title='bbox 936 2275 1106 2336; x_wconf 87' lang='lat' dir='ltr'>falsis</span> <span class='ocrx_word' id='word_1_216' title='bbox 1163 2274 1463 2335; x_wconf 88' lang='lat' dir='ltr'>doctrinis</span> <span class='ocrx_word' id='word_1_217' title='bbox 1506 2275 1695 2346; x_wconf 90' lang='lat' dir='ltr'>favet,</span> <span class='ocrx_word' id='word_1_218' title='bbox 1739 2279 1804 2334; x_wconf 93' lang='lat' dir='ltr'>et</span> <span class='ocrx_word' id='word_1_219' title='bbox 1860 2292 1984 2333; x_wconf 92' lang='lat' dir='ltr'>non</span> <span class='ocrx_word' id='word_1_220' title='bbox 2019 2279 2148 2333; x_wconf 89' lang='lat' dir='ltr'>tam</span> <span class='ocrx_word' id='word_1_221' title='bbox 2203 2277 2473 2334; x_wconf 90' lang='lat' dir='ltr'>Leonem</span> <span class='ocrx_word' id='word_1_222' title='bbox 2525 2293 2714 2352; x_wconf 89' lang='lat' dir='ltr'>quam</span> <span class='ocrx_word' id='word_1_223' title='bbox 2775 2276 3074 2336; x_wconf 78' lang='lat' dir='ltr'>Romanae</span> <span class='ocrx_word' id='word_1_224' title='bbox 3131 2277 3294 2338; x_wconf 86' lang='lat' dir='ltr'>sedis</span> <span class='ocrx_word' id='word_1_225' title='bbox 3352 2282 3826 2359; x_wconf 65' lang='lat' dir='ltr'>prmrogativas</span> 
     </span>
    </p>
   </div>
   <div class='ocr_carea' id='block_1_22' title="bbox 405 2370 3827 2458">
    <p class='ocr_par' dir='ltr' id='par_1_22' title="bbox 405 2370 3827 2458">
     <span class='ocr_line' id='line_1_22' title="bbox 405 2370 3827 2458; baseline 0.002 -21"><span class='ocrx_word' id='word_1_226' title='bbox 405 2393 574 2437; x_wconf 88' lang='lat' dir='ltr'>nunc</span> <span class='ocrx_word' id='word_1_227' title='bbox 607 2373 843 2454; x_wconf 84' lang='lat' dir='ltr'>palam,</span> <span class='ocrx_word' id='word_1_228' title='bbox 903 2391 1070 2433; x_wconf 88' lang='lat' dir='ltr'>nunc</span> <span class='ocrx_word' id='word_1_229' title='bbox 1101 2372 1371 2432; x_wconf 87' lang='lat' dir='ltr'>latenter</span> <span class='ocrx_word' id='word_1_230' title='bbox 1399 2371 1750 2450; x_wconf 87' lang='lat' dir='ltr'>impetivit;</span> <span class='ocrx_word' id='word_1_231' title='bbox 1803 2371 1962 2432; x_wconf 87' lang='lat' dir='ltr'>adeo</span> <span class='ocrx_word' id='word_1_232' title='bbox 1995 2378 2063 2431; x_wconf 91' lang='lat' dir='ltr'>ut</span> <span class='ocrx_word' id='word_1_233' title='bbox 2093 2371 2229 2431; x_wconf 64' lang='lat' dir='ltr'>haec</span> <span class='ocrx_word' id='word_1_234' title='bbox 2285 2370 2499 2444; x_wconf 89' lang='lat' dir='ltr'>editio,</span> <span class='ocrx_word' id='word_1_235' title='bbox 2533 2390 2675 2450; x_wconf 78' lang='lat' dir='ltr'>quae</span> <span class='ocrx_word' id='word_1_236' title='bbox 2733 2375 3003 2434; x_wconf 89' lang='lat' dir='ltr'>Leonem</span> <span class='ocrx_word' id='word_1_237' title='bbox 3034 2374 3242 2453; x_wconf 89' lang='lat' dir='ltr'>potius</span> <span class='ocrx_word' id='word_1_238' title='bbox 3271 2375 3566 2456; x_wconf 88' lang='lat' dir='ltr'>deturpat</span> <span class='ocrx_word' id='word_1_239' title='bbox 3615 2398 3827 2458; x_wconf 86' lang='lat' dir='ltr'>quam</span> 
     </span>
    </p>
   </div>
   <div class='ocr_carea' id='block_1_23' title="bbox 405 2468 2017 2550">
    <p class='ocr_par' dir='ltr' id='par_1_23' title="bbox 405 2468 2017 2550">
     <span class='ocr_line' id='line_1_23' title="bbox 405 2468 2017 2550; baseline -0.004 -15"><span class='ocrx_word' id='word_1_240' title='bbox 405 2474 701 2545; x_wconf 85' lang='lat' dir='ltr'>illustrat,</span> <span class='ocrx_word' id='word_1_241' title='bbox 727 2470 1139 2549; x_wconf 90' lang='lat' dir='ltr'>justissimam</span> <span class='ocrx_word' id='word_1_242' title='bbox 1170 2469 1662 2550; x_wconf 88' lang='lat' dir='ltr'>prohibitionem</span> <span class='ocrx_word' id='word_1_243' title='bbox 1697 2468 2017 2529; x_wconf 86' lang='lat' dir='ltr'>meruerit.</span> 
     </span>
    </p>
   </div>
   <div class='ocr_carea' id='block_1_24' title="bbox 484 2566 3830 2647">
    <p class='ocr_par' dir='ltr' id='par_1_24' title="bbox 484 2566 3830 2647">
     <span class='ocr_line' id='line_1_24' title="bbox 484 2566 3830 2647; baseline 0.001 -14"><span class='ocrx_word' id='word_1_244' title='bbox 484 2571 587 2633; x_wconf 90' lang='lat' dir='ltr'>IlI.</span> <span class='ocrx_word' id='word_1_245' title='bbox 621 2569 728 2631; x_wconf 88' lang='lat' dir='ltr'>His</span> <span class='ocrx_word' id='word_1_246' title='bbox 757 2569 835 2630; x_wconf 91' lang='lat' dir='ltr'>de</span> <span class='ocrx_word' id='word_1_247' title='bbox 891 2568 1117 2642; x_wconf 88' lang='lat' dir='ltr'>causis,</span> <span class='ocrx_word' id='word_1_248' title='bbox 1177 2573 1244 2628; x_wconf 87' lang='lat' dir='ltr'>ut</span> <span class='ocrx_word' id='word_1_249' title='bbox 1301 2567 1574 2646; x_wconf 89' lang='lat' dir='ltr'>primum</span> <span class='ocrx_word' id='word_1_250' title='bbox 1632 2567 1850 2628; x_wconf 89' lang='lat' dir='ltr'>eadem</span> <span class='ocrx_word' id='word_1_251' title='bbox 1886 2566 2077 2626; x_wconf 89' lang='lat' dir='ltr'>editio</span> <span class='ocrx_word' id='word_1_252' title='bbox 2135 2586 2301 2628; x_wconf 87' lang='lat' dir='ltr'>anno</span> <span class='ocrx_word' id='word_1_253' title='bbox 2334 2567 2488 2626; x_wconf 78' lang='grc'><strong>1675</strong></span> <span class='ocrx_word' id='word_1_254' title='bbox 2544 2567 2607 2626; x_wconf 92' lang='lat' dir='ltr'>in</span> <span class='ocrx_word' id='word_1_255' title='bbox 2640 2567 2840 2627; x_wconf 89' lang='lat' dir='ltr'>lucem</span> <span class='ocrx_word' id='word_1_256' title='bbox 2899 2568 3149 2647; x_wconf 91' lang='lat' dir='ltr'>prodiit,</span> <span class='ocrx_word' id='word_1_257' title='bbox 3213 2570 3425 2630; x_wconf 89' lang='lat' dir='ltr'>statim</span> <span class='ocrx_word' id='word_1_258' title='bbox 3462 2591 3640 2634; x_wconf 77' lang='lat' dir='ltr'>novae</span> <span class='ocrx_word' id='word_1_259' title='bbox 3673 2576 3830 2638; x_wconf 89' lang='lat' dir='ltr'>edi-</span> 
     </span>
    </p>
   </div>
   <div class='ocr_carea' id='block_1_25' title="bbox 405 2665 3836 2750">
    <p class='ocr_par' dir='ltr' id='par_1_25' title="bbox 405 2665 3836 2750">
     <span class='ocr_line' id='line_1_25' title="bbox 405 2665 3836 2750; baseline 0.001 -20"><span class='ocrx_word' id='word_1_260' title='bbox 405 2669 592 2738; x_wconf 84' lang='lat' dir='ltr'>tionis</span> <span class='ocrx_word' id='word_1_261' title='bbox 643 2669 858 2728; x_wconf 66' lang='lat' dir='ltr'>Romte</span> <span class='ocrx_word' id='word_1_262' title='bbox 906 2666 1293 2727; x_wconf 68' lang='lat' dir='ltr'>adornanda:</span> <span class='ocrx_word' id='word_1_263' title='bbox 1349 2665 1677 2726; x_wconf 87' lang='lat' dir='ltr'>consilium</span> <span class='ocrx_word' id='word_1_264' title='bbox 1729 2670 1977 2743; x_wconf 88' lang='lat' dir='ltr'>ceptum</span> <span class='ocrx_word' id='word_1_265' title='bbox 2013 2665 2220 2738; x_wconf 89' lang='lat' dir='ltr'>fuisse,</span> <span class='ocrx_word' id='word_1_266' title='bbox 2280 2665 2490 2742; x_wconf 83' lang='lat' dir='ltr'>colligi</span> <span class='ocrx_word' id='word_1_267' title='bbox 2547 2683 2729 2743; x_wconf 89' lang='lat' dir='ltr'>posse</span> <span class='ocrx_word' id='word_1_268' title='bbox 2791 2665 3104 2726; x_wconf 89' lang='lat' dir='ltr'>credimus</span> <span class='ocrx_word' id='word_1_269' title='bbox 3137 2686 3209 2728; x_wconf 89' lang='lat' dir='ltr'>ex</span> <span class='ocrx_word' id='word_1_270' title='bbox 3269 2669 3485 2729; x_wconf 83' lang='lat' dir='ltr'>Italica</span> <span class='ocrx_word' id='word_1_271' title='bbox 3541 2673 3836 2750; x_wconf 87' lang='lat' dir='ltr'>epistola</span> 
     </span>
    </p>
   </div>
   <div class='ocr_carea' id='block_1_26' title="bbox 401 2761 3836 2848">
    <p class='ocr_par' dir='ltr' id='par_1_26' title="bbox 401 2761 3836 2848">
     <span class='ocr_line' id='line_1_26' title="bbox 401 2761 3836 2848; baseline 0.001 -20"><span class='ocrx_word' id='word_1_272' title='bbox 401 2764 721 2828; x_wconf 90' lang='lat' dir='ltr'>Laurentii</span> <span class='ocrx_word' id='word_1_273' title='bbox 750 2763 912 2825; x_wconf 88' lang='lat' dir='ltr'>Mari</span> <span class='ocrx_word' id='word_1_274' title='bbox 941 2762 1021 2824; x_wconf 89' lang='lat' dir='ltr'>ad</span> <span class='ocrx_word' id='word_1_275' title='bbox 1078 2762 1480 2824; x_wconf 89' lang='lat' dir='ltr'>Franciscum</span> <span class='ocrx_word' id='word_1_276' title='bbox 1538 2761 1907 2823; x_wconf 90' lang='lat' dir='ltr'>Grisendum</span> <span class='ocrx_word' id='word_1_277' title='bbox 1968 2762 2203 2841; x_wconf 87' lang='lat' dir='ltr'>scripta</span> <span class='ocrx_word' id='word_1_278' title='bbox 2255 2762 2354 2823; x_wconf 90' lang='lat' dir='ltr'>die</span> <span class='ocrx_word' id='word_1_279' title='bbox 2411 2762 2725 2823; x_wconf 86' lang='lat' dir='ltr'>30Martii</span> <span class='ocrx_word' id='word_1_280' title='bbox 2779 2762 3160 2836; x_wconf 73' lang='lat' dir='ltr'>anni1677;</span> <span class='ocrx_word' id='word_1_281' title='bbox 3219 2765 3338 2826; x_wconf 88' lang='lat' dir='ltr'>sibi</span> <span class='ocrx_word' id='word_1_282' title='bbox 3368 2767 3534 2827; x_wconf 91' lang='lat' dir='ltr'>enim</span> <span class='ocrx_word' id='word_1_283' title='bbox 3566 2769 3836 2848; x_wconf 81' lang='lat' dir='ltr'>signifi-</span> 
     </span>
    </p>
   </div>
   <div class='ocr_carea' id='block_1_27' title="bbox 403 2858 3847 2942">
    <p class='ocr_par' dir='ltr' id='par_1_27' title="bbox 403 2858 3847 2942">
     <span class='ocr_line' id='line_1_27' title="bbox 403 2858 3847 2942; baseline 0.002 -16"><span class='ocrx_word' id='word_1_284' title='bbox 403 2869 614 2926; x_wconf 88' lang='lat' dir='ltr'>catum</span> <span class='ocrx_word' id='word_1_285' title='bbox 670 2861 946 2923; x_wconf 83' lang='lat' dir='ltr'>afﬁrmat</span> <span class='ocrx_word' id='word_1_286' title='bbox 1005 2865 1391 2940; x_wconf 68' lang='lat' dir='ltr'>praeceptum</span> <span class='ocrx_word' id='word_1_287' title='bbox 1446 2858 1846 2919; x_wconf 89' lang='lat' dir='ltr'>illustrissimi</span> <span class='ocrx_word' id='word_1_288' title='bbox 1904 2859 2222 2920; x_wconf 89' lang='lat' dir='ltr'>Brancatii</span> <span class='ocrx_word' id='word_1_289' title='bbox 2277 2859 2356 2920; x_wconf 91' lang='lat' dir='ltr'>de</span> <span class='ocrx_word' id='word_1_290' title='bbox 2415 2879 2578 2921; x_wconf 89' lang='lat' dir='ltr'>nova</span> <span class='ocrx_word' id='word_1_291' title='bbox 2633 2861 2907 2922; x_wconf 88' lang='lat' dir='ltr'>editione</span> <span class='ocrx_word' id='word_1_292' title='bbox 2969 2863 3243 2940; x_wconf 87' lang='lat' dir='ltr'>Operum</span> <span class='ocrx_word' id='word_1_293' title='bbox 3305 2867 3370 2926; x_wconf 92' lang='lat' dir='ltr'>S.</span> <span class='ocrx_word' id='word_1_294' title='bbox 3433 2867 3683 2942; x_wconf 89' lang='lat' dir='ltr'>Leonis,</span> <span class='ocrx_word' id='word_1_295' title='bbox 3728 2872 3847 2933; x_wconf 73' lang='lat' dir='ltr'>Mi</span> 
     </span>
    </p>
   </div>
   <div class='ocr_carea' id='block_1_28' title="bbox 403 2955 3838 3044">
    <p class='ocr_par' dir='ltr' id='par_1_28' title="bbox 403 2955 3838 3044">
     <span class='ocr_line' id='line_1_28' title="bbox 403 2955 3838 3044; baseline 0.001 -22"><span class='ocrx_word' id='word_1_296' title='bbox 403 2979 670 3041; x_wconf 83' lang='lat' dir='ltr'>vengono</span> <span class='ocrx_word' id='word_1_297' title='bbox 741 2957 1100 3018; x_wconf 73' lang='lat' dir='ltr'>comum’catz&#39;</span> <span class='ocrx_word' id='word_1_298' title='bbox 1165 2957 1192 3015; x_wconf 79' lang='grc' dir='ltr'>ι’</span> <span class='ocrx_word' id='word_1_299' title='bbox 1256 2955 1530 3016; x_wconf 78' lang='lat' dir='ltr'>comandi</span> <span class='ocrx_word' id='word_1_300' title='bbox 1568 2956 1634 3016; x_wconf 76' lang='lat' dir='ltr'>di</span> <span class='ocrx_word' id='word_1_301' title='bbox 1698 2957 2040 3035; x_wconf 78' lang='lat' dir='ltr'>monsignor</span> <span class='ocrx_word' id='word_1_302' title='bbox 2127 2955 2519 3017; x_wconf 72' lang='lat' dir='ltr'>illustrisst&#39;mo</span> <span class='ocrx_word' id='word_1_303' title='bbox 2622 2958 2924 3020; x_wconf 79' lang='lat' dir='ltr'>Brancacz&#39;</span> <span class='ocrx_word' id='word_1_304' title='bbox 2985 2961 3101 3020; x_wconf 72' lang='lat' dir='ltr'>mz&#39;o</span> <span class='ocrx_word' id='word_1_305' title='bbox 3187 2963 3424 3040; x_wconf 71' lang='lat' dir='ltr'>signare</span> <span class='ocrx_word' id='word_1_306' title='bbox 3496 2983 3676 3044; x_wconf 83' lang='lat' dir='ltr'>sopra</span> <span class='ocrx_word' id='word_1_307' title='bbox 3766 2969 3838 3032; x_wconf 86' lang='lat' dir='ltr'>la</span> 
     </span>
    </p>
   </div>
   <div class='ocr_carea' id='block_1_29' title="bbox 405 3052 3840 3143">
    <p class='ocr_par' dir='ltr' id='par_1_29' title="bbox 405 3052 3840 3143">
     <span class='ocr_line' id='line_1_29' title="bbox 405 3052 3840 3143; baseline 0.001 -22"><span class='ocrx_word' id='word_1_308' title='bbox 405 3077 601 3121; x_wconf 83' lang='lat' dir='ltr'>nuova</span> <span class='ocrx_word' id='word_1_309' title='bbox 641 3055 902 3116; x_wconf 72' lang='lat' dir='ltr'>edizz&#39;one</span> <span class='ocrx_word' id='word_1_310' title='bbox 945 3052 1014 3113; x_wconf 74' lang='lat' dir='ltr'>di</span> <span class='ocrx_word' id='word_1_311' title='bbox 1051 3052 1122 3114; x_wconf 89' lang='lat' dir='ltr'>S.</span> <span class='ocrx_word' id='word_1_312' title='bbox 1168 3052 1402 3127; x_wconf 82' lang='lat' dir='ltr'>Leone;</span> <span class='ocrx_word' id='word_1_313' title='bbox 1451 3058 1513 3114; x_wconf 90' lang='lat' dir='ltr'>et</span> <span class='ocrx_word' id='word_1_314' title='bbox 1567 3053 1632 3113; x_wconf 88' lang='lat' dir='ltr'>in</span> <span class='ocrx_word' id='word_1_315' title='bbox 1684 3053 1850 3113; x_wconf 91' lang='lat' dir='ltr'>hanc</span> <span class='ocrx_word' id='word_1_316' title='bbox 1906 3053 2238 3132; x_wconf 63' lang='lat' dir='ltr'>quaesitum</span> <span class='ocrx_word' id='word_1_317' title='bbox 2285 3055 2497 3114; x_wconf 90' lang='lat' dir='ltr'>subdit</span> <span class='ocrx_word' id='word_1_318' title='bbox 2549 3056 2856 3136; x_wconf 88' lang='lat' dir='ltr'>quidquid</span> <span class='ocrx_word' id='word_1_319' title='bbox 2913 3057 3010 3130; x_wconf 92' lang='lat' dir='ltr'>Jo,</span> <span class='ocrx_word' id='word_1_320' title='bbox 3070 3057 3351 3138; x_wconf 87' lang='lat' dir='ltr'>Baptista</span> <span class='ocrx_word' id='word_1_321' title='bbox 3407 3061 3615 3121; x_wconf 88' lang='lat' dir='ltr'>Marus</span> <span class='ocrx_word' id='word_1_322' title='bbox 3672 3064 3840 3143; x_wconf 86' lang='lat' dir='ltr'>ejus</span> 
     </span>
    </p>
   </div>
   <div class='ocr_carea' id='block_1_30' title="bbox 405 3150 3831 3241">
    <p class='ocr_par' dir='ltr' id='par_1_30' title="bbox 405 3150 3831 3241">
     <span class='ocr_line' id='line_1_30' title="bbox 405 3150 3831 3241; baseline 0.002 -23"><span class='ocrx_word' id='word_1_323' title='bbox 405 3159 598 3218; x_wconf 83' lang='lat' dir='ltr'>frater</span> <span class='ocrx_word' id='word_1_324' title='bbox 650 3171 726 3213; x_wconf 87' lang='lat' dir='ltr'>ex</span> <span class='ocrx_word' id='word_1_325' title='bbox 781 3170 928 3212; x_wconf 90' lang='lat' dir='ltr'>mss.</span> <span class='ocrx_word' id='word_1_326' title='bbox 986 3151 1284 3211; x_wconf 88' lang='lat' dir='ltr'>Romanis</span> <span class='ocrx_word' id='word_1_327' title='bbox 1343 3155 1697 3229; x_wconf 90' lang='lat' dir='ltr'>paraverat.</span> <span class='ocrx_word' id='word_1_328' title='bbox 1759 3150 1958 3227; x_wconf 88' lang='lat' dir='ltr'>Hujus</span> <span class='ocrx_word' id='word_1_329' title='bbox 2015 3150 2318 3229; x_wconf 67' lang='lat' dir='ltr'>epistolae,</span> <span class='ocrx_word' id='word_1_330' title='bbox 2377 3171 2569 3232; x_wconf 90' lang='lat' dir='ltr'>quam</span> <span class='ocrx_word' id='word_1_331' title='bbox 2627 3154 2691 3213; x_wconf 91' lang='lat' dir='ltr'>in</span> <span class='ocrx_word' id='word_1_332' title='bbox 2749 3155 2962 3216; x_wconf 92' lang='lat' dir='ltr'>codice</span> <span class='ocrx_word' id='word_1_333' title='bbox 3019 3156 3363 3218; x_wconf 89' lang='lat' dir='ltr'>Barberino</span> <span class='ocrx_word' id='word_1_334' title='bbox 3419 3158 3831 3241; x_wconf 86' lang='lat' dir='ltr'>invenimus,</span> 
     </span>
    </p>
   </div>
   <div class='ocr_carea' id='block_1_31' title="bbox 405 3247 3837 3334">
    <p class='ocr_par' dir='ltr' id='par_1_31' title="bbox 405 3247 3837 3334">
     <span class='ocr_line' id='line_1_31' title="bbox 405 3247 3837 3334; baseline 0.002 -19"><span class='ocrx_word' id='word_1_335' title='bbox 405 3252 676 3334; x_wconf 89' lang='lat' dir='ltr'>amplior</span> <span class='ocrx_word' id='word_1_336' title='bbox 731 3249 958 3311; x_wconf 88' lang='lat' dir='ltr'>notitia</span> <span class='ocrx_word' id='word_1_337' title='bbox 1003 3247 1258 3315; x_wconf 66' lang='lat' dir='ltr'>dabitur</span> <span class='ocrx_word' id='word_1_338' title='bbox 1305 3248 1367 3308; x_wconf 92' lang='lat' dir='ltr'>in</span> <span class='ocrx_word' id='word_1_339' title='bbox 1399 3247 1766 3327; x_wconf 48' lang='lat' dir='ltr'>praefatione</span> <span class='ocrx_word' id='word_1_340' title='bbox 1823 3249 2219 3309; x_wconf 88' lang='lat' dir='ltr'>sermonibus</span> <span class='ocrx_word' id='word_1_341' title='bbox 2279 3250 2500 3310; x_wconf 87' lang='lat' dir='ltr'>Leonis</span> <span class='ocrx_word' id='word_1_342' title='bbox 2559 3253 2967 3331; x_wconf 68' lang='lat' dir='ltr'>praemissa,§</span> <span class='ocrx_word' id='word_1_343' title='bbox 3029 3255 3091 3313; x_wconf 93' lang='lat'>7.</span> <span class='ocrx_word' id='word_1_344' title='bbox 3154 3256 3299 3314; x_wconf 66' lang='lat' dir='ltr'>Hmc</span> <span class='ocrx_word' id='word_1_345' title='bbox 3358 3256 3574 3317; x_wconf 89' lang='lat' dir='ltr'>eadem</span> <span class='ocrx_word' id='word_1_346' title='bbox 3627 3278 3837 3328; x_wconf 65' lang='lat' dir='ltr'>nova:</span> 
     </span>
    </p>
   </div>
   <div class='ocr_carea' id='block_1_32' title="bbox 404 3345 3831 3429">
    <p class='ocr_par' dir='ltr' id='par_1_32' title="bbox 404 3345 3831 3429">
     <span class='ocr_line' id='line_1_32' title="bbox 404 3345 3831 3429; baseline 0.001 -17"><span class='ocrx_word' id='word_1_347' title='bbox 404 3348 697 3415; x_wconf 88' lang='lat' dir='ltr'>editionis</span> <span class='ocrx_word' id='word_1_348' title='bbox 746 3347 1044 3425; x_wconf 83' lang='lat' dir='ltr'>cogitatio</span> <span class='ocrx_word' id='word_1_349' title='bbox 1099 3347 1325 3405; x_wconf 90' lang='lat' dir='ltr'>iterum</span> <span class='ocrx_word' id='word_1_350' title='bbox 1406 3345 1610 3404; x_wconf 89' lang='lat' dir='ltr'>excita</span> <span class='ocrx_word' id='word_1_351' title='bbox 1665 3350 1760 3405; x_wconf 91' lang='lat' dir='ltr'>est</span> <span class='ocrx_word' id='word_1_352' title='bbox 1837 3363 2004 3406; x_wconf 92' lang='lat' dir='ltr'>anno</span> <span class='ocrx_word' id='word_1_353' title='bbox 2082 3349 2261 3420; x_wconf 90' lang='grc'><strong>1716,</strong></span> <span class='ocrx_word' id='word_1_354' title='bbox 2324 3348 2574 3410; x_wconf 78' lang='lat' dir='ltr'>favente</span> <span class='ocrx_word' id='word_1_355' title='bbox 2634 3369 2880 3411; x_wconf 92' lang='lat' dir='ltr'>summo</span> <span class='ocrx_word' id='word_1_356' title='bbox 2939 3351 3233 3429; x_wconf 83' lang='lat' dir='ltr'>pontifice</span> <span class='ocrx_word' id='word_1_357' title='bbox 3330 3353 3646 3417; x_wconf 82' lang='lat' dir='ltr'>Clemente</span> <span class='ocrx_word' id='word_1_358' title='bbox 3710 3362 3831 3426; x_wconf 87' lang='grc' dir='ltr'><strong>Χῐ,</strong></span> 
     </span>
    </p>
   </div>
   <div class='ocr_carea' id='block_1_33' title="bbox 403 3440 3832 3539">
    <p class='ocr_par' dir='ltr' id='par_1_33' title="bbox 403 3440 3832 3539">
     <span class='ocr_line' id='line_1_33' title="bbox 403 3440 3832 3539; baseline 0.001 -33"><span class='ocrx_word' id='word_1_359' title='bbox 403 3446 814 3526; x_wconf 83' lang='lat' dir='ltr'>Exploratum</span> <span class='ocrx_word' id='word_1_360' title='bbox 875 3447 970 3539; x_wconf 88' lang='lat' dir='ltr'>est</span> <span class='ocrx_word' id='word_1_361' title='bbox 1025 3440 1453 3502; x_wconf 90' lang='lat' dir='ltr'>testimonium</span> <span class='ocrx_word' id='word_1_362' title='bbox 1511 3441 1770 3539; x_wconf 71' lang='lat' dir='ltr'>Patrum</span> <span class='ocrx_word' id='word_1_363' title='bbox 1827 3442 2362 3504; x_wconf 86' lang='lat' dir='ltr'>Trivultianorum</span> <span class='ocrx_word' id='word_1_364' title='bbox 2420 3445 2718 3506; x_wconf 91' lang='lat' dir='ltr'>insertum</span> <span class='ocrx_word' id='word_1_365' title='bbox 2780 3446 3087 3507; x_wconf 80' lang='lat' dir='ltr'>Me&#39;moires</span> <span class='ocrx_word' id='word_1_366' title='bbox 3128 3448 3358 3522; x_wconf 78' lang='lat' dir='ltr'>Aurz&#39;l.,</span> <span class='ocrx_word' id='word_1_367' title='bbox 3413 3453 3588 3524; x_wconf 89' lang='grc'><strong>1716,</strong></span> <span class='ocrx_word' id='word_1_368' title='bbox 3655 3474 3832 3539; x_wconf 73' lang='lat' dir='ltr'>pag,</span> 
     </span>
    </p>
   </div>
   <div class='ocr_carea' id='block_1_34' title="bbox 401 3537 3837 3624">
    <p class='ocr_par' dir='ltr' id='par_1_34' title="bbox 401 3537 3837 3624">
     <span class='ocr_line' id='line_1_34' title="bbox 401 3537 3837 3624; baseline 0.002 -20"><span class='ocrx_word' id='word_1_369' title='bbox 401 3541 544 3616; x_wconf 78' lang='lat'><strong>722,</strong></span> <span class='ocrx_word' id='word_1_370' title='bbox 578 3540 687 3603; x_wconf 85' lang='lat' dir='ltr'>ubi</span> <span class='ocrx_word' id='word_1_371' title='bbox 728 3557 806 3601; x_wconf 86' lang='lat' dir='ltr'>ex</span> <span class='ocrx_word' id='word_1_372' title='bbox 861 3538 1126 3618; x_wconf 86' lang='lat' dir='ltr'>epistola</span> <span class='ocrx_word' id='word_1_373' title='bbox 1156 3540 1371 3598; x_wconf 58' lang='lat' dir='ltr'>Romae</span> <span class='ocrx_word' id='word_1_374' title='bbox 1412 3537 1647 3617; x_wconf 89' lang='lat' dir='ltr'>scripta</span> <span class='ocrx_word' id='word_1_375' title='bbox 1690 3537 1824 3598; x_wconf 84' lang='lat' dir='ltr'>haec</span> <span class='ocrx_word' id='word_1_376' title='bbox 1874 3538 2251 3600; x_wconf 87' lang='lat' dir='ltr'>traduntur:</span> <span class='ocrx_word' id='word_1_377' title='bbox 2290 3540 2375 3602; x_wconf 83' lang='lat' dir='ltr'>0n</span> <span class='ocrx_word' id='word_1_378' title='bbox 2419 3561 2455 3602; x_wconf 91' lang='lat' dir='ltr'>a</span> <span class='ocrx_word' id='word_1_379' title='bbox 2493 3542 2688 3622; x_wconf 82' lang='lat' dir='ltr'>forme’</span> <span class='ocrx_word' id='word_1_380' title='bbox 2729 3542 2779 3603; x_wconf 89' lang='lat' dir='ltr'>le</span> <span class='ocrx_word' id='word_1_381' title='bbox 2815 3544 3016 3624; x_wconf 78' lang='lat' dir='ltr'>projel</span> <span class='ocrx_word' id='word_1_382' title='bbox 3057 3543 3230 3606; x_wconf 85' lang='lat' dir='ltr'>d’une</span> <span class='ocrx_word' id='word_1_383' title='bbox 3270 3549 3538 3610; x_wconf 78' lang='lat' dir='ltr'>nouvelle</span> <span class='ocrx_word' id='word_1_384' title='bbox 3577 3537 3837 3620; x_wconf 69' lang='grc' dir='ltr'><em>ὁιιίιίόἦ</em></span> 
     </span>
    </p>
   </div>
   <div class='ocr_carea' id='block_1_35' title="bbox 403 3633 3830 3724">
    <p class='ocr_par' dir='ltr' id='par_1_35' title="bbox 403 3633 3830 3724">
     <span class='ocr_line' id='line_1_35' title="bbox 403 3633 3830 3724; baseline 0.004 -21"><span class='ocrx_word' id='word_1_385' title='bbox 403 3641 474 3703; x_wconf 86' lang='lat' dir='ltr'>de</span> <span class='ocrx_word' id='word_1_386' title='bbox 519 3641 584 3703; x_wconf 90' lang='lat' dir='ltr'>S.</span> <span class='ocrx_word' id='word_1_387' title='bbox 621 3633 800 3701; x_wconf 75' lang='lat' dir='ltr'>Leon.</span> <span class='ocrx_word' id='word_1_388' title='bbox 849 3637 933 3700; x_wconf 87' lang='lat' dir='ltr'>Sa</span> <span class='ocrx_word' id='word_1_389' title='bbox 974 3635 1261 3708; x_wconf 79' lang='lat' dir='ltr'>Saintete’,</span> <span class='ocrx_word' id='word_1_390' title='bbox 1310 3636 1421 3716; x_wconf 76' lang='lat' dir='ltr'>qui</span> <span class='ocrx_word' id='word_1_391' title='bbox 1458 3654 1496 3696; x_wconf 89' lang='lat' dir='ltr'>a</span> <span class='ocrx_word' id='word_1_392' title='bbox 1537 3655 1649 3695; x_wconf 82' lang='lat' dir='ltr'>une</span> <span class='ocrx_word' id='word_1_393' title='bbox 1691 3635 1957 3696; x_wconf 73' lang='lat' dir='ltr'>devotion</span> <span class='ocrx_word' id='word_1_394' title='bbox 1996 3639 2388 3718; x_wconf 72' lang='lat' dir='ltr'>particuliére</span> <span class='ocrx_word' id='word_1_395' title='bbox 2427 3640 2463 3700; x_wconf 86' lang='grc' dir='ltr'><em>ἀ</em></span> <span class='ocrx_word' id='word_1_396' title='bbox 2507 3660 2568 3700; x_wconf 88' lang='lat' dir='ltr'>ce</span> <span class='ocrx_word' id='word_1_397' title='bbox 2608 3642 2764 3701; x_wconf 79' lang='lat' dir='ltr'>saz&#39;nl</span> <span class='ocrx_word' id='word_1_398' title='bbox 2806 3642 3066 3717; x_wconf 86' lang='lat' dir='ltr'>docteur,</span> <span class='ocrx_word' id='word_1_399' title='bbox 3136 3645 3394 3724; x_wconf 79' lang='lat' dir='ltr'>favorz&#39;se</span> <span class='ocrx_word' id='word_1_400' title='bbox 3435 3666 3496 3707; x_wconf 84' lang='lat' dir='ltr'>ce</span> <span class='ocrx_word' id='word_1_401' title='bbox 3557 3647 3830 3719; x_wconf 59' lang='lat' dir='ltr'>dessem.</span> 
     </span>
    </p>
   </div>
   <div class='ocr_carea' id='block_1_36' title="bbox 397 3733 3830 3818">
    <p class='ocr_par' dir='ltr' id='par_1_36' title="bbox 397 3733 3830 3818">
     <span class='ocr_line' id='line_1_36' title="bbox 397 3733 3830 3818; baseline 0.004 -17"><span class='ocrx_word' id='word_1_402' title='bbox 397 3739 534 3802; x_wconf 87' lang='lat' dir='ltr'>Sub</span> <span class='ocrx_word' id='word_1_403' title='bbox 566 3733 884 3800; x_wconf 86' lang='lat' dir='ltr'>Clemente</span> <span class='ocrx_word' id='word_1_404' title='bbox 913 3739 1124 3795; x_wconf 89' lang='lat' dir='ltr'>autem</span> <span class='ocrx_word' id='word_1_405' title='bbox 1179 3735 1310 3806; x_wconf 89' lang='lat' dir='ltr'>XII,</span> <span class='ocrx_word' id='word_1_406' title='bbox 1367 3752 1494 3794; x_wconf 93' lang='lat' dir='ltr'>non</span> <span class='ocrx_word' id='word_1_407' title='bbox 1545 3733 1729 3794; x_wconf 91' lang='lat' dir='ltr'>modo</span> <span class='ocrx_word' id='word_1_408' title='bbox 1763 3733 1988 3794; x_wconf 83' lang='lat' dir='ltr'>revixit</span> <span class='ocrx_word' id='word_1_409' title='bbox 2044 3735 2208 3794; x_wconf 88' lang='lat' dir='ltr'>idem</span> <span class='ocrx_word' id='word_1_410' title='bbox 2268 3736 2620 3809; x_wconf 89' lang='lat' dir='ltr'>consilium,</span> <span class='ocrx_word' id='word_1_411' title='bbox 2653 3757 2869 3798; x_wconf 85' lang='lat' dir='ltr'>verum</span> <span class='ocrx_word' id='word_1_412' title='bbox 2929 3741 3116 3802; x_wconf 87' lang='lat' dir='ltr'>etiam</span> <span class='ocrx_word' id='word_1_413' title='bbox 3151 3742 3287 3803; x_wconf 66' lang='lat' dir='ltr'>haec</span> <span class='ocrx_word' id='word_1_414' title='bbox 3343 3763 3495 3805; x_wconf 90' lang='lat' dir='ltr'>cura</span> <span class='ocrx_word' id='word_1_415' title='bbox 3551 3747 3830 3818; x_wconf 85' lang='lat' dir='ltr'>duobus</span> 
     </span>
    </p>
   </div>
   <div class='ocr_carea' id='block_1_37' title="bbox 400 3830 3823 3930">
    <p class='ocr_par' dir='ltr' id='par_1_37' title="bbox 400 3830 3823 3930">
     <span class='ocr_line' id='line_1_37' title="bbox 400 3830 3823 3930; baseline 0.005 -32"><span class='ocrx_word' id='word_1_416' title='bbox 400 3835 760 3930; x_wconf 81' lang='lat' dir='ltr'>clarissimis</span> <span class='ocrx_word' id='word_1_417' title='bbox 797 3833 946 3894; x_wconf 87' lang='lat' dir='ltr'>viris</span> <span class='ocrx_word' id='word_1_418' title='bbox 1000 3831 1491 3930; x_wconf 87' lang='lat' dir='ltr'>impositafuit,</span> <span class='ocrx_word' id='word_1_419' title='bbox 1553 3831 1931 3930; x_wconf 86' lang='lat' dir='ltr'>collatisque</span> <span class='ocrx_word' id='word_1_420' title='bbox 1980 3832 2242 3892; x_wconf 90' lang='lat' dir='ltr'>istorum</span> <span class='ocrx_word' id='word_1_421' title='bbox 2303 3833 2546 3906; x_wconf 87' lang='lat' dir='ltr'>studiis,</span> <span class='ocrx_word' id='word_1_422' title='bbox 2613 3837 2948 3918; x_wconf 87' lang='lat' dir='ltr'>multisque</span> <span class='ocrx_word' id='word_1_423' title='bbox 3006 3839 3154 3900; x_wconf 88' lang='lat' dir='ltr'>hinc</span> <span class='ocrx_word' id='word_1_424' title='bbox 3213 3847 3273 3901; x_wconf 91' lang='lat' dir='ltr'>et</span> <span class='ocrx_word' id='word_1_425' title='bbox 3331 3841 3478 3904; x_wconf 90' lang='lat' dir='ltr'>hinc</span> <span class='ocrx_word' id='word_1_426' title='bbox 3534 3854 3823 3930; x_wconf 85' lang='lat' dir='ltr'>paratis,</span> 
     </span>
    </p>
   </div>
   <div class='ocr_carea' id='block_1_38' title="bbox 397 3927 3838 4015">
    <p class='ocr_par' dir='ltr' id='par_1_38' title="bbox 397 3927 3838 4015">
     <span class='ocr_line' id='line_1_38' title="bbox 397 3927 3838 4015; baseline 0.003 -19"><span class='ocrx_word' id='word_1_427' title='bbox 397 3940 579 3996; x_wconf 89' lang='lat' dir='ltr'>tanta</span> <span class='ocrx_word' id='word_1_428' title='bbox 633 3927 830 4011; x_wconf 75' lang='lat' dir='ltr'>huius</span> <span class='ocrx_word' id='word_1_429' title='bbox 886 3931 1183 3990; x_wconf 77' lang='lat' dir='ltr'>Romanae</span> <span class='ocrx_word' id='word_1_430' title='bbox 1243 3928 1535 3990; x_wconf 90' lang='lat' dir='ltr'>editionis</span> <span class='ocrx_word' id='word_1_431' title='bbox 1592 3928 1976 4008; x_wconf 85' lang='lat' dir='ltr'>exspectatio</span> <span class='ocrx_word' id='word_1_432' title='bbox 2026 3929 2357 4004; x_wconf 86' lang='lat' dir='ltr'>increbuit,</span> <span class='ocrx_word' id='word_1_433' title='bbox 2411 3937 2481 3992; x_wconf 90' lang='lat' dir='ltr'>ut</span> <span class='ocrx_word' id='word_1_434' title='bbox 2527 3934 3056 3997; x_wconf 87' lang='lat' dir='ltr'>eminentissimus</span> <span class='ocrx_word' id='word_1_435' title='bbox 3115 3939 3454 4000; x_wconf 88' lang='lat' dir='ltr'>cardinalis</span> <span class='ocrx_word' id='word_1_436' title='bbox 3509 3927 3838 4015; x_wconf 73' lang='lat' dir='ltr'>Quirinus</span> 
     </span>
    </p>
   </div>
   <div class='ocr_carea' id='block_1_39' title="bbox 397 4025 3834 4114">
    <p class='ocr_par' dir='ltr' id='par_1_39' title="bbox 397 4025 3834 4114">
     <span class='ocr_line' id='line_1_39' title="bbox 397 4025 3834 4114; baseline 0.003 -18"><span class='ocrx_word' id='word_1_437' title='bbox 397 4033 519 4096; x_wconf 89' lang='lat' dir='ltr'>hac</span> <span class='ocrx_word' id='word_1_438' title='bbox 548 4033 623 4094; x_wconf 91' lang='lat' dir='ltr'>de</span> <span class='ocrx_word' id='word_1_439' title='bbox 654 4047 845 4093; x_wconf 88' lang='lat' dir='ltr'>causa</span> <span class='ocrx_word' id='word_1_440' title='bbox 874 4026 1194 4107; x_wconf 87' lang='lat' dir='ltr'>scripserit</span> <span class='ocrx_word' id='word_1_441' title='bbox 1225 4043 1392 4088; x_wconf 89' lang='lat' dir='ltr'>anno</span> <span class='ocrx_word' id='word_1_442' title='bbox 1442 4025 1620 4098; x_wconf 80' lang='grc'><strong>1740,</strong></span> <span class='ocrx_word' id='word_1_443' title='bbox 1653 4026 1716 4086; x_wconf 92' lang='lat' dir='ltr'>in</span> <span class='ocrx_word' id='word_1_444' title='bbox 1749 4027 2096 4106; x_wconf 90' lang='lat' dir='ltr'>appendice</span> <span class='ocrx_word' id='word_1_445' title='bbox 2154 4027 2437 4106; x_wconf 79' lang='lat' dir='ltr'>subjecta</span> <span class='ocrx_word' id='word_1_446' title='bbox 2490 4031 2667 4090; x_wconf 89' lang='lat' dir='ltr'>Pauli</span> <span class='ocrx_word' id='word_1_447' title='bbox 2699 4034 2751 4092; x_wconf 94' lang='grc' dir='ltr'>ΙΙ</span> <span class='ocrx_word' id='word_1_448' title='bbox 2810 4035 2991 4108; x_wconf 83' lang='lat' dir='ltr'>Vitae,</span> <span class='ocrx_word' id='word_1_449' title='bbox 3029 4056 3173 4114; x_wconf 84' lang='lat' dir='ltr'>pag.</span> <span class='ocrx_word' id='word_1_450' title='bbox 3241 4039 3380 4112; x_wconf 85' lang='grc'><strong>161,</strong></span> <span class='ocrx_word' id='word_1_451' title='bbox 3443 4059 3566 4101; x_wconf 92' lang='lat' dir='ltr'>non</span> <span class='ocrx_word' id='word_1_452' title='bbox 3597 4045 3834 4113; x_wconf 83' lang='lat' dir='ltr'>solum</span> 
     </span>
    </p>
   </div>
   <div class='ocr_carea' id='block_1_40' title="bbox 392 4124 3834 4217">
    <p class='ocr_par' dir='ltr' id='par_1_40' title="bbox 392 4124 3834 4217">
     <span class='ocr_line' id='line_1_40' title="bbox 392 4124 3834 4217; baseline 0.003 -23"><span class='ocrx_word' id='word_1_453' title='bbox 392 4134 633 4217; x_wconf 79' lang='lat' dir='ltr'>piorum</span> <span class='ocrx_word' id='word_1_454' title='bbox 661 4139 840 4211; x_wconf 80' lang='lat' dir='ltr'>atque</span> <span class='ocrx_word' id='word_1_455' title='bbox 881 4125 1250 4188; x_wconf 79' lang='lat' dir='ltr'>eruditorum</span> <span class='ocrx_word' id='word_1_456' title='bbox 1295 4134 1484 4187; x_wconf 81' lang='lat' dir='ltr'>votum</span> <span class='ocrx_word' id='word_1_457' title='bbox 1543 4124 1866 4205; x_wconf 81' lang='lat' dir='ltr'>deposcere,</span> <span class='ocrx_word' id='word_1_458' title='bbox 1914 4145 2128 4187; x_wconf 89' lang='lat' dir='ltr'>verum</span> <span class='ocrx_word' id='word_1_459' title='bbox 2190 4129 2376 4186; x_wconf 89' lang='lat' dir='ltr'>etiam</span> <span class='ocrx_word' id='word_1_460' title='bbox 2420 4147 2661 4208; x_wconf 80' lang='lat' dir='ltr'>sqerare</span> <span class='ocrx_word' id='word_1_461' title='bbox 2701 4132 2993 4193; x_wconf 70' lang='lat' dir='ltr'>saniorem</span> <span class='ocrx_word' id='word_1_462' title='bbox 3035 4153 3106 4194; x_wconf 89' lang='lat' dir='ltr'>ac</span> <span class='ocrx_word' id='word_1_463' title='bbox 3131 4134 3457 4214; x_wconf 69' lang='lat' dir='ltr'>ﬁdeliorem</span> <span class='ocrx_word' id='word_1_464' title='bbox 3488 4139 3834 4214; x_wconf 70' lang='lat' dir='ltr'>editionem</span> 
     </span>
    </p>
   </div>
   <div class='ocr_carea' id='block_1_41' title="bbox 396 4219 1861 4306">
    <p class='ocr_par' dir='ltr' id='par_1_41' title="bbox 396 4219 1861 4306">
     <span class='ocr_line' id='line_1_41' title="bbox 396 4219 1861 4306; baseline -0.008 -14"><span class='ocrx_word' id='word_1_465' title='bbox 396 4231 478 4292; x_wconf 86' lang='lat' dir='ltr'>ad</span> <span class='ocrx_word' id='word_1_466' title='bbox 526 4223 943 4291; x_wconf 72' lang='lat' dir='ltr'>Vaticanorum</span> <span class='ocrx_word' id='word_1_467' title='bbox 980 4224 1310 4306; x_wconf 74' lang='lat' dir='ltr'>praesertim</span> <span class='ocrx_word' id='word_1_468' title='bbox 1353 4220 1615 4284; x_wconf 75' lang='lat' dir='ltr'>codicum</span> <span class='ocrx_word' id='word_1_469' title='bbox 1657 4219 1861 4301; x_wconf 79' lang='lat' dir='ltr'>ﬁdem.</span> 
     </span>
    </p>
   </div>
   <div class='ocr_carea' id='block_1_42' title="bbox 476 4321 3836 4408">
    <p class='ocr_par' dir='ltr' id='par_1_42' title="bbox 476 4321 3836 4408">
     <span class='ocr_line' id='line_1_42' title="bbox 476 4321 3836 4408; baseline 0.004 -20"><span class='ocrx_word' id='word_1_470' title='bbox 476 4329 578 4388; x_wconf 80' lang='grc' dir='ltr'>ιν.</span> <span class='ocrx_word' id='word_1_471' title='bbox 611 4330 770 4387; x_wconf 89' lang='lat' dir='ltr'>Dum</span> <span class='ocrx_word' id='word_1_472' title='bbox 830 4343 995 4385; x_wconf 89' lang='lat' dir='ltr'>unus</span> <span class='ocrx_word' id='word_1_473' title='bbox 1051 4342 1084 4384; x_wconf 88' lang='lat' dir='ltr'>e</span> <span class='ocrx_word' id='word_1_474' title='bbox 1144 4321 1326 4384; x_wconf 90' lang='lat' dir='ltr'>nobis</span> <span class='ocrx_word' id='word_1_475' title='bbox 1382 4340 1549 4382; x_wconf 87' lang='lat' dir='ltr'>anno</span> <span class='ocrx_word' id='word_1_476' title='bbox 1602 4321 1758 4382; x_wconf 74' lang='grc'><strong>1748</strong></span> <span class='ocrx_word' id='word_1_477' title='bbox 1819 4324 2080 4382; x_wconf 73' lang='lat' dir='ltr'>Romam</span> <span class='ocrx_word' id='word_1_478' title='bbox 2139 4323 2263 4383; x_wconf 90' lang='lat' dir='ltr'>alia</span> <span class='ocrx_word' id='word_1_479' title='bbox 2312 4324 2388 4384; x_wconf 93' lang='lat' dir='ltr'>de</span> <span class='ocrx_word' id='word_1_480' title='bbox 2421 4343 2610 4386; x_wconf 82' lang='lat' dir='ltr'>causa</span> <span class='ocrx_word' id='word_1_481' title='bbox 2663 4328 2940 4402; x_wconf 89' lang='lat' dir='ltr'>accessit,</span> <span class='ocrx_word' id='word_1_482' title='bbox 3002 4329 3077 4390; x_wconf 91' lang='lat' dir='ltr'>de</span> <span class='ocrx_word' id='word_1_483' title='bbox 3136 4328 3254 4390; x_wconf 89' lang='lat' dir='ltr'>hac</span> <span class='ocrx_word' id='word_1_484' title='bbox 3305 4351 3468 4394; x_wconf 89' lang='lat' dir='ltr'>nova</span> <span class='ocrx_word' id='word_1_485' title='bbox 3525 4336 3836 4408; x_wconf 82' lang='lat' dir='ltr'>editione</span> 
     </span>
    </p>
   </div>
   <div class='ocr_carea' id='block_1_43' title="bbox 397 4419 3833 4508">
    <p class='ocr_par' dir='ltr' id='par_1_43' title="bbox 397 4419 3833 4508">
     <span class='ocr_line' id='line_1_43' title="bbox 397 4419 3833 4508; baseline 0.002 -24"><span class='ocrx_word' id='word_1_486' title='bbox 397 4425 608 4505; x_wconf 87' lang='lat' dir='ltr'>plures</span> <span class='ocrx_word' id='word_1_487' title='bbox 663 4421 1012 4481; x_wconf 89' lang='lat' dir='ltr'>sciscitatus</span> <span class='ocrx_word' id='word_1_488' title='bbox 1072 4427 1186 4481; x_wconf 88' lang='lat' dir='ltr'>est.</span> <span class='ocrx_word' id='word_1_489' title='bbox 1248 4421 1326 4480; x_wconf 90' lang='lat' dir='ltr'>At</span> <span class='ocrx_word' id='word_1_490' title='bbox 1400 4420 1506 4480; x_wconf 90' lang='lat' dir='ltr'>alii</span> <span class='ocrx_word' id='word_1_491' title='bbox 1565 4439 1630 4480; x_wconf 91' lang='lat' dir='ltr'>se</span> <span class='ocrx_word' id='word_1_492' title='bbox 1677 4419 1923 4498; x_wconf 90' lang='lat' dir='ltr'>jamdiu</span> <span class='ocrx_word' id='word_1_493' title='bbox 2002 4420 2159 4481; x_wconf 88' lang='lat' dir='ltr'>nihil</span> <span class='ocrx_word' id='word_1_494' title='bbox 2217 4421 2457 4496; x_wconf 88' lang='lat' dir='ltr'>audire,</span> <span class='ocrx_word' id='word_1_495' title='bbox 2542 4426 2649 4485; x_wconf 90' lang='lat' dir='ltr'>alii</span> <span class='ocrx_word' id='word_1_496' title='bbox 2697 4445 2843 4486; x_wconf 88' lang='lat' dir='ltr'>vero</span> <span class='ocrx_word' id='word_1_497' title='bbox 2910 4446 3084 4507; x_wconf 91' lang='lat' dir='ltr'>spem</span> <span class='ocrx_word' id='word_1_498' title='bbox 3145 4447 3394 4491; x_wconf 90' lang='lat' dir='ltr'>omnem</span> <span class='ocrx_word' id='word_1_499' title='bbox 3473 4439 3833 4508; x_wconf 69' lang='lat' dir='ltr'>evanuisse</span> 
     </span>
    </p>
   </div>
   <div class='ocr_carea' id='block_1_44' title="bbox 397 4516 3838 4607">
    <p class='ocr_par' dir='ltr' id='par_1_44' title="bbox 397 4516 3838 4607">
     <span class='ocr_line' id='line_1_44' title="bbox 397 4516 3838 4607; baseline 0.004 -27"><span class='ocrx_word' id='word_1_500' title='bbox 397 4517 878 4599; x_wconf 87' lang='lat' dir='ltr'>responderunt.</span> <span class='ocrx_word' id='word_1_501' title='bbox 939 4516 1074 4586; x_wconf 89' lang='lat' dir='ltr'>Qua</span> <span class='ocrx_word' id='word_1_502' title='bbox 1121 4517 1196 4576; x_wconf 92' lang='lat' dir='ltr'>de</span> <span class='ocrx_word' id='word_1_503' title='bbox 1259 4536 1321 4576; x_wconf 91' lang='lat' dir='ltr'>re</span> <span class='ocrx_word' id='word_1_504' title='bbox 1392 4535 1532 4575; x_wconf 91' lang='lat' dir='ltr'>cum</span> <span class='ocrx_word' id='word_1_505' title='bbox 1612 4536 1816 4578; x_wconf 89' lang='lat' dir='ltr'>sermo</span> <span class='ocrx_word' id='word_1_506' title='bbox 1887 4518 2105 4578; x_wconf 80' lang='lat' dir='ltr'>fuisset</span> <span class='ocrx_word' id='word_1_507' title='bbox 2184 4537 2395 4580; x_wconf 88' lang='lat' dir='ltr'>coram</span> <span class='ocrx_word' id='word_1_508' title='bbox 2477 4541 2724 4584; x_wconf 90' lang='lat' dir='ltr'>summo</span> <span class='ocrx_word' id='word_1_509' title='bbox 2786 4525 3078 4604; x_wconf 84' lang='lat' dir='ltr'>pontiﬁce</span> <span class='ocrx_word' id='word_1_510' title='bbox 3138 4529 3477 4590; x_wconf 88' lang='lat' dir='ltr'>Benedicto</span> <span class='ocrx_word' id='word_1_511' title='bbox 3533 4533 3689 4607; x_wconf 79' lang='lat' dir='ltr'>XIV,</span> <span class='ocrx_word' id='word_1_512' title='bbox 3775 4547 3838 4607; x_wconf 74' lang='lat' dir='ltr'>is</span> 
     </span>
    </p>
   </div>
   <div class='ocr_carea' id='block_1_45' title="bbox 396 4613 3835 4706">
    <p class='ocr_par' dir='ltr' id='par_1_45' title="bbox 396 4613 3835 4706">
     <span class='ocr_line' id='line_1_45' title="bbox 396 4613 3835 4706; baseline 0.004 -28"><span class='ocrx_word' id='word_1_513' title='bbox 396 4617 680 4680; x_wconf 88' lang='lat' dir='ltr'>eamdem</span> <span class='ocrx_word' id='word_1_514' title='bbox 713 4613 1212 4693; x_wconf 84' lang='lat' dir='ltr'>desperationem</span> <span class='ocrx_word' id='word_1_515' title='bbox 1247 4613 1661 4674; x_wconf 85' lang='lat' dir='ltr'>conﬁrmante</span> <span class='ocrx_word' id='word_1_516' title='bbox 1691 4633 1816 4674; x_wconf 92' lang='lat' dir='ltr'>uno</span> <span class='ocrx_word' id='word_1_517' title='bbox 1873 4633 1949 4675; x_wconf 90' lang='lat' dir='ltr'>ex</span> <span class='ocrx_word' id='word_1_518' title='bbox 2004 4615 2127 4675; x_wconf 91' lang='lat' dir='ltr'>illis</span> <span class='ocrx_word' id='word_1_519' title='bbox 2157 4616 2425 4690; x_wconf 90' lang='lat' dir='ltr'>duobus,</span> <span class='ocrx_word' id='word_1_520' title='bbox 2487 4620 2714 4698; x_wconf 88' lang='lat' dir='ltr'>quibus</span> <span class='ocrx_word' id='word_1_521' title='bbox 2765 4639 2841 4681; x_wconf 91' lang='lat' dir='ltr'>ea</span> <span class='ocrx_word' id='word_1_522' title='bbox 2900 4623 3089 4684; x_wconf 89' lang='lat' dir='ltr'>editio</span> <span class='ocrx_word' id='word_1_523' title='bbox 3149 4625 3265 4684; x_wconf 91' lang='lat' dir='ltr'>sub</span> <span class='ocrx_word' id='word_1_524' title='bbox 3317 4627 3638 4692; x_wconf 90' lang='lat' dir='ltr'>Clemente</span> <span class='ocrx_word' id='word_1_525' title='bbox 3697 4639 3835 4706; x_wconf 81' lang='grc' dir='ltr'>ΧΠ</span> 
     </span>
    </p>
   </div>
   <div class='ocr_carea' id='block_1_46' title="bbox 357 4711 3834 4802">
    <p class='ocr_par' dir='ltr' id='par_1_46' title="bbox 357 4711 3834 4802">
     <span class='ocr_line' id='line_1_46' title="bbox 357 4711 3834 4802; baseline 0.004 -25"><span class='ocrx_word' id='word_1_526' title='bbox 357 4714 729 4777; x_wconf 80' lang='lat' dir='ltr'>&#39;commissa</span> <span class='ocrx_word' id='word_1_527' title='bbox 759 4714 982 4785; x_wconf 81' lang='lat' dir='ltr'>fuerat,</span> <span class='ocrx_word' id='word_1_528' title='bbox 1019 4711 1211 4772; x_wconf 91' lang='lat' dir='ltr'>hocce</span> <span class='ocrx_word' id='word_1_529' title='bbox 1267 4711 1542 4770; x_wconf 87' lang='lat' dir='ltr'>studium</span> <span class='ocrx_word' id='word_1_530' title='bbox 1601 4712 1782 4772; x_wconf 89' lang='lat' dir='ltr'>nobis</span> <span class='ocrx_word' id='word_1_531' title='bbox 1839 4712 2157 4791; x_wconf 89' lang='lat' dir='ltr'>imposuit.</span> <span class='ocrx_word' id='word_1_532' title='bbox 2221 4714 2297 4773; x_wconf 86' lang='lat' dir='ltr'>Et</span> <span class='ocrx_word' id='word_1_533' title='bbox 2346 4715 2397 4774; x_wconf 91' lang='lat' dir='ltr'>si</span> <span class='ocrx_word' id='word_1_534' title='bbox 2447 4735 2590 4777; x_wconf 88' lang='lat' dir='ltr'>vero</span> <span class='ocrx_word' id='word_1_535' title='bbox 2627 4726 2854 4796; x_wconf 58' lang='lat' dir='ltr'>prater</span> <span class='ocrx_word' id='word_1_536' title='bbox 2909 4739 2983 4780; x_wconf 89' lang='lat' dir='ltr'>ea</span> <span class='ocrx_word' id='word_1_537' title='bbox 3013 4741 3154 4800; x_wconf 65' lang='lat' dir='ltr'>qua&quot;:</span> <span class='ocrx_word' id='word_1_538' title='bbox 3190 4723 3368 4784; x_wconf 91' lang='lat' dir='ltr'>initio</span> <span class='ocrx_word' id='word_1_539' title='bbox 3427 4742 3834 4802; x_wconf 76' lang='lat' dir='ltr'>memoravi-</span> 
     </span>
    </p>
   </div>
   <div class='ocr_carea' id='block_1_47' title="bbox 397 4807 3836 4898">
    <p class='ocr_par' dir='ltr' id='par_1_47' title="bbox 397 4807 3836 4898">
     <span class='ocr_line' id='line_1_47' title="bbox 397 4807 3836 4898; baseline 0.004 -26"><span class='ocrx_word' id='word_1_540' title='bbox 397 4830 536 4872; x_wconf 89' lang='lat' dir='ltr'>mus</span> <span class='ocrx_word' id='word_1_541' title='bbox 604 4817 960 4872; x_wconf 90' lang='lat' dir='ltr'>nostrarum</span> <span class='ocrx_word' id='word_1_542' title='bbox 1033 4809 1224 4870; x_wconf 89' lang='lat' dir='ltr'>etiam</span> <span class='ocrx_word' id='word_1_543' title='bbox 1285 4807 1510 4892; x_wconf 85' lang='lat' dir='ltr'>virium</span> <span class='ocrx_word' id='word_1_544' title='bbox 1571 4809 1971 4869; x_wconf 88' lang='lat' dir='ltr'>imbecillitas</span> <span class='ocrx_word' id='word_1_545' title='bbox 2029 4810 2396 4884; x_wconf 85' lang='lat' dir='ltr'>deterreret,</span> <span class='ocrx_word' id='word_1_546' title='bbox 2458 4812 2692 4873; x_wconf 89' lang='lat' dir='ltr'>diutius</span> <span class='ocrx_word' id='word_1_547' title='bbox 2753 4821 2960 4876; x_wconf 89' lang='lat' dir='ltr'>tamen</span> <span class='ocrx_word' id='word_1_548' title='bbox 3021 4821 3380 4882; x_wconf 88' lang='lat' dir='ltr'>auctoritati</span> <span class='ocrx_word' id='word_1_549' title='bbox 3443 4830 3636 4886; x_wconf 84' lang='lat' dir='ltr'>tantae</span> <span class='ocrx_word' id='word_1_550' title='bbox 3704 4852 3836 4898; x_wconf 78' lang='lat' dir='ltr'>re-</span> 
     </span>
    </p>
   </div>
   <div class='ocr_carea' id='block_1_48' title="bbox 390 4906 3839 5000">
    <p class='ocr_par' dir='ltr' id='par_1_48' title="bbox 390 4906 3839 5000">
     <span class='ocr_line' id='line_1_48' title="bbox 390 4906 3839 5000; baseline 0.004 -29"><span class='ocrx_word' id='word_1_551' title='bbox 390 4909 740 4971; x_wconf 86' lang='lat' dir='ltr'>sistendum</span> <span class='ocrx_word' id='word_1_552' title='bbox 797 4927 925 4969; x_wconf 92' lang='lat' dir='ltr'>non</span> <span class='ocrx_word' id='word_1_553' title='bbox 975 4908 1112 4968; x_wconf 86' lang='lat' dir='ltr'>fuit.</span> <span class='ocrx_word' id='word_1_554' title='bbox 1175 4912 1456 4985; x_wconf 75' lang='lat' dir='ltr'>Cumque</span> <span class='ocrx_word' id='word_1_555' title='bbox 1516 4907 1592 4967; x_wconf 93' lang='lat' dir='ltr'>de</span> <span class='ocrx_word' id='word_1_556' title='bbox 1624 4907 1745 4966; x_wconf 89' lang='lat' dir='ltr'>hac</span> <span class='ocrx_word' id='word_1_557' title='bbox 1801 4906 2075 4966; x_wconf 81' lang='lat' dir='ltr'>editione</span> <span class='ocrx_word' id='word_1_558' title='bbox 2106 4915 2394 4987; x_wconf 88' lang='lat' dir='ltr'>suscepta</span> <span class='ocrx_word' id='word_1_559' title='bbox 2450 4910 2510 4969; x_wconf 90' lang='lat' dir='ltr'>in</span> <span class='ocrx_word' id='word_1_560' title='bbox 2561 4912 2727 4973; x_wconf 83' lang='lat' dir='ltr'>Urbe</span> <span class='ocrx_word' id='word_1_561' title='bbox 2758 4913 3150 4992; x_wconf 88' lang='lat' dir='ltr'>divulgatum</span> <span class='ocrx_word' id='word_1_562' title='bbox 3183 4928 3362 4994; x_wconf 90' lang='lat' dir='ltr'>esset,</span> <span class='ocrx_word' id='word_1_563' title='bbox 3400 4940 3839 5000; x_wconf 66' lang='lat' dir='ltr'>accesserunt</span> 
     </span>
    </p>
   </div>
   <div class='ocr_carea' id='block_1_49' title="bbox 393 5005 3830 5097">
    <p class='ocr_par' dir='ltr' id='par_1_49' title="bbox 393 5005 3830 5097">
     <span class='ocr_line' id='line_1_49' title="bbox 393 5005 3830 5097; baseline 0.005 -28"><span class='ocrx_word' id='word_1_564' title='bbox 393 5009 632 5088; x_wconf 88' lang='lat' dir='ltr'>aliquot</span> <span class='ocrx_word' id='word_1_565' title='bbox 662 5005 1100 5076; x_wconf 87' lang='lat' dir='ltr'>cardinalium,</span> <span class='ocrx_word' id='word_1_566' title='bbox 1154 5006 1559 5084; x_wconf 68' lang='lat' dir='ltr'>praebiturum</span> <span class='ocrx_word' id='word_1_567' title='bbox 1609 5014 1670 5066; x_wconf 87' lang='lat' dir='ltr'>et</span> <span class='ocrx_word' id='word_1_568' title='bbox 1727 5007 2072 5066; x_wconf 77' lang='lat' dir='ltr'>amicorum</span> <span class='ocrx_word' id='word_1_569' title='bbox 2120 5007 2450 5086; x_wconf 85' lang='lat' dir='ltr'>impulsus,</span> <span class='ocrx_word' id='word_1_570' title='bbox 2512 5012 2620 5089; x_wconf 88' lang='lat' dir='ltr'>qui</span> <span class='ocrx_word' id='word_1_571' title='bbox 2677 5012 2868 5072; x_wconf 86' lang='lat' dir='ltr'>etiam</span> <span class='ocrx_word' id='word_1_572' title='bbox 2900 5015 3204 5077; x_wconf 86' lang='lat' dir='ltr'>auxilium</span> <span class='ocrx_word' id='word_1_573' title='bbox 3253 5037 3434 5079; x_wconf 92' lang='lat' dir='ltr'>suum</span> <span class='ocrx_word' id='word_1_574' title='bbox 3483 5022 3830 5097; x_wconf 72' lang='lat' dir='ltr'>obtulere,</span> 
     </span>
    </p>
   </div>
   <div class='ocr_carea' id='block_1_50' title="bbox 391 5103 3831 5198">
    <p class='ocr_par' dir='ltr' id='par_1_50' title="bbox 391 5103 3831 5198">
     <span class='ocr_line' id='line_1_50' title="bbox 391 5103 3831 5198; baseline 0.004 -32"><span class='ocrx_word' id='word_1_575' title='bbox 391 5105 543 5166; x_wconf 87' lang='lat' dir='ltr'>Cum</span> <span class='ocrx_word' id='word_1_576' title='bbox 576 5103 960 5166; x_wconf 87' lang='lat' dir='ltr'>acodicibus</span> <span class='ocrx_word' id='word_1_577' title='bbox 989 5103 1438 5164; x_wconf 87' lang='lat' dir='ltr'>exordiendum</span> <span class='ocrx_word' id='word_1_578' title='bbox 1491 5109 1673 5177; x_wconf 89' lang='lat' dir='ltr'>esset,</span> <span class='ocrx_word' id='word_1_579' title='bbox 1737 5103 2029 5162; x_wconf 88' lang='lat' dir='ltr'>laudatus</span> <span class='ocrx_word' id='word_1_580' title='bbox 2085 5122 2368 5166; x_wconf 89' lang='lat' dir='ltr'>summus</span> <span class='ocrx_word' id='word_1_581' title='bbox 2423 5111 2732 5187; x_wconf 80' lang='lat' dir='ltr'>pontifex,</span> <span class='ocrx_word' id='word_1_582' title='bbox 2795 5118 2864 5171; x_wconf 93' lang='lat' dir='ltr'>ut</span> <span class='ocrx_word' id='word_1_583' title='bbox 2905 5113 3246 5176; x_wconf 90' lang='lat' dir='ltr'>faciliorem</span> <span class='ocrx_word' id='word_1_584' title='bbox 3303 5117 3831 5198; x_wconf 80' lang='lat' dir='ltr'>expeditiorem-</span> 
     </span>
    </p>
   </div>
   <div class='ocr_carea' id='block_1_51' title="bbox 391 5199 3830 5294">
    <p class='ocr_par' dir='ltr' id='par_1_51' title="bbox 391 5199 3830 5294">
     <span class='ocr_line' id='line_1_51' title="bbox 391 5199 3830 5294; baseline 0.006 -32"><span class='ocrx_word' id='word_1_585' title='bbox 391 5222 513 5283; x_wconf 88' lang='lat' dir='ltr'>que</span> <span class='ocrx_word' id='word_1_586' title='bbox 545 5202 942 5263; x_wconf 90' lang='lat' dir='ltr'>collationem</span> <span class='ocrx_word' id='word_1_587' title='bbox 975 5202 1231 5274; x_wconf 89' lang='lat' dir='ltr'>faceret,</span> <span class='ocrx_word' id='word_1_588' title='bbox 1284 5201 1602 5262; x_wconf 66' lang='lat' dir='ltr'>Vaticanaa</span> <span class='ocrx_word' id='word_1_589' title='bbox 1661 5199 2055 5260; x_wconf 65' lang='lat' dir='ltr'>bibliothecm</span> <span class='ocrx_word' id='word_1_590' title='bbox 2107 5219 2254 5262; x_wconf 88' lang='lat' dir='ltr'>mss.</span> <span class='ocrx_word' id='word_1_591' title='bbox 2316 5204 2531 5280; x_wconf 92' lang='lat' dir='ltr'>libros,</span> <span class='ocrx_word' id='word_1_592' title='bbox 2593 5209 2700 5285; x_wconf 90' lang='lat' dir='ltr'>qui</span> <span class='ocrx_word' id='word_1_593' title='bbox 2760 5211 3034 5271; x_wconf 89' lang='lat' dir='ltr'>maximo</span> <span class='ocrx_word' id='word_1_594' title='bbox 3085 5214 3224 5274; x_wconf 91' lang='lat' dir='ltr'>usui</span> <span class='ocrx_word' id='word_1_595' title='bbox 3272 5215 3498 5289; x_wconf 88' lang='lat' dir='ltr'>forent,</span> <span class='ocrx_word' id='word_1_596' title='bbox 3534 5217 3830 5294; x_wconf 78' lang='lat' dir='ltr'>domum</span> 
     </span>
    </p>
   </div>
   <div class='ocr_carea' id='block_1_52' title="bbox 391 5297 3828 5405">
    <p class='ocr_par' dir='ltr' id='par_1_52' title="bbox 391 5297 3828 5405">
     <span class='ocr_line' id='line_1_52' title="bbox 391 5297 3828 5405; baseline 0.003 -41"><span class='ocrx_word' id='word_1_597' title='bbox 391 5301 622 5364; x_wconf 81' lang='lat' dir='ltr'>deferri</span> <span class='ocrx_word' id='word_1_598' title='bbox 675 5299 976 5380; x_wconf 89' lang='lat' dir='ltr'>peculiari</span> <span class='ocrx_word' id='word_1_599' title='bbox 1009 5299 1336 5380; x_wconf 84' lang='lat' dir='ltr'>privilegio</span> <span class='ocrx_word' id='word_1_600' title='bbox 1368 5297 1693 5358; x_wconf 88' lang='lat' dir='ltr'>concessit.</span> <span class='ocrx_word' id='word_1_601' title='bbox 1727 5299 1991 5359; x_wconf 88' lang='lat' dir='ltr'>Patuere</span> <span class='ocrx_word' id='word_1_602' title='bbox 2047 5299 2232 5360; x_wconf 88' lang='lat' dir='ltr'>etiam</span> <span class='ocrx_word' id='word_1_603' title='bbox 2295 5309 2534 5364; x_wconf 59' lang='lat' dir='ltr'>caetera</span> <span class='ocrx_word' id='word_1_604' title='bbox 2594 5306 2990 5369; x_wconf 69' lang='lat' dir='ltr'>bibliotheca:</span> <span class='ocrx_word' id='word_1_605' title='bbox 3043 5312 3364 5387; x_wconf 75' lang='lat' dir='ltr'>Romanae,</span> <span class='ocrx_word' id='word_1_606' title='bbox 3425 5317 3828 5405; x_wconf 56' lang='lat' dir='ltr'>Barberina,</span> 
     </span>
    </p>
   </div>
   <div class='ocr_carea' id='block_1_53' title="bbox 391 5395 3833 5492">
    <p class='ocr_par' dir='ltr' id='par_1_53' title="bbox 391 5395 3833 5492">
     <span class='ocr_line' id='line_1_53' title="bbox 391 5395 3833 5492; baseline 0.01 -34"><span class='ocrx_word' id='word_1_607' title='bbox 391 5399 720 5479; x_wconf 82' lang='lat' dir='ltr'>Ch’igiana,</span> <span class='ocrx_word' id='word_1_608' title='bbox 781 5396 1238 5468; x_wconf 79' lang='lat' dir='ltr'>Casanatensis,</span> <span class='ocrx_word' id='word_1_609' title='bbox 1305 5395 1732 5471; x_wconf 83' lang='lat' dir='ltr'>Vallicellana,</span> <span class='ocrx_word' id='word_1_610' title='bbox 1795 5396 2112 5475; x_wconf 88' lang='lat' dir='ltr'>Angelica,</span> <span class='ocrx_word' id='word_1_611' title='bbox 2177 5406 2240 5459; x_wconf 86' lang='lat' dir='ltr'>et</span> <span class='ocrx_word' id='word_1_612' title='bbox 2268 5399 2376 5460; x_wconf 90' lang='lat' dir='ltr'>illa</span> <span class='ocrx_word' id='word_1_613' title='bbox 2431 5403 2712 5463; x_wconf 62' lang='lat' dir='ltr'>Basilica;</span> <span class='ocrx_word' id='word_1_614' title='bbox 2771 5407 2836 5466; x_wconf 93' lang='lat' dir='ltr'>S.</span> <span class='ocrx_word' id='word_1_615' title='bbox 2895 5407 3083 5467; x_wconf 90' lang='lat' dir='ltr'>Petri.</span> <span class='ocrx_word' id='word_1_616' title='bbox 3149 5411 3302 5470; x_wconf 89' lang='lat' dir='ltr'>Cum</span> <span class='ocrx_word' id='word_1_617' title='bbox 3350 5419 3559 5474; x_wconf 88' lang='lat' dir='ltr'>autem</span> <span class='ocrx_word' id='word_1_618' title='bbox 3614 5395 3833 5492; x_wconf 81' lang='lat' dir='ltr'>multi</span> 
     </span>
    </p>
   </div>
   <div class='ocr_carea' id='block_1_54' title="bbox 395 5493 3829 5589">
    <p class='ocr_par' dir='ltr' id='par_1_54' title="bbox 395 5493 3829 5589">
     <span class='ocr_line' id='line_1_54' title="bbox 395 5493 3829 5589; baseline 0.007 -30"><span class='ocrx_word' id='word_1_619' title='bbox 395 5503 602 5560; x_wconf 86' lang='lat' dir='ltr'>essent</span> <span class='ocrx_word' id='word_1_620' title='bbox 649 5497 894 5558; x_wconf 90' lang='lat' dir='ltr'>codices</span> <span class='ocrx_word' id='word_1_621' title='bbox 951 5494 1286 5566; x_wconf 87' lang='lat' dir='ltr'>recolendi,</span> <span class='ocrx_word' id='word_1_622' title='bbox 1349 5493 1577 5573; x_wconf 90' lang='lat' dir='ltr'>quibus</span> <span class='ocrx_word' id='word_1_623' title='bbox 1630 5513 1791 5554; x_wconf 88' lang='lat' dir='ltr'>unus</span> <span class='ocrx_word' id='word_1_624' title='bbox 1841 5512 1967 5553; x_wconf 91' lang='lat' dir='ltr'>non</span> <span class='ocrx_word' id='word_1_625' title='bbox 2025 5495 2276 5568; x_wconf 86' lang='lat' dir='ltr'>sufficit,</span> <span class='ocrx_word' id='word_1_626' title='bbox 2337 5498 2650 5558; x_wconf 80' lang='lat' dir='ltr'>auxiliarii</span> <span class='ocrx_word' id='word_1_627' title='bbox 2708 5501 2911 5580; x_wconf 91' lang='lat' dir='ltr'>pretio</span> <span class='ocrx_word' id='word_1_628' title='bbox 2960 5513 3375 5581; x_wconf 90' lang='lat' dir='ltr'>accesserunt,</span> <span class='ocrx_word' id='word_1_629' title='bbox 3438 5511 3544 5571; x_wconf 91' lang='lat' dir='ltr'>alii</span> <span class='ocrx_word' id='word_1_630' title='bbox 3603 5519 3829 5589; x_wconf 83' lang='lat' dir='ltr'>etiam</span> 
     </span>
    </p>
   </div>
   <div class='ocr_carea' id='block_1_55' title="bbox 393 5590 3830 5687">
    <p class='ocr_par' dir='ltr' id='par_1_55' title="bbox 393 5590 3830 5687">
     <span class='ocr_line' id='line_1_55' title="bbox 393 5590 3830 5687; baseline 0.005 -31"><span class='ocrx_word' id='word_1_631' title='bbox 393 5601 804 5676; x_wconf 77' lang='lat' dir='ltr'>spontaneum</span> <span class='ocrx_word' id='word_1_632' title='bbox 839 5598 900 5654; x_wconf 91' lang='lat' dir='ltr'>et</span> <span class='ocrx_word' id='word_1_633' title='bbox 930 5592 1269 5673; x_wconf 89' lang='lat' dir='ltr'>gratuitam</span> <span class='ocrx_word' id='word_1_634' title='bbox 1301 5610 1559 5672; x_wconf 88' lang='lat' dir='ltr'>operam</span> <span class='ocrx_word' id='word_1_635' title='bbox 1591 5590 1948 5653; x_wconf 89' lang='lat' dir='ltr'>contulere:</span> <span class='ocrx_word' id='word_1_636' title='bbox 1987 5591 2151 5652; x_wconf 87' lang='lat' dir='ltr'>inter</span> <span class='ocrx_word' id='word_1_637' title='bbox 2201 5611 2360 5670; x_wconf 87' lang='lat' dir='ltr'>quos</span> <span class='ocrx_word' id='word_1_638' title='bbox 2392 5595 2813 5675; x_wconf 83' lang='lat' dir='ltr'>postissimum</span> <span class='ocrx_word' id='word_1_639' title='bbox 2875 5599 3228 5664; x_wconf 87' lang='lat' dir='ltr'>laudandus</span> <span class='ocrx_word' id='word_1_640' title='bbox 3302 5609 3492 5668; x_wconf 90' lang='lat' dir='ltr'>estP.</span> <span class='ocrx_word' id='word_1_641' title='bbox 3545 5611 3830 5687; x_wconf 71' lang='lat' dir='ltr'>Brunus</span> 
     </span>
    </p>
   </div>
   <div class='ocr_carea' id='block_1_56' title="bbox 387 5687 3830 5788">
    <p class='ocr_par' dir='ltr' id='par_1_56' title="bbox 387 5687 3830 5788">
     <span class='ocr_line' id='line_1_56' title="bbox 387 5687 3830 5788; baseline 0.006 -29"><span class='ocrx_word' id='word_1_642' title='bbox 387 5691 610 5775; x_wconf 83' lang='lat' dir='ltr'>Toma,</span> <span class='ocrx_word' id='word_1_643' title='bbox 645 5691 792 5759; x_wconf 83' lang='lat' dir='ltr'>tunc</span> <span class='ocrx_word' id='word_1_644' title='bbox 821 5692 1039 5773; x_wconf 84' lang='lat' dir='ltr'>lector,</span> <span class='ocrx_word' id='word_1_645' title='bbox 1105 5707 1272 5753; x_wconf 85' lang='lat' dir='ltr'>nunc</span> <span class='ocrx_word' id='word_1_646' title='bbox 1302 5690 1475 5773; x_wconf 90' lang='lat' dir='ltr'>prior</span> <span class='ocrx_word' id='word_1_647' title='bbox 1527 5690 1784 5754; x_wconf 87' lang='lat' dir='ltr'>Patrum</span> <span class='ocrx_word' id='word_1_648' title='bbox 1831 5687 2322 5756; x_wconf 69' lang='lat' dir='ltr'>Pmdicatorum</span> <span class='ocrx_word' id='word_1_649' title='bbox 2370 5693 2434 5762; x_wconf 80' lang='lat'>8.</span> <span class='ocrx_word' id='word_1_650' title='bbox 2495 5690 2772 5774; x_wconf 76' lang='lat' dir='ltr'>Sabinae,</span> <span class='ocrx_word' id='word_1_651' title='bbox 2834 5696 2944 5782; x_wconf 88' lang='lat' dir='ltr'>qui</span> <span class='ocrx_word' id='word_1_652' title='bbox 2975 5697 3131 5762; x_wconf 84' lang='lat' dir='ltr'>alios</span> <span class='ocrx_word' id='word_1_653' title='bbox 3160 5719 3194 5766; x_wconf 82' lang='grc' dir='ltr'>θ</span> <span class='ocrx_word' id='word_1_654' title='bbox 3241 5703 3370 5770; x_wconf 84' lang='lat' dir='ltr'>suis</span> <span class='ocrx_word' id='word_1_655' title='bbox 3397 5703 3463 5770; x_wconf 87' lang='lat' dir='ltr'>in</span> <span class='ocrx_word' id='word_1_656' title='bbox 3518 5703 3830 5788; x_wconf 80' lang='lat' dir='ltr'>collatio.</span> 
     </span>
    </p>
   </div>
  </div>
