3914 6232
90 351 129 423 ιτ
993 398 1414 466 PRJEFATIO
1459 399 1898 465 essemus
1945 402 2024 466 IN
2069 400 2276 468 eme
2319 402 2781 473 sermnem.
3498 400 3582 470 ιο

99 507 357 624 ilibussibi
388 532 835 617 adiunxit.
885 536 958 599 In
987 535 1099 600 hoc
1153 535 1373 599 labore
1408 540 1606 599 totum
1663 534 1725 598 id
1773 537 2096 618 temporis,
2157 557 2282 620 quo
2337 541 2497 604 alter
2533 561 2566 605 e
2615 541 2796 605 nobis
2846 543 3060 605 Roma!
3105 547 3392 605 versatus
3448 551 3567 618 est,

113 613 162 678 \t
193 628 266 686 est
296 645 581 697 annum
640 637 1017 716 integrum
1072 653 1212 697 eum
1270 634 1552 708 dimidio,
1613 635 1780 696 inter
1836 636 2082 698 codices
2137 613 2566 702 indesinenter
2608 639 3019 720 consumpsit.
3073 643 3359 722 Cumque
3401 641 3456 703 is
3487 613 3566 703 ex

133 721 257 789 Vrbe
277 727 636 796 discedens
675 733 1022 796 nonnulla
1062 733 1412 814 reliquisset
1471 733 1870 806 conferenda,
1931 734 2279 796 subsidium
2339 737 2816 816 perhumaniter
2863 737 3297 820 praestiterunt
3353 740 3567 820 plures

159 829 312 892 amici.
348 832 425 892 Ρ.
457 834 820 913 magister
863 832 1138 905 Schiara,
1186 831 1422 892 ordinis
1469 831 1985 907 Praedicatorum,
2038 815 2436 896 bibliothecae
2486 815 2892 897 Casanatensi
2941 817 3299 916 praefectus,
3353 815 3564 899 comes

174 929 350 1011 ioseph
395 933 818 1013 Garampus,
881 931 1213 991 canonicns
1271 929 1544 989 basilicae
1595 932 1657 990 S.
1719 930 1888 990 Petri
1931 936 1993 990 et
2057 931 2343 992 Vaticani
2392 932 2629 993 archivi
2691 939 2920 1007 custos,
3001 934 3275 995 concivis
3351 940 3566 998 noster

182 1032 234 1091 P.
272 1031 621 1090 Franciscus
655 1049 698 1091 a
749 1033 978 1100 Puteo,
1028 1028 1352 1107 presbyter
1404 1027 1674 1088 Oratorii
1730 1027 1792 1086 in
1842 1027 2184 1100 Vallicella,
2239 1029 2455 1089 Simon
2501 1029 2856 1090 Ballarinus
2887 1049 2924 1091 a
2969 1030 3356 1093 bibliotheca
3401 1035 3562 1094 Bar-

177 1127 377 1199 berina,
432 1127 675 1206 aliique
759 1125 1066 1197 nonnulli,
1113 1124 1222 1204 qui
1272 1124 1586 1184 variantes
1653 1124 2222 1202 manuscriptorum
2301 1143 2457 1205 quas
2514 1125 3053 1202 desiderabamus,
3113 1127 3226 1189 abs
3293 1147 3358 1191 se
3418 1129 3577 1190 ‘dili-r

175 1233 366 1304 genter
391 1226 747 1304 descriptas
778 1227 1096 1285 Veronam
1127 1221 1455 1282 miserunt.

233 1325 301 1382 ν.
337 1325 402 1384 1n
431 1324 571 1384 aliis
617 1339 878 1403 quoque
926 1321 1121 1382 Italiae
1177 1319 1576 1379 bibliothecis
1629 1337 1666 1378 a
1719 1319 2050 1390 Quesnello
2106 1319 2380 1393 intactis,
2439 1338 2582 1398 quae
2642 1339 2787 1382 mss.
2867 1322 3332 1402 exemplaribus
3398 1324 3561 1386 cele-

164 1422 388 1484 briores
440 1427 611 1494 sunt,
675 1420 991 1482 Leoninos
1049 1418 1318 1492 codices,
1378 1422 1692 1497 quotquot
1747 1416 2014 1494 alicujus
2072 1419 2256 1497 pretii
2315 1418 2624 1490 novimus,
2700 1419 2828 1480 sive
2903 1438 3016 1499 per
3080 1439 3218 1494 nos,
3267 1421 3397 1485 sive
3445 1441 3558 1503 per

157 1521 387 1580 amicos
451 1518 868 1580 conferendos
916 1515 1295 1578 curavimus.
1354 1517 1592 1575 Praeter
1650 1514 2040 1594 exemplaria
2111 1514 2355 1594 aliquot
2419 1517 2934 1594 praestantissima
3007 1517 3268 1597 capituli
3320 1519 3555 1582 cathe-

149 1619 345 1678 dralis
391 1616 790 1688 Veronensis,
843 1634 988 1694 quae
1035 1614 1116 1675 ob
1161 1614 1472 1693 insignem
1523 1618 1896 1674 vetustatem
1947 1612 2135 1673 nullis
2211 1613 2350 1673 aliis
2405 1613 2658 1688 cedunt,
2717 1614 2993 1675 Venetiis
3050 1615 3115 1677 in
3171 1615 3561 1680 bibliotheca

146 1718 204 1776 S.
261 1715 488 1788 Marci,
540 1704 682 1793 quae
715 1713 1000 1793 pluribus
1058 1711 1285 1773 Graecis
1325 1711 1687 1789 Latinisque
1718 1709 2038 1771 codicibus
2094 1709 2574 1773 instructissima
2621 1717 2738 1786 est,
2789 1729 2913 1774 non
2972 1730 3206 1791 paucos
3253 1714 3343 1776 rei
3396 1734 3560 1795 prae-

138 1814 307 1874 senti
371 1813 553 1874 utiles
598 1812 879 1872 invenire
929 1810 1123 1884 licuit,
1181 1815 1244 1871 et
1301 1808 1642 1871 Antonium
1699 1812 2058 1881 Zanettum,
2105 1806 2386 1887 ejusdem
2430 1809 2776 1884 custOdem,
2824 1809 2934 1890 qui
2975 1810 3268 1880 omnibus
3310 1813 3553 1876 studio-

135 1912 216 1971 sis
264 1912 556 1972 favorem
603 1915 878 1990 praestat,
927 1909 992 1969 in
1047 1907 1276 1970 Gracis
1330 1905 1677 1986 praesertim
1736 1906 1912 1966 libris
1963 1906 2317 1967 recolendis
2370 1906 2802 1986 coadjutorem
2857 1907 3390 1974 humanissimum
3446 1929 3558 1978 ex.

133 2009 306 2087 perti
354 2027 593 2069 sumus.
637 2005 880 2068 Patavii
924 2005 988 2067 in
1032 2005 1418 2070 bibliotheca
1467 2006 1726 2064 Patrum
1782 2003 2290 2066 Eremitanorum
2333 2005 2404 2065 P.
2463 2005 2761 2083 magister
2809 2006 3121 2069 Antonius
3172 2007 3553 2084 Manentius,

131 2107 196 2166 in
245 2107 321 2168 S.
372 2107 636 2168 Justinaa
684 2104 1139 2166 monachorum
1186 2104 1249 2164 S.
1311 2101 1632 2179 Benedicti
1674 2103 1744 2162 P.
1791 2102 1865 2162 D.
1913 2101 2233 2181 Spiridion
2295 2101 2703 2175 Peristianus,
2750 2108 2814 2164 et
2854 2103 2918 2164 in
2979 2103 3237 2166 Antonii
3299 2107 3558 2172 Patrum

127 2204 669 2265 Conventualium
713 2203 778 2263 S.
825 2201 1140 2263 Francisci
1185 2203 1253 2260 P.
1303 2199 1603 2277 magister
1647 2198 2027 2278 Reginaldus
2084 2199 2340 2260 Fischer
2381 2200 2627 2262 codices
2678 2206 2741 2264 et
2791 2218 3050 2280 operam
3106 2201 3554 2271 exhibuerunt.

30 2344 32 2354 ι
126 2302 219 2362 Ex
266 2302 506 2380 insigni
551 2299 936 2362 monasterio
991 2298 1452 2360 Padilironensi
1494 2299 1559 2360 S.
1605 2297 1924 2358 Benedicti
1968 2297 2030 2357 in
2078 2315 2230 2376 agro
2295 2299 2636 2360 Mantuano
2681 2301 2751 2360 P.
2801 2301 2874 2360 D.
2921 2301 3197 2366 Joannes
3257 2303 3555 2382 Augusti-

129 2418 252 2460 nus
305 2399 698 2461 Gradonicus
758 2397 1046 2458 codicum
1094 2395 1410 2458 variantes
1471 2413 1598 2456 non
1663 2394 1890 2473 exiguo
1951 2393 2168 2454 labore
2230 2394 2528 2456 collectas
2589 2395 2957 2457 transmisit.
3023 2396 3359 2464 Florentiae
3419 2405 3553 2472 tum

128 2497 191 2556 in
237 2497 634 2559 bibliotheca
680 2499 745 2556 S.
791 2495 1009 2568 Marci,
1075 2499 1208 2554 tum
1252 2493 1317 2554 in
1365 2492 1786 2554 Laurentiana
1845 2492 2123 2552 Medicea
2185 2493 2452 2552 multum
2517 2493 2818 2556 debemus
2859 2495 2928 2554 P.
2976 2494 3198 2562 lectori
3257 2495 3554 2579 Philippo

130 2595 354 2657 Mariae
403 2598 662 2667 Sereno,
714 2593 823 2674 qui
865 2593 992 2654 alia
1034 2592 1318 2666 contulit,
1370 2591 1493 2652 alia
1555 2591 1742 2650 etiam
1789 2591 2139 2671 exscripsit.
2185 2591 2447 2664 Fesulis,
2494 2611 2635 2671 quas
2697 2611 2857 2674 opus
2926 2599 3130 2670 erant,
3194 2597 3558 2674 procuravit

129 2693 177 2750 P
219 2693 589 2754 Alexander
630 2689 1041 2770 Chiappinus,
1089 2689 1283 2750 abbas
1327 2687 1638 2766 generalis
1690 2686 2135 2748 canonicorum
2185 2686 2730 2761 Lateranensium,
2778 2687 2886 2767 qui
2947 2691 3308 2769 nuperrime
3370 2693 3552 2763 obiit.

133 2791 352 2860 Quoad
399 2809 551 2851 mss.
616 2787 846 2849 Montis
907 2786 1136 2860 Casini,
1201 2803 1503 2863 magnum
1568 2789 1906 2863 patronum
1970 2785 2211 2863 experti
2267 2803 2484 2846 sumus
2532 2785 3098 2848 eminentissimum
3166 2775 3584 2853 cardinalem.

131 2888 621 2956 Tamburinum,
689 2885 768 2946 de
830 2883 1010 2962 cujus
1074 2883 1339 2945 mirifico
1403 2883 1588 2961 plane
1647 2881 1862 2942 favore
1923 2881 2256 2961 peculiaris
2319 2882 2546 2943 redibit
2609 2883 2843 2955 mentio
2905 2883 2971 2944 in
3035 2885 3410 2964 praefatione
3463 2889 3553 2950 ad

135 3003 481 3058 sermones,
530 3003 710 3045 num.
760 2984 859 3043 16.
908 2985 1304 3043 Lucanorum
1349 2979 1635 3041 codicum
1698 2979 2098 3040 collationem
2161 2985 2384 3058 sponte
2445 2979 2675 3040 obtulit
2717 2983 2785 3041 P.
2849 2982 3128 3046 Joannes
3189 2983 3553 3050 Dominicus

136 3083 437 3159 Mansius,
483 3085 548 3145 in
595 3081 872 3162 antiquis
917 3099 1064 3141 mss.
1112 3078 1593 3151 versatissimus,
1642 3082 1704 3136 et
1748 3075 2034 3156 pluribus
2077 3076 2259 3137 editis
2321 3076 2712 3137 documentis
2765 3095 2838 3142 ac
2891 3079 3079 3142 tomis
3132 3086 3341 3144 notus.
3396 3083 3550 3148 Ber-

148 3185 317 3259 gomi
360 3203 551 3265 opem
599 3181 745 3244 tulit
787 3177 1202 3241 amicissimus
1245 3181 1463 3238 noster
1502 3177 1575 3237 P.
1621 3173 2013 3255 Hyacinthus
2055 3174 2222 3248 Sale,
2278 3173 2515 3236 ordinis
2557 3175 3070 3250 Praedicatorum,
3117 3177 3184 3238 in
3228 3179 3553 3250 academia

139 3282 512 3344 Taurinensi
558 3279 848 3360 publicus
895 3277 1226 3356 theologiae
1269 3275 1608 3355 professor.
1656 3273 1797 3334 Alia
1840 3273 2117 3334 subsidia
2161 3291 2272 3352 per
2314 3271 2472 3333 alios
2515 3271 2876 3348 Mediolani,
2921 3272 3227 3348 Tridenti,
3285 3276 3550 3340 Taurini

139 3387 197 3446 et
238 3381 394 3441 alibi
443 3383 677 3460 praesto
722 3376 1000 3437 fuerunt.

210 3479 314 3540 Vi.
362 3481 563 3544 Extra
604 3474 851 3554 Italiam
893 3473 1085 3536 etiam
1131 3470 1522 3550 diligentiam
1569 3469 1983 3542 extendimus,
2043 3467 2339 3529 nimirum
2403 3467 2466 3529 in
2513 3467 2924 3530 bibliothecas
2983 3471 3334 3532 Caesaream
3397 3471 3548 3534 Vin-

138 3576 565 3638 debonensem
635 3580 700 3634 et
759 3571 1277 3648 Ratisponensem
1342 3568 1404 3628 S.
1475 3566 1881 3627 Emmerami.
1947 3566 1992 3625 E
2051 3565 2433 3626 bibliotheca
2511 3566 2812 3638 Caesarea,
2897 3565 3080 3646 cujus
3137 3586 3287 3630 mss.
3351 3569 3548 3633 libros

141 3675 348 3740 Gallus
389 3674 605 3736 editor
647 3672 882 3732 frustra
925 3666 1234 3747 quaesivit,
1299 3665 1568 3726 duorum
1627 3661 2290 3744 praestantissimorum
2353 3663 2811 3742 exemplarium
2875 3663 3264 3726 eollectionis
3323 3668 3550 3750 Hispa-

141 3772 290 3833 nicae
335 3779 399 3833 et
445 3768 908 3844 Quesnellianze
953 3763 1352 3826 collationem
1399 3780 1588 3841 quam
1635 3759 2174 3838 diligentissimam
2222 3759 2396 3819 nullo
2442 3759 2722 3838 sumptui
2768 3767 3096 3838 parcentes
3137 3763 3334 3828 nobis.
3373 3765 3554 3828 ’com-

138 3872 525 3948 paravimus.
575 3869 644 3927 In
690 3861 1132 3946 Ratisponensi
1173 3879 1320 3921 vero
1365 3859 1602 3921 servari
1646 3856 1945 3919 eximium
1991 3874 2244 3936 prorsus
2286 3861 2348 3918 et
2389 3856 2770 3936 singularem
2805 3858 3083 3920 codicem
3127 3859 3550 3940 Epistolarum

141 3969 203 4028 S.
249 3968 501 4039 Leonis,
551 3965 756 4026 eidem
803 3960 1200 4021 bibliothecae
1244 3976 1360 4038 pro
1421 3959 1668 4018 Tutone
1731 3954 2024 4033 epiSCOpo
2069 3954 2235 4014 dono
2296 3954 2511 4014 datum
2577 3961 2845 4017 exeunte
2905 3957 3134 4018 saeculo
3199 3978 3391 4035 nono,
3453 3963 3550 4023 vel

143 4065 382 4128 decimo
427 4066 715 4134 ineunte,
763 4057 1126 4140 prodiderat
1165 4057 1236 4116 P.
1269 4055 1627 4116 Bernardus
1668 4054 1786 4113 Pez
1825 4053 1890 4112 in
1921 4052 2356 4114 dissertatione
2399 4053 2716 4132 isagogiea
2758 4055 3082 4133 praemissa
3123 4060 3298 4117 temo
3330 4059 3354 4118 Ι
3384 4057 3552 4119 The-

145 4165 305 4224 sauri
347 4161 848 4230 Aneedotorum,
894 4174 1066 4216 num.
1115 4156 1214 4214 65.
1263 4153 1464 4232 Hujus
1507 4151 1737 4212 codicis
1779 4149 2087 4210 desiderio
2133 4150 2184 4210 is
2227 4151 2335 4230 qui
2379 4169 2412 4211 e
2443 4151 2623 4211 nobis
2669 4154 2883 4212 Romae
2927 4158 3085 4227 erat,
3119 4152 3316 4214 adivit
3355 4155 3427 4214 P.
3461 4154 3546 4216 M.

144 4262 454 4322 Thomam
500 4255 919 4325 Bicchinium,
968 4252 1202 4314 ordinis
1243 4249 1739 4310 Praedicatorum
1785 4267 1822 4308 a
1872 4247 2124 4308 secretis
2187 4247 2693 4326 congregationis
2754 4248 3002 4324 lndieis,
3065 4266 3266 4332 eoque
3331 4267 3554 4333 coope-

145 4367 316 4420 rante
358 4361 436 4419 P.
482 4357 570 4418 Μ.
616 4351 939 4428 Emerieus
979 4352 1476 4427 Langenuaeter,
1523 4345 1802 4424 ejusdem
1847 4344 2084 4406 ordinis
2128 4344 2529 4423 provincialis
2571 4345 2794 4419 Daciae,
2845 4363 2917 4406 ac
2961 4347 3272 4425 generalis
3317 4349 3554 4430 magis-

145 4459 220 4518 tri
261 4457 493 4527 socins,
546 4451 796 4532 scripsit
838 4448 1048 4510 statim
1092 4448 1172 4507 ad
1221 4449 1284 4506 P.
1336 4447 1414 4505 M.
1465 4443 1850 4504 Antoninum
1897 4441 2254 4516 Veichtner,
2308 4442 2416 4520 qui
2461 4461 2628 4516 mox,
2679 4461 2791 4522 pro
2835 4443 3068 4524 insigni
3109 4463 3226 4508 sua
3267 4446 3334 4508 in
3377 4447 3555 4511 hisce

147 4555 362 4616 studiis
409 4550 658 4634 peritia,
707 4546 938 4608 codicis
981 4543 1410 4625 praestantiam
1458 4559 1529 4602 ac
1576 4539 1911 4600 utilitatem
1961 4557 2330 4616 agnoscens,
2381 4539 2593 4601 favore
2638 4559 2763 4602 non
2826 4540 3035 4602 minus
3094 4559 3287 4621 quam
3335 4543 3556 4608 labore

148 4654 331 4733 plane
376 4647 688 4730 singulari
729 4646 935 4726 ipsum
981 4643 1260 4704 codicem
1305 4659 1431 4700 non
1476 4637 1950 4712 conferendum,
1997 4637 2104 4697 sed
2149 4636 2225 4697 de
2270 4637 2464 4698 verbo
2509 4638 2587 4698 ad
2632 4639 2893 4700 verbum
2957 4657 3149 4719 quam
3211 4642 3556 4704 accuratis-

147 4752 298 4812 sime
344 4744 898 4812 transcribendum
942 4741 1209 4821 putavit.
1256 4740 1325 4800 ld
1370 4743 1578 4798 autem
1627 4741 1695 4796 ut
1737 4735 2128 4796 commodius
2173 4753 2285 4814 per
2327 4753 2469 4796 eum
2515 4736 2712 4809 fieret,
2763 4756 2800 4798 a
2861 4737 3382 4801 reverendissimo
3441 4739 3556 4802 ab-

148 4849 283 4912 bate
329 4849 416 4910 ad
458 4848 526 4908 S.
573 4846 1041 4906 Emmeramum
1085 4838 1247 4900 sacri
1289 4835 1558 4898 Romani
1600 4833 1848 4914 imperii
1891 4832 2196 4913 principe,
2243 4834 2377 4894 viro
2421 4835 2485 4894 in
2529 4835 2702 4895 omni
2744 4835 3097 4896 litterarum
3139 4841 3204 4898 et
3261 4837 3557 4900 scientia-

151 4965 280 5008 rum
324 4962 564 5026 genere
607 4939 1055 5010 exeultissimo,
1102 4953 1349 4996 summa
1376 4932 1765 5012 benignitate
1809 4949 2175 4992 concessum
2221 4931 2338 4992 fuit
2381 4937 2450 4992 ut
2499 4932 2664 4993 idem
2727 4932 2922 4994 codex
2971 4933 3425 4998 Landishutum
3490 4936 3558 4998 in

155 5043 481 5106 memorati
525 5043 595 5103 P.
644 5035 949 5100 Antonini
992 5039 1366 5096 conventum
1413 5032 1782 5092 deferretur.
1831 5031 1983 5100 Quae
2027 5029 2358 5108 peculiaris
2403 5030 2589 5091 unius
2633 5030 2961 5109 diligentia
3003 5030 3068 5091 in
3115 5033 3553 5108 exscribenda,

156 5151 210 5204 et
248 5143 511 5205 alterius
555 5135 925 5200 humanitas
967 5134 1029 5193 in
1075 5129 1536 5194 commodando
1580 5132 1710 5189 tam
1763 5126 1993 5187 eximio
2050 5127 2426 5202 codicehde
2489 5147 2615 5208 quo
2675 5129 2860 5208 plura
2917 5129 2981 5190 in
3045 5130 3418 5210 praefatione
3477 5132 3560 5194 ad

158 5241 455 5322 Epistolas
499 5237 771 5300 dicenda
815 5236 1023 5304 erunt,
1071 5237 1203 5291 toto
1247 5229 1385 5290 orbi
1417 5226 1706 5288 testanda
1748 5243 1821 5284 ac
1867 5225 2129 5303 perenni
2175 5227 2492 5287 memoriae
2536 5227 3044 5288 commendanda
3101 5227 3242 5290 fuit.
3289 5230 3400 5292 His
3443 5249 3558 5291 au-

158 5348 269 5402 tem
312 5338 601 5402 subsidiis
644 5330 899 5414 experti
943 5348 1155 5389 sumus
1199 5329 1428 5407 ipsum.
1477 5328 1538 5386 S.
1591 5323 1811 5383 Leonis
1857 5327 2096 5383 textum
2157 5323 2365 5384 adhuc
2428 5330 2570 5404 post
2629 5325 3034 5396 Quesnellum
3098 5345 3280 5407 posse
3339 5343 3558 5389 emen-

157 5438 278 5499 dari
319 5458 442 5500 non
491 5435 845 5502 modicum,
893 5433 956 5489 et
997 5426 1174 5488 novis
1215 5425 1404 5486 etiam
1449 5420 1698 5482 ineditis
1745 5420 2166 5480 monumentis
2210 5422 2448 5500 augeri.

224 5539 347 5600 Vll.
389 5533 818 5601 Sermonibns
862 5523 1272 5587 emendandis
1318 5540 1464 5581 mss.
1512 5516 1902 5597 exemplaria
1946 5518 2231 5578 Romana
2292 5519 2686 5598 potissimum
2751 5519 3123 5582 contulere:
3186 5518 3354 5578 inter
3412 5530 3560 5591 quas

155 5655 279 5698 cum
318 5637 624 5702 nonnulla
671 5629 758 5694 ad
821 5623 1118 5686 basilicas
1179 5621 1364 5683 Urbis
1425 5616 1765 5678 certissime
1817 5613 2255 5694 pertinuerint,
2320 5622 2490 5677 certo
2554 5619 2839 5678 Romana
2899 5623 3066 5688 sunt,
3134 5633 3207 5674 ac
3267 5609 3558 5689 puriores

155 5735 406 5807 lectiones
452 5736 649 5803 nobis
702 5723 1199 5790 conservarnnt.
1245 5713 1636 5792 Quesnellus,
1685 5713 1802 5774 etsi
1843 5711 2042 5773 multa
2104 5713 2397 5786 correxit,
2467 5733 2608 5776 cum
2674 5720 2883 5775 tamen
2951 5712 3068 5774 hos
3127 5707 3382 5769 codices
3426 5721 3559 5768 non
