3914 6232
392 352 476 421 19
1227 366 1640 430 PR.’EFATi0
1686 363 2124 428 GENERALIS
2169 365 2247 426 IN
2293 362 2504 426 HANC
2547 363 3010 429 EDITIONEM.
3720 361 3797 425 20

398 492 785 575 adhibuerit,
837 497 961 561 alia
1008 499 1413 562 inemendata
1459 500 1729 579 reliquit,
1782 500 1906 560 alia
1953 500 2142 562 etiam
2191 498 2363 561 haud
2412 498 2561 560 satis
2610 503 2757 579 apte
2808 498 2905 560 vel
2956 516 3289 582 perperam
3340 496 3629 562 mutavit.
3674 499 3796 561 Nos

395 596 678 654 tercenta
720 595 964 657 circiter
1004 597 1144 658 loca
1185 599 1280 659 vel
1325 605 1492 659 certa
1538 597 1976 659 emendatione
2020 597 2368 671 restituere,
2420 597 2511 657 vel
2570 597 2651 657 ad
2715 597 3036 661 meliorem
3099 594 3433 659 lectionem
3494 615 3791 659 revocare

395 690 742 769 potuimus.
790 696 1102 756 Praeterea
1144 716 1218 757 ex
1267 702 1356 756 tot
1402 697 1717 776 tantisque
1762 696 2023 757 diversae
2068 695 2327 773 originis
2379 695 2697 755 codicibus
2739 696 2927 756 simul
2989 695 3255 769 collatis,
3321 713 3594 775 quorum
3673 697 3798 757 dis-

300 802 313 813 ’
395 786 654 850 tinctam
702 792 986 853 notitiam
1048 794 1338 854 dabimus
1381 793 1442 853 in
1504 793 1874 873 praefatione
1937 792 2018 852 ad
2060 793 2415 866 Sermones,
2481 792 2829 853 deteximus
2892 792 3336 872 corrigendum
3397 792 3689 854 ordinem
3734 795 3793 855 iu

396 888 715 948 nonnullis
773 892 1167 951 sermonibus
1228 891 1709 971 perturbatum;
1774 889 2139 950 dividendos
2199 889 2357 949 duos
2423 907 2743 950 sermones
2802 890 2911 969 qui
2971 891 3035 951 in
3102 909 3298 951 unum
3360 890 3793 963 coaluerant;

398 985 817 1046 amovendum
860 1006 1214 1049 sermonem
1262 989 1452 1049 Leoni
1497 1004 1829 1067 perperam
1875 987 2178 1047 tributum
2224 986 2303 1046 ab
2346 986 2661 1059 omnibus,
2709 1005 2824 1047 nec
2867 1006 2993 1048 non
3039 987 3235 1048 alium
3279 988 3486 1049 eidem
3529 1006 3570 1049 a
3614 989 3800 1060 Ques-

398 1080 567 1144 nello
637 1102 715 1143 ex
758 1103 872 1145 suo
912 1086 1125 1147 codice
1179 1085 1499 1158 afﬁctum;
1566 1085 1760 1145 alium
1805 1103 1973 1157 vero,
2040 1103 2225 1163 quem
2282 1084 2397 1145 iste
2456 1085 2650 1145 Leoni
2711 1085 3002 1159 detraxit,
3070 1085 3581 1159 restituendum;
3646 1085 3799 1147 alia-

399 1196 521 1257 que
564 1180 747 1259 plura
789 1184 1357 1263 manuscriptorum
1403 1201 1521 1263 ope
1568 1180 1992 1262 prmstitimus,
2041 1188 2109 1242 ut
2152 1201 2227 1243 ex
2272 1181 2808 1243 admonitionibus
2852 1188 3041 1262 atque
3103 1183 3626 1246 annotationibus
3690 1203 3800 1264 pa-

399 1274 578 1336 tebit.

481 1403 641 1465 VIII.
686 1405 757 1465 In
800 1405 1093 1485 Epistolis
1136 1405 1365 1466 similia
1405 1403 1796 1484 frequentius
1828 1403 2232 1482 'detegentur.
2292 1402 2724 1465 Correctiones
2769 1423 2894 1465 non
2940 1423 3156 1485 paucae
3216 1425 3331 1468 nec
3391 1406 3561 1470 leves
3622 1408 3802 1470 iden-

400 1499 594 1562 tidem
649 1509 1019 1575 occurrent;
1068 1509 1129 1564 et
1170 1504 1235 1564 in
1277 1504 1376 1563 his
1418 1501 1830 1581 chronologia
1871 1500 2113 1579 aliquot
2155 1500 2574 1579 Epistolarum
2622 1501 3093 1574 restituta,ordo
3139 1504 3424 1566 omnium
3463 1505 3805 1569 immutan-

400 1599 517 1660 dus
558 1600 699 1660 fuit.
747 1602 1058 1673 Quasdam
1105 1601 1416 1681 Epistolas
1453 1601 1515 1661 in
1559 1599 1821 1660 dubium
1867 1618 1905 1660 a
1938 1598 2272 1671 Quesnello
2314 1604 2588 1674 vocatas,
2632 1604 2696 1659 et
2732 1601 3040 1662 nonnulla
3081 1601 3161 1663 ab
3204 1601 3427 1664 eodem
3458 1610 3799 1684 expuncta,

400 1697 846 1777 adjuvantibus
888 1700 1236 1780 praesertim
1281 1718 1428 1760 mss.
1475 1698 1672 1772 libris,
1717 1696 2036 1758 vindicare
2078 1696 2285 1758 licuit.

475 1823 579 1884 IX.
627 1826 763 1885 Non
808 1843 1010 1906 pauca
1053 1825 1156 1886 ille
1203 1830 1333 1885 tum
1377 1824 1443 1885 in
1488 1822 1919 1895 Sermonibus,
1969 1828 2100 1883 tum
2145 1821 2209 1882 in
2255 1821 2551 1902 Epistolis
2596 1823 2867 1884 mutavit
2909 1823 3084 1884 nullo
3128 1823 3401 1904 allegato
3457 1825 3702 1903 codice,
3747 1834 3809 1890 et

394 1937 473 1980 ne
514 1918 793 1982 indicata
834 1923 1087 2001 quidem
1132 1922 1327 1983 veteri
1369 1921 1675 1994 lectione;
1723 1920 1892 2000 quod
1937 1919 2286 1980 arbitrariae
2330 1920 2732 1981 correctionis
2773 1921 2873 1982 vel
2915 1922 3337 2002 corruptionis
3379 1924 3804 2004 suspicionem

394 2024 715 2087 nonnullis
757 2022 991 2100 injecit.
1040 2023 1214 2081 Hanc
1257 2019 1511 2099 quidem
1557 2036 1885 2078 censuram
1933 2023 2001 2078 ut
2041 2018 2146 2078 ille
2213 2018 2647 2096 prmcluderet,
2693 2019 2758 2078 in
2821 2020 3102 2098 generali
3162 2021 3555 2100 praefatione,
3626 2044 3805 2085 num.

395 2126 458 2196 7,
505 2123 741 2184 factum
788 2120 952 2181 ultro
995 2120 1178 2180 fateri
1221 2137 1347 2180 non
1390 2117 1706 2189 dubitans,
1757 2117 1922 2177 hanc
1962 2116 2279 2196 duplicem
2325 2116 2521 2195 quasi
2550 2117 2859 2178 rationem
2905 2117 3219 2196 subjecit:
3269 2118 3444 2201 Sazpe'
3471 2120 3578 2182 hos
3616 2122 3809 2203 (codi-

399 2220 549 2301 ces,)
594 2219 769 2280 omisi
818 2237 1135 2289 recensere,
1192 2236 1320 2276 cum
1374 2214 1646 2275 vzdelz'cet
1711 2212 2062 2275 indubitata:
2137 2212 2513 2274 certitudinis
2570 2222 2655 2274 est
2709 2213 3057 2288 emendatio,
3117 2225 3175 2276 et
3243 2215 3326 2278 ad
3376 2236 3505 2279 eam
3579 2221 3805 2284 codices

397 2338 590 2383 omnes
617 2323 979 2399 conspirant.
1014 2315 1136 2376 Sed
1177 2320 1402 2376 neutra
1444 2313 1594 2373 satis
1637 2313 1865 2375 idonea
1903 2313 2036 2373 visa
2080 2316 2191 2374 est.
2241 2313 2396 2373 Cum
2440 2312 2606 2372 enim
2652 2311 2729 2372 de
2773 2313 3007 2392 apertis
3064 2314 3385 2377 erroribus
3445 2335 3794 2381 amanuen-

398 2420 559 2483 sium
604 2417 701 2479 vel
745 2413 1285 2495 typographorum
1332 2430 1457 2471 non
1499 2410 1727 2489 agitur,
1778 2411 1867 2470 uti
1912 2410 2284 2489 plerumque
2327 2410 2391 2470 in
2436 2409 2589 2470 locis
2633 2429 2671 2471 a
2713 2408 3045 2482 Quesnello
3090 2412 3439 2474 emendatis
3481 2434 3609 2476 non
3666 2419 3804 2498 agi-

396 2526 519 2590 tur,
566 2522 717 2577 tunc
759 2514 1057 2575 lectiones
1101 2530 1242 2590 quae
1286 2515 1475 2570 antea
1517 2508 1788 2586 vulgatis
1832 2527 1956 2569 non
2007 2508 2241 2569 malum
2287 2526 2541 2569 sensum
2588 2507 3006 2587 referentibus
3067 2509 3409 2589 supposita:
3453 2511 3656 2588 fuere,
3706 2516 3808 2576 in-

396 2616 699 2679 dubitataa
745 2608 1133 2675 certitudinis
1176 2607 1296 2667 dici
1359 2610 1706 2685 nequeunt.
1773 2605 2092 2666 Generalis
2153 2624 2342 2685 porro
2406 2606 2725 2677 Quesnelli
2788 2606 3135 2686 propositio
3197 2606 3275 2668 de
3336 2610 3811 2690 conspiratione

394 2715 673 2780 omnium
720 2710 1030 2779 codicum,
1079 2707 1132 2767 si
1173 2705 1367 2765 fallax
1409 2721 1887 2782 nonnumquam
1941 2704 2199 2764 inventa
2261 2708 2378 2777 est,
2425 2721 2567 2764 cum
2612 2703 2690 2764 de
2735 2702 2855 2764 hac
2917 2703 3016 2764 vel
3076 2704 3186 2765 illa
3230 2705 3499 2768 lectione
3562 2708 3679 2771 abs
3743 2729 3811 2773 se

391 2814 652 2875 inducta
694 2808 961 2889 scripsit,
1014 2805 1105 2865 Ita
1134 2822 1327 2864 omnes
1356 2801 1617 2874 codices;
1660 2819 1855 2881 quam
1900 2800 2086 2862 ﬁdem
2151 2807 2429 2862 meretur
2485 2801 2548 2862 in
2608 2801 2684 2863 iis
2738 2802 2911 2877 locis,
2973 2802 3039 2863 in
3101 2801 3332 2881 quibus
3388 2806 3811 2870 emendandis

392 2913 633 2974 nullam
690 2907 976 2970 codicum
1036 2902 1415 2963 mentionem
1472 2899 1671 2960 facit?
1702 2901 1916 2979 Neque
1948 2918 2094 2960 vero
2125 2898 2359 2960 idcirco
2394 2898 2842 2960 afﬁrmandum
2898 2903 2992 2961 est
3040 2917 3209 2974 eum,
3244 2900 3353 2961 ubi
3408 2902 3572 2963 nihil
3627 2905 3809 2979 citat,

391 3011 721 3089 vulgatum
776 3008 1015 3065 textum
1070 3018 1142 3062 ex
1204 2998 1462 3060 arbitrio
1520 3003 1795 3058 mutasse
1852 2997 1951 3057 vel
2007 2997 2382 3077 corrupisse.
2444 2997 2513 3058 Id
2565 2997 2762 3059 videri
2808 3002 3012 3077 potest
3053 2997 3127 3059 iis
3176 2999 3285 3079 qui
3341 3000 3505 3062 solos
3553 3002 3809 3065 codices

392 3094 799 3173 contulerunt
844 3099 1260 3183 posteriorum
1309 3096 1776 3171 collectionum,
1828 3113 1907 3155 ex
1974 3094 2202 3174 quibus
2260 3094 2501 3172 vulgati
2567 3095 2958 3174 prodierunt.
3027 3098 3152 3157 Nos
3219 3098 3369 3159 vero
3434 3099 3808 3180 antiquiora

392 3215 456 3272 et
481 3203 919 3289 praestantiora
949 3196 1333 3276 exemplaria
1361 3194 1548 3270 nacti,
1584 3192 1871 3271 diligenti
1901 3192 2126 3253 horum
2159 3192 2493 3253 collatione
2536 3191 2892 3255 discernere
2940 3212 3013 3254 ac
3051 3192 3400 3273 dijudicare
3448 3198 3807 3277 potuimus,

392 3326 533 3387 quae
581 3303 687 3365 ille
735 3302 874 3361 loca
921 3315 1047 3357 non
1098 3291 1446 3365 arbitraria,
1503 3309 1615 3351 nec
1667 3308 1995 3369 perperam
2028 3289 2423 3363 emendavit;
2478 3290 2645 3351 unde
2694 3290 3170 3353 emendationes
3208 3292 3375 3371 ipsas
3424 3294 3805 3374 retinentes,

392 3386 1067 3473 citatis.manuscriptis
1094 3388 1505 3451 ﬁrmabimus.
1557 3387 1876 3448 Lectiones
1918 3406 2067 3448 vero
2111 3405 2269 3467 quas
2310 3387 2408 3447 vel
2452 3386 2626 3448 nullo
2662 3388 2925 3468 antiquo
2969 3388 3129 3450 libro
3177 3389 3497 3469 probatas,
3544 3391 3643 3452 vel
3695 3413 3812 3455 so-

392 3503 469 3562 lis
511 3494 823 3559 int‘erioris
865 3495 1032 3551 notae
1078 3505 1223 3546 mss.
1290 3484 1577 3545 sutl‘ultas
1637 3486 2012 3571 invenimus,
2077 3485 2366 3546 restituta
2409 3485 2604 3545 veteri
2664 3485 2954 3558 lectione,
3000 3485 3099 3547 vel
3160 3486 3284 3547 alia
3329 3506 3494 3549 nova
3552 3508 3625 3550 ex
3676 3490 3810 3554 ﬁde

394 3598 724 3661 meliorum
770 3588 1079 3656 codicum,
1118 3582 1262 3661 jure
1306 3583 1663 3643 censuimus
1706 3582 2199 3663 expungendas;
2246 3582 2309 3642 in
2355 3600 2480 3661 quo
2526 3580 2869 3661 aliquando
2915 3581 3247 3643 lectionem
3294 3583 3374 3645 ab
3416 3583 3526 3646 illo
3570 3584 3811 3649 induc-

392 3704 547 3770 tam,
595 3689 830 3752 nullius
874 3680 1117 3761 antiqui
1157 3678 1300 3740 libri
1344 3681 1509 3740 facta
1557 3681 1898 3754 mentione,
1946 3679 2217 3741 libenter
2262 3678 2754 3753 retinuissemus,
2801 3681 2855 3740 si
2897 3678 3003 3741 ille
3045 3679 3313 3761 alicujus
3356 3682 3583 3764 optimi
3629 3685 3813 3748 codi-

390 3795 478 3857 cis
522 3786 959 3854 auctoritatem
1005 3778 1387 3859 protulisset.

465 3920 538 3979 Χ,
585 3916 741 3976 Cum
786 3914 995 3970 autem
1039 3906 1099 3965 in
1144 3904 1265 3965 hac
1308 3909 1522 3964 nostra
1566 3903 1835 3964 editione
1880 3901 2235 3985 omittenda
2279 3921 2405 3964 non
2453 3901 2684 3964 iuerint
2726 3920 2921 3985 opera
2963 3922 3106 3985 quae
3164 3904 3359 3966 Leoni
3419 3906 3806 3978 Quesnellus

383 4012 693 4087 attribuit,
740 4008 837 4071 vel
880 4024 1008 4067 suae
1053 4000 1310 4063 editioni
1351 4000 1687 4062 inserenda
1721 3999 2050 4079 judicavit,
2100 3999 2165 4060 in
2210 3999 2309 4060 his
2352 4017 2603 4079 quoque
2664 4001 3012 4062 recolendis
3071 4001 3153 4063 ad
3214 4002 3805 4082 manuscriptorum

381 4116 569 4178 fidem
614 4109 814 4172 multa
854 4102 1207 4165 invenimus
1250 4099 1644 4177 corrigenda,
1690 4104 1753 4159 et
1795 4098 2103 4159 nonnulla
2145 4097 2336 4157 etiam
2381 4096 2755 4177 supplenda,
2805 4103 2873 4157 ut
2916 4098 3317 4160 manifestum
3365 4098 3474 4161 ﬁet
3518 4118 3786 4180 praeser-

382 4215 495 4275 tim
538 4213 604 4273 in
646 4206 823 4269 libris
866 4201 937 4263 de
996 4198 1304 4261 l’ocatz'one
1349 4196 1608 4256 omnium
1649 4196 1935 4275 gentium,
1982 4200 2045 4256 et
2084 4194 2148 4255 in
2191 4194 2418 4255 Codice
2460 4194 2782 4255 Canonum
2829 4198 2891 4254 et
2932 4194 3459 4257 Constitutionum
3524 4207 3802 4278 aposto-

381 4311 517 4371 licae
562 4306 747 4377 sedis,
790 4303 855 4362 in
899 4317 1023 4379 quo
1070 4301 1384 4378 postremo
1429 4292 1673 4362 edendo
1717 4294 1820 4354 ille
1864 4293 2142 4354 codicem
2185 4293 2596 4355 recentiorem
2644 4297 2706 4354 et
2750 4294 3123 4355 mendosum
3185 4294 3557 4375 plerumque
3601 4316 3799 4361 secu-

384 4415 486 4469 tus
529 4409 643 4466 est.

461 4522 567 4584 XI.
611 4513 831 4590 Quoad
871 4510 1107 4572 inedita
1150 4527 1274 4568 non
1319 4508 1521 4568 solum
1565 4506 1629 4567 in
1673 4506 1904 4568 nostris
1961 4524 2106 4567 mss.
2171 4506 2636 4585 exemplaribus
2696 4524 2803 4567 eas
2863 4507 2993 4569 fere
3056 4525 3274 4570 omnes
3334 4509 3676 4589 Epistolas,
3727 4520 3801 4576 et

382 4617 597 4682 multis
653 4614 721 4674 in
790 4607 945 4670 locis
998 4604 1455 4667 emendatiores
1532 4603 1907 4677 invenimus,
1975 4622 2134 4682 quas
2202 4622 2278 4663 ex
2341 4603 2696 4666 Grimanico
2756 4604 3125 4675 Quesnellus
3185 4605 3491 4686 vulgavit,
3554 4625 3785 4672 verum

380 4719 570 4781 etiam
616 4730 695 4774 ex
735 4704 967 4784 insigni
1010 4702 1219 4763 codice
1265 4700 1705 4779 Ratisponensi
1749 4706 1873 4762 tres
1915 4700 2071 4761 alias
2100 4718 2296 4761 novas
2314 4700 2540 4760 Leonis
2573 4699 2880 4779 Epistolas
2923 4702 3312 4780 proferemus
3352 4702 3418 4766 in
3455 4703 3684 4785 lucem,
3716 4726 3804 4770 ex

377 4814 681 4878 Vaticano
724 4810 936 4868 autem
980 4817 1169 4860 unam
1227 4800 1506 4858 Graecam
1561 4799 1838 4859 Anatolii
1896 4795 2578 4876 Constantinopolitani
2639 4796 2918 4878 episcopi
2978 4798 3059 4859 ad
3119 4802 3394 4863 Leonem
3457 4807 3790 4881 nostrum,

380 4931 522 4993 quae
565 4908 645 4971 ad
688 4899 1145 4982 Eutychianam
1190 4894 1514 4956 historiam
1561 4895 1995 4957 illustrandam
2044 4896 2381 4976 plurimum
2427 4893 2780 4956 conferunt.
2832 4896 3088 4977 Aliquot
3117 4902 3423 4977 praeterea
3463 4898 3796 4978 Epistolas

381 4992 611 5072 Graeca:
652 4993 1186 5077 interpretationis
1229 4992 1505 5071 antiqum
1551 5011 1625 5053 ex
1670 4993 1891 5054 eodem
1935 4994 2235 5055 Vaticano
2281 4992 2493 5054 codice
2539 4993 2837 5066 eruimus,
2886 5013 3046 5074 quas
3089 4995 3327 5074 publici
3362 4994 3535 5073 juris
3584 4996 3804 5062 facere

383 5110 690 5189 quantum
732 5095 999 5169 intersit,
1044 5094 1106 5153 in
1156 5091 1522 5171 praefatione
1565 5091 1645 5151 ad
1690 5092 2000 5171 Epistolas
2042 5091 2430 5163 ostendetur,
2476 5110 2658 5189 num.
2703 5094 2804 5152 5L
2874 5094 3189 5169 lntegram
3254 5093 3574 5155 actionem
3635 5113 3804 5157 con-

380 5188 501 5268 cilii
549 5190 1093 5265 Chalcedonensis,
1140 5207 1282 5269 quae
1326 5188 1388 5247 in
1436 5188 1703 5265 gratiam
1748 5188 2028 5266 epistolae
2072 5190 2150 5248 93
2194 5188 2420 5249 Leonis
2474 5188 2710 5261 habita,
2779 5191 3060 5251 nondum
3122 5190 3187 5251 in
3252 5189 3458 5252 lucem
3524 5192 3798 5270 prodiit,

378 5302 561 5367 nobis
603 5294 1088 5377 suppeditarunt
1130 5288 1255 5349 duo
1302 5285 1499 5346 Graeci
1530 5285 1773 5346 codices
1806 5288 2021 5347 Veneti
2063 5288 2126 5348 S.
2176 5286 2392 5359 Marci,
2457 5305 2599 5346 cum
2663 5287 2892 5365 quibus
2941 5288 3130 5348 etiam
3196 5287 3380 5349 valde
3425 5288 3665 5351 utiliter
3710 5292 3804 5353 ad

376 5404 561 5485 plura
603 5398 741 5459 loca
782 5388 1197 5459 emendanda,
1248 5383 1520 5447 Antonio
1563 5387 1824 5446 Zanetto
1868 5384 2238 5464 opitulante,
2287 5383 2995 5485 contulimusGraecam
3040 5385 3381 5485 editionem
3445 5386 3801 5485 multarum

373 5480 826 5582 Epistolarum,
872 5508 1012 5568 quae
1055 5487 1199 5546 licet
1243 5481 1555 5544 versiones
1599 5482 1745 5555 sint,
1792 5487 2025 5543 nostra:
2076 5487 2286 5542 tamen
2349 5480 2611 5540 editioni
2675 5480 3024 5542 inserendas
3089 5483 3370 5545 fuerunt.
3421 5482 3564 5545 Alia
3623 5485 3802 5548 actio

374 5577 654 5676 ejusdem
698 5587 945 5652 concilii
987 5586 1048 5645 in
1095 5600 1285 5643 causa
1326 5580 1550 5640 Domni
1594 5580 1993 5654 Antiocheni,
2038 5580 2101 5640 in
2147 5596 2272 5657 qua
2316 5577 2639 5656 pontiﬁcia
2681 5577 2904 5638 Leonis
2970 5581 3315 5642 auctoritas
3378 5581 3797 5644 commenda-

376 5674 496 5767 tur,
545 5713 621 5754 ex
668 5709 779 5752 ms.
830 5681 1265 5765 antiquissimo
1312 5678 1458 5739 olim
1507 5679 1871 5752 Veronensi,
1921 5697 2088 5740 nunc
2133 5682 2343 5737 autem
2387 5674 2687 5735 Vaticano
2731 5680 2911 5736 eruta
2953 5677 3197 5753 edetur,
3261 5684 3325 5741 et
3385 5678 3451 5740 iu
3511 5696 3624 5740 suo
3687 5680 3798 5742 lu-
