3912 6342
142 387 210 451 Bt
793 391 797 395 ’
962 386 1380 453 ΡΒΔΞΕἋΤΙΟ
1424 382 1687 454 GENER

2036 384 2245 453 me
2287 331 2751 454 um'rmNEM.
3462 381 3540 450 22

140 523 301 588 mine
341 520 753 588 collocabitur
792 527 966 588 temo
1009 522 1306 587 secundo.
1352 521 1574 587 Plures
1631 521 1900 586 ineditos
1942 539 2261 586 sermones
2301 522 2497 588 Leoni
2537 524 2602 587 in
2663 540 2815 587 mss.
2877 517 3350 605 exemplaribus
3418 519 3536 584 tri-

141 624 321 686 butos
364 622 813 705 excerpsimus,
858 623 967 704 qui
1010 623 1076 684 in
1120 620 1466 702 appendice
1511 621 1683 683 haud
1729 621 2061 683 omittendi
2104 620 2220 683 visi
2263 627 2433 684 sunt.

213 723 345 783 XII.
395 721 651 801 Aliquot
691 720 1113 802 Epistolarum
1157 721 1459 780 hactenus
1501 719 1969 799 incognitarum
2014 720 2214 780 nostri
2258 719 2594 801 pontificis,
2660 738 2800 801 quas
2843 719 2909 780 in
2970 716 3350 783 Vereellensi
3414 734 3532 779 an-

136 822 310 900 tiquo
355 820 514 881 libro
557 820 1049 891 continerentur,
1095 835 1268 897 spem
1312 817 1636 897 injecerat.
1685 821 1754 879 P.
1803 818 2172 879 Franciscus
2215 819 2482 880 Antonis
2544 808 2839 883 Zaclearia
2880 835 3005 879 soe.
3055 818 3198 881 Jesu
3255 817 3320 878 in
3366 816 3532 897 epis-

135 919 264 980 tola
301 918 534 978 inserta
566 923 717 976 tom.
761 917 889 976 XLI
933 915 1390 994 Opusculorum
1433 933 1574 993 quae
1619 934 1657 975 a
1706 916 1776 975 P.
1840 915 2080 994 Angelo
2136 915 2442 995 Calogera
2499 917 2776 981 Venetiis
2836 916 3005 978 edita
3064 921 3231 978 sunt.
3316 918 3526 978 Unum

136 1017 299 1078 enim
346 1034 422 1076 ex
464 1012 1005 1093 praestantissimae
1049 1012 1415 1092 capitularis
1456 1012 1866 1075 Vercellensis
1909 1012 2308 1075 bibliothecae
2370 1014 2689 1077 codicibus
2750 1031 3131 1086 memorans,
3187 1031 3374 1093 quem
3432 1014 3528 1074 in-

131 1111 583 1195 comparabilem
613 1119 673 1170 et
697 1108 977 1171 ineditam
1007 1109 1553 1191 antiquissimorum
1583 1110 1963 1171 conciliorum
1992 1110 2377 1172 collectionem
2408 1116 2610 1186 vocat,
2659 1111 2825 1173 hanc
2867 1129 2944 1172 ex
2987 1110 3193 1172 verbis
3262 1111 3529 1174 celeber-

132 1210 273 1273 rimi
313 1208 567 1271 cditoris
630 1207 1048 1287 Evangeliarii
1104 1207 1443 1269 Eusebiani
1503 1212 1767 1269 testatur
1808 1207 1875 1268 di
1916 1209 2223 1290 parere/ne
2269 1228 2386 1269 non
2434 1228 2543 1288 per
2597 1227 2745 1271 anco
2816 1205 3024 1269 vedute
3080 1207 3282 1269 lettere
3334 1209 3404 1270 di
3456 1209 3523 1272 S.

129 1311 337 1382 Leone,
369 1327 400 1368 e
430 1306 498 1366 di
521 1305 670 1367 altri
690 1304 967 1387 ponteﬁci
994 1304 1474 1367 doviziosamente
1500 1313 1735 1367 ornata.
1766 1308 1849 1368 Ut
1892 1306 2027 1368 haec
2070 1311 2196 1367 tam
2242 1306 2513 1387 insignia
2558 1306 2941 1369 documenta
2982 1311 3218 1366 nostras
3262 1306 3523 1368 editioni

130 1407 357 1470 certius
411 1403 803 1474 accederent,
850 1401 1047 1482 ipsius
1090 1402 1321 1462 summi
1363 1403 1702 1482 pontiﬁcis,
1747 1402 1855 1483 qui
1897 1403 2230 1466 editionem
2277 1408 2683 1485 praeceperat,
2745 1402 3185 1465 auctoritatem
3239 1404 3524 1484 postula-

125 1508 355 1567 vimus.
400 1504 625 1582 Itaque
667 1501 923 1580 expensi
965 1501 1219 1561 fuerunt
1269 1501 1514 1562 codices
1574 1500 1814 1563 laudati
1864 1502 2131 1582 capituli
2174 1522 2364 1582 quam
2426 1501 2924 1581 diligentissime.
2987 1502 3069 1562 At
3128 1501 3305 1563 nulla
3364 1502 3527 1583 ejus-

128 1604 302 1666 modi
343 1598 631 1663 collectio
676 1598 943 1659 inveniri
990 1599 1212 1678 potuit,
1259 1617 1399 1678 quae
1444 1599 1541 1659 vel
1589 1617 1776 1659 unam
1820 1599 2123 1660 ineditam
2166 1598 2392 1660 Leonis
2433 1599 2765 1678 epistolam
2824 1604 3164 1679 promeret.
3232 1601 3523 1664 Codicem

126 1708 341 1764 autem
385 1696 495 1778 qui
536 1696 706 1757 aliud
748 1695 969 1757 inediti
1005 1696 1326 1757 continere
1367 1695 1805 1770 visusJuerat,
1862 1714 1939 1758 ex
1999 1696 2393 1757 documentis
2453 1694 2844 1776 transcriptis
2904 1701 2967 1758 et
3022 1697 3103 1758 ad
3165 1699 3524 1778 pontiﬁcem

124 1800 334 1862 missis
375 1814 515 1858 cum
563 1793 897 1856 collatione
941 1800 1309 1854 casterorum
1357 1793 1464 1874 qui
1509 1794 1660 1854 editi
1702 1798 1870 1867 sunt,
1918 1812 2032 1855 nec
2076 1813 2203 1855 non
2246 1812 2322 1855 ex
2367 1794 2505 1855 aliis
2566 1793 2805 1855 notitiis
2854 1793 3079 1855 exinde
3141 1796 3436 1876 acceptis,
3466 1804 3530 1859 et

125 1898 205 1960 ab
258 1895 480 1958 eodem
533 1887 953 1971 Evangeliarii
999 1891 1338 1952 Eusebiani
1393 1891 1632 1952 editore
1688 1892 2030 1953 certissime
2088 1892 2521 1971 cognovimus,
2590 1909 2723 1952 csse
2770 1891 3030 1953 omnino
3078 1891 3345 1954 similem
3393 1895 3531 1957 aliis

125 1995 349 2057 tribus.
377 2009 523 2052 mss.
571 1989 770 2062 libris,
817 2007 975 2069 quos
1026 1989 1240 2049 Romae
1289 1986 1570 2051 invenire
1615 1994 1677 2050 et
1721 1989 2004 2051 conferre
2037 1989 2230 2063 licuit,
2267 1994 2332 2051 et
2361 1987 2694 2068 complecti
2729 1988 3165 2050 collectionem
3204 1990 3529 2072 Dionysio-

123 2091 546 2155 Hadrianeam
577 2104 720 2147 cum
752 2085 1196 2145 additamentis
1252 2084 1692 2164 peculiaribus,
1745 2105 1886 2165 qum
1935 2085 2384 2147 indieabuntur
2428 2085 2492 2145 in
2542 2085 2915 2165 praefatione
2961 2084 3042 2145 ad
3090 2086 3412 2166 epistolas,
3463 2095 3526 2152 et

123 2196 294 2252 tomo
339 2185 524 2248 tertio
561 2184 627 2244 in
668 2188 939 2244 tractatu
983 2178 1053 2243 de
1090 2183 1359 2265 antiquis
1401 2181 1857 2244 Collectionibus
1907 2182 2101 2243 fusius
2152 2183 2605 2245 describentur.
2649 2185 2795 2244 Haec
2841 2180 3156 2262 praecipue
3209 2187 3525 2249 monenda

121 2290 401 2359 fuerant,
460 2301 542 2346 ne
596 2300 712 2342 nos
770 2281 834 2341 in
885 2280 1284 2360 exquirendis
1331 2279 1580 2341 ineditis
1627 2281 1973 2361 quidQuam
2019 2280 2361 2360 diligentia:
2411 2280 2914 2361 praetermississe
2964 2270 3341 2345 videremur.
3392 2285 3521 2345 Pu-

124 2392 326 2448 tamus
380 2387 729 2444 autemrex
784 2378 1090 2439 hactenus
1145 2378 1327 2439 dictis
1382 2378 1594 2459 palam
1656 2379 1889 2440 factum
1944 2396 2079 2439 esse
2133 2377 2299 2439 hanc
2357 2379 2691 2440 editionem
2751 2377 2965 2458 quoad
3021 2383 3265 2440 textum
3295 2381 3521 2444 Leonis

119 2481 566 2558 Quesnelliana
622 2477 1114 2539 emendatiorem
1171 2482 1234 2538 et
1288 2477 1627 2537 auctiorem
1689 2478 2006 2550 futuram;
2067 2476 2225 2538 adde
2283 2477 2475 2538 etiam
2538 2476 2748 2557 quoad
2804 2476 2944 2557 ipsa
3012 2479 3235 2539 Leonis
3289 2481 3515 2560 Opera,

116 2574 546 2649 sinceriorem,
605 2574 839 2655 quippe
896 2573 1169 2652 genuina
1222 2573 1390 2634 illius
1447 2592 1641 2654 Opera
1695 2576 1977 2637 secernet
2035 2593 2073 2635 a
2131 2575 2568 2654 supposititiis,
2629 2593 2773 2655 quae
2839 2574 2945 2636 ille
3002 2573 3191 2655 plane
3248 2577 3522 2640 arbitra-

117 2679 204 2740 rie
261 2683 325 2738 et
382 2674 650 2736 omnino
708 2690 1038 2752 perperam
1098 2672 1291 2733 veluti
1347 2672 1626 2732 Leouina
1682 2672 1985 2733 traduxit.

192 2777 356 2838 XIII.
392 2775 580 2834 Nunc
635 2769 713 2831 de
771 2769 1087 2841 Quesnelli
1150 2768 1716 2841 lucubrationibus,
1765 2789 1905 2849 quae
1948 2769 2289 2831 editionem
2347 2767 2484 2846 ejus
2540 2767 2811 2829 maxime
2865 2768 3173 2831 celebrem
3229 2770 3521 2849 reddunt,

116 2874 179 2937 Si
221 2872 406 2934 initio
463 2868 761 2930 eximium
813 2867 1088 2927 hominis
1128 2865 1451 2945 ingenium
1505 2873 1568 2927 et
1614 2865 1882 2927 eruditio
1927 2872 2164 2927 metum
2211 2863 2579 2943 injecerant,
2627 2871 2961 2945 postquam
3007 2865 3175 2946 ipsas
3223 2867 3522 2931 lucubra-

114 2973 311 3035 tiones
357 2968 651 3032 exactius
697 2967 774 3027 ad
824 2965 1097 3026 calculos
1145 2969 1531 3038 revocantes,
1584 2983 1882 3043 magnum
1926 2964 1989 3025 in
2047 2964 2360 3044 plerisque
2415 2963 2653 3041 ingenii
2708 2968 2771 3025 et
2826 2962 3197 3027 eruditionis
3256 2966 3520 3030 abusum

112 3069 495 3138 deteximus,
547 3061 741 3125 animi
787 3062 976 3123 erecti
1024 3065 1089 3122 et
1132 3062 1486 3121 confirmati
1534 3063 1807 3122 fuerunt.
1859 3062 1991 3122 Etsi
2040 3062 2204 3121 enim
2240 3061 2352 3121 ille
2399 3062 2599 3121 multa
2643 3061 2955 3122 subtiliter
3002 3067 3065 3123 et
3111 3062 3352 3127 erudite
3380 3084 3526 3129 con-

109 3173 302 3248 gerat,
357 3184 513 3247 quae
563 3174 687 3223 non
738 3178 973 3242 paucos
1019 3178 1133 3221 nec
1177 3159 1379 3220 intimi
1426 3160 1705 3220 subsellii
1753 3159 2040 3221 homines
2079 3160 2142 3219 in
2190 3158 2327 3239 ejus
2363 3159 2704 3221 sententias
2735 3178 3019 3239 rapuere,
3074 3161 3273 3225 nihilo
3305 3168 3518 3226 tamen

107 3266 309 3326 minus
352 3260 660 3340 diligenti
703 3258 1093 3337 singulorum
1142 3258 1431 3320 examine
1480 3257 2012 3337 deprehendimus
2058 3257 2529 3335 sagacissimum
2580 3256 2904 3318 hominem
2952 3257 3205 3335 ingenio
3276 3276 3350 3320 ac
3404 3280 3521 3322 no-

103 3364 275 3426 vitati
314 3360 925 3438 -indulgentem,'et
972 3356 1389 3436 quarumdam
1442 3356 1648 3417 studio
1697 3356 1972 3434 partium
2025 3356 2381 3435 abreptum,
2441 3355 2504 3414 in
2582 3352 3074 3432 conjectationes
3149 3355 3525 3439 plerumque

104 3460 550 3523 fallacissimae
609 3457 1107 3536 intemperanter
1155 3455 1520 3527 excurrisse,
1582 3454 1811 3533 quibus
1868 3472 2098 3533 magno
2151 3453 2441 3514 acumine
2491 3457 2552 3513 et
2596 3451 2863 3531 artificio
2893 3446 3210 3532 implexis,
3257 3472 3523 3535 magna-

103 3580 218 3641 que
264 3555 634 3621 eruditione
664 3554 929 3627 ~fucatis,
976 3552 1177 3613 multa
1219 3571 1383 3614 nova
1428 3557 1490 3613 et
1536 3552 1696 3613 falsa
1743 3551 2349 3613 verisimilitudinem
2412 3550 2753 3630 quamdam
2807 3549 3164 3612 induerent.
3226 3553 3316 3614 Ne
3369 3554 3524 3634 quid

105 3658 388 3719 acerbius
453 3652 919 3716 contrariarum
968 3651 1243 3730 partium
1294 3652 1526 3723 favore,
1577 3655 1686 3711 aut
1741 3648 1995 3723 Italicis,
2030 3649 2120 3709 uti
2150 3647 2496 3727 appellant,
2553 3645 2934 3728 praejudieiis
2975 3647 3326 3711 affirmasse
3386 3668 3526 3713 cre-

103 3755 344 3829 damur,
410 3756 764 3829 antequam
824 3748 1087 3810 ulterius
1151 3748 1592 3828 progrediatur
1672 3765 1903 3819 sermo,
1979 3745 2288 3806 nonnulla
2359 3744 2701 3805 celebrium
2774 3746 3196 3824 quorumdam
3271 3753 3525 3812 extero-

108 3871 265 3926 rum,
324 3851 442 3932 qui
502 3846 820 3928 ejusmodi
875 3846 1092 3906 favore
1149 3851 1259 3906 aut
1312 3844 1697 3925 praejudiciis
1756 3844 2036 3905 accusari
2101 3861 2227 3904 non
2288 3847 2609 3922 poterunt,
2669 3842 3030 3905 testimonia
3087 3846 3532 3925 praemittenda

102 3958 264 4011 sunt.

175 4048 333 4110 XIV.
387 4048 744 4109 Enormcm
812 4040 1213 4121 conjectandi
1272 4040 1538 4101 abusum
1615 4039 1679 4100 in
1739 4057 1813 4099 ea
1884 4039 2347 4111 dissertatione,
2425 4056 2553 4118 qua
2628 4038 3002 4111 Quesnellus
3071 4039 3527 4104 Collectionem

98 4148 423 4209 Cauonum
486 4142 609 4204 abs
667 4158 733 4201 se
789 4138 1021 4200 editam
1077 4140 1376 4199 Romana:
1434 4138 1726 4199 Ecclesiae
1781 4143 2153 4209 asserturus,
2231 4135 2417 4197 multa
2471 4137 2632 4196 nisus
2707 4145 2791 4196 est
2840 4135 3322 4215 conjecturamm
3378 4138 3560 4201 mole'

98 4242 324 4323 [ιλιι-ιή’.
388 4241 552 4304 satis
611 4236 956 4298 declaravit
1009 4237 1079 4297 P.
1114 4235 1516 4298 Constantius
1547 4236 1611 4296 in
1658 4235 2029 4315 praefatione
2084 4233 2294 4295 tomil
2335 4232 2755 4311 Epistolarum
2820 4235 3247 4292 Romanorum
3304 4234 3520 4314 ponti-

99 4340 305 4415 ﬁcum,
368 4357 560 4401 num.
624 4336 726 4396 '79.
784 4334 945 4394 Dum
1001 4332 1295 4410 eiusmodi
1340 4333 1717 4413 conjecturis,
1777 4332 2002 4413 inquit,
2058 4332 2190 4412 plus
2248 4349 2413 4411 aequo
2488 4327 2752 4406 indulget
2806 4329 2901 4388 vir
2955 4327 3338 4409 clarissimus,
3399 4350 3520 4395 suae

100 4438 211 4519 ipse
264 4438 464 4518 magis
523 4432 839 4513 magisque
896 4430 1102 4512 prodit
1156 4432 1506 4492 inanitatem
1562 4431 1875 4511 opinionis.
1937 4431 2013 4490 Et
2058 4427 2336 4508 apertius
2394 4443 2566 4486 num.
2639 4426 2738 4495 8'1,
2800 4425 3178 4506 conjecturis
3233 4422 3515 4494 fallacias

102 4536 373 4615 adjectus
421 4540 715 4595 notans:
772 4527 1045 4610 Singula,
1098 4527 1204 4600 ait,
1257 4527 1481 4589 eruditi
1535 4529 1657 4589 viri
1701 4537 2056 4607 argumenta
2110 4524 2414 4606 gradatim
2461 4524 2745 4605 proseqw'
2792 4532 2848 4584 εἰ
2900 4522 2982 4586 ad
3016 4543 3265 4587 examen
3309 4546 3523 4591 υοεανθ

101 4615 341 4715 longum
377 4631 576 4714 foret.
626 4626 794 4689 Satis
837 4635 923 4686 est
962 4627 1267 4707 pracipua
1312 4624 1616 4704 refellisse,
1644 4632 1800 4711 .q'uas
1852 4626 1909 4686 si
1949 4644 2025 4685 ea:
2072 4625 2321 4685 veritate
2374 4621 2764 4695 aestimantur,
2820 4620 2990 4683 aliud
3032 4621 3191 4684 nihil
3230 4634 3368 4685 sunt
3408 4626 3528 4687 nisi

100 4730 189 4790 vel
254 4731 634 4810 conjecturae
708 4732 876 4785 acute
930 4721 1189 4804 quidem,
1234 4732 1304 4783 ut
1347 4733 1575 4802 vocant,
1625 4733 1679 4783 et
1733 4722 1877 4784 belle
1921 4722 2286 4803 excogitatze,
2336 4720 2436 4782 Sed
2490 4738 2665 4780 mera:
2741 4728 2933 4781 tamen
2992 4720 3383 4801 conjecturae;
3432 4721 3529 4784 vel

100 4828 425 4890 testimonia
468 4846 602 4909 per
650 4823 768 4884 vim
823 4820 1073 4895 detorta,
1144 4840 1275 4903 quae
1347 4841 1451 4881 suo
1530 4822 1808 4882 restituta
1877 4820 1997 4881 loco
2072 4838 2289 4901 suoque
2361 4838 2531 4879 sensu
2604 4816 2899 4880 intellecta
2937 4817 3125 4879 robur
3198 4819 3528 4898 amittunt;

99 4925 181 4987 vel
225 4925 488 5008 denique
543 4918 931 5004 probationes
972 4937 1049 4979 ea:
1092 4919 1265 4979 certis
1323 4917 1509 4980 ductae
1567 4918 1729 4991 lacis,
1788 4937 1920 4999 quae
1976 4918 2240 4978 Romani
2290 4915 2504 4978 codicis
2542 4916 2799 4995 propria
2839 4933 2955 4975 esse
2988 4932 3304 4997 perperam
3363 4917 3525 4978 exis-

105 5022 349 5087 timavit.
415 5021 589 5083 Hinc
658 5017 1059 5089 sententiam,
1125 5033 1315 5095 quam
1386 5016 1492 5077 ille
1560 5015 1757 5076 multo
1815 5015 1951 5076 nisu
2005 5014 2303 5086 defendit,
2364 5032 2587 5073 meram
2640 5010 2986 5094 [rypotliesin
3040 5019 3103 5073 et
3156 5012 3527 5094 ingeniosum

102 5120 348 5199 quidem,
381 5128 451 5182 at
501 5117 717 5179 mitius
742 5113 983 5180 firmum
1028 5121 1282 5194 systema
1326 5114 1572 5175 vocavit
1617 5132 1791 5174 num.
1826 5114 1903 5173 43
1952 5113 2149 5187 et'63,
2180 5113 2242 5171 in
2291 5128 2416 5190 quo
2451 5109 2713 5170 miratus
2760 5114 2853 5170 est
2892 5110 3319 5186 nonnihilum,
3352 5112 3522 5175 idem

105 5224 365 5297 systema
416 5216 499 5279 ab
545 5212 848 5276 acerrimi
869 5209 1102 5292 judicii
1142 5211 1273 5269 viro
1319 5230 1437 5270 non
1492 5210 1624 5271 dico
1682 5212 1886 5282 asseri,
1934 5209 2037 5270 sed
2058 5209 2175 5270 .vel
2226 5208 2422 5270 animo
2476 5206 2632 5287 fingi
2677 5208 2951 5287 potuisse.
3024 5206 3309 5273 Similem
3354 5214 3527 5273 'con-

104 5312 373 5393 jactandi
404 5310 925 5376 imbecillitatem
984 5308 1430 5369 animadvertit
1487 5310 1670 5370 etiam
1733 5314 1923 5387 atque
1981 5305 2345 5387 perstrinxit
2400 5304 2759 5385 Stephanus
2816 5304 3106 5366 Baluzius
3162 5307 3229 5369 in
3306 5307 3523 5369 obser-

111 5413 460 5477 vationibus
490 5410 581 5473 ad
614 5405 1124 5470 dissertationem
1155 5404 1469 5476 Quesnelli
1496 5407 1573 5467 de
1629 5406 1896 5468 concilio
1952 5404 2330 5486 Teleptensi,
2383 5403 2493 5465 ubi
2551 5403 2603 5462 is
2657 5401 2860 5463 eidem
2916 5403 3184 5466 concilio
3239 5403 3529 5482 supposi-

112 5508 301 5571 tionis'
339 5516 572 5573 notam
646 5504 1004 5585 impingere
1077 5503 1291 5563 multis
1368 5504 1712 5565 contendit.
1767 5504 1911 5564 Post
1982 5523 2106 5562 rem
2171 5508 2445 5563 accurate
2515 5497 2854 5572 discussam,
2931 5498 3141 5579 inquit
3212 5497 3535 5575 Baluzius,

111 5607 272 5686 plane
294 5625 628 5690 persuasus
680 5622 888 5664 sum...
923 5621 946 5663 .·
996 5599 1293 5678 Quesnelli
1340 5601 1706 5683 opinationes
1752 5619 1922 5683 posse
1967 5599 2202 5681 quidem
2259 5598 2561 5659 oculorum
2615 5597 2795 5658 aciem
2837 5597 3261 5674 perstringere,
3314 5604 3541 5658 certum

116 5704 256 5768 nihil
296 5688 366 5768 in
436 5706 569 5769 illis
653 5719 775 5764 esse
852 5698 1036 5762 solidi
1102 5699 1405 5781 ﬁrmique.
1479 5701 1588 5763 Hae
1644 5697 2118 5762 observationes
2176 5694 2418 5760 Baluzii
2494 5694 2747 5756 insertae
2818 5690 3117 5766 leguntur
3194 5688 3542 5759 Concordiae
