3912 6352
309 361 390 426 23
1109 357 1532 422 PHAEFATIO
1578 355 2022 419 GENERALIS
2068 355 2145 418 IN
2200 356 2405 420 HANC
2451 352 2910 419 EDITIONEM.
3639 355 3752 417 24,

309 496 483 562 Petri
511 493 588 558 de
616 493 831 558 Marca
859 491 1150 555 editionis
1178 492 1546 554 Parisiensis
1576 491 1726 554 anni
1766 491 1946 567 I704,
2005 510 2152 573 pag.
2188 493 2365 554 1341.
2400 491 2636 554 Ibidem
2687 495 3015 571 praeterea,
3067 506 3216 570 pag.
3265 487 3447 565 1347,
3493 507 3734 572 parum

311 598 604 658 sincerum
661 612 732 654 ac
787 591 1124 670 diligentem
1187 590 1558 666 ()uesnellum
1618 591 1679 648 in
1750 589 1858 650 hac
1929 588 2184 650 editione
2240 596 2526 663 testatur,
2608 608 2878 668 eumque
2938 586 3342 667 reprehendit
3415 607 3491 650 eo
3550 589 3734 668 quod

314 699 486 757 certo
542 691 817 770 quodam
891 690 1030 750 loco
1088 695 1334 749 secutus
1409 688 1484 748 sit
1561 687 1925 748 mendosam
2005 689 2336 748 lectionem
2414 688 2646 749 codicis
2703 687 3097 758 Oxoniensis,
3173 685 3274 745 cui
3347 685 3732 748 Thuaneum

312 790 637 869 exemplar
690 788 930 849 cunctis
988 787 1348 848 nominibus
1406 792 1541 846 erat
1598 786 2100 846 anteferendum.
2161 788 2238 846 Et
2294 786 2356 845 in
2416 786 2787 864 praefatione
2843 785 2921 844 ad
2980 783 3309 864 antiquam
3367 785 3734 846 versionem

313 888 600 964 Latinam
671 885 916 946 concilii
975 884 1522 956 Chalcedonensis,
1583 902 1759 944 num.
1820 885 1920 956 22,
1980 884 2264 944 eamdem
2324 883 2458 962 ejus
2535 883 2986 961 negligentiam
3044 882 3107 942 in
3165 881 3290 943 alio
3346 889 3731 961 argumento

316 1001 662 1048 accusans:
728 983 809 1044 Si
856 982 977 1058 ille,
1041 982 1264 1062 inquit,
1339 990 1554 1041 veteres
1607 978 1827 1039 codices
1901 990 2192 1055 accurate,
2258 989 2320 1039 ut
2395 999 2498 1040 nos
2548 980 2817 1059 fecimus,
2897 979 3297 1054 consuluisset,
3367 980 3520 1042 hanc
3593 982 3705 1062 opi-

316 1085 546 1148 nionem
593 1090 778 1143 mente
821 1100 928 1142 sua
973 1099 1085 1139 non
1136 1076 1684 1159 comprehendisset.
1737 1077 1970 1138 Eodem
2022 1097 2273 1158 quoque
2325 1097 2588 1138 numero
2637 1082 2711 1139 22
2761 1077 2837 1138 de
2869 1078 3144 1158 quadam
3195 1077 3331 1156 ejus
3359 1078 3730 1157 conjectura

318 1183 451 1244 ait:
499 1181 670 1242 Mera
718 1177 1010 1239 divinatio
1057 1186 1159 1250 est,
1213 1186 1281 1236 ut
1321 1195 1467 1255 pace
1513 1175 1638 1254 eius
1688 1175 1966 1247 dixerim,
2019 1195 2150 1257 quas
2200 1177 2428 1236 ratione
2476 1196 2592 1235 non
2623 1185 2868 1237 constat.
2899 1177 2970 1236 P.
3005 1177 3363 1237 Bernardus
3393 1177 3721 1238 Montfau-

321 1278 540 1342 conius
576 1296 684 1338 seu
734 1275 1028 1337 monachi
1075 1273 1464 1335 Benedictini
1513 1273 2019 1350 congregationis
2067 1273 2128 1333 S.
2182 1274 2383 1333 Mauri
2431 1274 2493 1332 in
2527 1274 2800 1334 diatriba
2843 1274 2906 1334 in
2939 1273 3296 1353 symbolum
3332 1273 3728 1354 Quicumque,

319 1384 475 1442 tom.
537 1376 590 1437 II
648 1375 919 1454 Operum
971 1375 1035 1434 S.
1087 1369 1436 1442 Athanasii,
1488 1388 1633 1450 pag.
1685 1370 1823 1442 724,
1879 1369 1954 1430 de
2000 1370 2356 1446 Quesnello,
2403 1371 2512 1450 qui
2557 1371 2848 1432 eumdem
2893 1370 3248 1448 symbolum
3299 1370 3524 1449 Vigilio
3555 1373 3730 1451 Tap-

321 1474 488 1538 sensi
543 1473 933 1551 ascripserat,
991 1469 1453 1550 pronuntiant:
1517 1467 1636 1542 Qui
1688 1476 1900 1540 tamen,
1961 1477 2027 1538 ut
2081 1467 2239 1529 valet
2294 1470 2615 1548 sagacitate
2669 1478 2727 1529 et
2782 1468 3130 1541 eruditione,
3184 1487 3302 1530 non
3331 1469 3450 1528 nisi
3488 1470 3732 1550 conjec-

323 1571 502 1636 tando
561 1570 876 1651 loquitur:
907 1567 1274 1628 Guillelmus
1317 1567 1552 1626 Caveas
1601 1563 1680 1625 ad
1725 1583 1959 1625 annum
2002 1568 2146 1637 440,
2197 1585 2342 1645 pag.
2396 1569 2537 1640 279,
2588 1567 2665 1627 de
2715 1566 3029 1638 Quesnelli
3086 1565 3545 1639 dissertatione,
3603 1587 3737 1646 qua

321 1671 518 1732 libros
573 1669 650 1729 de
705 1667 1044 1728 Vocatione
1098 1663 1384 1725 omnium
1461 1662 1744 1741 gentium
1819 1664 2012 1724 Leoni
2065 1663 2520 1746 adjudieandos
2595 1665 2890 1744 suscepit,
2970 1663 3204 1743 pariter
3259 1665 3549 1744 scripsit:
3599 1666 3733 1728 Eos

321 1768 510 1831 Leoni
559 1783 815 1830 asserere
868 1772 1138 1838 conatur,
1217 1761 1394 1843 idque
1453 1760 1627 1840 longo
1699 1761 2180 1840 conjecturarum
2231 1763 2430 1843 potius
2500 1782 2680 1844 quam
2746 1772 3229 1842 argumentorum
3297 1763 3555 1842 agmine.
3619 1765 3734 1826 His

325 1871 537 1928 autem
591 1861 1156 1942 conjectationibus
1221 1858 1595 1938 compendio
1672 1860 1994 1920 recensitis
2062 1860 2318 1921 subdit:
2385 1859 2668 1922 Pluribus
2716 1861 2839 1921 haec
2895 1859 3043 1921 dicit
3091 1861 3190 1921 vir
3242 1859 3534 1934 eruditus,
3596 1881 3733 1943 quae

326 1983 456 2025 cum
507 1981 619 2044 pro
676 1959 936 2041 cujusvis
993 1957 1232 2037 ingenio
1290 1957 1531 2016 variare
1582 1954 1788 2028 solent,
1839 1965 1895 2016 et
1943 1956 2078 2037 plus
2122 1958 2380 2019 minusve
2435 1959 2499 2018 in
2552 1957 2688 2018 aliis
2742 1958 3000 2038 reperiri
3049 1967 3308 2038 possunt,
3370 1957 3538 2022 haud
3576 1961 3724 2021 satis

325 2061 571 2143 ﬁrmum
625 2057 925 2120 sententiae
982 2054 1120 2114 huic
1171 2051 1624 2133 fundamentum
1677 2052 2032 2128 substruere,
2093 2054 2387 2116 videntur.
2421 2057 2500 2116 Et
2557 2057 2625 2116 P.
2689 2055 3056 2117 Guillelmus
3113 2056 3391 2135 Cuperus
3439 2057 3504 2118 in
3561 2059 3738 2120 Actis

327 2162 690 2220 sanctorum
719 2153 820 2216 die
859 2154 936 2214 25
988 2152 1274 2230 Augusti,
1309 2169 1454 2231 pag.
1490 2151 1627 2224 I33,
1660 2150 1736 2212 de
1783 2152 2057 2231 quodam
2100 2157 2471 2231 argumento
2519 2171 2645 2232 quo
2693 2152 3062 2225 Quesnellus
3109 2152 3325 2232 rejeeit
3383 2153 3722 2217 historiam

328 2253 620 2317 miraculi
647 2257 714 2315 S.
748 2249 1015 2322 Genesii,
1048 2249 1139 2310 ait
1171 2248 1360 2311 :IItec
1401 2246 1540 2309 levis
1587 2248 1945 2323 ratiuncula,
1981 2249 2076 2310 vel
2123 2250 2436 2311 temeraria
2488 2250 2784 2325 Quesnelli
2808 2250 3150 2328 conjectura
3191 2269 3466 2312 corruere
3495 2252 3742 2314 videtur

329 2372 404 2416 ex
450 2349 852 2430 chronologia.
902 2348 1045 2410 Alia
1089 2347 1274 2428 plura
1319 2345 1602 2426 ejusdem
1644 2347 1891 2426 generis
1941 2348 2301 2412 testimonia
2348 2348 2933 2428 praetermittimus:
2988 2347 3124 2409 haec
3177 2349 3346 2410 enim
3395 2351 3730 2431 proposito

330 2455 549 2514 nostro
575 2448 872 2510 videntur
901 2446 1212 2506 sufﬁcere.

409 2547 543 2610 XV.
597 2547 912 2608 Hactenus
965 2542 1068 2604 isti
1129 2542 1207 2604 de
1264 2541 1686 2622 peculiaribus
1759 2543 2074 2616 Quesnelli
2130 2544 2656 2624 disputationibus
2728 2549 2792 2606 et
2848 2544 3261 2624 argumentis,
3322 2545 3557 2627 quippe
3613 2548 3736 2628 qui

335 2643 686 2728 peculiaria
728 2647 972 2704 tantum
1028 2639 1108 2701 ad
1163 2657 1424 2702 examen
1483 2645 1810 2701 vocarunt.
1869 2643 1994 2702 Nos
2039 2659 2208 2714 vero,
2271 2641 2382 2722 qui
2450 2641 2772 2704 universas
2838 2640 2973 2720 ejus
3040 2640 3510 2706 lucubrationes
3567 2647 3738 2708 Leo-

328 2743 502 2807 ninae
567 2739 828 2803 editioni
867 2739 1137 2802 insertas
1181 2757 1259 2799 ex
1305 2737 1592 2798 instituto
1637 2737 2086 2818 expendendas
2133 2745 2195 2800 et
2237 2739 2317 2800 ad
2346 2739 2557 2800 vivum
2605 2738 2977 2800 resecandas
3005 2738 3419 2818 suscepimus,
3450 2740 3730 2821 idipsum

331 2842 648 2905 afﬁrmare
701 2856 1035 2920 possumus
1090 2835 1168 2898 de
1217 2835 1552 2916 plerisque,
1589 2854 1684 2897 'ne
1731 2836 2016 2898 dicamus
2062 2836 2138 2898 de
2182 2837 2523 2898 omnibus:
2579 2836 2746 2897 unde
2792 2836 2970 2897 nulla
2997 2836 3128 2896 fere
3169 2836 3290 2898 erit
3334 2835 3473 2916 ejus
3501 2838 3738 2900 disser-

330 2939 510 3016 tatio,
568 2955 712 3018 quae
755 2935 1055 3015 subjectis
1111 2934 1340 2996 nostris
1394 2933 1937 2995 observationibus
1992 2933 2092 2995 vel
2145 2934 2208 2993 in
2283 2934 2600 3014 praecipuo
2679 2933 2957 2994 themate
3031 2934 3442 3008 eonfutanda,
3501 2937 3600 2998 vel
3663 2937 3734 2998 in

337 3034 628 3117 pluribus
682 3031 1056 3111 corrigenda
1103 3048 1230 3090 non
1280 3030 1486 3090 fuerit.
1537 3029 1815 3109 Idipsum
1864 3031 2028 3092 notis
2075 3030 2212 3109 ejus
2241 3031 2720 3110 quamplurimis
2767 3031 3014 3099 accidit,
3049 3049 3190 3110 quae
3238 3032 3455 3094 fusiori
3484 3033 3738 3096 calamo

333 3133 435 3195 vel
491 3129 794 3212 appendit
844 3128 1068 3190 Leonis
1124 3127 1557 3200 Sermonibus,
1619 3134 1713 3187 vel
1773 3128 1837 3186 in
1904 3128 2215 3208 Epistolas
2271 3128 2551 3207 ejusdem
2609 3136 2752 3209 post
2807 3128 3278 3191 dissertationes
3334 3130 3576 3210 rejecit.
3639 3135 3737 3195 Ne

335 3249 484 3293 vero
545 3229 683 3290 haec
731 3227 812 3289 ad
849 3225 1222 3307 jactantiam
1271 3225 1436 3286 dicta
1479 3224 1839 3299 credantur,
1891 3227 1988 3286 vel
2036 3227 2306 3307 suspicio
2355 3227 2455 3300 sit,
2506 3245 2640 3300 nos,
2692 3227 2844 3288 dum
2874 3227 3277 3300 Quesnellum
3331 3227 3744 3310 impugnabi-

336 3347 500 3403 mus,
545 3326 837 3407 quaedam
887 3343 965 3387 ex
995 3325 1132 3404 ipso
1175 3341 1456 3403 carpere,
1507 3341 1650 3401 quae
1679 3341 1716 3383 a
1761 3328 2059 3384 contextu
2099 3323 2234 3402 ejus
2281 3324 2549 3386 dissecta
2595 3325 2776 3386 facile
2819 3325 2884 3385 in
2926 3324 3229 3386 invidiam
3277 3331 3341 3387 et
3389 3328 3745 3408 reprehen-

332 3427 575 3489 sionem
617 3422 980 3502 detorqueri
1026 3424 1286 3501 queant,
1332 3419 1666 3480 statuimus
1730 3420 1897 3500 ipsas
1944 3420 2226 3498 ejusdem
2296 3423 2764 3484 lucubrationes
2830 3423 3108 3502 integras
3174 3430 3405 3486 nostra;
3472 3426 3747 3488 editioni

330 3523 884 3603 inserere,et.suas
937 3517 1162 3599 cuique
1207 3517 1676 3580 observationes
1721 3518 2057 3598 subjicere,
2119 3520 2347 3600 quibus
2377 3538 2454 3581 ea
2501 3539 2642 3600 quae
2691 3520 3129 3583 confutatione
3173 3528 3319 3584 sunt
3376 3523 3569 3602 digna
3624 3526 3752 3589 im-

332 3623 698 3703 pugnentur
749 3618 849 3680 vel
906 3617 1324 3696 corrigantur.
1383 3617 1478 3677 Ita
1535 3616 1771 3677 scilicet
1824 3635 2027 3678 causa:
2089 3622 2320 3678 nostrae
2377 3617 2772 3691 conﬁdimus,
2827 3624 2896 3678 ut
2941 3619 3283 3680 adversarii
3331 3621 3556 3684 faciem
3605 3643 3743 3688 non

327 3717 738 3798 refugiamus.
797 3715 958 3777 Hinc
1011 3714 1201 3775 etiam
1258 3713 1366 3775 ﬁet
1422 3719 1494 3776 ut
1549 3715 1900 3776 necessaria
1945 3715 2216 3795 amplius
2267 3735 2393 3776 non
2443 3716 2523 3776 sit
2567 3716 2883 3788 Quesnelli
2939 3717 3155 3790 editio,
3216 3737 3359 3798 quae
3401 3726 3636 3783 nostras
3666 3722 3742 3785 in

328 3820 529 3879 totam
578 3815 815 3876 inserta
859 3812 1251 3885 invenietur;
1286 3816 1349 3872 et
1389 3815 1457 3872 ut
1501 3811 1698 3891 ipsius
1747 3811 2234 3886 lucubrationes,
2283 3832 2423 3892 quae
2471 3813 2534 3872 in
2584 3813 2964 3875 etlitionibus
2994 3814 3131 3893 ejus
3157 3813 3504 3878 interdictae
3557 3809 3740 3896 sunt,

325 3914 392 3976 in
422 3913 543 3974 hac
573 3916 789 3973 nostra
826 3910 1052 3990 cuique
1097 3909 1280 3970 liceat
1323 3909 1530 3987 legere
1560 3914 1620 3970 et
1665 3927 1807 3969 cum
1861 3911 2090 3970 nostris
2139 3911 2788 3973 animadversionibus
2830 3918 3022 3992 atque
3071 3914 3351 3975 censuris
3399 3917 3739 3994 conferre;

328 4032 406 4076 ex
459 4030 586 4093 quo
641 4027 966 4091 speramus
1020 4008 1305 4070 futurum
1365 4014 1436 4067 ut
1507 4011 1570 4068 et
1624 4007 1852 4068 veritas
1929 4009 2173 4070 facilius
2246 4010 2620 4084 innotescat,
2696 4017 2759 4073 et
2832 4027 2985 4071 num
3061 4010 3326 4074 nimium
3382 4016 3743 4079 auserimus

325 4109 594 4193 quisque
624 4106 982 4190 perspiciat.
3017 4125 3020 4128 ~

404 4209 564 4272 XVI.
597 4207 668 4270 Id
713 4211 925 4268 autem
975 4202 1256 4284 profiteri
1303 4201 1424 4263 hoc
1473 4201 1610 4264 loco
1670 4203 1765 4264 fas
1806 4209 1921 4278 est,
1972 4203 2136 4266 hanc
2182 4206 2586 4266 concertandi
2634 4207 2940 4268 rationem
2971 4225 3114 4269 cum
3159 4207 3521 4271 adversario
3561 4227 3736 4291 pree-

323 4310 500 4370 sente
541 4310 604 4366 et
650 4322 689 4364 a
718 4303 922 4366 fronte
970 4300 1310 4362 dimicante
1353 4299 1773 4361 difficiliorem
1824 4301 2035 4362 fuisse.
2089 4303 2440 4363 Richardus
2481 4303 2700 4364 Simon
2749 4321 2826 4363 ex
2856 4303 2993 4365 Elia
3021 4303 3294 4386 Dupinio
3323 4304 3389 4368 in
3436 4308 3740 4379 Quesnel-

216 4445 218 4447 ›
321 4402 496 4464 Iiana
548 4400 823 4462 editione
875 4400 1001 4460 duo
1057 4397 1323 4471 notavit,
1383 4397 1680 4458 nimirum
1736 4397 2051 4469 Quesnelli
2105 4399 2574 4462 dissertationes
2634 4401 2898 4461 nimium
2955 4420 3088 4464 esse
3146 4402 3451 4482 prolixus,
3485 4410 3548 4466 et
3576 4425 3735 4469 non-

324 4497 533 4560 nullas
595 4496 676 4558 ad
737 4495 960 4557 Leonis
1029 4497 1237 4575 Opera
1304 4513 1433 4556 non
1509 4495 1629 4555 nisi
1705 4495 2005 4556 remotius
2081 4497 2416 4578 pertinere.
2495 4497 2556 4559 ll
2625 4497 2981 4578 (Du‘pinius)
3057 4497 3157 4560 n’a
3235 4518 3320 4579 pu
3388 4502 3724 4581 cependant

321 4593 655 4659 disszinuler
709 4611 822 4676 que
877 4592 955 4652 les
1009 4591 1409 4654 dissertations
1462 4600 1592 4653 sont
1643 4601 1776 4674 trop
1835 4591 2094 4672 langues,
2154 4603 2210 4654 ct
2278 4614 2390 4676 que
2455 4594 2899 4676 quelques-unes
2973 4593 3141 4657 n’ont
3214 4597 3397 4678 qu’un
3471 4614 3738 4684 ναρρατ-ε

320 4693 559 4775 éloigné
609 4709 735 4754 aue:
791 4689 1060 4752 (Euvres
1119 4688 1189 4749 de
1233 4690 1394 4749 saint
1446 4689 1606 4751 Le'on
1632 4689 1742 4772 (a.)
1789 4693 1936 4752 Haec
1992 4691 2117 4753 duo
2173 4692 2607 4755 difficultatem
2651 4693 3040 4773 potissimam
3083 4693 3470 4758 incesserunt
3501 4713 3522 4759 :
3551 4704 3615 4760 et
3653 4703 3730 4763 ut

319 4791 598 4872 primum
654 4787 938 4849 dicamus
994 4784 1073 4846 de
1128 4791 1444 4866 postremo
1493 4787 1721 4864 capite,
1773 4806 1914 4850 cum
1959 4789 2216 4850 editoris
2247 4790 2327 4850 sit
2373 4809 2448 4851 ea
2477 4791 2809 4870 diligenter
2849 4792 3123 4853 scrutari
3153 4798 3216 4855 et
3255 4793 3546 4858 evolvere
3579 4815 3731 4876 quas

325 4888 408 4950 ad
455 4889 791 4950 Auctorem
841 4882 1105 4964 ejusque
1151 4886 1357 4963 Opera
1403 4890 1714 4963 spectant,
1767 4903 1969 4966 pauca
2025 4887 2391 4960 admodum,
2443 4907 2584 4968 quae
2642 4889 2866 4949 Leonis
2912 4893 3022 4950 aut
3054 4887 3206 4968 ejus
3255 4891 3532 4970 Operam
3581 4911 3727 4974 pro-

318 4985 461 5068 pria
501 4989 670 5058 sunt,
729 4982 795 5043 in
853 4981 1186 5054 Quesnello
1243 4981 1601 5061 expendere
1657 4989 1720 5046 et
1774 4990 2064 5045 excutere
2132 5004 2292 5064 opus
2348 4985 2606 5059 fuisset;
2657 5004 2861 5064 neque
2912 4986 3246 5049 fuissemus
3292 4989 3494 5050 coacti
3526 4990 3606 5052 in
3649 5011 3732 5056 ea

318 5080 584 5162 digredi,
641 5080 708 5143 in
764 5097 906 5161 quae
961 5079 1065 5140 ille
1125 5078 1373 5158 longius
1429 5085 1490 5140 et
1545 5080 1800 5142 liberius
1857 5081 2172 5155 excurrit;
2235 5082 2447 5161 sicque
2521 5101 2649 5144 non
2706 5102 2906 5162 pauca
2981 5083 3340 5149 difﬁciliora
3400 5089 3724 5166 prmterire

316 5179 620 5242 licuisset.
673 5179 755 5240 At
812 5177 1232 5240 inserentibus
1305 5196 1524 5239 omnes
1609 5179 2102 5253 dissertationes,
2181 5179 2644 5241 admonitiones
2719 5187 2782 5242 et
2833 5171 3317 5244 annotationes
3373 5185 3719 5260 Quesnelli,

317 5275 570 5360 singula
616 5276 892 5338 examini
938 5274 1327 5354 subjicienda
1375 5277 1572 5350 fuere,
1629 5277 1757 5338 sive
1807 5297 1948 5356 quae
1997 5277 2075 5337 ad
2125 5280 2395 5338 Leonem
2451 5284 2564 5340 aut
2609 5278 2747 5357 ejus
2796 5282 3001 5359 Opera
3041 5281 3382 5360 pertinent,
3418 5282 3547 5344 sive
3579 5303 3728 5362 qua:

315 5395 394 5440 ex
444 5374 771 5447 occasione
820 5374 1074 5435 inducta
1114 5372 1526 5434 remotissime
1573 5375 1970 5448 distrahunt;
2033 5395 2148 5438 nec
2214 5377 2582 5457 quidquam,
2637 5379 2784 5438 licet
2823 5377 3138 5440 difﬁcilius
3187 5385 3250 5441 et
3302 5379 3713 5460 implicatius,

315 5473 698 5538 dissimulari
757 5479 868 5535 aut
922 5470 1266 5534 transcurri
1322 5471 1530 5550 potuit
1583 5490 1724 5533 cum
1783 5475 2129 5552 praesertim
2189 5474 2255 5535 in
2321 5475 2630 5554 ejusmodi
2679 5475 3213 5556 disputationibus
3237 5487 3280 5539 ’a
3311 5478 3533 5541 Leonis
3582 5481 3722 5543 edi-

386 5666 464 5744 (a)
496 5669 733 5743 Critique
791 5669 854 5724 de
908 5669 962 5723 la
1011 5665 1450 5734 Bibliotheque...
1498 5680 1604 5735 par
1655 5667 1729 5722 M.
1772 5667 1985 5741 Dupin,
2055 5667 2150 5724 liv.
2184 5684 2248 5740 n,
2279 5683 2330 5722 c.
2363 5672 2451 5724 16.
