3912 6414
145 387 216 450 23
925 387 1345 454 PBEFATIO
1391 387 1830 453 GENERALIS
1874 388 1952 451 ΙΝ
1998 389 2208 454 HANC
2251 388 2709 456 EDITIONEM.
3447 398 3524 459 ‘26

142 525 298 588 tione
316 523 500 588 valde
558 524 814 589 remotis
868 523 998 588 non
1055 543 1260 608 pauca
1288 523 1502 601 insint,
1552 536 1694 604 quae
1748 538 2075 588 censuram
2107 543 2234 588 non
2263 512 2554 606 exiguam
2612 515 2841 591 mereri
2887 525 3022 591 visa
3050 532 3219 592 sunt.
3279 528 3350 594 id
3378 549 3522 593 cum

142 642 245 704 pro
296 625 600 686 varietate
659 631 720 686 et
767 625 1138 686 difficultate
1190 643 1420 697 rerum,
1454 623 1516 683 in
1575 641 1718 702 qum
1777 623 2149 696 Quesnellus
2193 625 2491 697 excurrit,
2540 613 2890 705 longiorem
2943 626 3414 690 meditationem
3447 647 3519 690 ac

137 722 337 800 plures
388 723 860 785 observationes
920 722 1282 803 postularet,
1335 723 1422 795 id,
1483 722 1769 802 inquam,
1825 721 2219 801 potissimum
2275 721 2340 781 in
2403 740 2591 783 causa
2647 724 2767 785 fuit
2816 731 2886 785 ut
2916 724 3051 787 hac
3081 726 3273 788 editio
3325 729 3525 790 serius

137 837 320 899 quam
350 820 530 882 initio
561 821 934 883 credebatur
965 821 1126 900 typis
1159 820 1446 880 mandari
1476 820 1773 899 potuerit.

211 920 392 980 XVII.
450 919 542 981 Ad
603 918 1024 998 prolixitatem
1082 935 1229 978 vero
1286 917 1795 979 dissertationum
1853 915 2166 988 Quesnelli
2224 935 2262 976 a
2319 918 2592 998 Dupinio
2651 923 2934 980 notatam
2995 922 3164 1000 quod
3223 923 3519 1002 pertinet,

136 1034 236 1076 eas
265 1017 475 1078 multis
532 1015 899 1095 protrahere
955 1015 1074 1095 ipsi
1129 1017 1501 1094 plerumque
1557 1013 1978 1076 necessarium
2009 1013 2148 1074 fuit.
2183 1014 2336 1074 Cum
2394 1016 2562 1076 enim
2594 1015 2658 1076 in
2694 1017 3022 1095 permultis
3065 1019 3194 1078 suis
3247 1019 3527 1083 thesibus

133 1121 366 1175 careret
421 1114 763 1194 exploratis
818 1114 1166 1175 rationibus
1221 1119 1284 1174 et
1338 1113 1755 1187 documentis,
1816 1131 1957 1192 quae
2017 1111 2122 1172 ubi
2184 1111 2435 1186 adsunt,
2470 1112 2548 1173 ad
2609 1133 2739 1175 rem
2774 1115 3274 1178 concludendam
3326 1137 3529 1197 pauca

131 1212 468 1286 sufﬁciunt,
529 1212 610 1272 ad
668 1211 832 1273 solas
890 1211 1380 1290 conjectationes
1431 1229 1663 1289 easque
1712 1210 2056 1271 imbecilles
2114 1210 2602 1288 confugiendum
2656 1212 2793 1272 fuit.
2855 1217 3010 1274 Cum
3069 1232 3259 1294 porro
3309 1223 3532 1278 acutus

127 1309 316 1370 homo
369 1310 752 1388 intelligeret
809 1309 943 1382 has,
1007 1309 1059 1370 si
1117 1327 1333 1389 paucae
1391 1308 1518 1368 sint
1572 1316 1634 1368 et
1689 1308 1906 1388 paucis
1966 1315 2422 1387 proponantur,
2513 1309 2844 1369 minimum
2905 1329 3110 1390 posse,
3171 1314 3530 1392 complures

124 1409 310 1468 simul
369 1425 712 1487 congerere
767 1407 1028 1477 studuit,
1090 1424 1323 1486 easque
1378 1406 1468 1466 ita
1493 1405 1760 1467 invicem
1819 1405 2137 1484 colligare,
2171 1411 2235 1468 et
2265 1406 2524 1468 eruditis
2581 1407 2922 1469 identidem
2984 1409 3246 1482 notitiis,
3281 1411 3530 1474 dicendi

123 1512 260 1567 arte
289 1524 364 1567 ac
392 1505 728 1566 subtilibus
766 1505 1110 1566 ratiociniis
1143 1505 1408 1577 munire,
1463 1510 1533 1564 ut
1589 1503 1852 1564 lectores
1882 1504 2109 1565 sensim
2143 1508 2206 1564 et
2255 1504 2500 1565 facilius
2558 1505 2886 1580 illicerent,
2951 1525 3024 1567 ac
3074 1508 3137 1567 in
3192 1508 3329 1587 ejus
3385 1529 3527 1572 sen-

125 1605 391 1666 tentiam
451 1605 866 1666 attraherent.
930 1603 1152 1664 Iisdem
1211 1602 1486 1680 vestigiis
1545 1601 1855 1682 principio
1911 1602 2094 1662 nobis
2151 1590 2404 1683 quoque
2464 1603 2900 1677 insistendum,
2935 1611 2998 1666 et
3051 1593 3267 1668 omnia
3297 1626 3369 1670 ac
3401 1608 3529 1670 sin-

124 1703 282 1782 gula
336 1721 482 1782 quae
539 1720 866 1764 censuram
928 1707 1214 1781 peterent
1266 1701 1609 1762 refellenda
1656 1700 2057 1762 videbantur.
2116 1701 2194 1762 At
2250 1699 2371 1761 hac
2449 1700 2743 1762 methodo
2824 1702 2888 1762 in
2954 1704 3239 1764 eamdem
3318 1707 3528 1770 nimiae

126 1800 513 1879 prolixitatis
566 1805 778 1860 notam
836 1798 1294 1860 incidissemus.
1354 1801 1443 1860 Ne
1500 1817 1650 1860 vero
1701 1799 1819 1859 hoc
1876 1798 2110 1859 laboris
2171 1803 2286 1859 aut
2341 1798 2732 1860 difﬁcultatis
2788 1799 3178 1863 declinandae
3240 1805 3532 1866 credatur

125 1897 455 1977 effugium,
506 1898 913 1958 observamus
967 1897 1296 1958 veritatem
1330 1897 1877 1977 propugnantibus
1929 1897 2077 1957 satis
2107 1914 2238 1956 esse
2296 1896 2346 1956 si
2395 1897 2691 1975 capitalia
2721 1901 2783 1957 et
2837 1898 3102 1959 fortiora
3155 1909 3532 1978 argumenta

125 1993 534 2056 convellant:
597 1993 696 2055 his
751 1995 918 2056 enim
977 1995 1264 2068 sublatis,
1324 1999 1552 2056 caetera
1609 1994 1867 2068 leviora,
1929 2013 2072 2073 quae
2099 1993 2322 2054 iisdem
2380 1994 2747 2071 fulciuntur,
2783 2011 2898 2075 per
2925 2013 2990 2056 se
3041 1997 3294 2072 cadunt,
3344 1999 3434 2060 ita
3464 2005 3534 2061 ut

125 2093 408 2153 nimium
451 2093 686 2154 morosi
742 2093 1013 2154 hominis
1036 2093 1121 2154 sit
1149 2093 1213 2153 in
1274 2091 1369 2154 his
1426 2091 1827 2154 confutandis
1876 2093 2140 2154 lectores
2199 2092 2434 2153 diutius
2487 2079 2804 2154 distinere.
2865 2095 3100 2156 Verum
3133 2095 3195 2155 in
3241 2096 3360 2158 hac
3391 2097 3532 2178 ipsa

123 2190 387 2264 laboris,
419 2196 490 2252 ut
515 2191 788 2263 videtur,
847 2191 1287 2253 imminutione
1344 2190 1785 2251 difficillimum
1843 2209 2321 2270 nonnumquam
2357 2190 2494 2263 fuit,
2539 2190 2703 2252 inter
2761 2191 2992 2253 multas
3041 2191 3534 2271 conjectationes

126 2297 611 2363 eassecernere,
672 2307 814 2370 quae
870 2289 1171 2369 capitales
1226 2294 1289 2350 et
1345 2289 1661 2369 praecipue
1719 2289 2080 2350 refellendae
2133 2295 2363 2350 essent.
2425 2291 2520 2350 Ita
2562 2289 2727 2350 enim
2760 2290 2944 2369 plura
2973 2278 3342 2363 Quesnell'us
3372 2295 3532 2356 miro

127 2387 398 2449 artificio
446 2387 661 2467 jungit
710 2404 783 2448 ac
837 2386 1074 2460 miscet,
1110 2391 1180 2448 ut
1235 2388 1337 2448 vix
1393 2388 1723 2466 detegatur
1779 2386 1931 2466 quid
1989 2390 2263 2466 prestet.
2319 2388 2475 2448 Cum
2534 2388 2864 2467 proposuit
2919 2389 3210 2468 quaedam
3268 2390 3530 2468 leviora,

128 2485 364 2564 quibus
417 2485 617 2546 facilis
675 2489 838 2546 esset
883 2484 1227 2564 responsio,
1291 2484 1562 2546 elabitur
1618 2490 1872 2565 repente
1931 2491 2000 2545 ut
2054 2485 2299 2562 anguis,
2363 2491 2426 2546 et
2479 2485 2559 2546 ad
2613 2486 2738 2546 alia
2794 2472 3187 2561 transcurrit,
3249 2507 3389 2569 qum
3422 2492 3538 2552 etsi

128 2584 294 2645 forte
353 2582 478 2644 sint
533 2583 771 2663 pariter
827 2582 1011 2655 levia,
1072 2581 1364 2661 graviora
1406 2587 1615 2643 tamen
1646 2601 1724 2642 ex
1753 2583 2266 2644 antecedentibus
2321 2583 2637 2644 videntur.
2691 2586 2871 2646 Nunc
2922 2585 3266 2665 quaerendo
3325 2580 3539 2669 potius

129 2700 328 2762 quam
384 2681 762 2743 affirmando
820 2680 1251 2760 conjectatur;
1314 2698 1481 2741 nunc
1537 2681 1870 2759 qumstioni
1926 2681 2081 2742 alias
2135 2681 2453 2742 interserit
2508 2683 2911 2762 quaestiones,
2944 2684 3041 2744 vel
3073 2683 3294 2745 saltem
3345 2686 3540 2748 dubia

127 2780 426 2862 quadam
479 2778 808 2860 inspergit,
867 2779 1095 2858 quibus
1151 2778 1399 2856 longius
1454 2783 1518 2840 et
1565 2779 1934 2858 eloquenter
1988 2778 2376 2858 subdoleque
2432 2780 2756 2862 productis
2813 2780 3099 2860 deceptio
3172 2801 3298 2842 non
3356 2784 3538 2846 facile

121 2879 530 2952 discernitur,
588 2882 651 2938 et
708 2875 1103 2956 conjecturas
1161 2875 1538 2955 coniecturis
1593 2875 1918 2955 adjiciens,
1981 2876 2154 2956 quod
2213 2876 2430 2956 paucis
2489 2875 2772 2938 obtinere
2803 2867 2928 2938 non
2986 2877 3216 2958 potuit,
3249 2867 3540 2942 multitu-

118 2977 278 3037 dine
335 2993 400 3037 se
457 2979 938 3037 consecuturum
995 2973 1276 3034 confidit.
1337 2975 1406 3034 In
1467 2973 1563 3034 his
1621 2973 1916 3035 omnibus
1976 2979 2192 3035 exacte
2242 2973 2668 3053 expendendis
2697 2981 2760 3036 et
2789 2975 2867 3036 ad
2899 2981 3072 3037 certa
3136 2977 3437 3056 pauciora
3468 2997 3541 3040 ac

119 3075 381 3156 potiora
438 3073 645 3154 capita
701 3071 1086 3145 revocandis,
1148 3090 1226 3131 ne
1273 3071 1521 3150 longior
1579 3071 1927 3132 confutatio
1985 3071 2376 3151 procederet,
2436 3078 2497 3133 et
2553 3072 2891 3134 lectoribus
2947 3073 3266 3138 fastidium
3331 3095 3406 3138 ac
3462 3095 3534 3139 ex

122 3171 604 3253 multiplicitate
659 3171 1088 3232 confusionem
1148 3169 1335 3230 etiam
1380 3177 1650 3250 pareret,
1715 3176 1955 3251 quanta
2011 3171 2356 3232 attentione
2412 3189 2486 3252 ac
2513 3169 2841 3250 diligentia
2896 3189 3055 3250 opus
3087 3173 3295 3248 fuerit,
3356 3175 3534 3254 quis-

127 3290 259 3352 que
319 3270 559 3351 peritus
612 3269 944 3348 intelliget.
1002 3267 1180 3340 Quod
1236 3268 1380 3328 siin
1439 3267 1537 3329 his
1589 3267 1937 3348 potioribus
1993 3267 2305 3348 capitibus
2361 3268 2718 3329 refellendis
2773 3267 3245 3331 observationes
3305 3277 3538 3333 nostra:

128 3369 460 3448 longiores
515 3384 997 3447 nonnumquam
1055 3365 1329 3445 cuipiam
1386 3365 1790 3439 videbuntur,
1819 3367 1872 3426 is
1927 3366 2280 3428 consideret
2336 3366 2519 3449 plura
2549 3367 2778 3450 saepius
2833 3365 3178 3428 desiderari
3221 3367 3300 3428 ad
3332 3363 3539 3429 revin-

129 3468 408 3529 cendum
464 3481 654 3545 quam
713 3465 792 3524 ad
846 3464 1327 3543 proponendum
1386 3481 1688 3525 errorem.
1739 3465 1830 3525 Ea
1857 3482 2046 3544 porro
2104 3463 2273 3524 facili
2330 3463 2670 3544 partitione
2728 3481 2801 3528 ac
2832 3464 3131 3526 methodo
3161 3453 3435 3540 utemur,
3470 3473 3544 3530 ut

129 3565 338 3626 lector
391 3563 602 3624 statim
660 3561 971 3639 intelligat
1025 3561 1176 3640 quid
1234 3567 1480 3640 agatur,
1541 3567 1605 3622 et
1632 3579 1744 3622 cur
1798 3561 2101 3641 prolixior
2130 3561 2470 3641 disputatio
2529 3563 2882 3624 necessaria
2939 3563 3124 3624 fuerit
3177 3563 3241 3624 in
3272 3563 3538 3643 quibus-

129 3663 285 3723 dam
345 3661 678 3742 capitibus,
739 3677 814 3721 ex
846 3658 1073 3738 quibus
1129 3663 1360 3720 caetera
1414 3659 1712 3739 pendent.
1773 3659 2112 3739 Speremus
2168 3679 2314 3722 vero
2371 3660 2488 3722 hac
2519 3661 2762 3722 ratione
2811 3661 3133 3740 cognitum
3165 3660 3261 3736 iri,
3298 3681 3435 3736 nos,
3470 3668 3544 3725 ut

127 3760 454 3832 brevitati,
517 3763 822 3838 quantum
881 3757 1019 3818 ﬁeri
1075 3762 1344 3837 poterat,
1404 3757 1896 3832 consuleremus,
1958 3757 2116 3818 nihil
2173 3759 2547 3837 praeteriisse
2606 3759 2775 3839 quod
2829 3759 3099 3838 capitale
3153 3765 3352 3835 esset;
3405 3762 3542 3823 sola

125 3865 348 3920 autem
417 3857 785 3928 minutiora,
865 3873 1008 3935 quae
1065 3855 1415 3936 potioribus
1471 3855 1730 3916 divulsis
1785 3862 2109 3929 corruunt,
2164 3855 2309 3935 jure
2370 3857 2743 3936 neglexisse.
2807 3857 2986 3929 Quod
3042 3857 3092 3918 si
3151 3859 3444 3939 quaedam
3504 3876 3543 3921 a

125 3955 467 4030 Quesnello
495 3954 561 4015 in
613 3953 1155 4015 dissertationibus
1183 3953 1421 4014 inserta
1449 3953 1830 4032 peculiarem
1863 3973 2192 4015 censuram
2220 3955 2655 4034 postulabunt,
2691 3975 2832 4035 quae
2863 3956 2926 4016 in
2961 3962 3260 4017 contextu
3289 3963 3540 4016 nostra-

122 4074 271 4117 rum
324 4053 835 4116 observationum
894 4051 973 4112 ad
1031 4051 1310 4129 singulas
1369 4051 1838 4112 dissertationes
1894 4058 2322 4132 opportunum
2383 4054 2591 4114 locum
2650 4044 2797 4116 non.
2832 4054 3178 4128 invenient,
3231 4071 3530 4115 censuras

124 4151 465 4232 ejusmodi,
499 4169 580 4212 ne
635 4149 786 4230 quid
842 4149 1260 4211 necessarium
1320 4149 1502 4224 desit,
1533 4149 1600 4210 in
1657 4150 2195 4224 annotationibus,
2232 4170 2372 4232 quae
2424 4151 2647 4213 iisdem
2706 4151 2859 4213 locis
2897 4151 3260 4230 affigentur,
3320 4139 3542 4230 paucis

123 4248 574 4311 indicabimus.

212 4347 435 4409 XVIII.
466 4343 816 4406 Richardus
845 4344 1090 4416 Simon,
1146 4343 1326 4423 cujus
1356 4343 1546 4424 paulo
1577 4348 1723 4405 ante
1754 4339 2180 4417 meminimus,
2215 4342 2294 4403 de
2352 4342 2798 4415 Quesneiliana
2854 4346 2920 4406 S.
2982 4341 3208 4404 Leonis
3264 4342 3544 4408 editione

129 4430 573 4506 testimonium
624 4441 830 4522 ponit,
865 4441 1034 4521 quod
1067 4441 1187 4503 hoc
1241 4442 1378 4502 loco
1431 4440 1603 4502 haud
1657 4440 2276 4522 praetermittendum
2317 4445 2635 4524 putamus.
2693 4440 2972 4502 Rccitato
3017 4440 3221 4521 elogio
3251 4459 3378 4522 quo
3410 4443 3542 4504 Du-

120 4541 343 4622 pinias
369 4526 690 4612 Quesnelli
717 4539 1183 4601 dissertationes
1239 4539 1810 4614 commendaverat,
1877 4538 2014 4601 haec
2067 4538 2362 4618 subiicit:
2422 4537 2721 4600 L’édition
2779 4537 2874 4600 des
2931 4538 3202 4602 (Euvres
3255 4539 3325 4601 de
3378 4541 3543 4602 saint

118 4640 293 4703 Leon
340 4636 578 4720 publiée
600 4624 818 4724 seualle
849 4657 986 4724 nom
1017 4636 1099 4697 d'u
1137 4636 1213 4698 P.
1250 4637 1500 4713 Qu‘esnel
1551 4638 1757 4699 mirite
1810 4655 1948 4699 sam
2002 4635 2177 4698 doute
2233 4645 2376 4719 cette
2429 4635 2732 4718 louange;
2783 4653 2934 4700 mars
2993 4637 3044 4700 le
3105 4637 3545 4702 bibliothécaire

115 4739 226 4798 n’a
244 4753 366 4818 pas
385 4753 461 4796 su
483 4722 724 4822 queret
745 4722 1010 4816 ouvrage
1037 4737 1300 4822 est-sorti
1312 4735 1393 4820 de
1411 4735 1710 4818 plusieurs
1736 4735 1951 4797 maius.
2011 4735 2095 4797 Le
2149 4733 2227 4795 P.
2291 4733 2542 4818 Quesnel
2593 4753 2660 4796 en
2711 4755 2754 4819 ⁹α
2809 4737 3074 4799 ramassé
3126 4735 3352 4798 durant
3393 4737 3542 4819 plu-

114 4836 319 4896 sieurs
363 4837 583 4921 amtées
604 4820 610 4824 ’
633 4833 716 4896 les
753 4820 1156 4921 ‘mate'riaux,
1192 4836 1305 4916 qui
1353 4834 1445 4895 lui
1467 4834 1701 4916 'furent
1750 4833 1988 4914 fourm‘s
2025 4851 2095 4894 en
2137 4834 2344 4914 partis
2369 4851 2495 4914 par
2542 4833 2846 4914 plusieurs
2896 4853 3218 4916 personnes
3268 4841 3540 4897 savantes

117 4931 196 4994 de
245 4919 680 5000 -Ρανίέθσφηαὼ
733 4919 952 4994 comma
997 4933 1090 5020 ire“
1112 4931 1272 4994 Pére
1321 4937 1394 4993 ne
1421 4933 1620 4994 savait
1639 4951 1752 5013 pas
1781 4949 1941 4994 assez
1969 4931 2022 4992 le
2053 4930 2205 4992 latin
2243 4949 2409 5012 pour
2462 4951 2763 5013 eomposer
2817 4952 2923 4994 son
2967 4949 3232 5012 ouvrage
3283 4951 3356 4994 en
3396 4940 3545 4995 cette

118 5030 366 5109 langue,
404 5029 456 5090 il
477 5028 536 5091 le
577 5039 850 5117 campum
892 5020 1161 5093 'd’aboi'd
1184 5051 1255 5091 en
1310 5030 1607 5111 frangetis,
1637 5041 1694 5092 et
1726 5031 1773 5091 il
1800 5029 1852 5092 le
1907 5029 2107 5091 donna
2135 5031 2172 5092 ὰ
2199 5035 2409 5091 mettre
2436 5050 2508 5091 en
2538 5030 2686 5092 latin
2714 5031 2751 5092 ἀ
2797 5051 2879 5092 un
2935 5039 3153 5092 savant
3189 5029 3538 5110 Hibernois,

119 5129 236 5210 qui
274 5128 458 5190 avait'
490 5129 582 5214 ἑτέ
633 5131 1016 5215 auparauant
1071 5127 1144 5189 de
1174 5127 1516 5203 l‘Oratoire,
1567 5138 1626 5189 et
1668 5129 1781 5212 qui
1825 5131 2150 5212 pro/essait
2200 5127 2362 5189 alors
2417 5126 2477 5189 la
2531 5127 2872 5210 rhe'torique
2925 5127 3077 5190 dans
3134 5128 3185 5191 le
3225 5128 3441 5211 collége
3467 5130 3542 5193 de

121 5223 454 5288 Beauvais.
512 5224 574 5288 Il
624 5217 896 5312 campose
947 5227 1114 5288 aussz’
1161 5245 1233 5286 en
1286 5225 1557 5306 frangais
1588 5227 1647 5287 la
1693 5227 1784 5288 υιέ
1832 5225 1902 5286 de
1951 5225 2024 5286 S.
2058 5224 2220 5286 Léon
2243 5245 2265 5299 ,·
2313 5235 2368 5285 et
2413 5224 2521 5286 elle
2565 5226 2670 5306 fut
2715 5225 2976 5288 traduite
3011 5247 3082 5288 en
3130 5226 3280 5289 latin
3318 5246 3444 5309 par
3490 5227 3542 5289 le

122 5323 201 5385 P.
238 5321 482 5385 Gérard
508 5322 592 5386 du
621 5325 784 5399 Bois,
818 5324 926 5406 qui
942 5405 948 5411 _
972 5326 1120 5386 e’tait
1147 5322 1312 5384 alors
1360 5323 1508 5384 dans
1540 5324 1602 5386 la
1631 5327 1857 5386 maz'son
1885 5322 1984 5384 des
2015 5322 2194 5384 Peras
2223 5322 2291 5383 de
2320 5321 2645 5384 l’0ratoire
2674 5344 2784 5385 rue
2810 5323 3276 5387 Saint-Honoré
3319 5343 3460 5386 avec
3489 5324 3543 5385 le

122 5421 202 5482 Ρ.
255 5420 526 5496 Quesnel.
557 5422 642 5484 Le
682 5422 760 5484 P.
796 5423 875 5484 du
904 5423 1050 5484 Bois
1100 5421 1364 5502 changea
1415 5421 1563 5483 dans
1613 5432 1754 5484 cette
1796 5421 1894 5482 Vie
1948 5421 2223 5503 quelques
2277 5420 2560 5494 endroit‘s,
2593 5423 2705 5504 qui
2729 5421 2821 5483 lui
2862 5434 3160 5504 pararent
3206 5431 3340 5502 trop
3398 5420 3540 5482 durs

121 5526 328 5579 contra
362 5506 1019 5600 Rome,°vchangements
1047 5537 1158 5600 que
1185 5517 1236 5579 le
1262 5518 1338 5579 P.
1375 5517 1623 5594 (λιθεηεί
1664 5539 1736 5580 ne
1761 5527 1874 5598 put
1903 5534 2276 5599 approuver;
2311 5517 2463 5578 maia
2491 5517 2591 5578 s’il
2642 5520 2804 5580 avait
2824 5519 3055 5599 proﬁté
3097 5519 3195 5579 des
3234 5517 3373 5578 bons
3415 5519 3542 5578 avis

117 5635 233 5697 que
261 5635 366 5678 son
395 5617 674 5698 con/rere
695 5618 787 5680 lui
806 5617 1029 5691 donna,
1063 5617 1110 5678 il
1134 5617 1401 5678 n’aurait
1425 5617 1726 5699 peut-étre
1757 5636 1870 5699 pas
1894 5635 1963 5677 eu
1995 5615 2044 5676 le
2071 5613 2360 5696 déplaisir
2386 5614 2454 5675 de
2483 5616 2615 5676 voir
2642 5637 2747 5678 son
2778 5635 3040 5694 ouvrage
3065 5613 3236 5695 ﬂétri
3262 5612 3299 5669 ἀ
3330 5615 3539 5680 Rome.

110 5716 214 5779 Au
242 5725 411 5792 reste,
434 5717 509 5799 je
535 5715 819 5780 n'avance
847 5717 980 5778 rien
1010 5716 1090 5776 ici
1133 5714 1278 5777 dent
1289 5715 1360 5796 je
1389 5715 1544 5778 n’aie
1571 5711 1660 5777 ἑτέ
1691 5715 1819 5778 bien
1849 5715 2126 5776 ivisti-uit:
2161 5731 2230 5773 en
2260 5721 2414 5773 sorte
2443 5712 2620 5793 qu’on
2673 5723 2817 5795 peut
2871 5709 3002 5769 dire
3057 5709 3128 5768 de
3157 5707 3423 5785 l‘auteur
3476 5713 3546 5779 de
