3912 6376
362 425 442 486 97
1163 424 1582 490 PREFATIO
1630 423 1907 488 GENERJ

2239 426 2450 488 [ΙΑΝο
2496 424 2954 491 EDITIONL‘M.
3687 425 3766 488 28

362 561 627 625 l’e'dition
655 560 727 624 de
757 560 826 623 S.
888 559 1072 637 Leon,
1099 560 1332 644 publiée
1373 579 1506 626 εοω
1535 558 1586 621 le
1614 578 1749 621 nom
1775 557 1856 620 du
1906 558 1983 621 P.
2043 558 2324 637 ()uesnel:
2383 561 2598 625 Smws
2655 578 2828 626 LEGIO
2861 560 2968 644 (a).
3029 563 3344 625 Hactenus
3403 560 3764 626 Richardus

361 665 604 738 Simon,
637 663 746 742 qui
775 662 838 722 in
867 662 1352 740 congregatione
1383 659 1651 722 Oratorii
1677 677 1801 718 una
1830 677 1969 718 cum
2007 659 2337 731 Quesnello
2369 660 2602 722 diutius
2631 661 2787 722 vixit
2818 681 3015 742 usque
3046 662 3124 723 ad
3150 662 3442 724 Leoninee
3467 662 3767 724 editionis

360 769 605 830 circiter
634 773 939 844 tempora.
973 765 1042 823 In
1074 761 1192 820 hoc
1253 765 1459 819 autem
1521 757 1877 817 testimonio
1936 757 2091 816 illud
2149 759 2494 837 praesertim
2554 759 3013 821 observandum
3074 766 3186 832 est,
3239 761 3396 821 adeo
3454 761 3758 822 acerbum

359 872 421 928 et
444 866 756 925 infensum
787 862 849 920 in
886 864 1226 919 ltomanam
1260 855 1467 914 sedem
1533 855 1718 915 fuisse
1752 854 2177 928 Quesnellum,
2239 862 2306 914 ut
2337 857 2438 915 uni
2468 875 2500 915 e
2531 857 2658 916 suis
2689 877 2939 937 quoque
2986 859 3408 919 confratribus
3463 858 3758 938 quaedam

357 964 495 1024 loca
526 957 978 1039 displicuerint,
1012 955 1118 1033 qui
1149 953 1380 1013 idcirco
1426 953 1488 1010 in
1525 951 2045 1030 interpretatione
2079 953 2300 1012 Latina
2327 972 2401 1013 ea
2454 955 2830 1014 emollienda
2877 956 3274 1016 existimavit.
3311 958 3464 1015 Cum
3498 975 3645 1017 vero
3695 956 3759 1015 id

357 1058 720 1134 Quesnellus
750 1053 1078 1133 respuerit,
1113 1051 1267 1111 nihil
1301 1051 1419 1110 hac
1451 1050 1513 1108 in
1546 1056 1724 1128 parte
1758 1050 1836 1109 ab
1869 1051 2314 1130 interpretibus
2343 1051 2626 1112 additum
2676 1053 2772 1113 vel
2821 1059 3269 1132 exaggeratum
3323 1053 3442 1113 dici
3500 1060 3708 1133 potest
3737 1073 3752 1128 ;

353 1156 456 1217 sed
490 1153 796 1235 quidquid
828 1150 1114 1212 acerbius
1139 1149 1200 1208 in
1232 1167 1306 1208 ea
1335 1147 1607 1208 editione
1648 1147 1894 1226 legitur,
1959 1153 2161 1207 totum
2193 1166 2268 1207 ex
2320 1147 2516 1226 ipsius
2559 1149 2875 1219 Quesnelli
2931 1156 3139 1211 mente
3197 1156 3388 1229 atque
3439 1151 3756 1213 sententia

351 1255 703 1334 profectum
736 1250 1120 1331 agnoscitur.

429 1353 588 1413 XIX.
617 1351 756 1409 Duo
813 1346 1134 1426 praecipua
1190 1345 1440 1403 fuerunt
1495 1341 1863 1422 praajudicia
1893 1342 2120 1421 quibus
2153 1341 2253 1402 hic
2314 1343 2665 1417 laborabat,
2727 1345 2994 1405 alterum
3057 1345 3118 1404 in
3179 1346 3444 1406 materia
3500 1347 3749 1425 gratiae,

350 1451 616 1511 alterum
649 1465 798 1508 vero
832 1445 1126 1506 adversus
1155 1441 1460 1522 quasdam
1493 1443 1791 1501 Romana:
1846 1440 2007 1501 sedis
2064 1442 2535 1519 prierogativas.
2572 1445 2635 1502 ln
2703 1444 2964 1503 materia
3020 1443 3265 1522 gratim,
3325 1463 3516 1523 quam
3581 1445 3748 1506 male

349 1549 612 1611 senserit
668 1545 877 1626 palam
936 1541 1174 1602 faciunt
1229 1559 1305 1600 ea
1358 1558 1498 1617 qum
1559 1544 1773 1617 postca
1828 1538 2046 1610 edidit,
2098 1545 2158 1598 et
2214 1539 2477 1599 solemni
2536 1541 2996 1600 Constitutione
3053 1542 3405 1620 proscripta
3465 1543 3747 1603 fuerunt.

349 1651 441 1710 Ex
500 1647 598 1707 bis
650 1641 957 1704 nonnulla
1013 1637 1269 1700 editioni
1327 1636 1550 1697 Leonis
1607 1635 1921 1714 inspersit,
1983 1635 2090 1694 sed
2151 1635 2420 1695 latenter
2491 1641 2553 1696 et
2613 1637 2897 1716 parcius:
2961 1637 3038 1697 de
3099 1638 3326 1716 quibus
3383 1639 3444 1698 in
3505 1638 3754 1718 aliquot

348 1741 886 1809 observationibus
943 1737 1023 1797 ad
1058 1735 1276 1797 Leonis
1335 1737 1670 1795 Sermones
1713 1739 1775 1792 et
1833 1733 1910 1792 ad
1968 1733 2470 1794 dissertationem
2532 1735 2872 1794 secundam
2933 1735 2995 1794 in
3050 1735 3244 1795 libros
3287 1735 3363 1796 de
3436 1736 3753 1798 Vocatione

346 1845 601 1906 omnium
656 1839 944 1920 gentium,
1004 1834 1403 1896 nonnihilum
1463 1831 1823 1891 disseretur.
1886 1832 1954 1890 ln
2014 1831 2366 1910 pontiﬁcias
2419 1837 2628 1892 autem
2663 1832 3114 1912 praerogativas
3158 1833 3436 1911 apertius
3468 1840 3530 1894 et
3559 1834 3752 1895 latius

343 1943 673 2021 divagatus
728 1943 841 1998 est.
893 1937 964 1996 In
1021 1933 1137 1994 has
1191 1950 1341 1992 vero
1403 1929 1564 1989 male
1625 1928 1768 1988 licet
1797 1929 2134 2001 animatus,
2171 1935 2237 1988 ut
2270 1931 2622 2008 passionem
2681 1949 2932 1992 omnem
2965 1949 3038 1991 ac
3081 1930 3523 2010 praeiudicium
3555 1950 3750 1993 occu-

341 2041 517 2114 leret,
577 2033 1062 2119 protestationes
1117 2030 1424 2110 quasdam
1481 2027 1920 2101 observantiae,
1980 2027 2184 2088 cultus
2239 2033 2302 2087 et
2353 2029 2715 2089 reverentiae
2770 2029 2832 2088 in
2893 2029 3301 2108 apostolicam
3362 2029 3570 2090 sedem
3605 2049 3745 2092 ma-

344 2131 875 2218 gnificentissimis
929 2128 1134 2191 verbis
1163 2125 1499 2186 identidem
1534 2124 1864 2203 exposuit;
1927 2143 1990 2184 re
2050 2130 2259 2186 autem
2319 2126 2755 2186 auctoritatem
2807 2125 2941 2203 ejus
2994 2126 3496 2207 quibuscumque
3556 2128 3748 2189 rebus

344 2239 556 2318 posset
609 2236 950 2293 extenuare
1006 2231 1068 2286 et
1122 2223 1496 2284 imminuere
1555 2222 1724 2282 nisus
1783 2226 1896 2281 est.
1957 2222 2226 2282 Tantum
2277 2240 2423 2282 vero
2455 2240 2520 2282 se
2545 2240 2738 2300 supra
2792 2228 3054 2282 caeteros
3109 2221 3390 2300 ejusdem
3453 2223 3750 2286 factionis

343 2333 634 2398 homines
663 2327 873 2389 hacin
906 2344 971 2386 re
1027 2327 1416 2404 praeventum
1479 2319 1848 2392 Quesnellus
1906 2320 2201 2398 prodidit,
2239 2325 2307 2378 ut
2363 2321 2743 2379 documenta
2801 2339 2943 2399 quae
2978 2321 3274 2380 Romanis
3307 2323 3748 2399 praerogativis

344 2436 558 2495 favere
623 2426 1021 2495 videbantur,
1080 2421 1226 2482 licet
1280 2419 1538 2480 omnino
1596 2422 1788 2488 certa,
1850 2417 1980 2496 ipse
2039 2417 2210 2476 velut
2263 2417 2662 2495 supposititia
2720 2419 2816 2478 vel
2878 2418 3099 2478 saltem
3157 2418 3350 2478 dubia
3406 2420 3743 2482 traducere

343 2527 722 2593 inanissimis
768 2519 1333 2601 conjectationibus
1389 2515 1716 2577 studuerit.
1779 2517 1930 2587 Hac,
1992 2520 2062 2574 ut
2090 2514 2358 2585 videtur,
2395 2514 2470 2575 de
2530 2533 2718 2576 causa
2769 2515 3211 2595 expungenda,
3273 2535 3370 2576 ex.
3407 2536 3529 2595 gr.,
3594 2537 3745 2579 cen-

345 2630 470 2693 suit
496 2623 832 2690 concilium
887 2619 1255 2698 Teleptense
1308 2633 1450 2675 cum
1509 2613 1773 2693 epistola
1830 2611 2035 2672 Siricii
2093 2630 2295 2691 papaz,
2357 2613 2667 2672 actionem
2723 2613 3296 2674 Chalcedonensem
3347 2614 3425 2675 de
3471 2617 3742 2692 Domno,

344 2733 408 2790 et
435 2727 624 2787 vitam
657 2722 720 2784 S.
762 2716 1050 2786 Romani,
1107 2719 1216 2775 aut
1271 2713 1493 2772 saltem
1548 2717 1810 2783 textum,
1872 2727 2058 2789 quem
2117 2709 2318 2770 eidem
2368 2709 2674 2771 insertum
2733 2715 2794 2770 et
2843 2711 3150 2770 intrusum
3215 2712 3741 2776 comminiscitur.

341 2824 504 2887 Alia.
538 2821 738 2902 plura,
799 2835 940 2896 quae
1000 2810 1318 2872 hominem
1375 2809 1439 2868 in
1499 2810 1814 2868 Romanos
1869 2806 2195 2886 pontiﬁces
2255 2825 2381 2867 non
2440 2807 2598 2866 bene
2655 2806 2950 2867 affectum
3011 2807 3326 2885 detegent,
3383 2808 3448 2868 in
3510 2811 3748 2872 nostris

343 2915 884 2984 observationibus
940 2916 1130 2990 atque
1212 2907 1401 2968 etiam
1456 2906 1520 2965 in
1575 2904 1894 2965 nonnullis
1969 2903 2480 2964 annotationibus
2535 2902 2883 2965 identidem
2938 2909 3312 2976 occurrent:
3377 2923 3536 2985 quas
3592 2908 3749 2986 qui-

345 3035 615 3098 cumque
671 3031 853 3093 ecquo
910 3009 1122 3070 animo
1169 3005 1409 3085 legerit,
1473 3004 1792 3075 fatebitur,
1855 3002 1920 3061 ni
1980 3001 2276 3074 fallimur,
2340 3001 2758 3062 necessarium
2820 3001 3005 3063 fuisse
3062 3001 3339 3081 aliquam
3397 3003 3742 3068 editionem

345 3113 803 3192 Quesnellianae
860 3112 1199 3186 opponere,
1264 3121 1389 3182 qua
1440 3121 1658 3163 omnes
1712 3100 1902 3179 hujus
1959 3099 2428 3160 lucubrationes
2492 3099 2858 3177 singillatim
2918 3099 3379 3178 subjicerentur
3435 3104 3741 3180 examini,

343 3235 418 3278 ac
461 3213 648 3294 justis
703 3207 982 3271 censuris
1037 3206 1391 3284 Opportune
1444 3205 1835 3260 notarentur.
1899 3198 2115 3260 Solum
2169 3197 2476 3276 displicet,
2537 3197 2601 3256 id
2661 3198 2894 3275 negotii
2950 3198 3025 3258 iis
3084 3199 3270 3260 fuisse
3338 3200 3740 3278 impositum,

342 3314 543 3395 quiet
597 3307 944 3378 eruditione
975 3307 1038 3364 et
1092 3299 1354 3362 scientia
1412 3298 1618 3358 minus
1677 3296 1881 3377 parati
1937 3301 2106 3358 sunt.
2138 3295 2208 3357 Id
2264 3300 2478 3356 tamen
2533 3295 2860 3356 veritatem
2918 3297 3116 3375 magis
3176 3297 3502 3378 magisque
3536 3299 3750 3360 mani-

340 3393 566 3474 festam
595 3405 803 3468 faciet.
836 3402 901 3464 Si
929 3400 1097 3462 enim
1130 3416 1264 3471 nos,
1299 3395 1408 3477 qui
1460 3395 1773 3456 modicum
1823 3394 2126 3466 valemus,
2189 3393 2579 3466 evicerimus,
2642 3411 2831 3473 quam
2891 3413 3218 3474 perperam
3279 3395 3647 3467 Quesnellus
3679 3398 3746 3458 in

341 3509 555 3572 multis
578 3501 917 3584 scripserit,
948 3498 1012 3560 id
1043 3516 1169 3558 non
1198 3495 1473 3576 ingenio,
1513 3512 1637 3555 non
1669 3499 1824 3567 arte,
1859 3512 1982 3554 non
2018 3492 2142 3553 ulla
2175 3492 2476 3573 peculiari
2507 3491 2805 3565 subsidio,
2838 3492 2945 3552 sed
2974 3492 3240 3554 veritate
3276 3493 3414 3574 ipsa
3443 3494 3748 3558 demons-

342 3612 550 3670 trante
580 3605 812 3665 factum
845 3597 1104 3679 patebit.
1396 3591 1402 3599 ’

421 3707 553 3767 ΧΧ.
586 3705 766 3763 Nunc
821 3696 1133 3776 reliquum
1189 3698 1284 3755 est
1314 3697 1382 3753 ut
1433 3695 1663 3750 nostrae
1717 3688 2008 3751 editionis
2062 3687 2345 3749 ordinem
2402 3687 2805 3768 explicemus.
2867 3686 3182 3758 Quesnelli
3239 3687 3432 3750 editio
3489 3689 3746 3754 duobus

342 3802 530 3866 tomis
585 3797 958 3860 continetur.
1017 3791 1264 3852 Primus
1318 3787 1542 3848 Leonis
1595 3787 1801 3866 Opera
1866 3803 1995 3846 non
2056 3789 2182 3845 tam
2241 3784 2516 3862 genuina
2571 3803 2760 3863 quam
2817 3784 3218 3864 supposititia
3272 3786 3748 3867 complectitur,

343 3899 628 3964 Genuina
685 3899 832 3958 sunt
889 3894 1222 3954 Sermones
1252 3892 1314 3948 et
1366 3885 1690 3966 Epistolas.
1723 3883 1893 3944 Libri
1942 3889 2152 3944 autem
2183 3883 2307 3943 duo
2339 3883 2415 3944 de
2447 3882 2791 3944 Vocatione
2849 3883 3130 3944 omnium
3190 3885 3496 3962 gentium,
3558 3886 3753 3966 Capi-

340 3997 476 4061 tula
507 3998 584 4058 de
613 3993 836 4075 gratia,
873 3995 934 4051 et
989 3986 1269 4067 Epistola
1298 3983 1378 4045 ad
1436 3981 1921 4054 Demetriadem,
1984 4000 2090 4042 seu
2126 3980 2282 4041 liber
2339 3981 2415 4042 de
2473 3980 2864 4053 Humilitate,
2921 3999 3080 4059 quos
3129 3981 3322 4043 Leoni
3368 3983 3752 4053 Quesnellus

339 4113 670 4179 perperam
730 4088 970 4160 tribuit,
1033 4085 1200 4146 inter
1255 4081 1656 4161 supposititia
1709 4080 2057 4141 referimus.
2119 4080 2184 4139 In
2211 4080 2334 4139 fine
2365 4077 2644 4157 ejusdem
2707 4079 2861 4140 torni
2891 4078 3122 4156 adjecit
3153 4083 3218 4141 S.
3252 4079 3473 4140 Hilarii
3528 4083 3753 4144 Arela-

339 4176 531 4256 tensis
585 4191 816 4261 Vitam,
872 4189 934 4246 et
987 4179 1298 4243 nonnulla
1353 4178 1634 4257 ejusdem
1691 4178 2028 4256 Opuscula.
2087 4176 2376 4238 Secundo
2434 4183 2607 4238 tomo
2666 4176 3169 4256 antiquissimam
3229 4182 3293 4238 et
3349 4179 3754 4256 praestantis-

338 4293 560 4355 simam
620 4284 1066 4350 Collectionem
1111 4281 1436 4340 Canonum
1493 4283 1556 4338 et
1615 4275 2150 4339 Constitutionum
2183 4274 2544 4355 apostolica;
2587 4274 2749 4335 sedis
2805 4293 2839 4335 e
2894 4273 3214 4335 codicibus
3272 4274 3488 4347 edidit,
3549 4295 3750 4356 quam

342 4387 616 4452 Codioem
693 4383 1004 4446 Canonum
1060 4386 1114 4437 et
1193 4375 1682 4440 (,‘onstitutionum
1758 4373 2038 4435 Ecclesia:
2115 4372 2394 4434 Romana:
2468 4371 2932 4432 inscribendam
3015 4371 3281 4451 putavit,
3363 4391 3490 4434 non
3570 4375 3746 4453 quod

342 4487 506 4548 hanc
560 4480 1031 4558 inscriptionem
1088 4474 1429 4554 praeferant
1484 4471 1749 4544 codices,
1813 4471 1920 4530 sed
1977 4469 2129 4548 quia
2183 4469 2347 4530 hanc
2404 4468 2852 4530 Collectionem
2911 4472 3210 4531 Romanae
3270 4471 3561 4533 Ecclesiae
3594 4491 3750 4552 pro-

340 4584 565 4666 priam,
602 4578 821 4643 Leonis
851 4579 1034 4636 actate
1065 4573 1401 4652 vigentem,
1439 4575 1500 4631 et
1528 4570 1610 4630 ab
1644 4567 1865 4630 eodem
1897 4566 2182 4648 pluribus
2239 4571 2490 4627 auctam
2547 4566 2842 4645 Opinatus
2896 4571 3012 4627 est.
3071 4568 3232 4628 Tum
3279 4567 3558 4648 subjecit
3599 4588 3753 4632 sex-

341 4663 542 4744 decim
598 4673 1066 4739 dissertationes
1093 4671 1158 4730 in
1215 4669 1438 4731 Leonis
1494 4669 1699 4747 Opera
1740 4670 1802 4727 et
1853 4665 1915 4726 in
1971 4663 2292 4726 laudatam
2352 4664 2855 4743 antiquissimam
2912 4663 3356 4726 Collectionem
3415 4668 3755 4730 Canonnm

341 4787 531 4861 atque
587 4771 1114 4839 Gonstitutionum
1173 4767 1337 4828 sedis
1383 4765 1770 4845 apostolicze.
1830 4763 2109 4824 Tandem
2163 4763 2226 4823 in
2279 4762 2593 4843 Epistolas
2643 4765 2707 4825 S.
2755 4762 3076 4824 Pontificis
3141 4763 3349 4824 varias
3416 4763 3754 4842 lectiones,

341 4860 524 4940 notas
552 4879 614 4936 et
665 4867 1133 4934 observationes
1186 4863 1525 4944 impressit.
1586 4861 1948 4924 Notandum
2002 4879 2150 4922 vero
2193 4866 2286 4922 est
2318 4861 2720 4933 Quesnellum
2749 4860 2812 4920 in
2863 4860 3136 4922 secunda
3165 4860 3438 4923 editione
3487 4861 3759 4941 Lugdu-

340 4975 521 5036 nensi
576 4969 727 5032 anni
784 4967 940 5027 1700
970 4983 1094 5026 non
1152 4980 1357 5044 pauca
1413 4960 1724 5022 addidisse
1787 4978 1928 5039 quas
1968 4959 2231 5020 deerant
2259 4959 2323 5018 in
2377 4959 2580 5039 prima
2637 4957 2915 5020 editione
2969 4958 3307 5020 Parisiensi
3364 4959 3515 5020 anni
3561 4961 3754 5024 1675.

340 5071 641 5147 Quadam
689 5065 856 5128 enim
907 5066 1320 5124 monumenta
1375 5079 1515 5140 quae
1566 5064 1708 5139 post
1757 5058 2026 5138 primam
2073 5057 2416 5118 editionem
2467 5055 2838 5136 prodierunt
2866 5056 2932 5116 in
2964 5055 3190 5128 lucem,
3231 5056 3515 5133 inseruit,
3554 5058 3758 5120 nimi.

341 5188 484 5232 rum
515 5167 672 5246 duas
701 5165 946 5226 Graecas
974 5159 1267 5222 Martiani
1320 5157 1616 5238 epistolas
1647 5156 1725 5217 ad
1757 5159 2025 5217 Leonem
2078 5156 2156 5216 ab
2188 5153 2468 5216 Arnoldo
2501 5153 2724 5227 editas,
2760 5171 2953 5215 unam
2984 5153 3288 5233 Eutycbis
3317 5153 3398 5215 ad
3435 5155 3756 5226 eumdem

345 5265 705 5349 pontificem
737 5260 1220 5339 vulgatamaP.
1252 5260 1450 5336 Lupo,
1520 5256 1942 5334 fragmentum
2004 5252 2295 5332 Epistolas
2359 5250 2636 5313 Anatolii
2691 5250 3394 5330 Constantinopolitani,
3458 5256 3522 5312 et
3571 5253 3758 5315 Gree-

343 5348 487 5429 cum
546 5366 786 5424 textum
844 5356 1138 5437 Epistolas
1194 5354 1501 5428 Flaviani,
1534 5373 1675 5433 quae
1709 5352 1872 5432 typis
1929 5351 2099 5412 dedit
2126 5349 2493 5423 Cotelerius,
2525 5367 2600 5410 ac
2656 5348 3160 5411 dissertatiOnem
3215 5349 3477 5411 Joannis
3533 5349 3757 5413 Ciam-

345 5464 479 5544 pini
535 5459 605 5520 de
663 5457 816 5518 vocis
857 5454 1214 5516 correctione
1271 5452 1331 5511 in
1387 5470 1648 5512 sermone
1681 5451 1787 5511 Vll
1849 5448 1920 5509 S.
1954 5447 2167 5508 Leonis
2221 5447 2292 5509 de
2347 5447 2678 5509 Nativitate
2727 5445 2990 5508 Domini.
3048 5449 3364 5509 Praeterea
3408 5465 3486 5508 ex
3545 5449 3758 5512 tribus

345 5578 492 5622 mss.
523 5553 879 5620 Barberinis
937 5550 1353 5631 Epistolarum
1411 5549 1748 5620 variantes,
1783 5565 1941 5626 quas
1973 5551 2189 5626 postea
2232 5546 2496 5626 accepit,
2531 5546 2595 5605 in
2627 5545 2792 5606 notis
2847 5545 2946 5606 vel
2975 5545 3042 5606 in
3102 5545 3368 5625 postillis
3425 5563 3757 5610 nonnum-

415 5763 492 5835 (α)
525 5763 764 5835 Critique
787 5757 853 5816 de
881 5759 937 5815 la
966 5755 1410 5826 Bibliothéque...
1445 5769 1550 5828 par
1571 5753 1650 5810 M.
1683 5749 1895 5823 Dupin.
1926 5748 1966 5807 l.
1998 5766 2056 5821 v,
2087 5765 2149 5819 ιι,
2173 5765 2226 5805 ο.
2258 5749 2347 5805 16.
