3912 6404
205 397 274 459 29
999 399 1414 464 PRIEFATIO
1461 399 1750 463 GENEIL1

2064 397 2274 463 HANC
2317 398 2777 466 EDITIONEM.
3507 391 3585 458 30

206 547 382 611 quam
441 530 754 595 adhibuit.
814 535 950 596 Non
1005 551 1209 614 pauca
1239 532 1428 596 etiam
1481 533 1544 594 in
1602 532 2144 596 dissertationibus
2199 551 2274 596 ac
2327 535 2492 596 notis
2542 534 2794 615 adjecit,
2852 533 3080 616 quibus
3136 533 3380 616 priores
3440 551 3585 596 suas

203 632 530 693 sententias
559 651 598 693 a
625 636 822 714 Lupo,
855 633 1107 695 Baluzio
1133 633 1394 713 aliisque
1419 632 1779 694 censoribus
1800 637 2200 714 oppugnatas
2221 633 2556 695 defendere
2576 639 2638 696 et
2658 634 3030 696 conﬁrmare
3052 639 3122 695 ut
3145 652 3287 694 cum
3313 633 3584 695 maxime

202 729 361 790 nisus
393 736 511 792 est.

275 828 430 888 XXI.
469 831 756 890 Nostram
807 829 1144 890 editionem
1175 828 1240 888 in
1289 832 1492 888 tomos
1541 833 1666 888 tres
1711 828 2079 908 partiemur.
2133 827 2379 889 Primus
2431 833 2638 890 tomus
2681 829 3005 891 exhibebit
3050 831 3262 892 omnia
3311 830 3588 910 genuina

203 925 412 984 Leonis
467 928 693 1005 Opera,
753 926 814 986 id
847 931 939 985 est
996 927 1328 986 Sermones
1358 930 1421 985 et
1466 925 1780 1004 Epistolas
1836 925 2134 998 sinceras,
2167 925 2234 984 in
2285 926 2514 1004 quibus
2573 927 3094 1006 recognoscendis
3124 933 3186 988 et
3239 928 3583 988 emendan-

199 1018 287 1080 dis
316 1022 401 1082 ita
457 1023 688 1082 nostris
743 1022 1061 1083 codicibus
1118 1022 1212 1082 usi
1243 1041 1479 1096 sumus,
1523 1028 1591 1083 ut
1638 1022 1956 1095 Quesnelli
2017 1022 2202 1082 etiam
2259 1023 2576 1084 variantes
2631 1025 3141 1104 expenderimus.
3199 1025 3300 1085 Sic
3355 1031 3418 1085 et
3474 1042 3587 1085 no-

196 1128 321 1183 stra
352 1125 414 1181 et
469 1119 786 1192 Quesnelli
843 1119 1232 1200 exemplaria
1287 1121 1368 1180 ad
1424 1120 1591 1181 hanc
1649 1121 1986 1182 editionem
2039 1120 2492 1198 perﬁciendam
2549 1120 2979 1182 contulerunt.
3033 1122 3470 1195 Praefationes,
3532 1126 3595 1182 et

197 1218 679 1290 admonitiones,
738 1217 848 1278 ubi
903 1236 1062 1297 opus
1112 1218 1254 1291 fuit,
1312 1218 1755 1297 praemisimus.
1814 1218 2270 1279 Annotationes
2327 1219 2736 1280 Sermonibus
2794 1237 2867 1279 ac
2921 1219 3218 1298 Epistolis
3293 1218 3594 1298 subjectae

193 1316 703 1388 emendationum
765 1316 1074 1376 rationem
1132 1315 1421 1390 reddent,
1479 1321 1542 1376 et
1589 1315 1906 1377 variantes
1962 1316 2259 1378 lectiones
2313 1321 2446 1376 tum
2507 1323 2890 1390 nostrorum,
2950 1323 3083 1379 tum
3141 1318 3458 1394 Quesnelli
3499 1335 3597 1378 co-

193 1417 401 1478 dicum
458 1418 754 1475 accurate
799 1413 1244 1491 designabunt,
1305 1419 1367 1474 et
1411 1414 1618 1493 ipsum
1676 1413 1991 1492 pontificis
2047 1419 2312 1487 textum,
2374 1415 2483 1475 ubi
2539 1414 2818 1494 indigere
2874 1415 3042 1476 visus
3115 1422 3231 1485 est.
3308 1416 3588 1476 illustra-

192 1516 376 1577 bunt.
409 1515 481 1575 In
539 1511 636 1572 his
667 1511 854 1572 etiam
913 1510 1121 1572 locum
1181 1511 1506 1573 habebunt
1534 1512 1657 1572 illae
1705 1517 1871 1572 notae
1927 1530 2086 1592 quas
2135 1512 2503 1584 Quesnellus
2531 1513 2939 1575 Sermonibus
2988 1514 3086 1575 vel
3115 1514 3410 1594 Epistolis
3437 1513 3593 1593 ipsis

195 1611 576 1694 quandoque
608 1608 925 1688 apposuit,
985 1615 1056 1668 ut
1107 1610 1412 1690 quidquid
1469 1609 1636 1670 illius
1677 1615 1770 1670 est
1800 1628 1925 1670 non
1983 1609 2393 1671 desideretur.
2453 1611 2605 1671 Cum
2661 1629 2810 1672 vero
2840 1611 2892 1671 is
2951 1613 3358 1674 Sermonibus
3413 1631 3597 1693 quas-

198 1711 347 1772 dam
397 1707 752 1770 natationes
797 1712 908 1767 aut
939 1706 1222 1786 postillas
1274 1707 1570 1781 afﬁxerit,
1612 1726 1753 1787 quae
1801 1707 2152 1786 longiorem
2200 1707 2690 1788 disputationem
2739 1710 3080 1788 postulant,
3125 1710 3350 1772 harum
3406 1729 3596 1772 causa

192 1812 338 1888 post
394 1807 727 1868 Sermones
784 1805 1040 1865 edemus
1101 1803 1542 1866 Observationes
1604 1811 1850 1865 nostras
1895 1804 1960 1864 in
2019 1804 2309 1884 quaedam
2365 1805 2705 1884 peculiaria
2760 1806 2902 1867 loca
2948 1807 3312 1868 earumdem
3341 1809 3594 1870 Sermo-

194 1908 486 1977 num;et
512 1902 576 1962 in
609 1902 984 1963 hisinsertee
1041 1901 1442 1964 invenientur
1497 1907 1864 1963 memoratae
1918 1902 2235 1974 Quesnelli
2280 1903 2634 1964 notationes
2681 1903 2780 1964 vel
2832 1903 3121 1982 postillae,
3184 1905 3344 1966 sicut
3370 1911 3434 1967 et
3461 1906 3597 1968 lau-

193 2003 344 2064 data
393 1999 704 2080 Ciampini
759 1999 1138 2070 dissertatio,
1173 2017 1314 2078 quae
1346 2000 1423 2060 ad
1458 2019 1653 2060 unum
1711 2017 2065 2062 sermonem
2115 2000 2560 2061 illustrandum
2611 2000 2904 2079 pertinet.
2965 2002 3303 2064 Sermones
3350 2003 3597 2076 dubios,

193 2101 296 2161 vel
327 2098 519 2160 Leoni
577 2098 742 2158 male
798 2097 1042 2158 effictos
1099 2097 1326 2175 partim
1387 2097 1606 2171 editos,
1671 2098 2041 2177 plerumque
2101 2102 2312 2158 autem
2369 2097 2639 2158 ineditos
2696 2097 3030 2175 rejecimus
3059 2097 3122 2158 in
3185 2101 3597 2179 appendicem

193 2198 593 2269 Sermonum,
651 2194 715 2255 in
773 2193 952 2272 cujus
1009 2194 1377 2272 praefatione
1408 2195 1574 2256 inter
1628 2200 1855 2255 caetera
1913 2194 2138 2255 notitia
2193 2195 2452 2256 affertur
2509 2193 2777 2256 aliorum
2809 2194 3184 2256 Sermonum
3215 2198 3414 2276 quiin
3447 2217 3601 2260 non-

193 2294 388 2356 nullis
419 2312 566 2354 mss.
599 2291 1064 2371 exemplaribus
1093 2292 1285 2352 Leoni
1316 2311 1644 2372 perperam
1673 2292 1948 2372 ascripti,
1978 2297 2042 2354 et
2067 2291 2204 2352 aliis
2235 2297 2423 2371 atque
2455 2291 2594 2353 aliis
2623 2292 2986 2354 auctoribus
3015 2293 3079 2353 in
3111 2294 3251 2354 aliis
3281 2295 3600 2357 codicibus

194 2391 510 2464 attributi,
545 2408 685 2450 cum
716 2389 880 2450 inter
909 2389 1174 2449 aliorum
1212 2388 1472 2449 Patrum
1520 2391 1728 2469 Opera
1783 2389 2152 2469 prodierint,
2217 2389 2540 2468 repetendi
2590 2408 2716 2450 non
2751 2390 2963 2464 fuere;
3013 2391 3244 2470 quibus
3291 2397 3500 2454 autem
3532 2395 3597 2455 in

183 2491 366 2551 libris
428 2488 580 2550 editi
635 2488 782 2558 sint,
832 2486 1270 2547 indicavimus.
1330 2486 1556 2548 Leonis
1609 2487 1923 2565 Epistolas
1980 2487 2252 2566 excipiet
2311 2487 2662 2548 dissertatio
2713 2486 2785 2547 de
2811 2487 3069 2567 epistolis
3097 2487 3418 2570 deperditus
3470 2500 3593 2552 tum

190 2587 263 2650 S.
298 2587 510 2649 Leonis
537 2585 620 2647 ad
641 2585 943 2659 alios,tum
969 2583 1225 2645 aliorum
1246 2582 1328 2644 ad
1358 2583 1706 2660 S.Leonem,
1727 2604 1796 2645 ac
1823 2584 1891 2645 de
1919 2584 2053 2645 aliis
2081 2593 2468 2645 monumentis
2496 2583 2578 2644 ad
2605 2583 2879 2664 epistolas
2903 2587 3355 2666 pertinentibus,
3388 2587 3590 2670 dispo-

191 2687 323 2748 sitis
354 2684 559 2745 ordine
587 2683 1042 2761 chronologico;
1106 2682 1213 2742 ubi
1242 2682 1516 2744 Leonina
1579 2684 1932 2762 fragmenta
1989 2701 2130 2761 qua:
2190 2687 2527 2762 supersunt
2578 2682 2953 2743 inserantur.
3012 2685 3325 2764 Sequetur
3372 2687 3598 2747 notitia

195 2784 596 2844 decretorum
675 2799 814 2860 quae
888 2779 1078 2840 Leoni
1160 2781 1222 2840 in
1299 2780 1656 2841 Pontificali
1731 2779 1889 2841 libro
1970 2778 2357 2840 tribuuntur.
2432 2779 2712 2840 Tandem
2796 2780 3111 2858 appendix
3192 2781 3601 2861 epistolaru'n

195 2883 264 2943 S.
302 2881 527 2942 Leonis
556 2878 791 2958 Magni,
829 2878 1071 2956 aliquot
1103 2878 1340 2938 litteras
1388 2877 1836 2957 supposititias,
1876 2877 2127 2956 aliaque
2158 2876 2536 2938 documenta
2565 2875 2645 2936 ad
2672 2875 2987 2956 Epistolas
3017 2878 3398 2957 pertinentia
3430 2899 3603 2941 com-

200 2977 580 3059 prehendet,
617 2995 758 3056 quae
788 2975 952 3036 inter
982 2975 1118 3044 eius
1145 2975 1454 3055 Epistolas
1485 2975 1854 3037 Collocantla
1885 2993 2010 3036 non
2041 2975 2320 3035 fuerunt.

279 3075 472 3136 XXII.
533 3077 769 3140 Tomus
823 3073 1132 3134 secundus
1190 3072 1514 3134 exhibebit
1570 3073 1983 3153 appendicem
2067 3071 2477 3156 prolixiorurn
2551 3074 2825 3152 Operum
2883 3091 3026 3153 quae
3079 3075 3271 3136 Le=ni
3327 3077 3602 3157 ascripta

195 3175 398 3234 fuere.
460 3172 669 3232 Primo
727 3171 948 3232 edetur
1003 3171 1576 3232 Sacramentarium
1637 3171 1920 3230 omnium
1975 3168 2488 3241 vetustissimum,
2549 3170 2874 3230 Leoninum
2928 3170 2992 3230 in
3050 3171 3320 3250 vulgatis
3377 3174 3600 3253 appel-

197 3272 422 3343 latum,
461 3288 533 3330 eo
591 3268 761 3348 quod
819 3268 1011 3329 Leoni
1072 3267 1402 3328 tribuatur.
1463 3270 1630 3328 Inter
1660 3275 1831 3329 certa
1885 3267 2075 3346 hujus
2135 3266 2445 3345 pontiﬁcis
2503 3269 2708 3345 Opera
2767 3267 2983 3327 referri
3030 3286 3156 3329 non
3193 3269 3421 3347 potuit,
3455 3289 3599 3332 cum

196 3387 316 3428 nec
361 3367 576 3429 omnia
604 3385 745 3445 quae
797 3365 858 3425 in
922 3384 995 3426 eo
1045 3365 1447 3426 continentur
1483 3366 1718 3426 Leonis
1774 3365 1922 3438 sint,
1957 3384 2071 3426 nec
2130 3363 2328 3444 ipsius
2357 3361 2802 3442 com-pingendi
2861 3367 3081 3424 auctor
3127 3364 3290 3426 idem
3323 3367 3604 3446 pontifex

196 3464 511 3546 appellari
539 3469 708 3524 certo
768 3468 981 3542 queat.
1018 3466 1097 3523 At
1125 3481 1267 3522 cum
1325 3463 1616 3542 quaedam
1671 3464 1954 3525 Leonina
2008 3464 2069 3522 in
2107 3481 2181 3523 eo
2239 3463 2474 3522 inserta
2529 3462 2844 3540 legantur,
2899 3480 2975 3522 ex
3037 3461 3266 3540 quibus
3297 3464 3491 3524 Leoni
3537 3465 3604 3527 in

193 3563 384 3624 editis
440 3559 869 3640 adjudicatum
928 3561 1064 3634 fuit,
1124 3560 1331 3620 omitti
1389 3579 1511 3620 non
1574 3559 1791 3620 debuit
1846 3561 1910 3621 in
1955 3559 2304 3640 appendice
2335 3559 2398 3619 in
2433 3577 2558 3639 qua
2613 3559 2858 3620 edenda
2900 3559 3156 3621 fuerunt
3211 3560 3337 3625 alia
3393 3564 3602 3642 Opera

191 3658 393 3721 Leoni
448 3658 709 3733 tributa,
769 3675 910 3736 quae
970 3656 1126 3720 nihil
1183 3656 1532 3718 Leoninum
1591 3657 1933 3719 certissime
1992 3657 2337 3718 continent.
2397 3657 2466 3718 Id
2519 3660 2728 3718 autem
2793 3657 2990 3718 multo
3050 3659 3250 3738 magis
3315 3666 3451 3722 erat
3507 3662 3603 3722 fa-

191 3755 519 3829 ciendum,
575 3755 724 3834 quia
798 3754 1168 3826 Quesnellus
1229 3761 1352 3816 tres
1429 3754 1829 3834 praefationes
1902 3755 2096 3816 veluti
2168 3754 2480 3816 Leoninas
2552 3753 2617 3814 in
2685 3755 2854 3816 calce
2931 3757 3306 3818 Sermonum
3383 3758 3600 3833 edidit,

189 3870 470 3933 quarum
528 3852 669 3912 duae
726 3851 791 3911 in
849 3869 923 3912 ea
995 3850 1272 3930 ejusdem
1334 3851 1823 3914 Sacramentarii
1878 3857 2057 3932 parte
2115 3872 2256 3932 quas
2314 3857 2601 3931 superest
2655 3851 3080 3926 inveniuntur,
3143 3855 3392 3916 tertiam
3451 3875 3602 3918 vero

185 3952 261 4012 in
323 3968 396 4011 ea
454 3954 633 4030 parte
693 3967 834 4028 quae
890 3948 1230 4022 intercidit,
1288 3949 1596 4011 exstitisse
1657 3949 2067 4029 probabiliter
2123 3949 2458 4011 credimus.
2512 3949 2802 4011 Secundo
2861 3951 3120 4012 edemus
3194 3952 3353 4014 duos
3409 3952 3606 4015 libros

190 4048 278 4109 de
334 4047 677 4108 Vocatione
736 4045 1018 4106 omnium
1092 4044 1399 4122 gentium,
1477 4044 1770 4124 Capitula
1825 4065 1932 4107 seu
2008 4048 2428 4109 Auctoritates
2486 4047 2564 4109 de
2614 4048 2827 4108 Gratia
2883 4053 2945 4109 et
3000 4048 3222 4109 Libero
3301 4050 3601 4123 Arbitrio,

191 4152 261 4207 et
320 4142 669 4224 Epistolam
750 4142 831 4203 ad
904 4142 1212 4220 virginem
1286 4143 1773 4217 Demetriadem,
1831 4162 1942 4204 seu
2011 4149 2351 4207 tractatum
2425 4145 2504 4206 de
2560 4145 2968 4219 Humilitate;
3029 4145 3259 4224 quibus
3314 4145 3608 4209 omnibus

193 4243 572 4317 Quesnellus
629 4240 856 4302 Leonis
924 4257 1155 4300 nomen
1231 4239 1523 4319 praeﬁxit.
1586 4242 1734 4302 Haec
1803 4241 1884 4301 ad
1958 4259 2104 4301 mss.
2181 4242 2424 4302 codices
2504 4241 3007 4319 recognovimus,
3089 4259 3360 4319 quorum
3441 4262 3606 4322 prae-

193 4340 365 4401 sidio
425 4357 567 4400 cum
646 4357 772 4399 non
834 4355 1037 4418 pauca
1092 4337 1586 4412 emendavimus,
1648 4343 1781 4398 tum
1861 4338 2170 4398 nonnulla
2226 4339 2416 4399 etiam
2495 4355 2635 4416 quae
2694 4336 2928 4397 alicubi
3009 4337 3270 4400 deerant
3351 4340 3606 4426 supple-

190 4439 428 4499 vimus.
490 4436 871 4516 Snbjicietur
923 4434 1309 4495 Breviarium
1365 4434 1646 4496 adversus
1703 4435 2004 4496 haereticos
2086 4436 2265 4516 (alias
2319 4439 2612 4495 vocatum
2684 4434 3069 4496 Brevz’arium
3125 4435 3272 4515 ﬁdei
3326 4431 3643 4502 adoramus~

190 4535 512 4616 Arianos),
571 4535 742 4615 quod
816 4535 885 4594 P.
955 4533 1326 4594 Sirmondus
1404 4532 1538 4593 sine
1597 4533 1870 4595 auctoris
1922 4534 2176 4595 nomine
2233 4532 2467 4594 edidit:
2549 4533 2741 4594 Leoni
2815 4532 2982 4593 enim
3059 4541 3363 4596 assertum
3429 4537 3574 4598 inve

191 4636 413 4696 nimus
467 4633 531 4693 in
588 4631 836 4694 duobus
893 4631 1181 4710 antiquis
1253 4629 1578 4692 codtcibus
1654 4632 1958 4693 Patavina
2013 4637 2204 4711 atque
2261 4629 2730 4706 Mediolanensi,
2789 4630 2900 4711 qui
2958 4631 3199 4713 aliquot
3271 4635 3606 4697 correctio-

193 4751 314 4793 nes
368 4730 715 4810 praebuere.
775 4731 904 4791 Cur
957 4732 1168 4790 autem
1227 4728 1396 4789 hunc
1455 4747 1580 4790 non
1657 4728 1822 4790 inter
1877 4729 2100 4790 Leonis
2155 4731 2384 4809 Opera,
2437 4727 2546 4789 sed
2601 4728 2765 4790 inter
2823 4730 3222 4809 supposititia
3277 4749 3603 4794 recensue-

191 4829 424 4901 rimus,
455 4846 534 4888 ex
587 4827 911 4906 praemissa
941 4825 1368 4888 admonitione
1398 4826 1662 4905 patebit.
1693 4827 1844 4887 Post
1901 4826 2061 4900 haec,
2131 4845 2208 4887 ne
2265 4825 2418 4906 quid
2448 4826 2609 4887 desit
2662 4827 2831 4905 quod
2882 4828 3253 4898 Quesnellus
3310 4845 3439 4887 sua:
3471 4829 3603 4889 edi-

198 4925 367 4987 tioni
423 4923 710 4985 inseruit.
773 4925 839 4985 S.
899 4923 1122 4984 Hilarii
1174 4923 1554 4984 Arelatensis
1618 4923 1782 4996 Vita,
1831 4929 1893 4984 et
1949 4922 2230 5002 ejusdem
2289 4923 2606 5002 Opuscula
2659 4923 2932 5000 (duobus
2988 4941 3102 5003 per
3147 4942 3263 4984 nos
3318 4923 3607 5006 adjectis)

193 5040 346 5083 cum
399 5022 640 5100 aliquot
697 5039 844 5081 mss.
903 5021 1366 5101 exemplaribus
1424 5020 1656 5082 collata
1713 5026 1776 5080 et
1831 5021 2166 5082 emendata
2220 5021 2586 5101 prodibant.
2647 5019 2758 5081 Hic
2816 5019 3183 5099 appendicis
3211 5019 3376 5081 ﬁnis.
3412 5023 3606 5084 Porro

195 5123 270 5180 ut
301 5119 620 5190 Quesnelli
669 5117 1158 5192 lucubrationes,
1220 5117 1755 5198 quemadmodum
1813 5118 2290 5200 spopondimus,
2352 5123 2582 5178 nostraa
2641 5117 2901 5178 editioni
2941 5117 3317 5193 inserantur,
3357 5137 3435 5180 ex
3465 5138 3608 5181 sex-

191 5216 404 5278 decim
437 5215 574 5294 ejus
621 5215 1167 5277 dissertationibus
1222 5215 1510 5275 undecim
1559 5215 1679 5276 hoc
1728 5221 1901 5277 tomo
1948 5215 2350 5289 recudentur,
2402 5234 2543 5294 qum
2587 5214 2680 5275 vel
2729 5214 2808 5274 ad
2851 5217 3151 5289 Leonem,
3183 5216 3283 5278 vel
3330 5215 3409 5277 ad
3442 5236 3606 5298 prae-

194 5315 394 5375 missa
423 5316 628 5393 Opera
656 5312 1012 5393 pertinent;
1074 5318 1316 5373 caeteras
1375 5312 1540 5372 enim
1599 5314 1878 5392 quinque
1934 5318 2337 5374 reservantur
2394 5318 2562 5373 torno
2625 5313 2828 5384 tertio,
2861 5331 2934 5374 eo
2967 5314 3136 5393 quod
3190 5319 3475 5394 spectent
3527 5315 3607 5374 ad

190 5411 494 5474 Codicem
553 5412 878 5473 Canonum
911 5417 973 5472 et
1028 5409 1564 5473 Constitutionum
1617 5412 1976 5492 apostolicae
2027 5411 2212 5484 sedis,
2263 5429 2452 5490 quem
2513 5411 2577 5470 in
2632 5416 2873 5472 tomum
2934 5413 3188 5473 tertium
3249 5411 3604 5491 rejecimus.

173 5509 438 5588 Cuique
467 5509 912 5583 dissertationi,
972 5527 1112 5569 cum
1156 5508 1543 5589 praecipuum
1574 5508 1789 5570 thema
1818 5527 1856 5569 a
1911 5509 2244 5580 Quesnello
2300 5507 2695 5588 propositum
2752 5508 3164 5570 refellendum
3225 5509 3366 5582 erit,
3403 5506 3602 5585 subji-

167 5605 447 5671 cientur
474 5607 944 5670 observationes
978 5626 1118 5686 qua:
1150 5606 1606 5668 dissertationis
1649 5606 1949 5667 censoriae
2004 5605 2205 5667 vicem
2263 5611 2506 5684 gerent.
2565 5605 2685 5666 Ubi
2744 5610 2954 5665 autem
3017 5603 3312 5684 quaedam
3364 5609 3610 5670 tantum

163 5710 255 5772 in
316 5705 860 5770 dissertationibus
913 5706 1288 5785 corrigenda
1345 5711 1453 5766 aut
1527 5698 1960 5766 conﬁrmanda
2021 5709 2230 5778 erunt,
2292 5701 2648 5764 notationes
2704 5703 2768 5764 in
2827 5699 2997 5760 calce
3055 5693 3442 5776 paginarum
3502 5719 3615 5784 ap-
