3914 6232
349 359 422 426 81
1161 363 1581 429 PREFATIO
1622 364 2062 431 GENERALIS
2105 364 2185 430 IN
2232 364 2442 430 HANG
2483 366 2949 434 EDITIONEM.
3673 374 3775 436 39’

354 500 664 584 ponenda
691 499 1025 564 sufﬁcient.
1068 500 1139 566 Id
1194 501 1542 583 praesertim
1598 501 1833 564 servari
1888 500 2108 564 debuit
2162 504 2369 583 quoad
2430 502 2701 584 primam
2758 504 3283 584 dissertationem,
3316 526 3458 589 quae
3490 509 3557 573 S.
3591 510 3756 572 Leo-

352 601 450 663 nis
476 600 679 662 Vitam
712 599 1042 673 describit;
1077 599 1185 660 ubi
1239 600 1352 661 etsi
1411 618 1536 661 non
1595 617 1797 680 pauca
1854 601 2243 680 castiganda,
2302 602 2608 663 nonnulla
2665 602 2851 665 etiam
2910 604 3265 685 adjicienda
3313 614 3520 683 erunt,
3557 608 3748 689 plura

353 705 563 761 tamen
605 699 754 760 satis
811 703 1120 759 constant.
1184 698 1362 756 Hunc
1418 702 1660 757 tomum
1719 697 2097 759 concludent
2156 699 2437 776 ejusdem
2497 701 2814 772 Quesnelli
2865 703 3336 766 observationes
3393 713 3455 767 et
3485 713 3653 768 ηοιεε
3687 708 3753 767 in

348 800 569 861 Leonis
598 798 925 877 Epistolas,
962 813 1118 874 quas
1146 794 1238 854 uti
1289 795 1658 873 prolixiores
1688 795 1820 874 ipse
1851 815 2100 874 quoque
2133 804 2273 875 post
2303 798 2771 860 dissertationes
2801 801 3081 880 vulgavit
3107 821 3119 875 ;
3156 822 3406 883 easque,
3449 806 3555 866 ubi
3587 825 3754 887 opus

348 898 488 969 erit,
522 897 660 957 aliis
690 895 917 955 nostris
946 892 1462 953 annotationibus
1490 892 1781 952 distincte
1816 894 2153 972 propositis
2183 896 2680 957 emendabimus.

422 996 628 1055 XXIII.
656 992 867 1054 Tertio
922 998 1093 1052 tomo
1149 990 1488 1068 separatim
1549 990 1790 1050 edendo
1824 995 1885 1050 et
1914 990 1991 1049 ad
2042 990 2279 1070 justam
2316 994 2545 1054 molem
2600 996 3058 1075 compingendo
3116 998 3510 1060 occasionem
3571 1001 3756 1064 dedit

339 1092 759 1153 vetustissima
833 1088 1129 1150 Collectio
1208 1087 1534 1147 Canonum
1593 1092 1654 1147 et
1708 1087 2235 1149 Constitutionum
2314 1092 2676 1169 apostolicae
2732 1094 2917 1166 sedis,
2982 1114 3171 1174 quam
3233 1097 3349 1157 sub
3408 1099 3753 1161 arbitrario

338 1196 396 1251 et
429 1190 586 1251 falso
617 1188 799 1249 titulo
858 1185 1091 1248 Codices
1154 1184 1461 1247 Canonum
1491 1194 1545 1244 et
1608 1183 2106 1246 Constitulz'onum
2163 1187 2441 1248 Romanae
2499 1189 2784 1250 Ecclesiae
2841 1193 3212 1263 Quesnellus
3272 1195 3332 1254 in
3365 1195 3568 1256 lucem
3604 1216 3755 1276 pro-

338 1288 519 1349 duxit
572 1283 965 1349 initiotomi
1021 1282 1302 1343 secundi.
1359 1284 1505 1341 Haec
1561 1280 1641 1341 ab
1692 1281 1913 1342 eodem
1972 1299 2048 1342 ex
2099 1302 2215 1343 ms.
2275 1286 2615 1346 Oxoniensi
2673 1287 2834 1348 libro
2868 1291 3201 1351 recentiori
3261 1298 3323 1352 et
3354 1293 3535 1356 valde
3566 1313 3751 1355 men-

339 1388 493 1447 doso
550 1383 807 1462 vulgata
864 1380 1023 1441 fuit:
1078 1380 1383 1440 Thuaneo
1414 1378 1581 1438 enim
1642 1378 1982 1457 antiquiori
2012 1384 2073 1439 et
2117 1381 2375 1459 optimae
2430 1388 2595 1443 notae
2652 1386 3022 1465 exemplari,
3086 1388 3255 1466 quod
3310 1390 3510 1451 serius
3543 1393 3749 1465 novit,

340 1483 657 1546 modicum
689 1499 803 1541 nec
832 1479 981 1540 satis
1011 1484 1156 1557 apte
1186 1495 1335 1537 usus
1365 1484 1477 1537 est.
1540 1477 1661 1536 Nos
1717 1476 1916 1536 multo
1973 1477 2157 1556 plura
2186 1498 2262 1543 ex
2311 1479 2432 1540 hoc
2488 1481 2700 1543 codice
2757 1484 3011 1545 aliunde
3072 1488 3450 1566 accepimus.
3514 1491 3752 1551 Αοοθε-

337 1585 553 1643 serunt
608 1582 817 1639 autem
874 1573 1340 1655 quamplurima
1396 1591 1472 1632 ex
1531 1572 1654 1633 alio
1685 1572 1990 1633 hactenus
2044 1574 2285 1652 ignoto,
2347 1583 2413 1636 at
2469 1585 2826 1656 pervetusto
2884 1581 3281 1645 bibliothecae
3332 1588 3630 1647 Caesarea:
3662 1588 3747 1647 li-

331 1680 449 1739 bro
504 1674 783 1755 ejusdem
835 1669 1259 1742 collectionis;
1320 1675 1382 1729 et
1412 1668 1507 1728 his
1536 1668 1828 1728 subsidiis
1888 1672 2203 1749 permulta
2264 1674 2492 1734 menda
2549 1676 2884 1755 corrigere,
2946 1685 3007 1739 et
3035 1681 3235 1759 ipsam
3296 1684 3748 1747 collectionem

332 1775 576 1838 meliori
631 1790 703 1834 ac
753 1769 1143 1851 primigenia)
1190 1760 1409 1827 formae
1468 1766 1797 1827 restituere
1858 1769 2200 1846 potuimus.
2264 1770 2415 1831 Cum
2478 1791 2647 1844 vero,
2714 1781 2781 1834 ut
2809 1776 2955 1837 huic
3012 1779 3367 1842 collectioni
3398 1801 3503 1843 seu
3537 1786 3746 1845 corri-

328 1874 548 1955 gendae
577 1888 686 1933 seu
716 1866 1105 1930 illustrandae
1144 1884 1219 1925 ex
1261 1864 1400 1924 aliis
1456 1882 1707 1944 quoque
1756 1865 2227 1927 collectionibus
2282 1867 2520 1948 aliquid
2582 1870 2929 1950 adjumenti
2989 1884 3350 1955 quaerentes
3409 1881 3625 1941 Roma;
3680 1889 3751 1943 et

328 1970 479 2032 alibi
549 1965 1032 2048 expenderimus
1106 1967 1420 2041 quotquot
1496 1962 1781 2022 invenire
1836 1962 2013 2023 licuit
2088 1968 2517 2047 manuscripts
2576 1970 2843 2031 aliarum
2920 1976 3202 2034 veterum
3289 1976 3743 2040 collectionum

326 2065 738 2146 exemplaria,
766 2062 829 2123 in
893 2060 1122 2140 quibus
1174 2058 1389 2119 omnia
1437 2058 1536 2119 vel
1569 2058 1695 2119 fere
1752 2060 1968 2120 omnia
2021 2061 2295 2123 laudatae
2355 2064 2743 2127 collectionis
2797 2068 3204 2147 documenta,
3266 2072 3414 2135 licet
3468 2077 3744 2155 sparsim

325 2164 586 2237 inserta,
645 2158 921 2239 reperire
952 2163 1014 2219 et
1067 2174 1513 2236 recognoscere
1544 2174 1669 2216 non
1724 2156 2031 2218 inutiliter
2079 2160 2362 2239 contigit,
2402 2164 2591 2223 aliam
2624 2165 2848 2228 exvhoc
2908 2169 3114 2231 studio
3166 2171 3365 2232 multo
3426 2180 3748 2253 praesum-

327 2264 550 2325 tiorem
584 2259 916 2322 utilitatem
977 2255 1368 2334 collegimus.
1429 2255 1608 2314 Nacti
1655 2255 1822 2314 enim
1880 2275 2095 2317 sumus
2148 2258 2211 2317 in
2272 2259 2369 2319 his
2427 2261 2744 2324 codicibus
2803 2283 2928 2326 non
2983 2286 3184 2346 pauca
3244 2269 3585 2344 rarissima,
3637 2274 3748 2333 vel

326 2362 515 2424 etiam
574 2356 832 2421 omnino
888 2355 1112 2433 ignota
1166 2351 1585 2432 antiquissimi
1640 2352 1927 2413 canonici
1970 2353 2135 2431 juris
2195 2365 2626 2433 monumenta,
2659 2380 2801 2440 quae
2852 2369 2999 2443 post
3057 2373 3470 2428 memoratam
3527 2370 3745 2432 Colle-

324 2460 599 2522 ctionem
653 2455 753 2517 vel
809 2450 1243 2515 emendatiora
1297 2450 1598 2530 proferre,
1644 2449 1742 2509 vel
1803 2450 2075 2529 primum
2132 2453 2317 2514 edere
2372 2461 2622 2532 gratum
2683 2463 2744 2518 et
2776 2460 2925 2521 utile
2984 2461 3266 2522 futurum
3317 2464 3740 2529 arbitramur.

323 2560 471 2620 Hinc
501 2572 641 2636 quas
673 2558 735 2615 et
791 2551 972 2630 cujus
1026 2567 1175 2610 usus
1231 2554 1419 2627 atque
1450 2548 1833 2627 praestantiae
1889 2548 2036 2623 sint,
2099 2569 2174 2611 ex
2207 2551 2281 2611 iis
2336 2552 2710 2633 intelligitur
2756 2574 2896 2635 quae
2926 2558 3215 2620 dicentur
3243 2559 3307 2620 in
3360 2563 3743 2640 ργεεεαιίοηθ

322 2656 404 2717 ad
434 2660 677 2716 tomum
726 2650 1002 2712 tertium.
1055 2651 1187 2707 Hoc
1233 2663 1377 2707 vero
1434 2645 1721 2724 diligenti
1773 2647 2243 2726 quamplurium
2304 2653 2879 2732 manuscriptarum
2937 2656 3375 2719 collectionum
3441 2661 3742 2725 examine

322 2753 557 2813 factum
606 2753 721 2822 est,
771 2752 843 2807 ut
898 2762 1022 2806 non
1083 2743 1285 2803 solum
1347 2742 1590 2822 aliquot
1648 2741 1897 2820 ignotas
1929 2750 1992 2803 et
2046 2744 2316 2805 ineditas
2372 2748 2788 2810 Collectiones
2844 2750 3171 2814 Canonum
3228 2755 3737 2835 deprehenderi-

320 2868 486 2925 mus,
519 2848 625 2910 sed
658 2847 868 2927 plures
897 2843 1089 2906 etiam
1123 2840 1377 2901 notitias
1416 2840 1584 2901 nacti
1640 2840 1835 2901 simus
1888 2840 2056 2901 circa
2110 2842 2510 2904 collectiones
2565 2846 2875 2924 vulgatas,
2939 2867 3081 2928 quae
3129 2851 3503 2913 novissimos
3561 2874 3734 2934 quo-

322 2968 444 3028 que
497 2952 561 3009 et
616 2942 1068 3006 eruditissimos
1123 2938 1349 2998 harum
1403 2956 1611 2998 rerum
1664 2938 2001 3017 scriptores
2068 2939 2414 3014 latuerunt,
2490 2942 2845 3024 quibusque
2922 2948 3168 3027 antiqui
3225 2947 3377 3028 juris
3434 2954 3731 3016 canonici

317 3044 580 3106 historia
634 3039 936 3103 illustrari
974 3036 1251 3098 maxime
1308 3040 1533 3115 potest.
1594 3036 1751 3095 Hinc
1806 3041 2142 3097 tractatum
2193 3037 2263 3099 de
2312 3039 2578 3121 antiquis
2632 3050 2753 3103 tum
2807 3042 3004 3119 editis,
3069 3055 3192 3106 tum
3252 3045 3486 3109 inedilis
3543 3049 3726 3112 colle-

318 3142 610 3204 ctionibus
661 3148 716 3201 et
792 3134 1199 3199 coltectoribus
1276 3131 1586 3194 Canonum
1639 3132 1721 3193 ad
1776 3131 2131 3194 Gratianum
2188 3155 2369 3217 usque
2430 3138 2888 3208 Quesnellianas
2963 3142 3316 3204 collectioni
3376 3147 3729 3225 praemitte-

319 3259 480 3314 mus,
535 3256 661 3319 quo
717 3236 853 3298 haac
902 3232 1116 3295 omnia
1169 3232 1306 3292 fuse
1360 3229 1866 3309 explicabuntur.
1918 3230 2198 3291 Tandem
2278 3239 2417 3313 post
2481 3236 2688 3314 prisca
2762 3238 3141 3301 documenta
3192 3240 3459 3309 edentur
3532 3245 3726 3323 quin-

316 3357 439 3419 que
484 3335 953 3399 dissertationes
1010 3327 1348 3403 Quesnelli,
1404 3346 1583 3407 quas,
1617 3345 1758 3388 cum
1791 3327 1871 3388 ad
1911 3328 2358 3391 Collectionem
2390 3332 2716 3394 Canonum
2751 3336 2830 3396 ab
2862 3356 2935 3399 eo
2983 3338 3304 3418 vulgatam
3340 3341 3725 3420 pertineant,

314 3437 439 3497 huc
470 3432 925 3496 reservavimus
954 3446 1069 3489 nec
1100 3445 1227 3487 non
1259 3424 1727 3486 observationes
1759 3429 2013 3499 nostrae,
2044 3445 2188 3505 quae
2240 3428 2473 3490 eisdem
2524 3432 2948 3510 confutandis,
2982 3436 3092 3497 ubi
3136 3455 3468 3517 perperam
3499 3441 3721 3515 sensit,

314 3552 390 3595 ex
418 3535 711 3610 suscepto
742 3526 1004 3588 consilio
1032 3523 1395 3585 necessariae
1426 3521 1834 3583 videbuntur.

393 3630 612 3692 XXIV.
672 3625 1039 3687 Distinctam
1126 3620 1516 3699 singularum
1571 3619 1919 3681 editionum
1979 3620 2291 3695 notitiam,
2378 3644 2519 3703 quae
2580 3625 2645 3687 in
2703 3630 2981 3708 generali
3040 3633 3411 3711 praefatione
3468 3653 3723 3715 aequum

312 3727 521 3789 locum
577 3724 919 3795 habuisset,
981 3718 1339 3781 omisimus:
1404 3717 1540 3778 haec
1595 3718 1760 3778 enim
1821 3717 2157 3778 exhibetur
2212 3720 2277 3779 in
2335 3723 2707 3800 praefatione
2765 3728 3102 3804 Quesnelli,
3154 3749 3370 3810 quam,
3431 3750 3511 3792 ne
3570 3735 3723 3813 quid

315 3822 771 3898 Quesnellianaa
825 3817 1114 3879 editionis
1171 3835 1248 3877 ex
1304 3815 1576 3877 instituti
1633 3815 1829 3875 nostri
1882 3816 2124 3877 ratione
2181 3817 2587 3896 desideretur,
2644 3824 2875 3886 additis
2932 3827 3146 3906 paucis
3203 3828 3726 3892 annotationibus

317 3941 463 3984 mox
517 3918 911 3998 subjicimus.
954 3915 1115 3976 Illud
1144 3914 1259 3974 sub
1290 3913 1479 3974 ﬁnem
1540 3930 1890 3985 monemus,
1951 3914 2123 3994 quod
2180 3934 2321 3976 cum
2356 3920 2573 3980 Romae
2602 3925 2665 3981 et
2692 3922 2843 3983 alibi
2900 3924 3322 3987 studiosorum
3382 3926 3716 3989 hominum

314 4019 602 4101 querelas
647 4014 1031 4079 audierimus
1084 4011 1161 4071 de
1219 4009 1538 4071 hodiernis
1595 4009 1996 4085 editionibus,
2059 4031 2199 4092 quas
2260 4014 2410 4076 folio
2461 4036 2692 4097 magno
2736 4020 2811 4081 ad
2870 4023 3400 4101 magnificentiam
3460 4024 3724 4105 impres-

312 4139 399 4181 sas
427 4114 739 4180 tractandi
785 4131 858 4174 ac
909 4108 1160 4190 legendi
1215 4107 1378 4181 usui,
1438 4107 1786 4187 praesertim
1844 4114 2153 4171 nocturno
2212 4117 2521 4194 tempore,
2571 4116 2857 4180 difﬁciles
2911 4126 3078 4195 sunt,
3122 4121 3253 4182 folii
3311 4122 3514 4202 parvi,
3548 4124 3720 4204 quod

312 4216 642 4280 commode
671 4211 875 4275 evolvi
906 4228 980 4271 ac
1010 4206 1133 4288 legi
1157 4207 1373 4288 possit,
1409 4207 1675 4268 formam
1710 4206 2064 4287 eligendam
2098 4210 2483 4289 putavimus.

2764 4380 3725 4411 —--——-———.——__._.,

310 4371 2761 4403 Μ

1494 4548 1495 4551 γ
1607 4483 1703 4567 Ρ.
1764 4482 2423 4594 QUESNELLI

684 4678 1910 4839 PR/EFATIO
2037 4642 3346 4851 GENERALI‘S

1027 4937 1106 4998 IN
1150 4899 1365 4997 SUAM
1407 4934 1842 4996 EDITIONEM
1889 4935 2217 4999 OPERUM
2280 4940 2345 5001 S.
2392 4942 2669 5005 LEONIS
2713 4944 2987 5008 MAGNI.

1795 5075 2221 5090 ῃ

376 5159 422 5212 Ι.
455 5153 680 5210 Sanctaa
738 5149 1002 5207 Ecclesiae
1052 5147 1349 5204 catholicae
1406 5147 1861 5207 fundamentum
1914 5166 1949 5206 a
1979 5153 2034 5220 Α
2063 5153 2245 5209 senda
2273 5158 2379 5225 est,
2400 5170 2525 5227 quae
2548 5156 2607 5213 in
2630 5173 2697 5214 eo
2718 5159 2973 5232 ponitur,
3004 5162 3069 5217 ut
3097 5161 3371 5234 geminus
3402 5159 3500 5218 ille
3517 5160 3719 5219 catho-

304 5243 532 5303 Cht'isto
562 5240 819 5314 Ροείῐιιῐη
842 5256 1026 5297 unum
1048 5242 1157 5305 est.
1182 5238 1326 5292 ﬁdes
1356 5236 1571 5291 divina.
1602 5237 1755 5292 Fidei
1780 5256 1950 5310 porro
2060 5240 2181 5297 licae
2204 5242 2338 5299 ﬁdei
2352 5243 2547 5303 alveus
2569 5248 2641 5303 ab
2657 5248 2973 5305 adventitia
2995 5248 3241 5307 colluvie
3256 5251 3459 5323 purior
3484 5268 3722 5324 semper

304 5332 434 5389 fons
457 5330 688 5397 unicus,
711 5330 951 5385 verbum
974 5327 1094 5397 Dei,
1121 5343 1223 5383 seu
1252 5324 1398 5380 illud
1421 5326 1574 5397 quod
1599 5326 1782 5382 sacris
1805 5327 1954 5382 litte-
2061 5331 2296 5387 evadat:
2318 5350 2408 5398 ne,
2437 5335 2581 5393 vivis
2600 5336 2718 5392 illis
2740 5353 2806 5392 ac
2828 5337 3163 5397 coelestibus
3197 5340 3459 5398 veritatis
3504 5340 3720 5397 divina;

301 5421 385 5479 ris
414 5436 755 5495 expressum
785 5418 1020 5509 legitur,
1045 5434 1147 5473 seu
1180 5415 1335 5489 quod
1368 5414 1647 5488 apostolis
1675 5415 1800 5472 viva
1818 5432 1954 5473 voce
2062 5419 2233 5492 aquis
2259 5424 2702 5494 peregrinarum
2725 5424 3120 5482 doctrinarum
3140 5427 3262 5484 luto
3285 5428 3558 5496 turbatis,
3582 5429 3719 5485 inﬁ-

303 5510 589 5567 creditum
609 5526 710 5583 per
730 5504 1066 5565 sanctorum
1092 5505 1328 5561 Patrum
1350 5504 1725 5561 traditionem
1751 5506 1821 5561 ad
1846 5523 1953 5562 nos
2065 5507 2292 5563 ciantur
2321 5512 2515 5581 potius
2566 5528 2743 5585 quam
2795 5513 3132 5571 reﬁciantur
3175 5517 3436 5579 ﬁdelium
3466 5521 3718 5581 mentes,

301 5598 915 5673 usquetransmissum
930 5593 1954 5667 accepimus.0uamobremhiclabor
2132 5600 2514 5667 Secernendis
2531 5601 2912 5673 eluendisque
2936 5606 3163 5662 mendis
3185 5607 3400 5680 quibus
3417 5624 3593 5663 sacrae
3620 5626 3721 5681 pa-

302 5690 426 5748 haac
450 5704 624 5764 opera
642 5688 881 5748 homine
900 5684 1293 5745 ecclesiastico
1315 5684 1494 5757 digna
1510 5684 1568 5740 in
1591 5683 1798 5757 primis
1818 5699 1949 5740 cen-
2062 5684 2211 5755 gina:
2234 5702 2337 5742 seu
2362 5688 3169 5763 temporumignorantia,seu
3187 5695 3411 5753 malitia
3423 5695 3718 5754 heretico-
