3914 6232
117 373 173 434 ll
871 375 939 437 P.
980 373 1414 446 QUESNELLI
1458 377 1875 443 PREFATIO
1918 380 1998 442 IN
2043 380 2261 445 SUAM
2303 381 2764 446 EDITIONEM.

3429 390 3523 450 ιε

128 503 236 558 dem
259 500 516 571 Morello,
551 502 948 560 doctissimus
978 505 1246 563 Petavius
1277 507 1337 563 in
1359 524 1466 563 sua
1493 508 1758 565 omnium
1784 512 1843 576 Α
1872 511 2065 568 Leonis
2095 513 2329 569 codicem
2342 515 2487 570 hunc
2515 516 2844 587 antiquitate
2870 514 3512 578 venerabilem‘ad‘tedo.

116 590 307 661 Synesii
335 590 599 665 Operum
634 591 899 649 editione
927 595 1062 650 anni
1093 595 1253 664 1612,
1296 597 1467 652 annis
1500 599 1633 657 1631
1697 600 1754 653 et

120 681 235 741 16ᾱο
255 681 514 752 repetita.
553 681 848 738 Servatur
875 684 1042 739 modo
1075 685 1255 740 codex
1296 685 1408 741 iste
1438 685 1498 741 in
1558 686 1756 745 Orato-

122 770 261 826 riana
285 770 482 826 eadem
515 769 1008 827 Sammichaelini
1040 772 1309 830 suburbii
1342 774 1713 832 bibliotheca.

172 858 404 913 Venetiis
422 858 618 931 igitur
638 861 981 932 asportatus
1002 861 1060 916 in
1079 860 1300 919 Gallias
1322 866 1556 933 nostras
1574 866 1752 922 codex

117 946 471 1019 Epistolarum
490 946 553 1003 S.
578 949 823 1015 Leonis,
842 950 939 1021 qui
958 948 1098 1007 olim
1117 952 1305 1007 fuerat
1326 952 1572 1009 celebris
1590 954 1749 1011 illius

116 1035 361 1091 Dominici
386 1036 665 1093 Grimani
688 1037 1004 1094 cardinalis
1025 1057 1046 1091 :
1073 1039 1158 1095 ita
1186 1040 1344 1097 enim
1367 1041 1628 1098 codicem
1652 1060 1751 1099 no-

114 1126 269 1179 tatum
292 1141 448 1181 num.
484 1126 638 1182 1124
668 1127 928 1199 propria,
951 1132 1016 1183 ut
1054 1127 1304 1200 videtur,
1337 1146 1519 1186 manu
1546 1131 1749 1188 inscri-

114 1218 278 1284 pserat
306 1231 319 1270 :
333 1215 505 1272 Liber
519 1215 815 1272 Dommm
837 1216 1083 1273 GBIMANI
1101 1234 1434 1275 CARDINALIS
1449 1223 1505 1275 S.
1532 1220 1742 1277 MARCI.

115 1302 159 1357 is
184 1303 279 1358 fuit
302 1304 535 1360 Antonii
552 1305 935 1362 Venetiarum
957 1306 1123 1363 ducis
1138 1305 1317 1376 ﬁlius,
1340 1307 1634 1380 Sabellici,
1653 1310 1747 1367 Ni-

110 1389 465 1461 phi,Erasmi,
498 1391 628 1449 Pici
658 1392 1029 1460 Mirandulae,
1081 1393 1450 1470 aliorumque
1499 1397 1742 1471 scriptis

105 1478 590 1551 celebratissimus,
627 1483 943 1556 episcopus
965 1484 1303 1541 Portuensis
1327 1489 1384 1541 et
1406 1487 1743 1559 patriarcha

102 1568 479 1642 Aquileiensis,
493 1570 592 1627 vir
609 1570 1263 1645 inculpatissimaevitze,
1279 1591 1426 1632 rarae
1438 1575 1497 1630 in
1513 1580 1739 1648 patrem

106 1656 323 1727 pietatis,
349 1661 624 1715 omnium
660 1660 1044 1729 scientiarum
1076 1662 1503 1737 peritissimus;
1529 1665 1631 1737 qui
1656 1666 1739 1721 in-

100 1748 523 1807 structissimam
536 1751 687 1805 8000
702 1750 1077 1806 voluminum
1089 1750 1529 1822 bibliothecam,
1550 1754 1735 1809 omni-

94 1836 242 1908 jogis,
254 1841 315 1893 ut
329 1839 399 1894 de
418 1838 777 1912 ealoquitur
790 1839 1093 1907 Erasmus,
1116 1840 1381 1897 omnium
1397 1841 1741 1916 linguarum-

102 1923 241 1982 libris
267 1928 539 1984 refertam
571 1927 840 2002 reliquit,
874 1945 1052 2001 quam
1084 1930 1283 1987 nescio
1335 1947 1409 1987 an
1462 1933 1733 1989 eamdem

100 2012 232 2069 illam
258 2032 382 2072 esse
409 2021 572 2074 recte
604 2016 956 2074 crediderim
981 2017 1420 2086 bibliothecam,
1455 2036 1632 2092 quam
1668 2023 1731 2077 in

97 2105 298 2161 sanatio
327 2106 391 2163 D.
422 2108 663 2163 Antonii
696 2108 1042 2164 Venetiarum
1072 2107 1217 2171 idem
1244 2110 1561 2165 Dominicus
1607 2110 1731 2166 Gri-

99 2209 258 2249 manus
273 2195 583 2252 cardinalis
608 2197 908 2264 exstruxit,
932 2198 1307 2268 instruxitque
1326 2200 1648 2255 marmoreis
1661 2198 1733 2255 si-

97 2284 271 2350 gnisac
326 2285 487 2340 libris
538 2285 998 2356 exquisitissimis
1045 2285 1282 2358 publicae
1337 2287 1729 2359 commoditati,

95 2375 539 2443 surripiumaximo
551 2391 572 2429 :
587 2374 750 2446 quod
764 2372 1146 2433 itatestaturJ
1155 2388 1374 2432 oannes
1385 2375 1730 2433 Dominicus

96 2458 341 2531 Trajanus
367 2462 431 2517 in
459 2461 817 2535 praefatione
860 2462 1112 2534 Operum
1142 2462 1441 2519 Guillelmi
1495 2462 1728 2520 Alverni

98 2549 314 2622 episcopi
372 2549 711 2620 Par-iensis,
765 2567 1016 2622 quorum
1078 2550 1394 2608 editionem
1467 2552 1729 2610 Venetiis

98 2640 384 2708 procuravit
401 2657 502 2695 an.
539 2639 565 2696 4
576 2641 711 2709 591,
743 2655 854 2712 ope
880 2639 1179 2712 imprimis
1202 2640 1522 2697 Grimanici
1545 2641 1729 2714 hujus

98 2724 414 2784 bibliothecae
427 2727 677 2784 codicis.
700 2727 893 2783 Exhis
914 2727 1082 2784 libris
1106 2730 1547 2803 manuscriptus
1571 2747 1728 2788 unus

98 2812 202 2879 fuit,
217 2832 377 2888 quem
394 2816 748 2883 laudamus,
772 2832 1066 2889 quemque
1082 2823 1149 2873 ut
1165 2818 1389 2874 eximiae
1411 2823 1561 2875 notae
1578 2820 1729 2876 codi-

100 2919 198 2958 cem
223 2906 497 2962 cardinali
531 2905 834 2962 obtulerat
863 2906 1107 2978 quidam
1133 2907 1425 2964 Antonius
1444 2907 1726 2966 Bellonus

98 2988 346 3049 Uticensis
374 2992 648 3050 Tabellio
681 2994 781 3066 (α),
817 2994 972 3065 quod
1020 2995 1287 3067 ejusdem
1346 2996 1592 3069 epistola
1620 3015 1725 3065 seu

99 3077 392 3139 Donationis
420 3082 669 3139 libellus
699 3083 889 3138 codici
938 3084 1208 3155 praeﬁxos
1237 3090 1507 3142 testatur.
1557 3088 1743 3149 Hunc

101 3167 468 3240 describimus,
492 3172 758 3246 posteris
788 3171 1012 3229 scilieet
1029 3172 1502 3245 signiﬁcaturum
1520 3191 1589 3231 ex
1610 3192 1725 3247 quo

98 3256 313 3327 primum
338 3262 521 3332 tonte,
551 3277 732 3334 quem
757 3261 995 3334 quidem
1019 3262 1373 3335 noverimus,
1400 3264 1724 3337 prodierint
1753 3253 1823 3321 α’

99 3350 163 3401 tot
184 3350 410 3423 egregia:
440 3350 629 3408 Leoni
658 3350 858 3424 Magni
891 3350 1170 3424 epistolis.

98 3470 522 3532 Pelia-Mission
581 3476 720 3532 D.D.
778 3476 1061 3532 Dominico
1128 3476 1387 3533 Grimano
1446 3478 1726 3535 cardinali

147 3547 508 3673 Muret
538 3547 812 3605 Antonius
840 3546 1100 3603 Bellonus
1161 3549 1433 3606 Utinensis
1489 3548 1735 3607 Tabellio

157 3732 323 3791 diudio
352 3739 405 3792 te
440 3735 689 3793 Venetiis
712 3734 928 3806 erigere
957 3734 1360 3802 bibliothecam,
1413 3738 1727 3809 pulcherri-

97 3836 219 3877 mum
243 3822 524 3881 Grimanee
556 3824 776 3880 virtutis
804 3827 969 3896 atque
996 3827 1387 3897 muniﬁcentia
1413 3828 1725 3884 monimen-

96 3913 207 3977 tum,
235 3915 552 3971 etmaxime
572 3913 770 3971 laetor:
793 3915 930 3986 ipsae
948 3916 1100 3970 enim
1125 3919 1270 3970 artes
1293 3914 1565 3984 liberales,
1584 3915 1728 3973 unde

98 3998 247 4055 Clanis
270 4002 456 4073 honos,
488 4003 746 4060 celentur
772 4003 835 4057 in
867 4019 1027 4058 omne
1054 4012 1286 4075 tempus.
1344 4005 1623 4061 Debebunt
1677 4012 1731 4062 et

95 4089 178 4143 tibi
194 4092 497 4161 plurimum
535 4089 792 4160 studiosi,
825 4093 922 4163 qui
942 4099 1186 4164 posteros
1206 4109 1391 4149 omnes
1426 4095 1743 4150 multorum

94 4181 431 4251 partipatione
488 4181 841 4238 voluminum
895 4183 1206 4252 quasiveris
1251 4184 1378 4254 fieri
1430 4185 1724 4256 sapientes.

95 4269 186 4321 Nec
208 4273 403 4326 mirum
421 4287 443 4325 :
476 4271 683 4343 quippe
711 4269 812 4325 ille
840 4285 917 4338 es,
953 4271 1012 4325 in
1041 4286 1145 4342 quo
1169 4272 1439 4343 sapientia
1479 4289 1602 4329 cum
1657 4273 1727 4328 li-

100 4354 369 4426 beralitate,
396 4359 725 4416 liberalitas
744 4375 870 4415 cum
896 4360 1169 4430 sapientia
1184 4359 1249 4416 de
1270 4362 1591 4434 principatu
1611 4377 1733 4419 con-

101 4446 317 4505 tendunt.
352 4450 418 4507 Ut
448 4451 638 4521 autem
669 4450 784 4521 ipsc
812 4448 1311 4522 quantulocumque
1341 4466 1558 4523 possum
1609 4468 1730 4508 mu-

100 4538 296 4593 nusculo
323 4546 481 4596 tuam
533 4553 771 4608 augeam
817 4539 985 4594 istam
1022 4538 1401 4595 bibliothecam
1445 4538 1736 4611 (librorum

1761 1884 1817 1950 B

1869 600 2098 669 Videbis,
2130 610 2182 659 et
2207 605 2257 657 si
2281 602 2477 675 dignus
2506 605 2650 660 visus
2678 606 2866 677 fuerit,
2899 604 3115 663 delectis
3142 606 3369 664 inseres.
3404 607 3517 664 (ἔω-ε

1858 690 2040 744 terum
2066 706 2238 763 spero,
2271 693 2324 746 si
2350 692 2550 746 virtuti
2574 696 2798 764 fortuna
2816 709 2871 750 se
2898 694 3238 752 subscribere
3290 695 3519 768 dignata

1857 779 2051 849 fuerit,
2083 782 2134 833 te
2156 778 2610 851 quemadmodum
2626 783 2857 837 scientia
2884 791 2937 839 et
2947 785 3258 852 sanctitate,
3282 786 3361 842 ita
3378 801 3515 858 gra-

1859 866 1932 922 du
1961 875 2012 922 et
2041 867 2184 935 sede,
2216 868 2356 939 quod
2384 868 2470 924 nil
2500 885 2632 926 sane
2662 870 2817 927 bonis
2845 873 3097 929 omnibus
3114 873 3512 944 ,desideratius,

1856 956 2163 1011 relaturum
2193 957 2472 1029 quondam
2488 958 2718 1014 Leonem
2739 961 2942 1032 ipsum,
2969 961 3195 1029 decimo,
3219 964 3319 1035 qui
3337 962 3506 1033 sedet,

1854 1045 1908 1099 si
1933 1046 2125 1116 forsan
2151 1046 2417 1117 majorem
2443 1063 2553 1101 non
2585 1047 2709 1104 licet
2738 1048 2935 1120 dicere,
2968 1051 3027 1106 in
3052 1051 3243 1108 nihilo
3257 1059 3397 1108 certe
3416 1053 3506 1108 in-

1852 1135 2131 1205 feriorem.
2160 1135 2302 1191 Vale.
3506 1134 3510 1138 Α

1926 1222 1967 1276 Ε
2000 1222 2235 1295 regione
2263 1223 2436 1280 istius
2467 1223 2724 1297 epistolae
2745 1225 2995 1283 habetur
3009 1227 3185 1285 etiam
3207 1222 3511 1302 nuncupaé

1851 1309 2070 1366 torium
2089 1312 2306 1368 codicis
2321 1313 2584 1383 ejusdem
2597 1314 3240 1389 epigrammaGermani
3253 1316 3500 1395 Belloni,

1847 1400 2109 1462 Antonii.
2141 1405 2205 1456 ut
2234 1406 2572 1475 promptum
2590 1407 2680 1461 est
2701 1405 2957 1468 credere.
2976 1404 3416 1481 consanguinei.
3434 1398 3509 1467 Et

1849 1487 1958 1544 hoc
1987 1488 2190 1546 lectori
2206 1495 2575 1562 repraesento.
3335 1486 3341 1495 ’

1970 1577 2070 1648 En,
2098 1578 2370 1648 primane,
2398 1581 2523 1648 Leo,
2556 1582 2723 1648 veteri
2752 1582 2844 1646 qui
2864 1583 3098 1648 scriptus
3124 1582 3182 1635 in
3212 1584 3346 1638 Albo

2037 1641 2117 1709 Ad
2150 1645 2208 1709 te
2228 1641 2710 1709 cmleqstipomolat
2738 1641 2786 1709 e:
2796 1641 3031 1709 specula.

1969 1702 2140 1770 Cujus
2159 1704 2283 1753 diva
2311 1704 2406 1754 tibi
2435 1704 2606 1755 fauete
2637 1705 2730 1770 dat
2757 1702 2942 1758 de'xtra
2969 1708 3272 1770 Ιιὶὺειιιωιιη

2034 1766 2369 1830 Felicemque
2398 1781 2542 1832 novo
2571 1769 2787 1832 nuntiat
2814 1783 2904 1820 ore
2933 1783 3152 1832 senem;
3234 1766 3245 1770 ⁷
3333 1826 3337 1830 _

1968 1827 2402 1896 Perpetuumque
2425 1830 2523 1896 tibi
2554 1829 2771 1896 tandem
2798 1832 3064 1896 promittit
3089 1827 3373 1894 honorem,

2028 1890 2128 1946 Qui
2158 1890 2301 1941 celer
2314 1890 2360 1941 Va
2388 1892 2525 1956 laevo
2553 1890 2925 1956 Juppitér‘axe
2953 1896 3124 1946 tonat;

1963 1952 2102 2064 Ergo
2131 1966 2279 2016 cape,
2310 1957 2469 2026 atque
2496 1952 2643 2031 inter:
2663 1952 2876 2006 sacrata
2901 1956 3179 2031 volumina
3204 1957 3377 2031 Pallas

2068 2015 2250 2064 ondet.
2273 2019 2325 2064 et
2353 2029 2409 2064 in
2439 2029 2671 2064 Dronrus
2699 2016 2816 2064 haec
2843 2018 2992 2064 dabit
3019 2033 3135 2064 esse
3163 2018 3313 2064 locis.

2068 2015 2250 2081 ondet,
2273 2019 2325 2065 et
2353 2015 2409 2081 in
2439 2016 2816 2081 propriishiec
2843 2018 2992 2070 dabit
3019 2033 3135 2070 esse
3163 2018 3313 2071 locis.

1969 2078 2187 2147 At_quee
2204 2078 2285 2147 hu
2294 2090 2359 2127 nc
2374 2078 2557 2147 deum
2570 2080 2736 2147 dedit,
2753 2082 2982 2147 propria
3001 2084 3055 2147 te
3083 2081 3209 2133 sede
3237 2084 3505 2147 reponet;-

2024 2140 2095 2190 Et
2118 2144 2169 2190 te
2186 2140 2403 2191 ‘felicem
2430 2142 2680 2207 luppiter
2701 2140 2873 2208 usque
2900 2143 3065 2197 dabit.
3298 2140 3318 2147 ”
3448 2170 3451 2177 ·

1908 2219 2320 2277 Leoninusiste
2332 2220 2594 2279 Grimani
2608 2223 2787 2280 codex
2796 2239 3087 2291 annorum
3108 2220 3333 2283 fereest
3349 2240 3493 2283 none

1837 2310 2169 2380 gentorum,
2198 2308 2573 2384 continetque
2603 2315 2840 2369 centum
2894 2316 2964 2370 et
3000 2316 3230 2389 septem
3282 2312 3505 2374 Leonit

1837 2395 2137 2468 epistolas,
2155 2413 2402 2470 quarum
2430 2399 2636 2473 viginti
2656 2405 2713 2458 et
2741 2404 2869 2459 octo
2891 2401 3143 2460 antehac
3160 2418 3490 2480 numquam

1838 2485 2003 2541 editae
2029 2503 2042 2554 ;
2078 2502 2226 2559 quas
2238 2487 2607 2546 authenticas
2617 2505 3047 2565 germanasque
3060 2494 3262 2551 esseet
3281 2491 3507 2567 stylust,

1841 2577 1897 2630 et
1910 2574 2209 2644 materies,
2223 2580 2281 2632 et
2293 2576 2511 2633 codicis
2524 2577 3242 2654 antiquitas,etquidquid
3254 2579 3505 2658 optimm.

1836 2666 1984 2719 notae
2017 2662 2341 2720 sinceritati
2367 2665 2519 2721 fetus
2558 2667 3086 2741 sufl‘ragaripotest,
3127 2668 3488 2745 manifesti8~

1836 2751 1985 2807 sime
2004 2752 2427 2810 demonstrant.
2456 2758 2672 2811 Earum
2696 2759 2973 2829 prasterea
2989 2754 3504 2815 nonnullas‘indur

1833 2840 2031 2896 bitatae
2058 2840 2195 2896 ﬁdei
2221 2846 2493 2899 asserunt
2522 2847 2699 2901 testes
2728 2843 3174 2917 locupletissimi
3192 2848 3262 2902 'ex
3299 2845 3481 2903 variis

1835 2930 1992 2986 orbis
2022 2929 2337 2986 Christiani
2354 2930 2707 3004 regionibus,
2740 2948 2810 2989 ex
2836 2933 3051 3004 Africa,
3073 2934 3340 3007 inquam,
3363 2934 3478 2993 Ita-

1831 3018 1946 3086 lia,
1965 3018 2168 3087 Gallia,
2200 3023 2257 3075 et
2283 3020 2783 3093 Angliaadvocati,
2818 3023 2971 3079 sedis
2988 3023 3321 3097 apostolica
3339 3040 3503 3097 pou--

1832 3107 2018 3165 tiﬁces
2049 3107 2297 3181 Vigilius
2326 3125 2479 3182 papa
2507 3115 2563 3166 et
2585 3110 2852 3185 Pelagius
2876 3112 2947 3180 II,
2982 3113 3501 3192 Facundus‘Herﬁ

1833 3197 2157 3253 mianensis
2213 3198 2541 3272 episcopus,
2575 3199 2926 3256 Prudentius
2948 3200 3487 3274 Tricassinusepis-

1831 3303 2035 3360 copus,
2068 3290 2125 3343 et
2150 3287 2306 3343 Beda
2335 3288 2658 3362 presbyter,
2685 3289 2784 3361 qui
2808 3286 3134 3363 fragmenta
3160 3289 3499 3367 earumali-j

1831 3392 1950 3450 qua
1976 3374 2344 3448 protulerunt
2368 3376 2496 3435 suis
2527 3376 2672 3435 locis
2696 3379 2972 3437 notanda.
2996 3379 3112 3436 Leo
3134 3377 3501 3452 ipseplurcs.

1830 3466 2172 3522 earumdem
2202 3464 2423 3521 indicat
2451 3465 2515 3522 in
2544 3465 2677 3537 aliis
2706 3469 2973 3541 ejusdem
3011 3467 3272 3527 materia:
3321 3460 3483 3543 epis-

1829 3553 1987 3624 tolis,
2020 3559 2086 3611 ut
2114 3554 2174 3610 in
2198 3553 2352 3612 notis
2368 3556 2588 3613 nostris
2606 3556 2983 3616 observatum
2999 3556 3183 3617 lector
3201 3556 3499 3637 inveniet}

1902 3644 2018 3700 Nec
2047 3643 2156 3699 hoc
2177 3641 2371 3700 solum
2401 3644 2684 3703 debemus
2712 3646 3045 3704 Grimanico
3088 3646 3297 3716 codici,
3327 3645 3497 3723 quod.

1834 3731 2434 3807 plorimiszmagnique
2445 3734 2728 3791 momenti
2740 3734 3006 3809 epistolis
3020 3735 3282 3813 auctiora
3308 3734 3489 3793 Leoni

1833 3823 2054 3893 scripta
2065 3820 2396 3891 reddiderit,
2411 3823 2511 3879 sed
2525 3824 2704 3880 etiam
2717 3826 2872 3898 quod
2896 3825 3067 3898 longe
3088 3823 3505 3897 emendatiora,

1835 3928 2012 3986 quam
2025 3915 2157 3968 ante
2170 3915 2384 3969 essent.
2405 3911 2614 3969 Nullus
2631 3913 2789 3970 enim
2812 3914 2994 3970 codex
3018 3913 3273 3971 occurrit
3285 3928 3356 3970 ex
3368 3928 3495 3986 quo

1833 4001 2031 4075 plures
2061 4000 2527 4074 insignioresque
2555 4002 2966 4076 castigationes
2981 4001 3377 4060 hauserimus.

1906 4091 2045 4147 Post
2071 4090 2348 4163 epistolas
2376 4091 2558 4148 habes
2587 4092 2843 4148 aliarwm
2873 4092 3099 4165 aliquot
3135 4091 3485 4162 fragmenta,

1836 4184 1902 4237 ut
1930 4184 1988 4237 et
2016 4179 2455 4235 Commonitorii
2484 4180 2696 4253 legatis
2717 4182 2790 4236 ad
2811 4180 3282 4236 Chalcedonense
3295 4176 3490 4233 conci-

1836 4268 1983 4325 lium
2002 4267 2507 4341 proﬁciscentibus
2526 4267 2648 4324 dati
2670 4286 2684 4337 ;
2707 4267 2925 4340 quibus
2945 4274 2999 4325 et
3021 4266 3195 4325 unica
3213 4264 3490 4338 adjicitur

1840 4375 1968 4432 quae
1998 4359 2179 4413 restat
2206 4354 2427 4413 Juliani
2460 4355 2718 4429 episcopi
2740 4355 2974 4414 Coensis
2995 4356 3068 4413 ad
3098 4356 3351 4413 Leonem
3376 4355 3493 4413 Au-

1839 4450 2079 4521 gustum
2090 4445 2359 4519 epistola;
2374 4445 2544 4516 cujus
2556 4445 2776 4502 Juliani
2787 4445 2871 4502 tot
2882 4445 3207 4503 adLeonem
3220 4447 3503 4504 nostrum.

1841 4537 1987 4593 data:
2015 4552 2084 4591 ex
2110 4534 2419 4608 legationis
2444 4532 2634 4590 ofﬁcio
2662 4534 2863 4591 litteras
2893 4534 3009 4592 nisi
3034 4530 3377 4608 temporum
3396 4533 3498 4590 in-

98 4637 308 4698 nataque
336 4630 629 4693 vetustate,
666 4627 847 4698 copia,
891 4625 1101 4682 delectu
1151 4626 1559 4701 condecoratur)
1614 4629 1739 4686 divi
1766 4616 1815 4682 D
1838 4624 1993 4698 juria
2021 4623 2392 4691 excidissent,
2423 4628 2482 4680 et
2511 4623 2719 4681 Leonis
2738 4624 2922 4681 nostri
2945 4622 3205 4698 epistolae
3223 4625 3280 4680 et
3291 4638 3499 4681 rerum

154 4730 226 4795 ia)
256 4735 332 4786 De
363 4731 477 4789 hoc
518 4731 826 4795 praestanti
843 4730 964 4786 viro
995 4731 1124 4787 vide
1137 4732 1520 4790 Muratorium
1544 4735 1748 4793 Rerum

98 4798 249 4875 Italic.
283 4807 427 4875 tom.
468 4798 618 4872 XVI,
656 4818 790 4875 pag.
830 4818 835 4823 λ
861 4804 895 4858 3
916 4807 974 4857 et
1001 4804 1092 4860 67.
1123 4802 1284 4860 Alias
1313 4820 1447 4875 vero
1477 4806 1745 4875 ejusdem

101 4871 331 4930 Bellonis
362 4871 605 4946 litteras
634 4871 883 4946 scriptas
915 4890 1069 4946 anno
1101 4875 1259 4946 1515,
1292 4874 1366 4930 iis
1403 4871 1739 4936 anteriores.

100 4955 228 5065 anas
255 4945 618 5009 Quesnellus
640 4944 781 5000 huic
803 4944 1123 5016 praefationi
1141 4944 1509 5014 inseruit,hic
1531 4966 1745 5033 appen-

134 5013 298 5065 imus-
331 5018 413 5065 Et
449 5017 547 5065 his
563 5016 720 5065 enim
746 5016 900 5065 inter
914 5017 1440 5065 emtaradisnimns-
1465 5022 1739 5065 eximium

134 5013 298 5073 imus.
331 5018 415 5073 Ex
449 5017 547 5072 his
563 5016 721 5072 enim
746 5013 1122 5072 intercestera
1137 5017 1441 5084 discimus,
1465 5013 1743 5076 eximium

102 5081 241 5161 hunc
262 5086 1214 5161 Leoninumcodicemabtequam
1242 5081 1505 5161 inripsi'us
1527 5090 1746 5147 Belloni

104 5160 151 5208 et
177 5159 490 5216 cardinalis
518 5158 782 5215 Grimani
813 5158 1153 5226 potestatem
1186 5158 1429 5226 veniret,
1449 5161 1631 5218 fuisse
1647 5163 1749 5218 Pe-

102 5226 163 5305 tri
192 5230 523 5305 Passerini,
542 5229 792 5305 celebris
812 5226 1147 5305 Forojulien
1157 5231 1453 5305 sis_patria_e
1473 5233 1747 5305 antiqua-

104 5297 182 5373 rii,
215 5301 441 5373 dequo
468 5299 935 5373 idemgBellonus
966 5297 1027 5356 in
1052 5297 1299 5373 epistola
1338 5303 1542 5359 eodem
1596 5297 1748 5360 anno

105 5318 182 5365 n1,
215 5318 286 5357 oe
359 5318 441 5358 uo
468 5318 627 5357 idem
659 5318 935 5357 neuonus
966 5318 1027 5356 111
1052 5318 1299 5373 episwia
1338 5318 1542 5359 eoaem
1596 5322 1748 5360 anno

105 5367 225 5447 data
238 5318 614 5429 adaacobum
629 5371 1018 5447 Purlilianum
1032 5372 1306 5429 comitem
1320 5373 1557 5447 scripsit
1571 5393 1584 5431 :
1598 5376 1752 5432 Nihil

103 5444 251 5497 estin
278 5446 469 5517 unice;
482 5461 543 5501 sa
560 5444 753 5517 patria
781 5444 1049 5499 librorum
1076 5444 1591 5517 vetustorum—nihil
1611 5449 1753 5504 anti-

106 5526 220 5637 qui?
242 5513 578 5637 scultptuzw,‘
600 5513 743 5588 quod
759 5530 870 5571 non
884 5517 1136 5574 accurate
1163 5516 1384 5585 viderit,
1413 5516 1753 5576 adamassim

107 5595 160 5637 co
205 5599 346 5637 eam
379 5628 394 5637 .
425 5603 455 5637 e
484 5603 534 5637 ο.
1546 5626 1552 5632 .

107 5588 394 5655 collegerit,
425 5590 534 5643 etc.
1546 5626 1552 5632 -

168 5601 730 5738 Eﬂtftiéams
752 5658 919 5738 _P_etro
943 5657 1380 5738 PasserinoSal.

172 5725 401 5787 Librum
431 5731 765 5790 sanctissimi
786 5730 983 5791 Leonis
1003 5744 1191 5811 papae,
1217 5729 1357 5797 dono
1386 5732 1633 5811 quamvis
1661 5733 1757 5799 abs

416 5855 681 5925 Panos.
722 5855 878 5924 LIV.

1849 4741 1899 4790 te
1926 4731 2068 4787 mihi
2095 4730 2364 4801 quondam
2390 4731 2598 4802 datum,
2628 4747 2739 4787 non
2777 4735 2839 4787 ut
2864 4746 3069 4801 meum,
3094 4731 3191 4788 sed
3228 4734 3290 4788 ut
3340 4736 3505 4788 tuum

1850 4803 2026 4861 adhuc
2051 4805 2360 4875 reverenter
2387 4803 2668 4859 custodivi.
2701 4805 2783 4859 Ita
2813 4805 2962 4859 enim
2988 4805 3234 4875 accipere
3247 4817 3496 4875 servare-

1851 4891 1953 4948 que
1979 4875 2142 4948 nolui
2144 4914 2168 4948 ,_
2188 4877 2247 4927 ut
2269 4872 2518 4948 deLeone
2538 4875 2640 4948 tibi
2668 4874 2855 4948 liceret
2881 4872 3205 4948 nonminus
3221 4873 3498 4948 quamde

1849 4944 1936 5003 me
1966 4948 2082 5015 ipso
2109 4944 2410 5016 disponere.
2428 4946 2593 5016 Cupio
2612 4962 2759 5000 nunc
2785 4944 2856 5000 ad
2874 4947 2962 5001 tui
2987 4944 3353 5016 imitationem
3379 4945 3500 4999 An-

1851 5020 2033 5088 gelum
2063 5015 2371 5070 Gabrielem
2401 5015 2552 5071 illius
2581 5032 2824 5086 munere,
2855 5018 2907 5072 si
2932 5016 3209 5083 concedas,
3250 5015 3505 5087 afﬁcere"

1836 5089 2058 5146 ’Polerit
2077 5088 2245 5152 enim,
2277 5102 2403 5142 cum
2428 5090 2503 5143 sit
2524 5088 2794 5159 patricius
2823 5090 2888 5143 in
2910 5088 3193 5160 republica
3234 5088 3429 5160 Veneta
3445 5090 3503 5144 et

1856 5159 2130 5216 litteraria
2145 5158 2652 5230 prmsiantissimus,
2684 5162 2737 5215 et
2757 5158 2987 5216 Leonem
3007 5173 3127 5217 suae
3136 5158 3399 5230 dignitati
3414 5173 3504 5230 re-

1855 5234 2097 5297 stituere,
2120 5227 2181 5302 et
2210 5229 2366 5286 nobis
2380 5229 2635 5302 prodesse
2656 5231 2984 5302 plurimum.
3010 5232 3083 5286 Tu
3101 5227 3228 5302 vero
3247 5228 3313 5285 de
3358 5227 3502 5286 libro

1854 5320 1965 5431 1’30?
1981 5301 2218 5373 amplius
2238 5300 2465 5372 poteris,
2494 5300 2853 5358 deme’tamen
2880 5308 2943 5359 ut
2968 5317 3181 5374 semper
3196 5300 3500 5373 disponere.

1897 5391 1931 5430 a
1954 5389 2027 5428 e..

1897 5389 2088 5500 aiiihc
2100 5441 2317 5498 Belloni
2335 5440 2664 5514 epistolam,
2685 5443 2837 5499 sicut
2852 5447 2909 5499 et
2934 5442 3241 5501 recitatum
3261 5436 3505 5513 alterius

1860 5485 2115 5595 epistolae
2129 5485 2458 5595 ragmedtu
2467 5530 2548 5584 m,
2562 5485 2733 5595 nobis
2745 5532 2850 5595 p39
2860 5514 3228 5595 humanitate.
3234 5522 3340 5595 8113
3345 5510 3515 5595 993,1},

1861 5575 2184 5663 niunicavit
2199 5575 2393 5663 comes
2414 5575 2765 5663 Franciscus
2777 5585 3002 5663 Florius
3022 5575 3371 5663 cathedralis

1861 5656 2061 5742 censis
2082 5653 2484 5743 primicerius,
2513 5655 2613 5743 qui
2642 5646 3517 5743 de‘opt‘imis‘studiisﬂgﬁlf12f;

1859 5728 2036 5799 tostis
2065 5720 2430 5792 documentis
2460 5720 2637 5789 rebus
2663 5720 2934 5806 pluribus
2960 5726 3110 5787 bene
3124 5720 3372 5786 meritus
3392 5720 3511 5798 est;
