3914 6232
367 379 445 452 43
1127 376 1198 434 Ρ.
1246 374 1683 446 QUESNELLI
1725 366 2140 430 PREF‘ATIO
2183 366 2262 427 IN
2307 365 2525 429 SUAM
2569 361 3029 428 EDlTlONEM.
3698 357 3791 418 44

367 515 510 569 tunc
541 510 600 565 in
633 507 888 566 Ecclesia
917 510 1216 581 gestarum
1240 504 1524 561 memoria
1541 501 1857 559 maximam
1884 500 2017 555 inde
2047 499 2102 567 Α
2130 501 2222 554 tos
2253 513 2505 554 canones
2528 491 3505 561 solaoonsuetudineecclesiastica,
3527 489 3672 548 solis
3693 506 3789 545 re-

368 597 561 655 lucem
596 580 1028 655 mutuarentur.
2125 586 2278 661 gulis
2308 587 2519 658 partim
2552 604 2585 642 a
2619 585 2986 659 principibus
3021 582 3444 657 apostolorum,
3490 580 3711 654 partim
3748 596 3788 635 a

382 746 387 750 ἢ
440 683 691 735 Tomum
749 677 1007 750 primum
1066 675 1182 731 fere
1223 674 1443 730 claudit
1500 672 1634 727 Vita
1679 672 1734 726 S.
1812 668 2017 725 Hilarii
2125 672 3361 749 proximiseorumsuccessoribususuipso
3388 672 3646 743 vivaeque
3666 673 3792 725 tra-

369 766 727 826 Arelatensis
759 766 1012 840 episcopi
1071 764 1353 836 scriptore
1403 766 1460 817 S.
1519 761 1808 816 Honorato
1865 758 2017 832 epis-
2127 759 3791 836 ditionismanuacceptisjusecclesiasticumdictumvide

373 847 515 929 copo
549 854 898 912 Massiliensi
936 852 1094 909 illius
1150 851 1457 924 discipulo.
1501 850 1632 905 Haac
1687 852 1753 903 ut
1808 847 2018 905 Leonis
2126 859 2226 911 tur
2252 854 2311 910 in
2342 854 2599 910 Ecclesia
2628 855 2918 921 Romana;
2953 857 3084 925 post
3112 851 3519 907 Sardicensem
3536 864 3673 906 vero
3688 865 3791 921 sy-

374 945 659 1019 Operlbus
691 943 1099 1015 subjiceretur,
1140 940 1456 1014 postulavit
1485 939 1697 994 initum
1759 955 1792 992 a
1850 936 2019 992 nobis
2130 945 2372 1013 nodum,
2405 944 2475 998 do
2507 943 2806 998 condendo
2831 958 3118 998 canonum
3140 941 3336 997 codice
3363 939 3605 1012 cogitari
3664 954 3792 994 coa-

373 1033 666 1107 Apologiae
745 1031 1053 1111 Hilarianae
1146 1029 1577 1085 conscribendas
1660 1024 1969 1083 consilium
2005 1042 2020 1093 ;
2131 1033 2236 1105 pit,
2270 1033 2367 1105 qui
2392 1048 2462 1088 ex
2479 1032 2729 1089 Nicaenis
2750 1031 3314 1103 Sardicensibusque
3332 1028 3655 1086 canonibus
3676 1027 3797 1082 sub

377 1116 547 1194 cujus
586 1120 890 1178 occasione
915 1136 1048 1174 cum
1081 1117 1337 1190 plurima
1366 1134 1435 1171 ex
1466 1116 1592 1186 ejus
1635 1115 1767 1169 Vita
1825 1115 2021 1169 deocr-
2132 1138 2251 1177 una
2279 1137 2657 1177 numerorum
2671 1120 2820 1177 serie
2854 1119 3143 1193 colligatis
3169 1119 3481 1188 conﬂatus,
3503 1116 3670 1174 solus
3681 1133 3796 1190 per

378 1210 674 1286 pserimus
706 1208 769 1264 in
826 1207 1233 1265 dissertatione
1286 1204 1492 1277 quinta
1542 1203 1741 1259 lectori
1804 1203 2022 1258 fontem
2135 1207 3375 1286 aliquodtempusrcrumecclesiasticarum
3394 1206 3795 1281 regendarum

380 1290 578 1373 ipsum
611 1298 771 1354 adire
824 1295 1080 1369 cupienti
1140 1294 1515 1351 commodum
1567 1292 1677 1348 erit
1723 1307 1857 1348 eum
1913 1292 2023 1346 sub
2133 1299 2319 1372 legem
2352 1298 2562 1367 sanxit,
2597 1316 2661 1353 ac
2692 1298 2865 1354 variis
2885 1314 2991 1372 per
3037 1298 3413 1355 succedentes
3454 1299 3655 1353 aetates
3684 1310 3797 1350 ac-

380 1388 567 1445 Oculis
598 1386 877 1445 invenire.
939 1385 1052 1441 Nec
1111 1385 1197 1440 fas
1257 1383 1367 1438 fuit
1405 1382 1529 1453 ejus
1581 1379 2022 1453 consanguinei,
2136 1387 2496 1445 cessionibus
2529 1394 2732 1444 auclus
2765 1404 2895 1443 eam
2918 1387 3165 1443 formam
3192 1386 3601 1458 induit,quam
3625 1402 3796 1441 nunc

381 1475 668 1551 magistri,
701 1479 759 1532 et
785 1475 843 1531 in
875 1474 1207 1547 episcopatu
1237 1469 1561 1527 Arelatensi
1583 1469 2026 1543 praedecessoris
2134 1478 2315 1533 habes
2347 1494 2461 1548 pm
2506 1476 2713 1544 oculis,
2756 1492 3002 1550 qumque
3061 1477 3447 1533 ducentorum
3505 1474 3797 1531 beatioris

383 1565 661 1623 Honorati
688 1564 883 1620 Vitam
914 1564 987 1618 ab
1039 1563 1166 1635 ipso
1224 1559 1439 1616 Hilario
1503 1559 1891 1631 conscriptam
1953 1558 2027 1613 ab
2136 1567 2295 1622 illius
2347 1565 2449 1621 aevi
2503 1581 2793 1623 annorum
2843 1563 3219 1638 disciplinam
3275 1563 3528 1637 genuine
3574 1580 3800 1637 reprae-

383 1655 561 1726 hujus
585 1653 720 1708 Vita
752 1653 1078 1724 sejungere,
1110 1654 1236 1705 tum
1271 1652 1505 1722 propter
1534 1652 1761 1703 arctum
1809 1646 2026 1703 utrius-
2138 1659 2349 1713 sentat.

388 1759 500 1817 que
531 1758 768 1808 nexum,
800 1745 928 1795 tum
961 1743 1026 1794 ut
1042 1739 1194 1811 Quod
1213 1737 1509 1809 reliquum
1539 1737 1826 1792 habemus
1850 1738 2031 1807 Opus-
2209 1745 2313 1801 Vel
2345 1761 2414 1800 ex
2444 1743 2552 1800 hoc
2583 1759 2695 1800 uno
2728 1742 3004 1817 intelligit
3026 1743 3276 1816 quisque
3300 1743 3467 1815 cujus
3487 1744 3688 1814 palato
3710 1759 3804 1798 sa-

385 1832 651 1890 culorum
680 1829 881 1887 Hilarii
913 1830 962 1885 si
994 1829 1127 1900 quis
1159 1844 1291 1882 cum
1343 1828 1470 1896 ejus
1489 1825 1621 1880 Vita
1647 1830 1703 1881 et
1749 1824 2031 1897 Apologia
2064 1872 2112 1936 B
2142 1832 2641 1907 piuntantiquitas
2663 1831 3056 1889 ecclesiastica
3096 1837 3154 1889 et
3174 1833 3455 1889 canonica
3480 1830 3807 1902 disciplina

503 1921 526 1936 ιι
746 1918 830 1936 1,,
881 1919 917 1936 ἰ
986 1932 1037 1936 Α-
1081 1917 1144 1936 -.ι
1183 1913 1661 1936 -Α-..--..Α1.-ι--ι
1716 1917 1765 1936 ,Δ
1797 1913 2023 1936 ---Ξ-1-...
2215 1927 2224 1936 ι
2533 1927 2540 1933 σ
2750 1922 2794 1936 .·
2886 1921 2898 1936 I
2961 1923 2974 1936 1
3095 1922 3110 1936 ‘I
3454 1920 3466 1933 ι
3636 1919 3649 1932 ο
3698 1925 3709 1936 ι
3786 1921 3801 1936 ι

385 1921 647 1979 conferre
675 1918 944 1986 voluerit,
978 1932 1048 1972 ea
1076 1917 1148 1972 ad
1182 1931 1427 1970 manum
1452 1913 1685 1984 habeat,
1712 1917 1769 1968 et
1794 1913 2029 1984 quidem
2064 1913 2112 1936 ”
2141 1927 2322 1991 vetus,
2356 1939 2471 1994 quo
2529 1927 2590 1977 in
2640 1922 2834 1994 pretio
2885 1921 3220 1978 habendum
3279 1920 3574 1994 egregium
3633 1919 3806 1976 istud

385 2009 757 2084 castigatiora
787 2006 1043 2078 antiquis
1064 2003 1513 2076 exemplaribus,
1548 2020 1674 2075 quae
1707 2002 1881 2057 etiam
1904 2019 2035 2058 rara
2141 2012 2734 2082 utriusquemmhov,
2787 2026 2899 2082 quo
2956 2010 3167 2066 melius
3225 2010 3447 2082 aliquid
3502 2013 3560 2064 et
3609 2009 3807 2065 eccic-

388 2103 548 2157 sunt.
608 2097 798 2153 Habes
856 2095 1060 2151 eodem
1110 2093 1235 2150 loco
1262 2095 1511 2149 Metrum
1561 2093 1634 2147 de
1696 2091 1902 2148 (ἒϐηθεὶ
1960 2094 2031 2148 ad
2143 2099 2389 2158 siasticae
2409 2098 2489 2155 rei
2511 2099 3116 2154 convenientiushaud
3140 2099 3260 2155 scio
3283 2115 3356 2155 an
3381 2102 3672 2171 praesente
3690 2115 3807 2154 sae-

386 2192 444 2245 S.
493 2188 743 2243 Leonem
801 2199 1031 2257 papam,
1092 2183 1248 2256 quod
1315 2182 1424 2238 sub
1511 2180 1714 2236 Hilarii
1799 2180 2035 2237 nomine
2142 2188 2271 2246 culo
2292 2186 3809 2245 fueritatenebrisvindicatum.Pluratamenadhuc

388 2276 823 2337 circumfertur,
854 2276 910 2330 et
940 2273 1278 2346 perbrevem
1310 2271 1573 2343 ejusdem
1623 2269 1931 2343 epistolam
1961 2272 2033 2326 ad
2144 2281 2283 2335 sunt
2311 2293 2437 2349 quae
2468 2276 2726 2332 codicem
2760 2277 3191 2333 commendent.
3253 2276 3401 2342 Quid
3444 2276 3603 2333 enim
3637 2279 3807 2350 quod

387 2356 740 2424 Eucherium
782 2362 1232 2435 Lugdunensem
1265 2360 1602 2433 episcopum
1644 2359 1944 2431 scriptum-
2144 2367 2377 2423 exhibet
2394 2366 2697 2437 antiquam
2713 2364 3176 2422 illamcanonum
3192 2365 3813 2424 Orientahumversio—

415 2453 421 2471 '
458 2458 558 2509 VI.
580 2457 782 2510 TOMUS
802 2467 980 2507 ALTEB
993 2450 1169 2521 hujus
1186 2448 1374 2522 operis
1388 2447 1794 2520 complectitur
1810 2453 2038 2521 Appen-
2144 2472 2301 2523 nem,
2336 2472 2461 2527 quae
2492 2454 2553 2509 in
2586 2470 2695 2509 usu
2725 2453 2835 2509 fuit
2865 2471 2968 2526 per
2987 2453 3186 2526 plures
3200 2442 3490 2511 Ecclesias
3515 2454 3808 2513 Occiden-

386 2543 579 2600 dicem
606 2559 710 2599 seu
739 2540 1004 2598 Codicem
1026 2556 1319 2596 canonum
1336 2542 1392 2593 et
1405 2537 1855 2594 constitutorum
1878 2538 2035 2595 sedis
2146 2544 2296 2601 tales
2327 2548 2461 2600 ante
2485 2542 2898 2617 Dionysianam
2917 2544 2945 2599 ‘I
2972 2543 3132 2599 Hanc
3155 2542 3394 2616 quidem
3416 2559 3485 2600 ex
3504 2548 3673 2616 parte
3697 2545 3810 2602 ha-

389 2630 717 2706 apostolicae
748 2646 815 2687 ex
848 2629 1151 2685 codicibus
1179 2645 1325 2695 ωδε,
1354 2627 1631 2682 Τὶὶυειηιπο
1653 2626 2037 2683 clOXouiensi
2144 2635 2355 2690 bemus
2377 2634 2435 2689 in
2454 2632 2781 2689 Isidoriana
2805 2632 3157 2689 Collectione
3182 2633 3312 2702 ;sed
3334 2649 3439 2690 nec
3459 2633 3610 2689 hanc
3634 2633 3811 2691 illam

390 2739 548 2778 nunc
577 2720 835 2794 primum
857 2719 1100 2785 θάίῑιιῐη,
1132 2716 1342 2773 deinde
1373 2716 1815 2772 DiSSBPtoIiODCS
1832 2719 1958 2771 tum
1977 2716 2036 2770 in
2148 2723 2447 2793 antiquam
2476 2738 2605 2777 esse
2635 2721 3025 2777 confidentius
3052 2722 3188 2794 quis
3220 2721 3604 2794 pronuntiare
3617 2740 3813 2781 ausus

387 2809 753 2885 ipsumhunc
768 2806 1273 2875 COdiOBmJumin
1290 2806 1539 2861 Leonem
1554 2809 1824 2861 nosmlm
1852 2804 2039 2875 ςάθηί-
2149 2815 2321 2881 esset,
2355 2814 2665 2882 antequam
2696 2809 2754 2865 id
2792 2828 2859 2866 ex
2890 2810 3015 2882 ejus
3075 2809 3384 2868 collatione
3430 2827 3566 2867 cum
3599 2818 3816 2871 nostra

389 2904 703 2974 quenotas,
716 2897 905 2953 varias
919 2896 1195 2952 lectiones
1208 2895 1707 2950 etobservationes
1724 2893 2038 2950 nonnullas
2149 2902 2453 2973 appareret
2476 2918 2488 2967 ;
2523 2915 2628 2954 nec
2659 2900 2887 2956 sincera
2915 2898 3153 2956 omnino
3176 2899 3424 2956 habetur
3439 2901 3594 2973 apud
3616 2902 3816 2959 Isido-

458 2983 2042 3056 Codicemillum(a)amplissimumvetustissimumque
2150 3005 2304 3056 rum,
2330 2988 2427 3042 sed
2452 2986 2700 3053 mendis,
2725 2985 3300 3059 interpolationibus,
3318 2986 3572 3059 aliisque
3604 3004 3818 3046 corru-

388 3064 662 3148 inscripsi
693 3074 959 3131 omnium
982 3072 1408 3145 quibucusque
1437 3071 2035 3140 editisuntinlucem,
2150 3077 2322 3150 ptelis
2350 3074 2569 3130 vitiata.
2605 3076 2886 3132 Praeterea
2926 3075 3170 3147 antiqua
3223 3076 3496 3132 Romana
3529 3076 3814 3135 Ecclesia),

389 3183 495 3223 nec
528 3169 729 3222 contra
749 3163 1002 3236 aliquem
1016 3162 1310 3218 dicturum
1333 3161 1580 3217 confido.
1602 3161 1767 3216 Certe
1785 3161 1833 3216 si
1858 3162 1928 3216 de
1950 3178 2041 3217 eo-
2083 3238 2107 3240 ν
2149 3163 2463 3237 disciplina
2494 3181 2559 3220 ex
2594 3165 2707 3220 ista
2734 3164 3001 3220 versione
3031 3164 3360 3232 innotescil,
3391 3165 3533 3220 dum
3564 3165 3817 3240 aliquos

388 3254 619 3313 dicibus
646 3268 936 3310 canonum
953 3255 1010 3307 et
1035 3249 1417 3307 constilorum
1458 3254 1730 3305 Romanis
1769 3249 2037 3306 Ecclesia:
2067 3238 2110 3305 C
2150 3270 2402 3311 canones
2429 3252 2750 3309 Orientales
2780 3254 2852 3309 ab
2876 3270 2944 3309 ea
2974 3271 3035 3309 re
3040 3254 3222 3324 jectos
3239 3255 3428 3322 docet,
3450 3253 3597 3310 alios
3618 3238 3821 3313 m'uta-

389 3342 552 3417 lnqui
593 3342 863 3410 velimus,
924 3339 1178 3412 amplius
1221 3338 1441 3408 aliquid
1491 3338 1717 3393 audeo:
1756 3354 1860 3393 nec
1882 3338 2039 3395 enim
2151 3348 2242 3399 tos
2274 3358 2499 3414 suoque
2530 3342 2938 3399 accomodatos
2995 3342 3164 3398 usui:
3200 3343 3355 3415 quod
3413 3358 3481 3398 ex
3539 3342 3820 3416 Dionysii

390 3428 860 3489 vetustissimum
891 3428 1066 3483 modo
1087 3430 1144 3482 et
1171 3425 1626 3497 amplissimum,
1652 3426 1749 3481 sed
1798 3427 2041 3484 unicum
2155 3433 2416 3489 versione
2465 3431 2776 3486 obscurum
2807 3434 3024 3498 manet,
3059 3431 3273 3504 quippe
3297 3431 3397 3504 qui
3442 3448 3704 3490 canones
3738 3436 3818 3492 ad

398 3521 591 3576 dicere
607 3519 943 3574 debueram.
964 3521 1041 3571 De
1060 3513 1295 3570 Justelli
1315 3513 1506 3586 prisco
1533 3513 1728 3571 codice
1750 3516 1890 3588 quid
1915 3534 2042 3573 sen-
2152 3520 2519 3578 ﬁdemGraeci
2541 3519 3067 3589 textustranstulit,
3101 3537 3217 3576 non
3244 3519 3446 3576 habita
3472 3520 3707 3578 ratione
3728 3541 3819 3580 re-

356 3602 363 3607 ’
397 3605 1032 3675 tiendum,dissertatio
1050 3602 1610 3658 nostraduodecima
1627 3605 1894 3677 explicat.
1918 3606 2041 3662 Dio-
2151 3615 2328 3683 ceptee
2352 3611 2424 3665 ab
2454 3608 2710 3665 Ecclesia
2742 3610 3005 3664 Romana
3035 3609 3175 3665 disci
3183 3608 3377 3681 plinas.
3433 3609 3596 3665 Mitto
3645 3614 3816 3684 quod

385 3696 550 3772 ἠγεἰί
578 3711 714 3752 vero
735 3693 936 3767 Exigui
961 3696 1202 3765 uterque
1223 3691 1419 3760 codex,
1449 3709 1606 3748 unus
1621 3709 1911 3750 canonum
1942 3713 2041 3768 sy-
2152 3699 2426 3770 antiquas
2445 3698 2784 3769 primasque
2816 3696 2994 3753 habet
3014 3696 3314 3753 versiones
3372 3703 3815 3769 opusculorum

392 3786 759 3852 nodicorum,
792 3782 939 3839 alter
956 3780 1350 3853 Epistolarum
1380 3780 1832 3854 poutiﬁciarum,
1867 3801 2039 3841 num-
2152 3792 2486 3844 sanctorum
2519 3786 2743 3858 aliquot
2765 3790 3028 3856 Patrum,
3058 3786 3158 3858 qui
3193 3784 3592 3858 saeculiquinti
3637 3786 3821 3846 initio

391 3890 569 3950 quam
595 3873 864 3930 conditus
884 3876 973 3927 est
994 3870 1066 3926 ad
1099 3887 1276 3926 usum
1299 3869 1566 3926 Ecclesia:
1622 3872 1892 3928 Romanae
1950 3875 2040 3931 vel
2151 3876 2402 3933 celebres
2424 3876 2604 3943 fuere,
2636 3879 2693 3930 et
2724 3875 3067 3944 pontificum
3101 3875 3496 3930 Romanorum
3526 3877 3821 3935 concilio-

390 3965 799 4039 episcoporum
824 3962 1217 4017 Romanorum
1232 3976 1333 4015 seu
1350 3960 1623 4015 mandato
1647 3976 1744 4016 seu
1762 3962 2037 4031 consilio;
2150 3981 2401 4036 rumque
2412 3981 2523 4020 usu
2537 3968 2912 4032 consecratae;
2930 3964 3084 4035 quod
3099 3968 3369 4019 Romanis
3404 3963 3823 4040 Africanasque

390 4048 1147 4124 sedillequideminstantia
1162 4047 2040 4120 StephaniepiscopiSalonitani
2150 4052 2470 4125 disciplinas
2504 4069 2718 4107 nexum
2752 4051 3036 4108 notiorem
3063 4052 3201 4107 facit
3226 4070 3239 4120 ;
3264 4052 3420 4125 quod
3450 4051 3651 4125 plures
3676 4056 3825 4113 fidei

390 4141 485 4199 hic
509 4158 642 4198 vero
666 4138 885 4196 Juliani
909 4136 1231 4212 presbyteri
1272 4141 1490 4192 Sanctae
1541 4139 1860 4195 Anastasie
1906 4142 2038 4211 piis,
2150 4142 2371 4198 libellos
2387 4141 2722 4213 quaeditos,
2743 4157 2860 4213 qua
2885 4157 3001 4196 non
3018 4141 3306 4197 anthehac
3319 4141 3508 4198 editos
3526 4144 3833 4213 continet;

391 4229 705 4303 utipseait,
731 4228 947 4285 studiis
968 4232 1027 4283 et
1047 4225 1473 4294 sollicitudine;
1497 4242 1645 4297 quos
1662 4230 2039 4298 postmodum
2152 4232 2307 4304 quod
2339 4229 2540 4303 aliqua
2559 4230 2965 4285 Africanorum
2991 4230 3299 4285 decretain
3343 4229 3513 4285 editis
3558 4239 3817 4303 praeter-

393 4319 498 4376 usu
524 4319 869 4375 celeberrimo
907 4316 1144 4372 Ecclesia
1187 4318 1433 4370 Romana
1472 4316 1754 4386 complexa
1789 4322 1908 4374 est:
1964 4319 2045 4376 ita
2153 4320 2337 4375 missa
2365 4317 2755 4391 redintegrat;
2790 4319 2945 4390 quod
2962 4317 3235 4391 epistolas
3268 4316 3490 4390 aliquot
3514 4320 3825 4377 Romano-

397 4408 553 4464 enim
575 4423 643 4462 ex
666 4406 1009 4462 Cassiodoro
1031 4405 1172 4475 (Dw.
1198 4406 1338 4459 Lect.
1360 4419 1478 4474 cap.
1502 4404 1553 4474 3)
1578 4411 1851 4461 asserunt
1873 4408 2042 4482 vulgo
2154 4426 2283 4464 rum
2316 4407 2659 4480 pontificum
2680 4407 2910 4480 aliaque
2938 4410 3317 4463 monumenta
3341 4407 3571 4480 egregie
3631 4408 3827 4468 inter-

395 4496 710 4569 scriptores
740 4493 1124 4549 reicanonicaa
1146 4510 1158 4560 ;
1177 4492 1392 4547 licetde
1412 4491 1535 4547 solo
1565 4509 1856 4551 canonum
1870 4498 2046 4554 eccle-
2153 4497 2346 4569 polala
2376 4496 2697 4552 sinceritati
2728 4512 2846 4551 suae
2876 4495 3134 4552 restituit
3165 4512 3178 4565 ;
3204 4495 3361 4568 quod
3387 4511 3500 4551 non
3525 4512 3594 4552 ea
3610 4499 3822 4557 solum

394 4584 762 4673 siasticorum
780 4581 993 4673 codice
1014 4579 1284 4673 precibus
1312 4580 1908 4673 Stephaniadornato,
1928 4603 2042 4642 non
2075 4608 2121 4673 D
2151 4585 2523 4656 exhibetqure
2536 4584 2607 4639 ad
2632 4583 3007 4656 disciplinam
3021 4583 3469 4640 ecclesiasticam
3486 4584 3820 4659 pertinent,

354 4694 361 4699 '
398 4674 472 4730 de
505 4672 705 4739 altero,
738 4671 794 4726 id
826 4669 1210 4724 Cassiodorus
1259 4673 1563 4725 asseverat.
1589 4671 1803 4727 Verum
1856 4674 1932 4729 sit
1964 4676 2045 4732 ita
2075 4669 2111 4673 ”
2153 4676 2252 4731 sed
2273 4674 2448 4730 etiam
2476 4672 2763 4744 quidquid
2795 4672 2913 4729 fere
2943 4689 3046 4746 pro
3076 4672 3207 4727 ﬁdei
3233 4688 3408 4728 causa
3433 4676 3632 4728 actum
3657 4677 3817 4732 scri-

395 4762 467 4819 de
498 4763 775 4832 utroque;
807 4758 928 4813 haec
946 4761 1142 4812 tamen
1174 4773 1291 4812 una
1311 4756 1439 4812 laus
1455 4759 2040 4834 CodicisDionysiani,
2150 4768 2438 4837 ptumque
2466 4766 2555 4816 est
2583 4760 2670 4816 vel
2690 4762 2760 4816 ab
2786 4760 3268 4831 apostolicasede,
3297 4759 3385 4815 vel
3406 4760 3477 4816 ab
3501 4760 3633 4816 aliis
3686 4766 3820 4837 epi-

396 4851 552 4927 ςυοά
575 4846 1058 4922 privatihominis
1079 4846 1369 4901 industria
1383 4847 1675 4915 conditus,
1699 4850 1770 4904 ab
1790 4851 2042 4908 Ecclesia
2151 4851 2341 4923 scopis
2369 4867 2471 4921 per
2501 4850 2601 4904 illa
2622 4854 2903 4921 tempora,
2940 4850 2997 4905 id
3033 4850 3213 4906 codex
3233 4848 3722 4921 comprehendit;
3757 4854 3822 4910 in

396 4940 661 4996 Romana
690 4936 968 4992 meruerit
986 4935 1270 5008 adoptari,
1291 4936 1533 5008 suisque
1554 4938 2040 5008 deputariusibus
2150 4956 2265 5012 quo
2298 4943 2535 5010 praestat
2565 4943 2620 4992 et
2652 4938 3001 5010 Dionysiano
3033 4946 3088 4995 et
3107 4938 3328 4993 caeteris
3349 4954 3642 4995 canonum
3672 4958 3820 4999 con-

394 5032 556 5085 soxto
587 5026 940 5097 sweulojam
972 5025 1223 5081 mediam
1256 5030 1480 5097 partem
1521 5028 1738 5097 elapso.
1763 5031 1834 5082 At
1863 5031 2041 5086 codex
2148 5028 2605 5098 stitutorumque
2635 5027 2959 5097 codicibus,
2990 5026 3090 5099 qui
3131 5026 3278 5082 nihil
3311 5026 3382 5082 de
3428 5028 3606 5083 rebus
3667 5031 3818 5090 ﬁdei

394 5120 596 5174 noster
622 5116 671 5171 is
690 5116 814 5187 ipse
827 5119 912 5170 est
926 5130 1098 5186 quem
1116 5114 1224 5168 sibi
1240 5114 1487 5169 confecit
1514 5114 1764 5169 Ecclesia
1778 5117 1954 5171 Roma
1966 5136 2040 5175 na
2148 5115 2467 5187 attingunt,
2498 5117 2545 5169 si
2571 5114 2828 5186 capitula
2851 5116 2922 5171 de
2942 5114 3130 5189 gratia
3146 5113 3393 5170 etlibero
3411 5114 3655 5172 arbitrio
3681 5124 3820 5179 Cm,

393 5205 595 5262 statim
616 5209 789 5278 atque
819 5202 1033 5275 scripto
1050 5202 1180 5272 jure
1210 5206 1268 5257 et
1296 5202 1421 5272 ipsa
1452 5201 1848 5259 administrari
1867 5209 2039 5279 cmpit
2146 5203 2342 5260 lestini
2372 5201 2633 5275 epistolae
2661 5220 2888 5261 annexa
2916 5202 3188 5276 excipias,
3215 5219 3342 5275 quas
3391 5202 3547 5275 apud
3578 5204 3815 5282 Diony-

390 5297 448 5351 et
473 5292 756 5353 Ecclesias
781 5293 850 5349 ad
885 5308 1054 5349 suam
1086 5291 1513 5346 ordinationem
1547 5289 1902 5361 pertinentes
1935 5312 2036 5351 re-
2147 5296 2302 5351 sium
2332 5292 2627 5349 habentur
2654 5296 2711 5348 et
2738 5294 3150 5349 desiderantur
3193 5292 3253 5348 in
3276 5295 3495 5359 nostro,
3548 5296 3606 5349 et
3647 5295 3818 5354 Gau-

389 5378 544 5457 gere.
576 5383 875 5439 Enimvero
904 5386 1036 5437 ante
1059 5380 1323 5435 Niczenos
1339 5376 1825 5452 Sardicensesque
1843 5385 2039 5441 condi-
2146 5399 2385 5457 grenses
2416 5381 2960 5438 anathematismos.

461 5506 539 5580 (α)
571 5508 746 5580 Hunc
764 5504 1022 5580 codicem
1051 5505 1344 5580 vetustum
1377 5499 1629 5580 quidem
1662 5507 1719 5580 et
1752 5504 2035 5565 eximium
2145 5507 2339 5564 codice
2369 5522 2433 5560 ac
2456 5506 2527 5580 de
2548 5504 2677 5561 aliis
2697 5504 3006 5580 incOgnitis
3028 5503 3469 5580 collectionibus
3499 5520 3811 5580 canonum

366 5572 530 5635 esse
546 5595 719 5634 nemo
732 5573 975 5647 inficiari
1001 5576 1210 5644 potest.
1239 5574 1310 5626 At
1327 5588 1431 5627 nec
1453 5572 1886 5647 amplissimum
1907 5596 2036 5637 esse
2144 5585 2197 5635 el
2220 5576 2706 5647 constitutionum
2726 5572 3059 5647 apostolicae
3071 5576 3228 5632 sedis
3248 5576 3381 5631 fuse
3402 5574 3810 5647 disputabun-

385 5648 651 5705 omnium
684 5644 1116 5718 collectionem,
1151 5660 1256 5698 nec
1287 5648 1608 5700 Romanam
1632 5646 2033 5708 collectionem
2142 5656 2271 5717 tur;
2307 5648 2404 5703 ubi
2430 5648 2605 5703 etiam
2654 5645 2721 5701 éa
2762 5644 3203 5703 confutabimus
3259 5662 3391 5718 quae
3446 5644 3812 5718 Paschasius

381 5718 672 5815 exhibere,
705 5715 928 5796 patebit
962 5731 1031 5782 ex
1059 5714 1131 5772 iis
1162 5730 1291 5792 quae
1320 5717 1480 5779 tomo
1511 5717 1680 5778 tertio
1722 5720 1791 5778 de
1827 5722 2031 5785 eodem
2142 5714 2493 5791 Quesnellus
2514 5718 2717 5779 eodem
2749 5735 2856 5780 suo
2900 5718 3230 5797 praeiudicio
3251 5714 3500 5778 subinde
3547 5717 3807 5799 colligit.
