3914 6232
114 339 164 402 45
895 351 965 416 P.
1009 352 1450 427 QUESNELLI
1492 349 1906 416 PRIEFATIO
1949 352 2028 416 IN
2073 355 2286 421 SUAM
2330 353 2789 422 EDITIONEM.

3460 357 3542 424 46

162 478 259 536 Hec
284 483 343 536 et
373 479 511 537 alia
544 480 1094 560 hujusmodi,quae
1121 487 1246 544 suis
1278 487 1420 543 locis
1456 491 1782 557 occurrent,
1811 488 1868 554 Α
1895 489 2088 545 teries.
2124 491 2235 546 Sed
2268 492 2459 563 potior
2483 492 2628 548 ratio
2660 492 2793 562 fuit,
2825 492 2982 566 quod
3011 490 3220 551 Leonis
3265 491 3538 566 Epistolas

117 567 334 642 praclara
364 571 652 644 quidem
687 580 865 632 sunt.
897 577 1021 633 Duo
1053 581 1250 632 tamen
1275 579 1484 650 praeter
1511 574 1612 631 illa
1643 579 1784 632 sunt

122 658 491 732 quaEcclesiaa
508 661 836 719 Romanas
854 665 1150 722 studiosos
1169 664 1388 736 (ecquis
1411 680 1581 736 porro
1603 663 1782 736 hujus

129 749 376 806 studiosus
391 767 526 806 non
542 750 663 818 sit,
694 753 753 808 si
772 751 1101 809 catholicus
1117 754 1145 807 ἱ)
1161 757 1216 809 et
1229 751 1784 824 antiquitatiseccle-

134 839 327 896 siasticte
359 846 687 897 amatores
713 841 913 912 magis
944 842 1217 898 efficient.
1252 841 1642 913 Unum,quod
1675 857 1781 913 ope

139 930 282 1002 hujus
305 929 522 985 codicis
540 929 954 1002 dignoscitur,
971 948 1097 1003 quae
1117 947 1300 1003 quove
1313 934 1574 1002 tempore
1587 929 1783 985 Orien-

147 1019 262 1076 tales
286 1018 483 1091 synodi
500 1018 566 1073 in
585 1035 781 1074 usum
804 1024 1049 1091 recepta:
1073 1019 1292 1074 fuerint
1318 1019 1378 1073 in
1396 1017 1653 1074 Ecclesia
1674 1018 1782 1074 Ro-

156 1125 312 1178 mana,
322 1125 431 1180 quo
450 1107 820 1163 Antiocheni
835 1124 1108 1175 canones,
1128 1106 1777 1179 Constantinopolitani,

158 1197 388 1264 Africani,
420 1201 476 1252 et
506 1196 558 1252 si
592 1195 699 1269 qui
733 1195 838 1252 alii
870 1195 931 1250 in
971 1195 1425 1252 controversiam
1473 1199 1775 1251 vocantur.

215 1287 445 1344 Alterum
479 1290 591 1351 est,
644 1301 717 1340 ex
748 1285 957 1341 eodem
1004 1289 1204 1341 nostro
1253 1284 1450 1340 codice
1479 1283 1681 1356 repelli
1714 1300 1780 1340 ac

163 1377 391 1432 funditus
404 1373 646 1430 convelli
665 1373 1078 1446 impudentem
1106 1373 1486 1442 calumniam,
1506 1389 1682 1445 quam
1704 1373 1781 1430 fa-

158 1467 285 1522 mosi
313 1464 390 1520 illi
441 1462 984 1536 Magdeburgenses
1032 1461 1452 1518 centuriatores
1500 1463 1779 1519 adevrsus

156 1553 528 1611 sanctissimos
549 1545 865 1625 pontiﬁces
892 1551 1186 1608 Romanos
1206 1551 1526 1619 Zosimum,
1547 1551 1779 1608 Bonifa-

154 1645 290 1700 cium
307 1648 361 1699 et
375 1641 744 1698 Caelestinum
772 1640 1228 1698 sceleratissime
1256 1644 1618 1706 struxerunt,
1641 1656 1776 1696 cum

148 1749 236 1790 eos
264 1732 448 1806 palam
461 1735 517 1788 ct
547 1729 784 1803 publice
797 1729 1282 1786 traducuntvelut
1311 1730 1676 1786 Nicaenorum
1689 1745 1778 1785 ca-

145 1838 346 1879 nonum
371 1821 789 1887 adulteratores,
850 1819 1139 1892 falsatores
1181 1829 1554 1891 corruptores:
1607 1817 1775 1890 quasi

136 1929 228 1985 per
252 1914 482 1968 immane
507 1911 687 1965 scelus
705 1913 758 1965 et
783 1910 1142 1981 impietatem,
1164 1925 1228 1964 ac
1271 1909 1546 1979 furiosam
1591 1907 1774 1963 ambi-

136 2005 324 2059 tionem
354 2019 388 2056 a
414 2000 641 2057 Zosimo
669 2015 827 2073 papa
858 1998 1072 2055 sciente
1102 2015 1167 2054 ac
1211 1997 1438 2054 volente
1486 1996 1775 2070 suppositi

134 2092 248 2147 sint
274 2090 642 2147 Sardicenses
664 2105 923 2144 canones
951 2105 1051 2160 pro
1070 2087 1341 2155 Nicasnis,
1363 2104 1496 2142 cum
1514 2085 1645 2142 illos
1662 2087 1775 2142 sub

133 2181 485 2236 Niczenorum
500 2179 740 2234 nomine
753 2176 1200 2249 Carthaginensi
1233 2175 1483 2232 concilio
1502 2192 1604 2248 per
1622 2174 1775 2248 lega-

132 2275 215 2327 tos
247 2285 385 2326 suos
412 2267 623 2324 obtulit
650 2267 714 2322 in
735 2265 1200 2322 celebratissima
1228 2265 1331 2321 illa
1359 2263 1620 2338 Appiarii
1644 2281 1775 2336 pre-

129 2358 336 2432 sbyteri
369 2372 573 2414 causa:
593 2358 656 2411 In
684 2345 1028 2428 quanefaria
1056 2355 1402 2410 decretorum
1429 2355 1775 2410 Nicwrzorum

129 2449 524 2504 adulteratione
548 2445 915 2518 pervicaciter
939 2443 1594 2516 perstiterttBoni/acius,
1617 2441 1773 2498 homo

126 2538 463 2602 ambitiosus,
496 2534 798 2606 inquiunt,
819 2536 873 2588 et
889 2534 1112 2604 impius,
1139 2549 1204 2588 ac
1215 2533 1577 2604 pertinaciter
1591 2547 1772 2603 perse-

123 2629 386 2682 vera-verit
415 2625 765 2680 Cwlestznus:
791 2622 915 2677 licet
931 2623 1250 2692 Africanam
1271 2621 1774 2693 syuod-um'veriora

126 2717 452 2788 emptaria
496 2714 855 2770 Nicamornm
896 2727 1168 2767 canonum
1201 2711 1684 2782 Constantinopoli
1723 2717 1776 2766 et

128 2804 454 2860 Alexandria-
501 2802 794 2874 accepisse,
828 2815 894 2854 ac
940 2801 1258 2856 sceleratam
1302 2799 1554 2871 fraudem
1601 2800 1771 2872 falsa-

133 2902 303 2948 torum
329 2908 603 2948 canonum
631 2890 900 2946 delectam
927 2905 1058 2959 esse,
1077 2890 1245 2961 probe
1272 2891 1452 2944 sciret.
1486 2889 1656 2944 Certa
1667 2887 1776 2943 erit

136 2981 396 3055 deinceps
406 2979 704 3038 excodicis
717 2977 1079 3051 inspectione
1095 2994 1209 3033 non
1229 2978 1416 3033 dicam
1431 2978 1605 3033 modo
1618 2977 1773 3049 apud

137 3070 459 3137 catholicos,
491 3069 595 3125 sed
627 3071 686 3124 et
715 3068 874 3140 apud
897 3066 1132 3140 quosvis
1163 3083 1279 3122 non
1311 3066 1626 3138 desperatae
1645 3082 1778 3121 con-

139 3159 376 3214 scientiae
404 3158 700 3225 homines,
724 3160 783 3213 et
804 3154 1088 3212 scelerata
1102 3155 1412 3211 hominum
1444 3157 1637 3210 mente
1651 3170 1773 3209 cor-

1891 594 2018 648 quae
2051 579 2305 652 Operam
2338 581 2466 652 ejus
2500 599 2638 654 pars
2659 586 2748 638 est
2776 581 3086 656 insignior,
3108 585 3249 639 sunt
3265 581 3428 639 velut
3443 597 3540 638 ne-

1889 667 2211 724 cessarium
2245 670 2460 726 codicis
2490 671 2999 743 supplementum;
3025 688 3140 745 quo
3164 675 3405 742 resecto,
3438 687 3538 728 co-

1889 756 1999 811 dex
2029 756 2312 814 nobiliore
2334 759 2424 814 sui
2440 764 2604 831 parte
2623 760 2888 817 minutus
2913 760 3410 835 mancusqueerit;
3425 775 3542 834 quo

1889 845 2136 915 adjecto,
2153 847 2279 918 jam
2302 847 2591 918 perfectus
2608 852 2714 917 est,
2730 849 3137 923 integramque
3153 849 3544 922 exhibetjuris

1889 931 2153 988 canonici
2177 934 2387 989 veteris
2406 933 2652 990 Romani
2675 935 3114 1006 bibliothecam,
3139 952 3209 993 ex
3231 953 3347 1010 qua
3366 935 3545 994 eccle-

1889 1019 2136 1076 siasticae
2167 1022 2694 1080 administrationis
2724 1023 2881 1096 leges
2912 1026 3269 1098 depromptae
3311 1041 3414 1099 per
3451 1027 3542 1083 tot

1889 1109 2101 1166 saecula
2131 1111 2368 1167 fuerunt
2399 1113 2471 1168 ab
2499 1112 2830 1184 apostolicae
2862 1114 3020 1172 sedis
3048 1114 3421 1187 praesulibus.

1959 1198 2247 1270 Epistolas
2274 1200 2478 1257 Leonis
2509 1201 2906 1258 necessarium
2931 1202 3048 1258 dixi
3066 1203 3284 1260 codicis
3304 1203 3540 1275 supple-

1891 1290 2178 1356 mentum,
2212 1288 2350 1360 quia
2380 1289 2528 1344 nihil
2559 1291 2798 1346 omnino
2830 1292 2987 1363 quod
3020 1292 3229 1348 Leonis
3255 1291 3333 1348 sit
3353 1290 3540 1348 codici

1885 1372 2174 1432 insertum
2204 1377 2491 1435 habemus
2508 1378 2585 1451 (α)
2603 1397 2616 1435 :
2633 1396 2766 1436 cum
2783 1384 2981 1437 tamen
3012 1381 3277 1438 omnium
3291 1379 3539 1439 aSiricio

1887 1481 2040 1538 papa
2052 1482 2240 1539 usque
2253 1468 2324 1522 ad
2337 1468 2716 1524 Anastasium
2731 1469 3110 1542 IIprmsulum
3133 1471 3538 1528 Romanorum

1887 1553 2166 1626 epistolas
2196 1556 2521 1628 przecipuas
2543 1557 2984 1630 complectatur,
3009 1559 3266 1633 exceptis
3295 1561 3544 1618 Anasta-

1888 1642 1972 1698 sio
2003 1647 2047 1708 I,
2081 1645 2251 1715 cujus
2284 1643 2430 1699 nihil
2463 1650 2751 1718 superest,
2784 1646 2944 1703 Sixto
2977 1647 3074 1716 III,
3121 1648 3222 1719 qui
3251 1647 3353 1704 vix
3389 1647 3540 1704 duas

1884 1730 2181 1803 epistolas,
2209 1737 2266 1788 et
2281 1732 2476 1789 Hilaro
2491 1734 2619 1803 PP.,
2649 1734 2747 1806 qui
2765 1733 2965 1807 plures
2980 1734 3237 1808 scripsit.
3259 1735 3328 1792 Et
3340 1739 3540 1794 tamen

1885 1821 2054 1892 cujus
2086 1821 2281 1893 potius
2293 1821 2550 1894 epistolae
2569 1824 2817 1879 suumin
2850 1824 3050 1882 codice
3065 1823 3260 1881 locum
3275 1824 3538 1882 obtinere

1884 1909 2230 1979 debuerant,
2254 1927 2432 1982 quam
2465 1911 2697 1979 Leonis,
2729 1911 2829 1984 qui
2863 1916 2921 1968 et
2946 1912 3118 1985 plura
3147 1912 3369 1970 caeteris
3397 1913 3540 1971 scri-

1885 1998 2001 2068 psit
2029 1999 2100 2054 de
2131 1999 2454 2071 disciplinae
2503 1999 2910 2057 ecclesiastica;
2956 2002 3346 2070 observantia,
3386 2005 3444 2058 et
3472 2001 3536 2060 in

1884 2085 2206 2158 Pelegianis
2237 2087 2728 2161 Eutychianisque
2743 2089 3098 2147 damnandis
3119 2089 3269 2164 (qute
3285 2089 3536 2149 hereses

1885 2173 2175 2246 reliquum
2208 2175 2324 2231 fere
2355 2176 2570 2232 codicis
2600 2181 2910 2250 occupant)
2940 2195 3306 2253 parsmagna
3325 2179 3456 2250 fuit,
3476 2183 3536 2239 et

1883 2261 1942 2316 in
1973 2263 2279 2336 posteriori
2301 2264 2478 2320 etiam
2493 2266 3000 2339 praecipuaﬂstam
3018 2267 3400 2326 emissionem
3413 2283 3532 2327 non

1883 2367 1951 2406 ex
1976 2368 2116 2408 casu
2129 2352 2216 2408 vel
2234 2352 2520 2411 oblivione
2537 2355 2876 2428 contigisse,
2903 2356 3090 2413 multo
3103 2356 3300 2415 minus
3312 2373 3381 2415 ex
3395 2374 3538 2416 con-

1881 2443 2105 2513 temptu
2137 2446 2334 2498 natam
2355 2443 2671 2516 quisquam
2692 2445 2919 2501 dixerit.
2937 2440 3016 2501 Ex
3044 2446 3338 2504 industria
3353 2447 3540 2521 igitur

1882 2530 2101 2585 factum
2137 2532 2208 2586 ab
2240 2531 2312 2587 iis
2337 2532 2435 2603 qui
2450 2533 2670 2589 codicis
2683 2533 2974 2605 capitibus
2991 2533 3052 2592 41
3084 2539 3143 2592 et
3169 2537 3239 2591 42
3267 2537 3419 2611 (qua
3439 2536 3539 2594 ad-

1881 2634 2087 2675 versus
2115 2619 2412 2691 Eutychen
2441 2625 2605 2693 gesta
2636 2621 2936 2677 continent
2964 2627 3022 2677 et
3051 2640 3086 2679 a
3109 2623 3297 2680 Leone
3332 2623 3538 2682 viden-

1881 2711 1980 2763 tur
2009 2707 2247 2779 inserta)
2281 2708 2468 2764 satius
2491 2710 2786 2765 duxerunt
2813 2727 2932 2766 una
2954 2710 3102 2766 serie
3153 2712 3533 2786 subjungere,

1883 2813 2009 2867 quae
2027 2795 2307 2852 adversus
2321 2798 2556 2852 eosdem
2570 2797 2870 2855 haereticos
2882 2803 3012 2855 acta
3023 2804 3191 2856 erant
3204 2800 3530 2875 Simplicio,

1883 2884 2069 2941 Felice
2099 2887 2155 2940 et
2181 2884 2409 2941 Gelasio
2441 2886 2719 2943 Romanis
2746 2887 3144 2960 pontiﬁcibus,
3169 2905 3348 2962 quam
3377 2893 3536 2947 acto-

1883 2991 2014 3030 rum
2042 2973 2206 3029 ﬁlum
2238 2973 2664 3047 interrumpere
2703 2976 2942 3048 prolixis
2985 2978 3192 3036 Leonis
3238 2979 3425 3036 nostri
3456 2980 3528 3038 de

1883 3061 2452 3136 multiplicimateria
2467 3063 2729 3136 epistolis
2750 3082 2847 3134 ;ex
2858 3065 3074 3137 quibus
3097 3067 3146 3123 si
3168 3071 3399 3125 tantum
3424 3069 3539 3126 ali-

1884 3151 2022 3223 quid
2043 3151 2400 3208 delibassent
2415 3152 2599 3208 codici
2616 3152 3016 3222 inserendum,
3041 3171 3164 3211 rem
3188 3156 3390 3214 minus
3409 3157 3530 3213 uti-

136 3253 429 3320 ruptorum
458 3245 773 3320 protervia,
789 3248 848 3300 et
869 3244 1175 3300 sinceritas
1191 3244 1526 3316 candorque
1547 3242 1768 3315 episco-
1800 3224 1844 3293 C
1880 3239 1998 3295 lem
2028 3243 2086 3296 et
2113 3241 2482 3296 commodam
2504 3240 2714 3296 facturi
2727 3245 2941 3311 essent,
2965 3258 3291 3314 quamcum
3313 3244 3542 3316 pleras-

135 3353 330 3408 porum
351 3333 882 3406 Romanorum,qui
897 3333 1052 3405 quod
1071 3338 1375 3407 acceptum
1389 3351 1424 3389 a
1445 3331 1772 3404 majoribus

135 3424 186 3479 in
216 3442 322 3482 suo
353 3425 548 3481 codice
573 3423 868 3496 legebant,
905 3423 1057 3479 bona
1083 3423 1194 3478 fide
1213 3421 1602 3494 protulerunt;
1626 3436 1774 3492 quos

133 3529 250 3568 eam
281 3514 353 3570 ob
383 3530 503 3568 rem
536 3511 883 3585 ignorantia:
914 3527 1189 3566 accusare
1221 3528 1334 3566 non
1368 3509 1582 3582 possis,
1633 3507 1778 3582 quin

129 3601 418 3659 Africanos
439 3602 769 3674 episcopos,
798 3597 1148 3666 Orientales,
1183 3615 1247 3654 ac
1271 3599 1578 3670 plerosque
1607 3597 1776 3655 Occi-

133 3690 386 3747 dentales
415 3691 635 3764 pariter
655 3687 988 3754 insimules,
1006 3687 1220 3759 quibus
1237 3687 1324 3743 vel
1339 3687 1670 3743 nullatenus
1686 3686 1776 3742 vel

135 3779 369 3836 obscure
381 3778 700 3836 admodum
718 3777 1096 3832 innotuerant
1116 3776 1492 3832 Sardicenses
1523 3791 1777 3832 canones

137 3883 196 3921 ac
219 3868 578 3924 Niczenorun:
611 3881 923 3934 numerus,
955 3865 1024 3920 de
1057 3865 1265 3936 quoad
1296 3869 1557 3920 nostram
1589 3881 1779 3936 usque

138 3960 354 4013 aetatem
384 3953 776 4030 perseveravit
805 3954 1172 4010 eruditorum
1207 3954 1618 4010 controversia.

202 4044 320 4102 VII.
352 4047 476 4102 Hec
505 4044 750 4116 quidem
769 4043 1008 4115 optimo,
1025 4043 1178 4098 dicet
1199 4042 1432 4115 aliquis,
1457 4060 1522 4098 ac
1537 4043 1780 4114 probata

139 4140 330 4190 manet
344 4134 560 4189 utilitas
576 4132 789 4188 sinceri
798 4136 1004 4203 tasque
1016 4130 1233 4186 codicis
1255 4149 1266 4186 :
1281 4131 1382 4187 sed
1397 4131 1779 4203 quamobrem

140 4219 342 4278 Leonis
370 4222 655 4295 Operibus
673 4237 956 4287 annexus,
976 4224 1040 4275 ut
1053 4219 1228 4275 simul
1245 4219 1570 4292 prodirent?
1587 4220 1636 4275 si
1651 4219 1779 4292 qui-

140 4308 264 4366 dem
295 4311 389 4366 ille
418 4328 536 4367 una
555 4327 688 4365 cum
710 4308 1225 4364 dissertationibus
1239 4307 1349 4363 sibi
1366 4308 1617 4381 propriis
1628 4308 1784 4365 volu-

143 4397 276 4453 mini
309 4400 551 4455 seorsim
585 4398 924 4454 excudendo
956 4397 1222 4452 sufficere
1251 4401 1496 4469 poterat.

208 4490 330 4543 Non
361 4506 476 4544 una
506 4488 766 4560 profecto
796 4485 946 4541 ratio
975 4485 1033 4540 id
1065 4485 1294 4540 consilii
1317 4485 1625 4557 persuasit.
1657 4487 1783 4542 Non

145 4574 328 4631 dicam
346 4594 443 4649 per
469 4577 527 4632 id
551 4575 881 4647 temporisa
910 4591 1004 4629 me
1034 4574 1287 4630 codicem
1311 4574 1784 4642 inventum,cum

146 4660 318 4718 Leoni
349 4665 563 4720 edendo
593 4663 961 4730 incubarem,
988 4666 1045 4718 et
1075 4661 1210 4717 inde
1241 4667 1437 4718 natam
1471 4667 1786 4735 utrumque

149 4767 257 4806 uno
288 4757 448 4824 partu
496 4751 804 4808 emittendi
854 4750 1300 4823 cogitationem;
1355 4753 1557 4808 eodem
1590 4752 1786 4808 codice

153 4854 271 4894 sum
300 4857 422 4897 esse
453 4842 706 4898 Leonem
731 4843 1034 4907 nostrum;
1059 4839 1403 4896 nonnullam
1419 4840 1609 4897 lucem
1634 4858 1703 4897 ex
1719 4857 1786 4897 eo

155 4929 426 4987 conciliari
458 4930 672 4987 Leonis
702 4928 1012 5002 Operibus,
1042 4945 1106 4984 ac
1121 4930 1445 5000 patesertim
1463 4946 1528 4986 eo
1554 4929 1665 4986 loci
1686 4929 1786 4984 ubi

158 5020 501 5077 Sardicenses
535 5035 793 5077 canones
824 5034 933 5090 pro
963 5017 1212 5074 Nicaenis
1244 5019 1314 5074 ab
1346 5036 1411 5074 eo
1442 5018 1782 5074 laudantur:

159 5107 324 5165 multa
351 5111 473 5183 ejus
503 5114 676 5167 atate
706 5108 766 5164 in
801 5106 1061 5163 codicem
1090 5107 1272 5164 fuisse
1303 5107 1485 5176 illata,
1510 5123 1786 5179 magnam

162 5201 357 5264 partem
388 5201 457 5257 ab
478 5201 683 5258 eodem
713 5197 801 5254 illi
829 5197 1140 5264 insertam;
1166 5196 1480 5252 maximam
1513 5195 1790 5268 Eutychis

159 5291 604 5363 sectatorumque
622 5291 759 5362 ejus
779 5289 1064 5343 damnata
1083 5285 1356 5356 dogmata
1383 5285 1648 5351 attinere,
1663 5301 1791 5356 quas

161 5377 371 5448 propria
387 5384 472 5436 est
493 5386 547 5436 et
570 5377 792 5436 Leonis
811 5372 1056 5431 victoria
1080 5377 1136 5428 et
1151 5373 1503 5446 scriptorum
1521 5375 1651 5445 ejus
1668 5390 1792 5430 ma-

220 5499 287 5575 (α)
315 5502 513 5560 Leonis
545 5498 841 5575 epistolas
871 5493 1115 5565 triginta
1129 5494 1446 5575 du‘asﬁhuic
1467 5494 1794 5575 collectioni

150 5565 319 5652 (uisse
344 5565 606 5652 insertas
628 5569 956 5652 innuimus
973 5570 1165 5652 annot.
1273 5565 1568 5652 Quesnelli
1589 5568 1796 5652 praeju-

156 5640 342 5710 ditium
355 5647 506 5710 unde
519 5643 830 5722 originem
841 5635 1800 5714 duxerit,explicabimusin'obs'er-

1883 3346 1995 3400 que
2025 3329 2287 3401 ejusdem
2320 3329 2596 3402 epistolas
2626 3329 2686 3385 in
2718 3347 2902 3386 unum
2926 3347 3140 3405 corpus
3169 3331 3442 3391 collectas
3459 3334 3535 3391 ad

1889 3418 2106 3474 calcem
2139 3417 2354 3474 codicis
2383 3435 2650 3492 posuere,
2686 3423 2751 3475 ut
2779 3436 2884 3493 ego
2916 3420 3136 3477 factum
3167 3423 3457 3496 suspicor.

1955 3508 2311 3579 Conjecturae
2332 3507 2468 3563 huic
2487 3511 2698 3565 nostras
2723 3509 3079 3584 suffragatur
3098 3515 3416 3587 utrumque
3450 3529 3544 3573 co-

1884 3596 2031 3653 dicis
2061 3595 2358 3668 exemplar
2371 3613 2483 3652 ms.
2499 3596 2846 3654 Thuaneum
2879 3601 2936 3654 et
2956 3599 3378 3666 Oxoniense,ad
3400 3617 3548 3674 quo-

1885 3703 2018 3742 rum
2040 3683 2258 3742 calcem
2289 3685 2493 3742 Leonis
2515 3685 2774 3758 epistola
2797 3687 2984 3744 instar
3014 3689 3409 3762 supplementi
3440 3690 3543 3749 de-

1885 3774 2112 3846 scriptae
2141 3777 2306 3841 sunt;
2322 3774 2459 3830 utin
2472 3774 2883 3833 dissertatione
2899 3777 3247 3834 duodecima
3257 3777 3542 3850 diximus,

1885 3868 1942 3920 et
1971 3864 2031 3918 in
2061 3862 2251 3918 indice
2281 3862 2506 3937 integro
2539 3863 2826 3931 Thuanei,
2860 3881 3035 3938 quem
3066 3865 3249 3922 codici
3290 3866 3538 3940 praefixi-

1888 3970 2042 4019 mus,
2075 3951 2326 4024 quisque
2359 3969 2592 4010 cernere
2624 3957 2831 4026 potest.

1956 4045 2035 4096 De
2057 4041 2281 4097 caeteris
2294 4041 2472 4113 hujus
2485 4041 2804 4098 voluminis
2821 4042 3086 4114 partibus
3103 4042 3196 4098 vix
3207 4040 3429 4114 aliquid
3443 4039 3538 4099 hic

1887 4130 2173 4186 habemus
2204 4130 2589 4200 prtnfandum.
2611 4129 3099 4186 Dissertationum
3123 4129 3426 4186 materiem
3448 4147 3543 4188 ex-

1887 4219 2052 4276 hibet
2080 4218 2313 4273 illarum
2347 4220 2521 4274 index
2546 4235 2682 4274 mox
2704 4222 3036 4274 secuturus.
3058 4219 3238 4287 Notae,
3271 4219 3540 4276 observa-

1888 4305 2668 4378 tioneslectionesquevariae
2700 4323 2803 4379 per
2815 4322 2878 4362 se
2900 4306 3071 4363 clarae
3100 4310 3260 4365 sunt.
3278 4306 3549 4365 Plerum-

1892 4415 2004 4472 que
2017 4396 2244 4453 codices
2258 4412 2400 4452 mss.
2436 4413 2504 4451 ex
2523 4396 2741 4467 quibus
2765 4394 2891 4452 istae
2921 4400 3184 4465 manant,
3206 4396 3296 4454 vel
3310 4415 3440 4471 quas
3450 4413 3550 4472 ge-

1891 4487 2138 4543 nuinam
2153 4485 2781 4556 restituere,designavi
2791 4501 2887 4553 βω
2895 4502 2964 4558 pe
2975 4485 3083 4542 hos
3095 4484 3268 4542 omisi
3281 4500 3547 4541 recense-

1812 4597 1860 4663 D
1891 4593 1976 4643 re,
1999 4591 2132 4630 cum
2145 4573 2411 4630 videlicet
2423 4574 2520 4630 ind
2532 4573 2767 4630 ubitatte
2779 4575 3148 4632 certitudinis
3163 4579 3254 4632 est
3269 4575 3548 4632 emenda-

1892 4665 1976 4722 tio
1987 4669 2044 4720 et
2055 4664 2126 4719 ad
2141 4679 2270 4718 eam
2283 4663 2511 4719 codices
2525 4679 2728 4720 omnes
2741 4663 3322 4736 conspirant.Earum
3337 4663 3546 4736 aliquas

1893 4751 2234 4825 prolixiores
2265 4751 2533 4807 fortassis
2556 4750 2908 4806 videbuntur
2935 4754 2990 4807 et
3010 4750 3381 4822 aliquotenus
3406 4751 3546 4808 alie-

1893 4857 2014 4898 nas:
2050 4840 2109 4896 in
2133 4839 2241 4896 hoc
2274 4839 2662 4912 plurimorum
2685 4838 3166 4910 eruditorumque
3189 4839 3546 4911 scriptorum

1895 4928 2157 5000 exemplo
2170 4929 2482 4984 obsecutus
2507 4945 2660 4994 sum,
2680 4926 2781 4998 qui
2794 4926 3198 4999 perspicuitati
3217 4927 3407 4999 magis
3426 4930 3553 4983 stu-

1895 5019 2074 5075 duere
2107 5034 2284 5088 quam
2307 5017 2594 5084 brevitati,
2627 5015 2909 5087 nefasque
2925 5015 3219 5070 duxerunt
3235 5031 3352 5070 non
3378 5031 3447 5071 ea
3458 5013 3551 5072 vel

1896 5107 2086 5162 alieno
2117 5104 2242 5160 loco
2265 5103 2579 5170 illustrare,
2605 5120 2732 5175 quae
2763 5103 3115 5160 illustranda
3145 5101 3350 5176 quavis
3381 5118 3553 5160 occa-

1898 5195 2062 5252 sione
2093 5193 2465 5250 occurebant.

1971 5284 2036 5340 In
2050 5283 2142 5338 his
2156 5297 2602 5353 nonnumquam
2621 5299 2654 5337 a
2667 5280 3143 5338 doctissimorum
3157 5278 3413 5336 virorum
3427 5277 3562 5349 opi~

1901 5372 2179 5428 nionibus
2207 5370 2556 5438 recedimus,
2590 5386 2688 5425 eas
2715 5369 3030 5442 aliquando
3048 5368 3223 5425 etiam
3242 5365 3566 5433 impugna-

1900 5497 2235 5554 vationibus
2251 5495 2322 5551 ad
2340 5493 2812 5571 dissertationem
2831 5492 3097 5571 ejusdem
3129 5481 3548 5548 duodecimam
3551 5527 3584 5566 ο.

1921 5586 2050 5649 quae
2080 5574 2238 5630 tonio
2268 5567 2440 5626 tertio
2469 5565 2692 5626 edatur.
