  <div class='ocr_page' id='page_1' title='image "/cluster/home/n/w/nwhite01/storage/ocr_20150623/54/uva.x000827097/043.png"; bbox 0 0 3914 6232; ppageno 0'>
   <div class='ocr_carea' id='block_1_1' title="bbox 321 367 3324 440">
    <p class='ocr_par' dir='ltr' id='par_1_1' title="bbox 321 367 3324 440">
     <span class='ocr_line' id='line_1_1' title="bbox 321 367 3324 440; baseline -0.003 -1"><span class='ocrx_word' id='word_1_1' title='bbox 321 381 397 440; x_wconf 82' lang='grc'><strong>71·</strong></span> <span class='ocrx_word' id='word_1_2' title='bbox 736 371 1340 440; x_wconf 74' lang='lat' dir='ltr'><strong>SCHOEN&#39;EMANNI</strong></span> <span class='ocrx_word' id='word_1_3' title='bbox 1385 370 1709 436; x_wconf 77' lang='lat' dir='ltr'><strong>NOTITIA</strong></span> <span class='ocrx_word' id='word_1_4' title='bbox 1751 368 2699 433; x_wconf 77' lang='lat' dir='ltr'><strong>HlSTORlCO—LITTERARIA</strong></span> <span class='ocrx_word' id='word_1_5' title='bbox 2740 367 2815 433; x_wconf 86' lang='grc' dir='ltr'><strong>ΙΝ</strong></span> <span class='ocrx_word' id='word_1_6' title='bbox 2861 372 2928 435; x_wconf 94' lang='lat' dir='ltr'><strong>S.</strong></span> <span class='ocrx_word' id='word_1_7' title='bbox 2972 368 3324 435; x_wconf 84' lang='lat' dir='ltr'><strong>LEONEM.</strong></span> 
     </span>
    </p>
   </div>
   <div class='ocr_carea' id='block_1_2' title="bbox 3673 366 3779 426">
    <p class='ocr_par' dir='ltr' id='par_1_2' title="bbox 3673 366 3779 426">
     <span class='ocr_line' id='line_1_2' title="bbox 3673 366 3779 426; baseline 0 0"><span class='ocrx_word' id='word_1_8' title='bbox 3673 366 3779 426; x_wconf 77' lang='lat'><strong>72</strong></span> 
     </span>
    </p>
   </div>
   <div class='ocr_carea' id='block_1_3' title="bbox 390 470 3771 581">
    <p class='ocr_par' dir='ltr' id='par_1_3' title="bbox 390 470 3771 581">
     <span class='ocr_line' id='line_1_3' title="bbox 390 470 3771 581; baseline -0.004 -14"><span class='ocrx_word' id='word_1_9' title='bbox 390 510 681 567; x_wconf 71' lang='lat' dir='ltr'><strong>Volnmen&#39;</strong></span> <span class='ocrx_word' id='word_1_10' title='bbox 708 512 797 566; x_wconf 90' lang='lat' dir='ltr'><strong>est</strong></span> <span class='ocrx_word' id='word_1_11' title='bbox 826 488 1100 565; x_wconf 72' lang='lat' dir='ltr'><strong>foliorum</strong></span> <span class='ocrx_word' id='word_1_12' title='bbox 1131 480 1617 581; x_wconf 75' lang='lat' dir='ltr'><strong>12h,impressum</strong></span> <span class='ocrx_word' id='word_1_13' title='bbox 1645 478 1976 561; x_wconf 88' lang='lat' dir='ltr'><strong>charactere</strong></span> <span class='ocrx_word' id='word_1_14' title='bbox 2004 507 2065 572; x_wconf 64' lang='grc' dir='ltr'>Α</span> <span class='ocrx_word' id='word_1_15' title='bbox 2090 520 2243 560; x_wconf 90' lang='lat' dir='ltr'><strong>anno</strong></span> <span class='ocrx_word' id='word_1_16' title='bbox 2274 503 2627 577; x_wconf 88' lang='lat' dir='ltr'><strong>assignando</strong></span> <span class='ocrx_word' id='word_1_17' title='bbox 2660 470 3002 576; x_wconf 61' lang='lat' dir='ltr'><strong>quastione,</strong></span> <span class='ocrx_word' id='word_1_18' title='bbox 3040 470 3253 561; x_wconf 84' lang='lat' dir='ltr'><strong>curare.</strong></span> <span class='ocrx_word' id='word_1_19' title='bbox 3286 499 3549 560; x_wconf 82' lang='lat' dir='ltr'><strong>voluisse</strong></span> <span class='ocrx_word' id='word_1_20' title='bbox 3576 502 3647 576; x_wconf 79' lang='lat' dir='ltr'><strong>ut</strong></span> <span class='ocrx_word' id='word_1_21' title='bbox 3683 500 3771 555; x_wconf 84' lang='lat' dir='ltr'><strong>ab</strong></span> 
     </span>
    </p>
   </div>
   <div class='ocr_carea' id='block_1_4' title="bbox 322 592 1979 674">
    <p class='ocr_par' dir='ltr' id='par_1_4' title="bbox 322 592 1979 674">
     <span class='ocr_line' id='line_1_4' title="bbox 322 592 1979 674; baseline -0.005 -17"><span class='ocrx_word' id='word_1_22' title='bbox 322 600 554 674; x_wconf 88' lang='lat' dir='ltr'><strong>gothico</strong></span> <span class='ocrx_word' id='word_1_23' title='bbox 576 598 824 656; x_wconf 70' lang='lat' dir='ltr'><strong>breviori</strong></span> <span class='ocrx_word' id='word_1_24' title='bbox 855 601 913 653; x_wconf 86' lang='lat' dir='ltr'><strong>et</strong></span> <span class='ocrx_word' id='word_1_25' title='bbox 941 596 1274 670; x_wconf 85' lang='lat' dir='ltr'><strong>pingui,sed</strong></span> <span class='ocrx_word' id='word_1_26' title='bbox 1315 595 1523 665; x_wconf 90' lang='lat' dir='ltr'><strong>nitido,</strong></span> <span class='ocrx_word' id='word_1_27' title='bbox 1555 594 1713 650; x_wconf 84' lang='lat' dir='ltr'>binis</span> <span class='ocrx_word' id='word_1_28' title='bbox 1762 592 1979 649; x_wconf 91' lang='lat' dir='ltr'><strong>colum-</strong></span> 
     </span>
    </p>
   </div>
   <div class='ocr_carea' id='block_1_5' title="bbox 322 677 1976 758">
    <p class='ocr_par' dir='ltr' id='par_1_5' title="bbox 322 677 1976 758">
     <span class='ocr_line' id='line_1_5' title="bbox 322 677 1976 758; baseline -0.005 -15"><span class='ocrx_word' id='word_1_29' title='bbox 322 688 435 756; x_wconf 89' lang='lat' dir='ltr'><strong>nis,</strong></span> <span class='ocrx_word' id='word_1_30' title='bbox 468 685 765 758; x_wconf 26' lang='lat' dir='ltr'><strong>lineis‘per</strong></span> <span class='ocrx_word' id='word_1_31' title='bbox 784 684 1060 758; x_wconf 83' lang='lat' dir='ltr'><strong>paginam</strong></span> <span class='ocrx_word' id='word_1_32' title='bbox 1081 682 1400 738; x_wconf 68' lang='lat' dir='ltr'><strong>38.0hartte</strong></span> <span class='ocrx_word' id='word_1_33' title='bbox 1422 686 1564 737; x_wconf 91' lang='lat' dir='ltr'><strong>sunt</strong></span> <span class='ocrx_word' id='word_1_34' title='bbox 1594 681 1812 746; x_wconf 69' lang='lat' dir='ltr'><strong>densae,</strong></span> <span class='ocrx_word' id='word_1_35' title='bbox 1834 677 1976 735; x_wconf 91' lang='lat' dir='ltr'><strong>satis</strong></span> 
     </span>
    </p>
   </div>
   <div class='ocr_carea' id='block_1_6' title="bbox 323 768 1979 847">
    <p class='ocr_par' dir='ltr' id='par_1_6' title="bbox 323 768 1979 847">
     <span class='ocr_line' id='line_1_6' title="bbox 323 768 1979 847; baseline -0.005 -15"><span class='ocrx_word' id='word_1_36' title='bbox 323 776 584 832; x_wconf 73' lang='lat' dir='ltr'><strong>candidae</strong></span> <span class='ocrx_word' id='word_1_37' title='bbox 615 779 675 831; x_wconf 90' lang='lat' dir='ltr'><strong>at</strong></span> <span class='ocrx_word' id='word_1_38' title='bbox 703 773 876 847; x_wconf 90' lang='lat' dir='ltr'><strong>paulo</strong></span> <span class='ocrx_word' id='word_1_39' title='bbox 895 772 1224 839; x_wconf 86' lang='lat' dir='ltr'><strong>crudiores;</strong></span> <span class='ocrx_word' id='word_1_40' title='bbox 1255 770 1552 843; x_wconf 82' lang='lat' dir='ltr'><strong>margines</strong></span> <span class='ocrx_word' id='word_1_41' title='bbox 1581 773 1639 825; x_wconf 89' lang='lat' dir='ltr'><strong>et</strong></span> <span class='ocrx_word' id='word_1_42' title='bbox 1664 768 1979 825; x_wconf 71' lang='lat' dir='ltr'><strong>interstitit:</strong></span> 
     </span>
    </p>
   </div>
   <div class='ocr_carea' id='block_1_7' title="bbox 321 856 1978 931">
    <p class='ocr_par' dir='ltr' id='par_1_7' title="bbox 321 856 1978 931">
     <span class='ocr_line' id='line_1_7' title="bbox 321 856 1978 931; baseline -0.007 -9"><span class='ocrx_word' id='word_1_43' title='bbox 321 863 740 922; x_wconf 81' lang='lat' dir='ltr'><strong>columnarum</strong></span> <span class='ocrx_word' id='word_1_44' title='bbox 759 861 896 930; x_wconf 85' lang='lat' dir='ltr'><strong>lata;</strong></span> <span class='ocrx_word' id='word_1_45' title='bbox 922 860 1317 918; x_wconf 65' lang='lat' dir='ltr'><strong>distinctionis</strong></span> <span class='ocrx_word' id='word_1_46' title='bbox 1336 856 1705 931; x_wconf 85' lang='lat' dir='ltr'><strong>signa,colon</strong></span> <span class='ocrx_word' id='word_1_47' title='bbox 1737 860 1794 912; x_wconf 88' lang='lat' dir='ltr'><strong>et</strong></span> <span class='ocrx_word' id='word_1_48' title='bbox 1822 872 1978 928; x_wconf 91' lang='lat' dir='ltr'><strong>pun-</strong></span> 
     </span>
    </p>
   </div>
   <div class='ocr_carea' id='block_1_8' title="bbox 322 945 1978 1021">
    <p class='ocr_par' dir='ltr' id='par_1_8' title="bbox 322 945 1978 1021">
     <span class='ocr_line' id='line_1_8' title="bbox 322 945 1978 1021; baseline -0.005 -13"><span class='ocrx_word' id='word_1_49' title='bbox 322 958 524 1021; x_wconf 71' lang='lat' dir='ltr'><strong>ctum:</strong></span> <span class='ocrx_word' id='word_1_50' title='bbox 556 951 761 1009; x_wconf 66' lang='lat' dir='ltr'><strong>litterae</strong></span> <span class='ocrx_word' id='word_1_51' title='bbox 787 947 1603 1016; x_wconf 83' lang='lat' dir='ltr'><strong>initialas,numeri,custodes</strong></span> <span class='ocrx_word' id='word_1_52' title='bbox 1633 950 1691 1002; x_wconf 91' lang='lat' dir='ltr'><strong>et</strong></span> <span class='ocrx_word' id='word_1_53' title='bbox 1719 945 1978 1019; x_wconf 89' lang='lat' dir='ltr'><strong>signatu-</strong></span> 
     </span>
    </p>
   </div>
   <div class='ocr_carea' id='block_1_9' title="bbox 323 1034 1979 1099">
    <p class='ocr_par' dir='ltr' id='par_1_9' title="bbox 323 1034 1979 1099">
     <span class='ocr_line' id='line_1_9' title="bbox 323 1034 1979 1099; baseline -0.005 -2"><span class='ocrx_word' id='word_1_54' title='bbox 323 1057 399 1099; x_wconf 74' lang='lat' dir='ltr'><strong>ree</strong></span> <span class='ocrx_word' id='word_1_55' title='bbox 430 1038 855 1099; x_wconf 79' lang='lat' dir='ltr'><strong>desunt.Tituli</strong></span> <span class='ocrx_word' id='word_1_56' title='bbox 875 1054 1216 1095; x_wconf 84' lang='lat' dir='ltr'><strong>sermonum</strong></span> <span class='ocrx_word' id='word_1_57' title='bbox 1237 1053 1372 1094; x_wconf 87' lang='lat' dir='ltr'><strong>vero</strong></span> <span class='ocrx_word' id='word_1_58' title='bbox 1395 1052 1601 1092; x_wconf 88' lang='lat' dir='ltr'><strong>omnes</strong></span> <span class='ocrx_word' id='word_1_59' title='bbox 1618 1035 1822 1091; x_wconf 88' lang='lat' dir='ltr'><strong>eodem</strong></span> <span class='ocrx_word' id='word_1_60' title='bbox 1846 1034 1979 1089; x_wconf 88' lang='lat' dir='ltr'><strong>cha-</strong></span> 
     </span>
    </p>
   </div>
   <div class='ocr_carea' id='block_1_10' title="bbox 321 1122 1987 1199">
    <p class='ocr_par' dir='ltr' id='par_1_10' title="bbox 321 1122 1987 1199">
     <span class='ocr_line' id='line_1_10' title="bbox 321 1122 1987 1199; baseline -0.006 -12"><span class='ocrx_word' id='word_1_61' title='bbox 321 1133 712 1189; x_wconf 40' lang='lat' dir='ltr'><strong>ractere&#39;sunt</strong></span> <span class='ocrx_word' id='word_1_62' title='bbox 742 1128 1036 1199; x_wconf 80' lang='lat' dir='ltr'><strong>impressi.</strong></span> <span class='ocrx_word' id='word_1_63' title='bbox 1060 1129 1307 1184; x_wconf 79' lang='lat' dir='ltr'><strong>Textum</strong></span> <span class='ocrx_word' id='word_1_64' title='bbox 1338 1125 1674 1198; x_wconf 65' lang='lat' dir='ltr'><strong>praecedunt</strong></span> <span class='ocrx_word' id='word_1_65' title='bbox 1703 1122 1843 1179; x_wconf 85' lang='lat' dir='ltr'><strong>folia</strong></span> <span class='ocrx_word' id='word_1_66' title='bbox 1865 1122 1987 1178; x_wconf 83' lang='lat' dir='ltr'><strong>tria</strong></span> 
     </span>
    </p>
   </div>
   <div class='ocr_carea' id='block_1_11' title="bbox 318 1217 1977 1290">
    <p class='ocr_par' dir='ltr' id='par_1_11' title="bbox 318 1217 1977 1290">
     <span class='ocr_line' id='line_1_11' title="bbox 318 1217 1977 1290; baseline -0.007 -13"><span class='ocrx_word' id='word_1_67' title='bbox 318 1221 400 1277; x_wconf 89' lang='lat' dir='ltr'><strong>Jo.</strong></span> <span class='ocrx_word' id='word_1_68' title='bbox 425 1219 722 1278; x_wconf 73' lang='lat' dir='ltr'><strong>Aleriensi:</strong></span> <span class='ocrx_word' id='word_1_69' title='bbox 733 1219 1122 1290; x_wconf 75' lang='lat' dir='ltr'><strong>praefationem</strong></span> <span class='ocrx_word' id='word_1_70' title='bbox 1133 1220 1190 1272; x_wconf 86' lang='lat' dir='ltr'><strong>et</strong></span> <span class='ocrx_word' id='word_1_71' title='bbox 1202 1217 1457 1272; x_wconf 80' lang='lat' dir='ltr'><strong>rubricas</strong></span> <span class='ocrx_word' id='word_1_72' title='bbox 1477 1229 1790 1271; x_wconf 79' lang='lat' dir='ltr'><strong>sermonum</strong></span> <span class='ocrx_word' id='word_1_73' title='bbox 1818 1228 1977 1267; x_wconf 90' lang='lat' dir='ltr'><strong>com-</strong></span> 
     </span>
    </p>
   </div>
   <div class='ocr_carea' id='block_1_12' title="bbox 321 1301 1977 1380">
    <p class='ocr_par' dir='ltr' id='par_1_12' title="bbox 321 1301 1977 1380">
     <span class='ocr_line' id='line_1_12' title="bbox 321 1301 1977 1380; baseline -0.005 -16"><span class='ocrx_word' id='word_1_74' title='bbox 321 1308 524 1380; x_wconf 65' lang='lat' dir='ltr'><strong>plexa;</strong></span> <span class='ocrx_word' id='word_1_75' title='bbox 557 1307 662 1365; x_wconf 78' lang='lat' dir='ltr'><strong>sed</strong></span> <span class='ocrx_word' id='word_1_76' title='bbox 694 1305 949 1363; x_wconf 46' lang='lat' dir='ltr'><strong>rubricae</strong></span> <span class='ocrx_word' id='word_1_77' title='bbox 969 1321 1085 1362; x_wconf 89' lang='lat' dir='ltr'><strong>non</strong></span> <span class='ocrx_word' id='word_1_78' title='bbox 1117 1305 1230 1360; x_wconf 88' lang='lat' dir='ltr'><strong>nisi</strong></span> <span class='ocrx_word' id='word_1_79' title='bbox 1260 1303 1323 1360; x_wconf 88' lang='lat' dir='ltr'><strong>in</strong></span> <span class='ocrx_word' id='word_1_80' title='bbox 1372 1303 1590 1360; x_wconf 83' lang='lat' dir='ltr'><strong>lineam</strong></span> <span class='ocrx_word' id='word_1_81' title='bbox 1637 1302 1704 1357; x_wconf 88' lang='grc'><strong>13</strong></span> <span class='ocrx_word' id='word_1_82' title='bbox 1750 1301 1977 1374; x_wconf 72' lang='lat' dir='ltr'><strong>paginae</strong></span> 
     </span>
    </p>
   </div>
   <div class='ocr_carea' id='block_1_13' title="bbox 322 1392 1974 1469">
    <p class='ocr_par' dir='ltr' id='par_1_13' title="bbox 322 1392 1974 1469">
     <span class='ocr_line' id='line_1_13' title="bbox 322 1392 1974 1469; baseline -0.005 -17"><span class='ocrx_word' id='word_1_83' title='bbox 322 1397 523 1469; x_wconf 63' lang='lat' dir='ltr'><strong>primae</strong></span> <span class='ocrx_word' id='word_1_84' title='bbox 550 1395 677 1453; x_wconf 78' lang='lat' dir='ltr'><strong>folii-</strong></span> <span class='ocrx_word' id='word_1_85' title='bbox 701 1393 856 1453; x_wconf 82' lang='lat' dir='ltr'><strong>tertii</strong></span> <span class='ocrx_word' id='word_1_86' title='bbox 884 1411 989 1466; x_wconf 89' lang='lat' dir='ltr'><strong>per</strong></span> <span class='ocrx_word' id='word_1_87' title='bbox 1011 1398 1332 1465; x_wconf 82' lang='lat' dir='ltr'><strong>utramque</strong></span> <span class='ocrx_word' id='word_1_88' title='bbox 1382 1392 1717 1448; x_wconf 84' lang='lat' dir='ltr'><strong>columnam</strong></span> <span class='ocrx_word' id='word_1_89' title='bbox 1742 1393 1974 1462; x_wconf 90' lang='lat' dir='ltr'><strong>proten-</strong></span> 
     </span>
    </p>
   </div>
   <div class='ocr_carea' id='block_1_14' title="bbox 322 1479 1979 1555">
    <p class='ocr_par' dir='ltr' id='par_1_14' title="bbox 322 1479 1979 1555">
     <span class='ocr_line' id='line_1_14' title="bbox 322 1479 1979 1555; baseline -0.005 -14"><span class='ocrx_word' id='word_1_90' title='bbox 322 1485 938 1555; x_wconf 81' lang='lat' dir='ltr'><strong>duntur.Quamquam</strong></span> <span class='ocrx_word' id='word_1_91' title='bbox 954 1485 1151 1539; x_wconf 89' lang='lat' dir='ltr'><strong>autem</strong></span> <span class='ocrx_word' id='word_1_92' title='bbox 1165 1484 1402 1555; x_wconf 79' lang='lat' dir='ltr'><strong>propter</strong></span> <span class='ocrx_word' id='word_1_93' title='bbox 1422 1479 1719 1537; x_wconf 83' lang='lat' dir='ltr'><strong>laudatam</strong></span> <span class='ocrx_word' id='word_1_94' title='bbox 1732 1479 1979 1534; x_wconf 84' lang='lat' dir='ltr'><strong>Alerien-</strong></span> 
     </span>
    </p>
   </div>
   <div class='ocr_carea' id='block_1_15' title="bbox 320 1569 1974 1647">
    <p class='ocr_par' dir='ltr' id='par_1_15' title="bbox 320 1569 1974 1647">
     <span class='ocr_line' id='line_1_15' title="bbox 320 1569 1974 1647; baseline -0.005 -17"><span class='ocrx_word' id='word_1_95' title='bbox 320 1576 396 1630; x_wconf 81' lang='lat' dir='ltr'><strong>sis</strong></span> <span class='ocrx_word' id='word_1_96' title='bbox 419 1575 657 1647; x_wconf 73' lang='lat' dir='ltr'><strong>episcopi</strong></span> <span class='ocrx_word' id='word_1_97' title='bbox 670 1571 1080 1645; x_wconf 65' lang='lat' dir='ltr'><strong>praefationem</strong></span> <span class='ocrx_word' id='word_1_98' title='bbox 1118 1570 1301 1627; x_wconf 87' lang='lat' dir='ltr'><strong>videri</strong></span> <span class='ocrx_word' id='word_1_99' title='bbox 1345 1569 1534 1643; x_wconf 81' lang='lat' dir='ltr'><strong>possit</strong></span> <span class='ocrx_word' id='word_1_100' title='bbox 1579 1569 1740 1624; x_wconf 88' lang='lat' dir='ltr'><strong>hunc</strong></span> <span class='ocrx_word' id='word_1_101' title='bbox 1768 1572 1974 1641; x_wconf 82' lang='lat' dir='ltr'><strong>typum</strong></span> 
     </span>
    </p>
   </div>
   <div class='ocr_carea' id='block_1_16' title="bbox 322 1658 1987 1735">
    <p class='ocr_par' dir='ltr' id='par_1_16' title="bbox 322 1658 1987 1735">
     <span class='ocr_line' id='line_1_16' title="bbox 322 1658 1987 1735; baseline -0.005 -16"><span class='ocrx_word' id='word_1_102' title='bbox 322 1663 492 1735; x_wconf 81' lang='lat' dir='ltr'><strong>plane</strong></span> <span class='ocrx_word' id='word_1_103' title='bbox 522 1664 847 1723; x_wconf 77' lang='lat' dir='ltr'><strong>Romanam</strong></span> <span class='ocrx_word' id='word_1_104' title='bbox 892 1660 1213 1717; x_wconf 83' lang='lat' dir='ltr'><strong>editionem</strong></span> <span class='ocrx_word' id='word_1_105' title='bbox 1262 1658 1498 1728; x_wconf 85' lang='lat' dir='ltr'><strong>referre,</strong></span> <span class='ocrx_word' id='word_1_106' title='bbox 1531 1675 1731 1714; x_wconf 86' lang='lat' dir='ltr'><strong>revera</strong></span> <span class='ocrx_word' id='word_1_107' title='bbox 1776 1661 1987 1712; x_wconf 76' lang='lat' dir='ltr'><strong>tamen.</strong></span> 
     </span>
    </p>
   </div>
   <div class='ocr_carea' id='block_1_17' title="bbox 320 1748 1979 1821">
    <p class='ocr_par' dir='ltr' id='par_1_17' title="bbox 320 1748 1979 1821">
     <span class='ocr_line' id='line_1_17' title="bbox 320 1748 1979 1821; baseline -0.008 -7"><span class='ocrx_word' id='word_1_108' title='bbox 320 1750 787 1817; x_wconf 64' lang='lat' dir='ltr'><strong>eamuon‘rofert,</strong></span> <span class='ocrx_word' id='word_1_109' title='bbox 815 1749 1033 1821; x_wconf 80' lang='lat' dir='ltr'><strong>quippe</strong></span> <span class='ocrx_word' id='word_1_110' title='bbox 1078 1748 1178 1820; x_wconf 90' lang='lat' dir='ltr'><strong>qui</strong></span> <span class='ocrx_word' id='word_1_111' title='bbox 1221 1765 1340 1804; x_wconf 89' lang='lat' dir='ltr'><strong>una</strong></span> <span class='ocrx_word' id='word_1_112' title='bbox 1374 1764 1510 1804; x_wconf 89' lang='lat' dir='ltr'><strong>cum</strong></span> <span class='ocrx_word' id='word_1_113' title='bbox 1527 1751 1761 1803; x_wconf 85' lang='lat' dir='ltr'><strong>tractatu</strong></span> <span class='ocrx_word' id='word_1_114' title='bbox 1785 1749 1979 1802; x_wconf 80' lang='lat' dir='ltr'><strong>contra</strong></span> 
     </span>
    </p>
   </div>
   <div class='ocr_carea' id='block_1_18' title="bbox 318 1834 1977 1910">
    <p class='ocr_par' dir='ltr' id='par_1_18' title="bbox 318 1834 1977 1910">
     <span class='ocr_line' id='line_1_18' title="bbox 318 1834 1977 1910; baseline -0.006 -12"><span class='ocrx_word' id='word_1_115' title='bbox 318 1841 565 1898; x_wconf 52' lang='lat' dir='ltr'><strong>haram</strong></span> <span class='ocrx_word' id='word_1_116' title='bbox 598 1839 938 1910; x_wconf 75' lang='lat' dir='ltr'><strong>Eutychetis,</strong></span> <span class='ocrx_word' id='word_1_117' title='bbox 976 1837 1079 1909; x_wconf 87' lang='lat' dir='ltr'><strong>qui</strong></span> <span class='ocrx_word' id='word_1_118' title='bbox 1128 1836 1375 1894; x_wconf 82' lang='lat' dir='ltr'><strong>ultimus</strong></span> <span class='ocrx_word' id='word_1_119' title='bbox 1433 1840 1544 1902; x_wconf 88' lang='lat' dir='ltr'><strong>est,</strong></span> <span class='ocrx_word' id='word_1_120' title='bbox 1576 1850 1878 1891; x_wconf 86' lang='lat' dir='ltr'><strong>sermones</strong></span> <span class='ocrx_word' id='word_1_121' title='bbox 1903 1834 1977 1889; x_wconf 85' lang='lat'><strong>95</strong></span> 
     </span>
    </p>
   </div>
   <div class='ocr_carea' id='block_1_19' title="bbox 320 1923 1971 1999">
    <p class='ocr_par' dir='ltr' id='par_1_19' title="bbox 320 1923 1971 1999">
     <span class='ocr_line' id='line_1_19' title="bbox 320 1923 1971 1999; baseline -0.005 -14"><span class='ocrx_word' id='word_1_122' title='bbox 320 1932 617 1996; x_wconf 81' lang='lat' dir='ltr'><strong>numerat,</strong></span> <span class='ocrx_word' id='word_1_123' title='bbox 629 1932 686 1985; x_wconf 89' lang='lat' dir='ltr'><strong>et</strong></span> <span class='ocrx_word' id='word_1_124' title='bbox 694 1926 980 1999; x_wconf 80' lang='lat' dir='ltr'><strong>epistolis,</strong></span> <span class='ocrx_word' id='word_1_125' title='bbox 992 1933 994 1936; x_wconf 77' lang='grc'><em>’</em></span> <span class='ocrx_word' id='word_1_126' title='bbox 1006 1943 1135 1998; x_wconf 71' lang='lat' dir='ltr'><strong>qua:</strong></span> <span class='ocrx_word' id='word_1_127' title='bbox 1147 1925 1206 1980; x_wconf 92' lang='lat' dir='ltr'><strong>in</strong></span> <span class='ocrx_word' id='word_1_128' title='bbox 1222 1925 1625 1997; x_wconf 85' lang='lat' dir='ltr'><strong>superioribus</strong></span> <span class='ocrx_word' id='word_1_129' title='bbox 1641 1923 1971 1989; x_wconf 68' lang='lat' dir='ltr'><strong>exstabant,</strong></span> 
     </span>
    </p>
   </div>
   <div class='ocr_carea' id='block_1_20' title="bbox 321 2012 1971 2089">
    <p class='ocr_par' dir='ltr' id='par_1_20' title="bbox 321 2012 1971 2089">
     <span class='ocr_line' id='line_1_20' title="bbox 321 2012 1971 2089; baseline -0.006 -15"><span class='ocrx_word' id='word_1_130' title='bbox 321 2034 427 2075; x_wconf 91' lang='lat' dir='ltr'><strong>nec</strong></span> <span class='ocrx_word' id='word_1_131' title='bbox 447 2034 564 2075; x_wconf 87' lang='lat' dir='ltr'><strong>non</strong></span> <span class='ocrx_word' id='word_1_132' title='bbox 587 2033 716 2089; x_wconf 79' lang='lat' dir='ltr'><strong>quae</strong></span> <span class='ocrx_word' id='word_1_133' title='bbox 748 2014 1088 2088; x_wconf 88' lang='lat' dir='ltr'><strong>appendicis</strong></span> <span class='ocrx_word' id='word_1_134' title='bbox 1130 2013 1255 2070; x_wconf 90' lang='lat' dir='ltr'><strong>loco</strong></span> <span class='ocrx_word' id='word_1_135' title='bbox 1289 2012 1554 2087; x_wconf 87' lang='lat' dir='ltr'><strong>epistolis</strong></span> <span class='ocrx_word' id='word_1_136' title='bbox 1583 2014 1971 2077; x_wconf 86' lang='lat' dir='ltr'><strong>accesserant,</strong></span> 
     </span>
    </p>
   </div>
   <div class='ocr_carea' id='block_1_21' title="bbox 321 2099 1969 2180">
    <p class='ocr_par' dir='ltr' id='par_1_21' title="bbox 321 2099 1969 2180">
     <span class='ocr_line' id='line_1_21' title="bbox 321 2099 1969 2180; baseline -0.006 -16"><span class='ocrx_word' id='word_1_137' title='bbox 321 2105 826 2180; x_wconf 75' lang='lat' dir='ltr'><strong>symboloNicaeuo</strong></span> <span class='ocrx_word' id='word_1_138' title='bbox 839 2107 896 2160; x_wconf 89' lang='lat' dir='ltr'><strong>et</strong></span> <span class='ocrx_word' id='word_1_139' title='bbox 908 2102 1263 2159; x_wconf 85' lang='lat' dir='ltr'><strong>testimoniis</strong></span> <span class='ocrx_word' id='word_1_140' title='bbox 1294 2118 1363 2158; x_wconf 84' lang='lat' dir='ltr'><strong>ex</strong></span> <span class='ocrx_word' id='word_1_141' title='bbox 1379 2102 1486 2157; x_wconf 91' lang='lat' dir='ltr'><strong>PP.</strong></span> <span class='ocrx_word' id='word_1_142' title='bbox 1503 2100 1749 2172; x_wconf 83' lang='lat' dir='ltr'><strong>scriptis</strong></span> <span class='ocrx_word' id='word_1_143' title='bbox 1764 2116 1800 2155; x_wconf 89' lang='lat' dir='ltr'><strong>a</strong></span> <span class='ocrx_word' id='word_1_144' title='bbox 1829 2099 1969 2155; x_wconf 90' lang='lat' dir='ltr'><strong>Leo-</strong></span> 
     </span>
    </p>
   </div>
   <div class='ocr_carea' id='block_1_22' title="bbox 321 2190 1974 2267">
    <p class='ocr_par' dir='ltr' id='par_1_22' title="bbox 321 2190 1974 2267">
     <span class='ocr_line' id='line_1_22' title="bbox 321 2190 1974 2267; baseline -0.005 -15"><span class='ocrx_word' id='word_1_145' title='bbox 321 2194 663 2254; x_wconf 86' lang='lat' dir='ltr'><strong>necolleotis</strong></span> <span class='ocrx_word' id='word_1_146' title='bbox 678 2209 921 2267; x_wconf 87' lang='lat' dir='ltr'><strong>prorsus</strong></span> <span class='ocrx_word' id='word_1_147' title='bbox 954 2196 1131 2248; x_wconf 87' lang='lat' dir='ltr'><strong>caret.</strong></span> <span class='ocrx_word' id='word_1_148' title='bbox 1161 2192 1494 2263; x_wconf 88' lang='lat' dir='ltr'><strong>Optandum</strong></span> <span class='ocrx_word' id='word_1_149' title='bbox 1522 2190 1702 2263; x_wconf 85' lang='lat' dir='ltr'><strong>igitur</strong></span> <span class='ocrx_word' id='word_1_150' title='bbox 1729 2192 1883 2245; x_wconf 86' lang='lat' dir='ltr'><strong>esset</strong></span> <span class='ocrx_word' id='word_1_151' title='bbox 1909 2190 1974 2242; x_wconf 89' lang='lat' dir='ltr'><strong>ut</strong></span> 
     </span>
    </p>
   </div>
   <div class='ocr_carea' id='block_1_23' title="bbox 323 2278 1969 2357">
    <p class='ocr_par' dir='ltr' id='par_1_23' title="bbox 323 2278 1969 2357">
     <span class='ocr_line' id='line_1_23' title="bbox 323 2278 1969 2357; baseline -0.006 -16"><span class='ocrx_word' id='word_1_152' title='bbox 323 2285 399 2342; x_wconf 88' lang='lat' dir='ltr'><strong>ab</strong></span> <span class='ocrx_word' id='word_1_153' title='bbox 414 2283 613 2357; x_wconf 86' lang='lat' dir='ltr'><strong>aliquo</strong></span> <span class='ocrx_word' id='word_1_154' title='bbox 621 2283 839 2340; x_wconf 82' lang='lat' dir='ltr'><strong>harum</strong></span> <span class='ocrx_word' id='word_1_155' title='bbox 848 2297 1045 2338; x_wconf 88' lang='lat' dir='ltr'><strong>rerum</strong></span> <span class='ocrx_word' id='word_1_156' title='bbox 1058 2280 1289 2337; x_wconf 90' lang='lat' dir='ltr'><strong>curioso</strong></span> <span class='ocrx_word' id='word_1_157' title='bbox 1319 2278 1659 2351; x_wconf 87' lang='lat' dir='ltr'><strong>diligentius</strong></span> <span class='ocrx_word' id='word_1_158' title='bbox 1672 2280 1969 2333; x_wconf 75' lang='lat' dir='ltr'><strong>ex‘cutere-</strong></span> 
     </span>
    </p>
   </div>
   <div class='ocr_carea' id='block_1_24' title="bbox 321 2365 1970 2442">
    <p class='ocr_par' dir='ltr' id='par_1_24' title="bbox 321 2365 1970 2442">
     <span class='ocr_line' id='line_1_24' title="bbox 321 2365 1970 2442; baseline -0.005 -13"><span class='ocrx_word' id='word_1_159' title='bbox 321 2372 833 2431; x_wconf 45' lang='lat' dir='ltr'><strong>turnum&#39;fortasse</strong></span> <span class='ocrx_word' id='word_1_160' title='bbox 852 2370 911 2426; x_wconf 93' lang='lat' dir='ltr'><strong>in</strong></span> <span class='ocrx_word' id='word_1_161' title='bbox 939 2369 1209 2442; x_wconf 78' lang='lat' dir='ltr'><strong>singulis</strong></span> <span class='ocrx_word' id='word_1_162' title='bbox 1231 2368 1409 2425; x_wconf 90' lang='lat' dir='ltr'><strong>etiam</strong></span> <span class='ocrx_word' id='word_1_163' title='bbox 1430 2367 1828 2424; x_wconf 88' lang='lat' dir='ltr'><strong>lectionibusa</strong></span> <span class='ocrx_word' id='word_1_164' title='bbox 1857 2365 1970 2421; x_wconf 87' lang='lat' dir='ltr'><strong>Ro-</strong></span> 
     </span>
    </p>
   </div>
   <div class='ocr_carea' id='block_1_25' title="bbox 322 2455 1983 2530">
    <p class='ocr_par' dir='ltr' id='par_1_25' title="bbox 322 2455 1983 2530">
     <span class='ocr_line' id='line_1_25' title="bbox 322 2455 1983 2530; baseline -0.011 -6"><span class='ocrx_word' id='word_1_165' title='bbox 322 2462 515 2524; x_wconf 78' lang='lat' dir='ltr'><strong>manis</strong></span> <span class='ocrx_word' id='word_1_166' title='bbox 545 2460 792 2520; x_wconf 65' lang='lat' dir='ltr'><strong>differat.</strong></span> <span class='ocrx_word' id='word_1_167' title='bbox 826 2460 937 2516; x_wconf 88' lang='lat' dir='ltr'><strong>Sed</strong></span> <span class='ocrx_word' id='word_1_168' title='bbox 980 2459 1107 2530; x_wconf 86' lang='lat' dir='ltr'><strong>jam</strong></span> <span class='ocrx_word' id='word_1_169' title='bbox 1139 2461 1465 2530; x_wconf 74' lang='lat' dir='ltr'><strong>quaerentes</strong></span> <span class='ocrx_word' id='word_1_170' title='bbox 1507 2473 1578 2511; x_wconf 85' lang='lat' dir='ltr'><strong>ex</strong></span> <span class='ocrx_word' id='word_1_171' title='bbox 1609 2472 1705 2511; x_wconf 91' lang='lat' dir='ltr'><strong>me</strong></span> <span class='ocrx_word' id='word_1_172' title='bbox 1724 2455 1983 2511; x_wconf 40' lang='lat' dir='ltr'><strong>lectores.</strong></span> 
     </span>
    </p>
   </div>
   <div class='ocr_carea' id='block_1_26' title="bbox 322 2544 1988 2619">
    <p class='ocr_par' dir='ltr' id='par_1_26' title="bbox 322 2544 1988 2619">
     <span class='ocr_line' id='line_1_26' title="bbox 322 2544 1988 2619; baseline -0.005 -11"><span class='ocrx_word' id='word_1_173' title='bbox 322 2548 947 2618; x_wconf 58' lang='lat' dir='ltr'><strong>audiomndetandem,</strong></span> <span class='ocrx_word' id='word_1_174' title='bbox 980 2548 1029 2602; x_wconf 90' lang='lat' dir='ltr'><strong>si</strong></span> <span class='ocrx_word' id='word_1_175' title='bbox 1043 2546 1313 2619; x_wconf 85' lang='lat' dir='ltr'><strong>ampliori</strong></span> <span class='ocrx_word' id='word_1_176' title='bbox 1331 2544 1762 2617; x_wconf 87' lang='lat' dir='ltr'><strong>subscriptione</strong></span> <span class='ocrx_word' id='word_1_177' title='bbox 1777 2546 1988 2600; x_wconf 77' lang='lat' dir='ltr'><strong>careat</strong></span> 
     </span>
    </p>
   </div>
   <div class='ocr_carea' id='block_1_27' title="bbox 321 2635 1991 2704">
    <p class='ocr_par' dir='ltr' id='par_1_27' title="bbox 321 2635 1991 2704">
     <span class='ocr_line' id='line_1_27' title="bbox 321 2635 1991 2704; baseline -0.006 -8"><span class='ocrx_word' id='word_1_178' title='bbox 321 2640 435 2697; x_wconf 89' lang='lat' dir='ltr'><strong>hoc</strong></span> <span class='ocrx_word' id='word_1_179' title='bbox 452 2637 853 2700; x_wconf 79' lang='lat' dir='ltr'><strong>Leoninorum</strong></span> <span class='ocrx_word' id='word_1_180' title='bbox 869 2637 1218 2693; x_wconf 88' lang='lat' dir='ltr'><strong>Sermonum</strong></span> <span class='ocrx_word' id='word_1_181' title='bbox 1232 2635 1756 2704; x_wconf 79' lang='lat' dir='ltr'><strong>volumen,annum</strong></span> <span class='ocrx_word' id='word_1_182' title='bbox 1769 2650 1838 2689; x_wconf 93' lang='lat' dir='ltr'><strong>su</strong></span> <span class='ocrx_word' id='word_1_183' title='bbox 1845 2648 1972 2704; x_wconf 88' lang='lat' dir='ltr'><strong>pra-</strong></span> <span class='ocrx_word' id='word_1_184' title='bbox 1986 2678 1991 2683; x_wconf 85' lang='lat'><strong>.</strong></span> 
     </span>
    </p>
   </div>
   <div class='ocr_carea' id='block_1_28' title="bbox 321 2718 1964 2800">
    <p class='ocr_par' dir='ltr' id='par_1_28' title="bbox 321 2718 1964 2800">
     <span class='ocr_line' id='line_1_28' title="bbox 321 2718 1964 2800; baseline -0.007 -16"><span class='ocrx_word' id='word_1_185' title='bbox 321 2728 604 2800; x_wconf 89' lang='lat' dir='ltr'><strong>scriptum</strong></span> <span class='ocrx_word' id='word_1_186' title='bbox 636 2724 956 2781; x_wconf 87' lang='lat' dir='ltr'><strong>hauserim.</strong></span> <span class='ocrx_word' id='word_1_187' title='bbox 987 2722 1276 2779; x_wconf 89' lang='lat' dir='ltr'><strong>Nimirum</strong></span> <span class='ocrx_word' id='word_1_188' title='bbox 1315 2721 1439 2777; x_wconf 84' lang='lat' dir='ltr'><strong>haec</strong></span> <span class='ocrx_word' id='word_1_189' title='bbox 1481 2725 1589 2777; x_wconf 38' lang='lat' dir='ltr'><strong>est-</strong></span> <span class='ocrx_word' id='word_1_190' title='bbox 1612 2719 1714 2775; x_wconf 90' lang='lat' dir='ltr'><strong>illa</strong></span> <span class='ocrx_word' id='word_1_191' title='bbox 1765 2718 1964 2785; x_wconf 89' lang='lat' dir='ltr'><strong>editio,</strong></span> 
     </span>
    </p>
   </div>
   <div class='ocr_carea' id='block_1_29' title="bbox 320 2807 1964 2889">
    <p class='ocr_par' dir='ltr' id='par_1_29' title="bbox 320 2807 1964 2889">
     <span class='ocr_line' id='line_1_29' title="bbox 320 2807 1964 2889; baseline -0.007 -16"><span class='ocrx_word' id='word_1_192' title='bbox 320 2817 495 2889; x_wconf 27' lang='lat' dir='ltr'><strong>cujus,</strong></span> <span class='ocrx_word' id='word_1_193' title='bbox 522 2816 583 2870; x_wconf 90' lang='lat' dir='ltr'><strong>in</strong></span> <span class='ocrx_word' id='word_1_194' title='bbox 606 2813 967 2881; x_wconf 70' lang='lat' dir='ltr'><strong>Meettarianis</strong></span> <span class='ocrx_word' id='word_1_195' title='bbox 1016 2810 1311 2867; x_wconf 91' lang='lat' dir='ltr'><strong>indicibus</strong></span> <span class='ocrx_word' id='word_1_196' title='bbox 1354 2813 1393 2864; x_wconf 86' lang='lat' dir='ltr'><strong>t.</strong></span> <span class='ocrx_word' id='word_1_197' title='bbox 1429 2810 1472 2878; x_wconf 88' lang='grc' dir='ltr'><strong>Ι,</strong></span> <span class='ocrx_word' id='word_1_198' title='bbox 1501 2812 1647 2882; x_wconf 80' lang='lat' dir='ltr'><strong>part.</strong></span> <span class='ocrx_word' id='word_1_199' title='bbox 1681 2826 1720 2875; x_wconf 81' lang='grc' dir='ltr'><strong>ι,</strong></span> <span class='ocrx_word' id='word_1_200' title='bbox 1748 2825 1804 2880; x_wconf 84' lang='lat' dir='ltr'><strong>p.</strong></span> <span class='ocrx_word' id='word_1_201' title='bbox 1837 2807 1964 2871; x_wconf 83' lang='lat'><strong>351,</strong></span> 
     </span>
    </p>
   </div>
   <div class='ocr_carea' id='block_1_30' title="bbox 322 2895 1964 2974">
    <p class='ocr_par' dir='ltr' id='par_1_30' title="bbox 322 2895 1964 2974">
     <span class='ocr_line' id='line_1_30' title="bbox 322 2895 1964 2974; baseline -0.006 -14"><span class='ocrx_word' id='word_1_202' title='bbox 322 2905 388 2960; x_wconf 81' lang='lat' dir='ltr'><strong>fit</strong></span> <span class='ocrx_word' id='word_1_203' title='bbox 416 2903 655 2972; x_wconf 87' lang='lat' dir='ltr'><strong>mentio,</strong></span> <span class='ocrx_word' id='word_1_204' title='bbox 690 2903 860 2974; x_wconf 91' lang='lat' dir='ltr'><strong>cujus</strong></span> <span class='ocrx_word' id='word_1_205' title='bbox 887 2905 1081 2956; x_wconf 90' lang='lat' dir='ltr'><strong>tamen</strong></span> <span class='ocrx_word' id='word_1_206' title='bbox 1113 2902 1320 2972; x_wconf 64' lang='lat' dir='ltr'><strong>praeter</strong></span> <span class='ocrx_word' id='word_1_207' title='bbox 1354 2896 1522 2953; x_wconf 88' lang='lat' dir='ltr'><strong>illum</strong></span> <span class='ocrx_word' id='word_1_208' title='bbox 1555 2913 1725 2953; x_wconf 90' lang='lat' dir='ltr'><strong>nemo</strong></span> <span class='ocrx_word' id='word_1_209' title='bbox 1756 2895 1964 2951; x_wconf 88' lang='lat' dir='ltr'><strong>biblio-</strong></span> 
     </span>
    </p>
   </div>
   <div class='ocr_carea' id='block_1_31' title="bbox 322 2986 1970 3067">
    <p class='ocr_par' dir='ltr' id='par_1_31' title="bbox 322 2986 1970 3067">
     <span class='ocr_line' id='line_1_31' title="bbox 322 2986 1970 3067; baseline -0.006 -19"><span class='ocrx_word' id='word_1_210' title='bbox 322 2992 679 3067; x_wconf 89' lang='lat' dir='ltr'><strong>graphorum</strong></span> <span class='ocrx_word' id='word_1_211' title='bbox 696 2987 1379 3055; x_wconf 83' lang='lat' dir='ltr'><strong>meminit.Quamobrem</strong></span> <span class='ocrx_word' id='word_1_212' title='bbox 1394 2986 1752 3041; x_wconf 86' lang='lat' dir='ltr'><strong>succinctam</strong></span> <span class='ocrx_word' id='word_1_213' title='bbox 1768 3002 1835 3039; x_wconf 91' lang='lat' dir='ltr'><strong>ac</strong></span> <span class='ocrx_word' id='word_1_214' title='bbox 1853 3001 1970 3039; x_wconf 87' lang='lat' dir='ltr'><strong>cer-</strong></span> 
     </span>
    </p>
   </div>
   <div class='ocr_carea' id='block_1_32' title="bbox 321 3073 1965 3152">
    <p class='ocr_par' dir='ltr' id='par_1_32' title="bbox 321 3073 1965 3152">
     <span class='ocr_line' id='line_1_32' title="bbox 321 3073 1965 3152; baseline -0.005 -16"><span class='ocrx_word' id='word_1_215' title='bbox 321 3086 443 3136; x_wconf 90' lang='lat' dir='ltr'><strong>tam</strong></span> <span class='ocrx_word' id='word_1_216' title='bbox 461 3081 588 3152; x_wconf 88' lang='lat' dir='ltr'><strong>ejus</strong></span> <span class='ocrx_word' id='word_1_217' title='bbox 601 3077 869 3135; x_wconf 86' lang='lat' dir='ltr'><strong>notitiam</strong></span> <span class='ocrx_word' id='word_1_218' title='bbox 884 3076 1199 3132; x_wconf 87' lang='lat' dir='ltr'><strong>lectoribus</strong></span> <span class='ocrx_word' id='word_1_219' title='bbox 1217 3073 1440 3131; x_wconf 90' lang='lat' dir='ltr'><strong>diutius</strong></span> <span class='ocrx_word' id='word_1_220' title='bbox 1462 3091 1577 3130; x_wconf 91' lang='lat' dir='ltr'><strong>non</strong></span> <span class='ocrx_word' id='word_1_221' title='bbox 1591 3073 1965 3129; x_wconf 88' lang='lat' dir='ltr'><strong>invidendam</strong></span> 
     </span>
    </p>
   </div>
   <div class='ocr_carea' id='block_1_33' title="bbox 323 3162 1965 3237">
    <p class='ocr_par' dir='ltr' id='par_1_33' title="bbox 323 3162 1965 3237">
     <span class='ocr_line' id='line_1_33' title="bbox 323 3162 1965 3237; baseline -0.006 -11"><span class='ocrx_word' id='word_1_222' title='bbox 323 3162 621 3226; x_wconf 83' lang='lat' dir='ltr'><strong>duximus.</strong></span> <span class='ocrx_word' id='word_1_223' title='bbox 654 3166 1064 3237; x_wconf 87' lang='lat' dir='ltr'><strong>Videlicetuno</strong></span> <span class='ocrx_word' id='word_1_224' title='bbox 1103 3166 1422 3237; x_wconf 90' lang='lat' dir='ltr'><strong>eodemque</strong></span> <span class='ocrx_word' id='word_1_225' title='bbox 1436 3163 1769 3220; x_wconf 87' lang='lat' dir='ltr'><strong>charactere</strong></span> <span class='ocrx_word' id='word_1_226' title='bbox 1791 3166 1965 3233; x_wconf 87' lang='lat' dir='ltr'><strong>atque</strong></span> 
     </span>
    </p>
   </div>
   <div class='ocr_carea' id='block_1_34' title="bbox 2004 1881 2052 1946">
    <p class='ocr_par' dir='ltr' id='par_1_34' title="bbox 2004 1881 2052 1946">
     <span class='ocr_line' id='line_1_34' title="bbox 2004 1881 2052 1946; baseline 0 0"><span class='ocrx_word' id='word_1_227' title='bbox 2004 1881 2052 1946; x_wconf 92' lang='lat' dir='ltr'><strong>B</strong></span> 
     </span>
    </p>
   </div>
   <div class='ocr_carea' id='block_1_35' title="bbox 2087 582 3790 666">
    <p class='ocr_par' dir='ltr' id='par_1_35' title="bbox 2087 582 3790 666">
     <span class='ocr_line' id='line_1_35' title="bbox 2087 582 3790 666; baseline -0.004 -17"><span class='ocrx_word' id='word_1_228' title='bbox 2087 592 2362 649; x_wconf 86' lang='lat' dir='ltr'><strong>omnibus</strong></span> <span class='ocrx_word' id='word_1_229' title='bbox 2395 608 2573 665; x_wconf 88' lang='lat' dir='ltr'><strong>quam</strong></span> <span class='ocrx_word' id='word_1_230' title='bbox 2605 592 2932 650; x_wconf 87' lang='lat' dir='ltr'><strong>certissime</strong></span> <span class='ocrx_word' id='word_1_231' title='bbox 2951 591 3406 666; x_wconf 89' lang='lat' dir='ltr'><strong>dignosceretur.</strong></span> <span class='ocrx_word' id='word_1_232' title='bbox 3424 590 3551 658; x_wconf 84' lang='lat' dir='ltr'><strong>Quo</strong></span> <span class='ocrx_word' id='word_1_233' title='bbox 3585 582 3790 643; x_wconf 77' lang='lat' dir='ltr'><strong>futu-&#39;</strong></span> 
     </span>
    </p>
   </div>
   <div class='ocr_carea' id='block_1_36' title="bbox 2087 679 3771 753">
    <p class='ocr_par' dir='ltr' id='par_1_36' title="bbox 2087 679 3771 753">
     <span class='ocr_line' id='line_1_36' title="bbox 2087 679 3771 753; baseline -0.002 -17"><span class='ocrx_word' id='word_1_234' title='bbox 2087 697 2219 736; x_wconf 89' lang='lat' dir='ltr'><strong>rum</strong></span> <span class='ocrx_word' id='word_1_235' title='bbox 2251 681 2654 753; x_wconf 86' lang='lat' dir='ltr'><strong>putavi,sinon</strong></span> <span class='ocrx_word' id='word_1_236' title='bbox 2670 680 2826 738; x_wconf 91' lang='lat' dir='ltr'><strong>ultro</strong></span> <span class='ocrx_word' id='word_1_237' title='bbox 2849 680 3175 738; x_wconf 89' lang='lat' dir='ltr'><strong>editionum</strong></span> <span class='ocrx_word' id='word_1_238' title='bbox 3204 679 3403 752; x_wconf 78' lang='lat' dir='ltr'><strong>absque</strong></span> <span class='ocrx_word' id='word_1_239' title='bbox 3434 693 3586 734; x_wconf 89' lang='lat' dir='ltr'><strong>anno</strong></span> <span class='ocrx_word' id='word_1_240' title='bbox 3613 693 3771 749; x_wconf 89' lang='lat' dir='ltr'><strong>pro-</strong></span> 
     </span>
    </p>
   </div>
   <div class='ocr_carea' id='block_1_37' title="bbox 2085 765 3769 843">
    <p class='ocr_par' dir='ltr' id='par_1_37' title="bbox 2085 765 3769 843">
     <span class='ocr_line' id='line_1_37' title="bbox 2085 765 3769 843; baseline -0.003 -18"><span class='ocrx_word' id='word_1_241' title='bbox 2085 767 2338 825; x_wconf 86' lang='lat' dir='ltr'><strong>latarum</strong></span> <span class='ocrx_word' id='word_1_242' title='bbox 2355 786 2664 825; x_wconf 91' lang='lat' dir='ltr'><strong>numerum</strong></span> <span class='ocrx_word' id='word_1_243' title='bbox 2681 786 2955 843; x_wconf 86' lang='lat' dir='ltr'><strong>augerem</strong></span> <span class='ocrx_word' id='word_1_244' title='bbox 2969 769 3101 825; x_wconf 86' lang='lat' dir='ltr'><strong>etad</strong></span> <span class='ocrx_word' id='word_1_245' title='bbox 3120 767 3541 825; x_wconf 68' lang='lat' dir='ltr'><strong>Mtettarianam</strong></span> <span class='ocrx_word' id='word_1_246' title='bbox 3556 765 3769 835; x_wconf 86' lang='lat' dir='ltr'><strong>illam,</strong></span> 
     </span>
    </p>
   </div>
   <div class='ocr_carea' id='block_1_38' title="bbox 2087 855 3766 931">
    <p class='ocr_par' dir='ltr' id='par_1_38' title="bbox 2087 855 3766 931">
     <span class='ocr_line' id='line_1_38' title="bbox 2087 855 3766 931; baseline -0.002 -17"><span class='ocrx_word' id='word_1_247' title='bbox 2087 857 2233 915; x_wconf 89' lang='lat' dir='ltr'><strong>alias</strong></span> <span class='ocrx_word' id='word_1_248' title='bbox 2276 858 2633 931; x_wconf 87' lang='lat' dir='ltr'><strong>incognitam</strong></span> <span class='ocrx_word' id='word_1_249' title='bbox 2682 858 2774 931; x_wconf 79' lang='grc' dir='ltr'><strong>(ε),</strong></span> <span class='ocrx_word' id='word_1_250' title='bbox 2824 857 3076 931; x_wconf 87' lang='lat' dir='ltr'><strong>digitum</strong></span> <span class='ocrx_word' id='word_1_251' title='bbox 3130 855 3766 913; x_wconf 76' lang='lat' dir='ltr'><strong>altius‘intenderem.</strong></span> 
     </span>
    </p>
   </div>
   <div class='ocr_carea' id='block_1_39' title="bbox 2086 943 3766 1020">
    <p class='ocr_par' dir='ltr' id='par_1_39' title="bbox 2086 943 3766 1020">
     <span class='ocr_line' id='line_1_39' title="bbox 2086 943 3766 1020; baseline -0.002 -17"><span class='ocrx_word' id='word_1_252' title='bbox 2086 946 2305 1003; x_wconf 87' lang='lat' dir='ltr'><strong>Deinde</strong></span> <span class='ocrx_word' id='word_1_253' title='bbox 2333 963 2469 1002; x_wconf 86' lang='lat' dir='ltr'><strong>vero</strong></span> <span class='ocrx_word' id='word_1_254' title='bbox 2498 964 2604 1003; x_wconf 89' lang='lat' dir='ltr'><strong>nec</strong></span> <span class='ocrx_word' id='word_1_255' title='bbox 2654 962 3007 1020; x_wconf 87' lang='lat' dir='ltr'><strong>magnopere</strong></span> <span class='ocrx_word' id='word_1_256' title='bbox 3053 961 3148 1002; x_wconf 92' lang='lat' dir='ltr'><strong>me</strong></span> <span class='ocrx_word' id='word_1_257' title='bbox 3179 961 3409 1005; x_wconf 86' lang='lat' dir='ltr'><strong>errasse</strong></span> <span class='ocrx_word' id='word_1_258' title='bbox 3438 943 3766 1019; x_wconf 67' lang='lat' dir='ltr'><strong>existimo,</strong></span> 
     </span>
    </p>
   </div>
   <div class='ocr_carea' id='block_1_40' title="bbox 2087 1030 3766 1108">
    <p class='ocr_par' dir='ltr' id='par_1_40' title="bbox 2087 1030 3766 1108">
     <span class='ocr_line' id='line_1_40' title="bbox 2087 1030 3766 1108; baseline -0.003 -18"><span class='ocrx_word' id='word_1_259' title='bbox 2087 1035 2562 1108; x_wconf 90' lang='lat' dir='ltr'><strong>quandoquidem</strong></span> <span class='ocrx_word' id='word_1_260' title='bbox 2577 1034 2693 1090; x_wconf 88' lang='lat' dir='ltr'><strong>tria</strong></span> <span class='ocrx_word' id='word_1_261' title='bbox 2713 1034 2813 1091; x_wconf 91' lang='lat' dir='ltr'><strong>illa</strong></span> <span class='ocrx_word' id='word_1_262' title='bbox 2827 1033 3111 1108; x_wconf 90' lang='lat' dir='ltr'><strong>opuscula</strong></span> <span class='ocrx_word' id='word_1_263' title='bbox 3131 1038 3188 1090; x_wconf 90' lang='lat' dir='ltr'><strong>et</strong></span> <span class='ocrx_word' id='word_1_264' title='bbox 3208 1033 3543 1108; x_wconf 87' lang='lat' dir='ltr'><strong>argumenti</strong></span> <span class='ocrx_word' id='word_1_265' title='bbox 3556 1030 3766 1090; x_wconf 63' lang='lat' dir='ltr'><strong>affini-</strong></span> 
     </span>
    </p>
   </div>
   <div class='ocr_carea' id='block_1_41' title="bbox 2085 1118 3765 1196">
    <p class='ocr_par' dir='ltr' id='par_1_41' title="bbox 2085 1118 3765 1196">
     <span class='ocr_line' id='line_1_41' title="bbox 2085 1118 3765 1196; baseline -0.001 -18"><span class='ocrx_word' id='word_1_266' title='bbox 2085 1124 2367 1180; x_wconf 87' lang='lat' dir='ltr'><strong>tateinter</strong></span> <span class='ocrx_word' id='word_1_267' title='bbox 2387 1140 2449 1180; x_wconf 89' lang='lat' dir='ltr'><strong>se</strong></span> <span class='ocrx_word' id='word_1_268' title='bbox 2487 1140 2746 1180; x_wconf 84' lang='lat' dir='ltr'><strong>connexa</strong></span> <span class='ocrx_word' id='word_1_269' title='bbox 2784 1128 2842 1179; x_wconf 91' lang='lat' dir='ltr'><strong>et</strong></span> <span class='ocrx_word' id='word_1_270' title='bbox 2857 1122 3002 1196; x_wconf 91' lang='lat' dir='ltr'><strong>preli</strong></span> <span class='ocrx_word' id='word_1_271' title='bbox 3039 1121 3533 1183; x_wconf 86' lang='lat' dir='ltr'><strong>exsecutionesibi</strong></span> <span class='ocrx_word' id='word_1_272' title='bbox 3555 1118 3765 1177; x_wconf 87' lang='lat' dir='ltr'><strong>simil-</strong></span> 
     </span>
    </p>
   </div>
   <div class='ocr_carea' id='block_1_42' title="bbox 2085 1210 3762 1286">
    <p class='ocr_par' dir='ltr' id='par_1_42' title="bbox 2085 1210 3762 1286">
     <span class='ocr_line' id='line_1_42' title="bbox 2085 1210 3762 1286; baseline -0.002 -19"><span class='ocrx_word' id='word_1_273' title='bbox 2085 1211 2227 1268; x_wconf 86' lang='lat' dir='ltr'><strong>lima</strong></span> <span class='ocrx_word' id='word_1_274' title='bbox 2247 1219 2404 1280; x_wconf 88' lang='lat' dir='ltr'><strong>sunt,</strong></span> <span class='ocrx_word' id='word_1_275' title='bbox 2433 1229 2623 1284; x_wconf 89' lang='lat' dir='ltr'><strong>neque</strong></span> <span class='ocrx_word' id='word_1_276' title='bbox 2647 1212 2705 1268; x_wconf 93' lang='lat' dir='ltr'><strong>id</strong></span> <span class='ocrx_word' id='word_1_277' title='bbox 2730 1213 2802 1269; x_wconf 89' lang='lat' dir='ltr'><strong>ab</strong></span> <span class='ocrx_word' id='word_1_278' title='bbox 2826 1211 3205 1285; x_wconf 87' lang='lat' dir='ltr'><strong>antiquorum</strong></span> <span class='ocrx_word' id='word_1_279' title='bbox 3236 1210 3762 1286; x_wconf 78' lang='lat' dir='ltr'><strong>typographorum</strong></span> 
     </span>
    </p>
   </div>
   <div class='ocr_carea' id='block_1_43' title="bbox 2086 1298 3760 1373">
    <p class='ocr_par' dir='ltr' id='par_1_43' title="bbox 2086 1298 3760 1373">
     <span class='ocr_line' id='line_1_43' title="bbox 2086 1298 3760 1373; baseline -0.001 -17"><span class='ocrx_word' id='word_1_280' title='bbox 2086 1317 2245 1357; x_wconf 89' lang='lat' dir='ltr'><strong>more</strong></span> <span class='ocrx_word' id='word_1_281' title='bbox 2259 1300 2427 1357; x_wconf 88' lang='lat' dir='ltr'><strong>valde</strong></span> <span class='ocrx_word' id='word_1_282' title='bbox 2458 1301 2748 1370; x_wconf 85' lang='lat' dir='ltr'><strong>abhorret,</strong></span> <span class='ocrx_word' id='word_1_283' title='bbox 2781 1305 2843 1356; x_wconf 91' lang='lat' dir='ltr'><strong>ut</strong></span> <span class='ocrx_word' id='word_1_284' title='bbox 2891 1318 2959 1357; x_wconf 83' lang='lat' dir='ltr'><strong>ex</strong></span> <span class='ocrx_word' id='word_1_285' title='bbox 3000 1300 3293 1373; x_wconf 88' lang='lat' dir='ltr'><strong>pluribus,</strong></span> <span class='ocrx_word' id='word_1_286' title='bbox 3327 1316 3456 1372; x_wconf 77' lang='lat' dir='ltr'><strong>quae</strong></span> <span class='ocrx_word' id='word_1_287' title='bbox 3482 1298 3760 1372; x_wconf 85' lang='lat' dir='ltr'><strong>junctim</strong></span> 
     </span>
    </p>
   </div>
   <div class='ocr_carea' id='block_1_44' title="bbox 2085 1387 3758 1462">
    <p class='ocr_par' dir='ltr' id='par_1_44' title="bbox 2085 1387 3758 1462">
     <span class='ocr_line' id='line_1_44' title="bbox 2085 1387 3758 1462; baseline 0.001 -17"><span class='ocrx_word' id='word_1_288' title='bbox 2085 1390 2438 1446; x_wconf 83' lang='lat' dir='ltr'><strong>excuderant</strong></span> <span class='ocrx_word' id='word_1_289' title='bbox 2467 1390 2762 1462; x_wconf 89' lang='lat' dir='ltr'><strong>operibus,</strong></span> <span class='ocrx_word' id='word_1_290' title='bbox 2792 1388 2985 1445; x_wconf 88' lang='lat' dir='ltr'><strong>solum</strong></span> <span class='ocrx_word' id='word_1_291' title='bbox 3015 1388 3294 1446; x_wconf 90' lang='lat' dir='ltr'><strong>ultimum</strong></span> <span class='ocrx_word' id='word_1_292' title='bbox 3324 1403 3480 1445; x_wconf 89' lang='lat' dir='ltr'><strong>anno</strong></span> <span class='ocrx_word' id='word_1_293' title='bbox 3526 1391 3589 1444; x_wconf 88' lang='lat' dir='ltr'><strong>et</strong></span> <span class='ocrx_word' id='word_1_294' title='bbox 3618 1387 3758 1447; x_wconf 83' lang='lat' dir='ltr'><strong>loco</strong></span> 
     </span>
    </p>
   </div>
   <div class='ocr_carea' id='block_1_45' title="bbox 2084 1478 2842 1552">
    <p class='ocr_par' dir='ltr' id='par_1_45' title="bbox 2084 1478 2842 1552">
     <span class='ocr_line' id='line_1_45' title="bbox 2084 1478 2842 1552; baseline -0.003 -17"><span class='ocrx_word' id='word_1_295' title='bbox 2084 1478 2492 1552; x_wconf 87' lang='lat' dir='ltr'><strong>impressionis</strong></span> <span class='ocrx_word' id='word_1_296' title='bbox 2521 1479 2842 1552; x_wconf 88' lang='lat' dir='ltr'><strong>signarent.</strong></span> 
     </span>
    </p>
   </div>
   <div class='ocr_carea' id='block_1_46' title="bbox 2155 1565 3754 1640">
    <p class='ocr_par' dir='ltr' id='par_1_46' title="bbox 2155 1565 3754 1640">
     <span class='ocr_line' id='line_1_46' title="bbox 2155 1565 3754 1640; baseline 0.001 -18"><span class='ocrx_word' id='word_1_297' title='bbox 2155 1569 2317 1628; x_wconf 72' lang='lat'><strong>11182.</strong></span> <span class='ocrx_word' id='word_1_298' title='bbox 2357 1568 2716 1640; x_wconf 78' lang='lat' dir='ltr'><strong>Venetiis,per</strong></span> <span class='ocrx_word' id='word_1_299' title='bbox 2733 1569 2937 1624; x_wconf 82' lang='lat' dir='ltr'><strong>Lucam</strong></span> <span class='ocrx_word' id='word_1_300' title='bbox 2963 1569 3217 1625; x_wconf 80' lang='lat' dir='ltr'><strong>Venetam</strong></span> <span class='ocrx_word' id='word_1_301' title='bbox 3236 1567 3515 1624; x_wconf 77' lang='lat' dir='ltr'><strong>Dominici</strong></span> <span class='ocrx_word' id='word_1_302' title='bbox 3532 1565 3754 1635; x_wconf 81' lang='lat' dir='ltr'><strong>ﬁlium.</strong></span> 
     </span>
    </p>
   </div>
   <div class='ocr_carea' id='block_1_47' title="bbox 2083 1655 3758 1729">
    <p class='ocr_par' dir='ltr' id='par_1_47' title="bbox 2083 1655 3758 1729">
     <span class='ocr_line' id='line_1_47' title="bbox 2083 1655 3758 1729; baseline -0.001 -17"><span class='ocrx_word' id='word_1_303' title='bbox 2083 1673 2162 1712; x_wconf 86' lang='lat' dir='ltr'><strong>vn</strong></span> <span class='ocrx_word' id='word_1_304' title='bbox 2195 1657 2250 1713; x_wconf 82' lang='lat' dir='ltr'><strong>id</strong></span> <span class='ocrx_word' id='word_1_305' title='bbox 2278 1658 2501 1728; x_wconf 77' lang='lat' dir='ltr'><strong>August.</strong></span> <span class='ocrx_word' id='word_1_306' title='bbox 2537 1656 2725 1727; x_wconf 83' lang='lat' dir='ltr'><strong>in-fol.</strong></span> <span class='ocrx_word' id='word_1_307' title='bbox 2761 1656 2820 1711; x_wconf 90' lang='lat' dir='ltr'><strong>S.</strong></span> <span class='ocrx_word' id='word_1_308' title='bbox 2854 1655 3060 1712; x_wconf 88' lang='lat' dir='ltr'><strong>Leonis</strong></span> <span class='ocrx_word' id='word_1_309' title='bbox 3100 1664 3268 1729; x_wconf 80' lang='lat' dir='ltr'><strong>papae</strong></span> <span class='ocrx_word' id='word_1_310' title='bbox 3325 1658 3644 1711; x_wconf 88' lang='lat' dir='ltr'><strong>Sermones</strong></span> <span class='ocrx_word' id='word_1_311' title='bbox 3690 1659 3758 1711; x_wconf 80' lang='lat' dir='ltr'><strong>et</strong></span> 
     </span>
    </p>
   </div>
   <div class='ocr_carea' id='block_1_48' title="bbox 2082 1743 3755 1818">
    <p class='ocr_par' dir='ltr' id='par_1_48' title="bbox 2082 1743 3755 1818">
     <span class='ocr_line' id='line_1_48' title="bbox 2082 1743 3755 1818; baseline 0 -18"><span class='ocrx_word' id='word_1_312' title='bbox 2082 1744 2350 1818; x_wconf 60' lang='lat' dir='ltr'><strong>Epistolas</strong></span> <span class='ocrx_word' id='word_1_313' title='bbox 2373 1761 2508 1800; x_wconf 91' lang='lat' dir='ltr'><strong>cum</strong></span> <span class='ocrx_word' id='word_1_314' title='bbox 2530 1745 2867 1817; x_wconf 77' lang='lat' dir='ltr'><strong>praefatione</strong></span> <span class='ocrx_word' id='word_1_315' title='bbox 2904 1745 2994 1801; x_wconf 88' lang='lat' dir='ltr'><strong>Jo.</strong></span> <span class='ocrx_word' id='word_1_316' title='bbox 3029 1743 3369 1801; x_wconf 88' lang='lat' dir='ltr'><strong>Aleriensis.</strong></span> <span class='ocrx_word' id='word_1_317' title='bbox 3408 1744 3584 1801; x_wconf 69' lang='grc' dir='ltr'><strong>Μαίη.</strong></span> <span class='ocrx_word' id='word_1_318' title='bbox 3619 1747 3665 1799; x_wconf 87' lang='lat' dir='ltr'><strong>t.</strong></span> <span class='ocrx_word' id='word_1_319' title='bbox 3705 1744 3755 1813; x_wconf 85' lang='grc' dir='ltr'><strong>Ι,</strong></span> 
     </span>
    </p>
   </div>
   <div class='ocr_carea' id='block_1_49' title="bbox 2084 1832 3754 1905">
    <p class='ocr_par' dir='ltr' id='par_1_49' title="bbox 2084 1832 3754 1905">
     <span class='ocr_line' id='line_1_49' title="bbox 2084 1832 3754 1905; baseline 0.002 -17"><span class='ocrx_word' id='word_1_320' title='bbox 2084 1837 2232 1905; x_wconf 87' lang='lat' dir='ltr'><strong>part.</strong></span> <span class='ocrx_word' id='word_1_321' title='bbox 2266 1851 2328 1902; x_wconf 88' lang='lat' dir='ltr'><strong>II,</strong></span> <span class='ocrx_word' id='word_1_322' title='bbox 2361 1834 2485 1889; x_wconf 86' lang='lat'><strong>429.</strong></span> <span class='ocrx_word' id='word_1_323' title='bbox 2518 1833 2784 1891; x_wconf 88' lang='lat' dir='ltr'><strong>Occurrit</strong></span> <span class='ocrx_word' id='word_1_324' title='bbox 2813 1833 2873 1889; x_wconf 89' lang='lat' dir='ltr'><strong>in</strong></span> <span class='ocrx_word' id='word_1_325' title='bbox 2906 1833 3021 1890; x_wconf 84' lang='lat' dir='ltr'><strong>Cat.</strong></span> <span class='ocrx_word' id='word_1_326' title='bbox 3055 1834 3185 1890; x_wconf 87' lang='lat' dir='ltr'><strong>bibl.</strong></span> <span class='ocrx_word' id='word_1_327' title='bbox 3219 1834 3380 1895; x_wconf 75' lang='lat' dir='ltr'><strong>ducis</strong></span> <span class='ocrx_word' id='word_1_328' title='bbox 3433 1832 3502 1889; x_wconf 84' lang='lat' dir='ltr'><strong>de</strong></span> <span class='ocrx_word' id='word_1_329' title='bbox 3527 1832 3585 1889; x_wconf 81' lang='lat' dir='ltr'><strong>la</strong></span> <span class='ocrx_word' id='word_1_330' title='bbox 3623 1834 3754 1892; x_wconf 84' lang='lat' dir='ltr'><strong>Val.</strong></span> 
     </span>
    </p>
   </div>
   <div class='ocr_carea' id='block_1_50' title="bbox 2085 1920 2697 2002">
    <p class='ocr_par' dir='ltr' id='par_1_50' title="bbox 2085 1920 2697 2002">
     <span class='ocr_line' id='line_1_50' title="bbox 2085 1920 2697 2002; baseline 0.002 -26"><span class='ocrx_word' id='word_1_331' title='bbox 2085 1925 2124 1976; x_wconf 91' lang='lat' dir='ltr'><strong>t.</strong></span> <span class='ocrx_word' id='word_1_332' title='bbox 2161 1925 2206 1989; x_wconf 85' lang='lat'><strong>1,</strong></span> <span class='ocrx_word' id='word_1_333' title='bbox 2234 1939 2294 1993; x_wconf 86' lang='lat' dir='ltr'><strong>p.</strong></span> <span class='ocrx_word' id='word_1_334' title='bbox 2336 1922 2455 1989; x_wconf 87' lang='lat'><strong>180,</strong></span> <span class='ocrx_word' id='word_1_335' title='bbox 2486 1939 2543 1976; x_wconf 85' lang='grc' dir='ltr'>η.</span> <span class='ocrx_word' id='word_1_336' title='bbox 2573 1920 2697 2002; x_wconf 57' lang='grc'>495.</span> 
     </span>
    </p>
   </div>
   <div class='ocr_carea' id='block_1_51' title="bbox 2155 2009 3753 2083">
    <p class='ocr_par' dir='ltr' id='par_1_51' title="bbox 2155 2009 3753 2083">
     <span class='ocr_line' id='line_1_51' title="bbox 2155 2009 3753 2083; baseline 0 -18"><span class='ocrx_word' id='word_1_337' title='bbox 2155 2012 2316 2066; x_wconf 75' lang='lat'><strong>1482.</strong></span> <span class='ocrx_word' id='word_1_338' title='bbox 2378 2010 2553 2082; x_wconf 75' lang='lat' dir='ltr'><strong>Spirae</strong></span> <span class='ocrx_word' id='word_1_339' title='bbox 2595 2026 2696 2083; x_wconf 84' lang='lat' dir='ltr'><strong>per</strong></span> <span class='ocrx_word' id='word_1_340' title='bbox 2749 2011 2976 2067; x_wconf 86' lang='lat' dir='ltr'><strong>Petrum</strong></span> <span class='ocrx_word' id='word_1_341' title='bbox 3024 2011 3220 2067; x_wconf 84' lang='lat' dir='ltr'><strong>Drach.</strong></span> <span class='ocrx_word' id='word_1_342' title='bbox 3281 2009 3474 2083; x_wconf 82' lang='lat' dir='ltr'><strong>in-fol.</strong></span> <span class='ocrx_word' id='word_1_343' title='bbox 3525 2009 3753 2071; x_wconf 90' lang='lat' dir='ltr'><strong>Leonis</strong></span> 
     </span>
    </p>
   </div>
   <div class='ocr_carea' id='block_1_52' title="bbox 2082 2099 3771 2172">
    <p class='ocr_par' dir='ltr' id='par_1_52' title="bbox 2082 2099 3771 2172">
     <span class='ocr_line' id='line_1_52' title="bbox 2082 2099 3771 2172; baseline -0.001 -15"><span class='ocrx_word' id='word_1_344' title='bbox 2082 2101 2391 2157; x_wconf 88' lang='lat' dir='ltr'><strong>Sermones</strong></span> <span class='ocrx_word' id='word_1_345' title='bbox 2438 2099 2694 2171; x_wconf 87' lang='lat' dir='ltr'><strong>aliquot;</strong></span> <span class='ocrx_word' id='word_1_346' title='bbox 2753 2099 2813 2155; x_wconf 92' lang='lat' dir='ltr'><strong>in</strong></span> <span class='ocrx_word' id='word_1_347' title='bbox 2844 2101 3167 2157; x_wconf 82' lang='lat' dir='ltr'><strong>llo-miliario</strong></span> <span class='ocrx_word' id='word_1_348' title='bbox 3227 2099 3508 2164; x_wconf 86' lang='lat' dir='ltr'><strong>doctorum</strong></span> <span class='ocrx_word' id='word_1_349' title='bbox 3572 2101 3771 2172; x_wconf 74' lang='lat' dir='ltr'><strong>vulgo,</strong></span> 
     </span>
    </p>
   </div>
   <div class='ocr_carea' id='block_1_53' title="bbox 2084 2188 3752 2262">
    <p class='ocr_par' dir='ltr' id='par_1_53' title="bbox 2084 2188 3752 2262">
     <span class='ocr_line' id='line_1_53' title="bbox 2084 2188 3752 2262; baseline 0 -16"><span class='ocrx_word' id='word_1_350' title='bbox 2084 2190 2277 2246; x_wconf 84' lang='lat' dir='ltr'><strong>Caroli</strong></span> <span class='ocrx_word' id='word_1_351' title='bbox 2303 2190 2503 2261; x_wconf 82' lang='lat' dir='ltr'><strong>Magni.</strong></span> <span class='ocrx_word' id='word_1_352' title='bbox 2528 2188 2838 2244; x_wconf 89' lang='lat' dir='ltr'><strong>Sermones</strong></span> <span class='ocrx_word' id='word_1_353' title='bbox 2856 2192 2995 2245; x_wconf 89' lang='lat' dir='ltr'><strong>sunt</strong></span> <span class='ocrx_word' id='word_1_354' title='bbox 3025 2192 3115 2244; x_wconf 86' lang='lat'><strong>2|.</strong></span> <span class='ocrx_word' id='word_1_355' title='bbox 3147 2189 3228 2245; x_wconf 86' lang='lat' dir='ltr'><strong>De</strong></span> <span class='ocrx_word' id='word_1_356' title='bbox 3260 2189 3390 2262; x_wconf 88' lang='lat' dir='ltr'><strong>ipsa</strong></span> <span class='ocrx_word' id='word_1_357' title='bbox 3420 2188 3530 2244; x_wconf 91' lang='lat' dir='ltr'><strong>hac</strong></span> <span class='ocrx_word' id='word_1_358' title='bbox 3563 2192 3752 2246; x_wconf 89' lang='lat' dir='ltr'><strong>raris-</strong></span> 
     </span>
    </p>
   </div>
   <div class='ocr_carea' id='block_1_54' title="bbox 2080 2277 3755 2353">
    <p class='ocr_par' dir='ltr' id='par_1_54' title="bbox 2080 2277 3755 2353">
     <span class='ocr_line' id='line_1_54' title="bbox 2080 2277 3755 2353; baseline 0.001 -19"><span class='ocrx_word' id='word_1_359' title='bbox 2080 2278 2233 2334; x_wconf 90' lang='lat' dir='ltr'><strong>sima</strong></span> <span class='ocrx_word' id='word_1_360' title='bbox 2261 2277 2512 2334; x_wconf 89' lang='lat' dir='ltr'><strong>editione</strong></span> <span class='ocrx_word' id='word_1_361' title='bbox 2525 2295 2704 2350; x_wconf 90' lang='lat' dir='ltr'><strong>supra</strong></span> <span class='ocrx_word' id='word_1_362' title='bbox 2731 2278 3035 2334; x_wconf 90' lang='lat' dir='ltr'><strong>occasione</strong></span> <span class='ocrx_word' id='word_1_363' title='bbox 3073 2279 3439 2335; x_wconf 82' lang='lat' dir='ltr'><strong>Sermonum‘</strong></span> <span class='ocrx_word' id='word_1_364' title='bbox 3457 2280 3755 2353; x_wconf 82' lang='lat' dir='ltr'><strong>Augusti-</strong></span> 
     </span>
    </p>
   </div>
   <div class='ocr_carea' id='block_1_55' title="bbox 2080 2366 3749 2441">
    <p class='ocr_par' dir='ltr' id='par_1_55' title="bbox 2080 2366 3749 2441">
     <span class='ocr_line' id='line_1_55' title="bbox 2080 2366 3749 2441; baseline 0.002 -18"><span class='ocrx_word' id='word_1_365' title='bbox 2080 2367 2139 2423; x_wconf 92' lang='lat' dir='ltr'><strong>ni</strong></span> <span class='ocrx_word' id='word_1_366' title='bbox 2161 2366 2502 2441; x_wconf 86' lang='lat' dir='ltr'><strong>egimus.Cf.</strong></span> <span class='ocrx_word' id='word_1_367' title='bbox 2525 2366 2820 2423; x_wconf 91' lang='lat' dir='ltr'><strong>Ballerinii</strong></span> <span class='ocrx_word' id='word_1_368' title='bbox 2840 2368 2898 2423; x_wconf 92' lang='lat' dir='ltr'><strong>in</strong></span> <span class='ocrx_word' id='word_1_369' title='bbox 2921 2368 3080 2441; x_wconf 71' lang='lat' dir='ltr'><strong>praef.</strong></span> <span class='ocrx_word' id='word_1_370' title='bbox 3115 2366 3499 2433; x_wconf 82' lang='lat' dir='ltr'><strong>Sermonibus</strong></span> <span class='ocrx_word' id='word_1_371' title='bbox 3524 2368 3749 2427; x_wconf 88' lang='lat' dir='ltr'><strong>Leonis</strong></span> 
     </span>
    </p>
   </div>
   <div class='ocr_carea' id='block_1_56' title="bbox 2080 2456 3751 2530">
    <p class='ocr_par' dir='ltr' id='par_1_56' title="bbox 2080 2456 3751 2530">
     <span class='ocr_line' id='line_1_56' title="bbox 2080 2456 3751 2530; baseline 0.002 -19"><span class='ocrx_word' id='word_1_372' title='bbox 2080 2457 2402 2530; x_wconf 67' lang='lat' dir='ltr'><strong>praemissa,</strong></span> <span class='ocrx_word' id='word_1_373' title='bbox 2435 2458 2542 2525; x_wconf 85' lang='lat'><strong>§6,</strong></span> <span class='ocrx_word' id='word_1_374' title='bbox 2575 2474 2631 2512; x_wconf 94' lang='lat' dir='ltr'><strong>n.</strong></span> <span class='ocrx_word' id='word_1_375' title='bbox 2663 2458 2753 2512; x_wconf 89' lang='lat'><strong>26.</strong></span> <span class='ocrx_word' id='word_1_376' title='bbox 2782 2456 2853 2512; x_wconf 91' lang='lat' dir='ltr'><strong>Hi</strong></span> <span class='ocrx_word' id='word_1_377' title='bbox 2886 2458 3124 2529; x_wconf 91' lang='lat' dir='ltr'><strong>quidem</strong></span> <span class='ocrx_word' id='word_1_378' title='bbox 3174 2473 3292 2512; x_wconf 91' lang='lat' dir='ltr'><strong>non</strong></span> <span class='ocrx_word' id='word_1_379' title='bbox 3340 2457 3751 2530; x_wconf 81' lang='lat' dir='ltr'><strong>perfunctorie</strong></span> 
     </span>
    </p>
   </div>
   <div class='ocr_carea' id='block_1_57' title="bbox 2079 2544 3746 2623">
    <p class='ocr_par' dir='ltr' id='par_1_57' title="bbox 2079 2544 3746 2623">
     <span class='ocr_line' id='line_1_57' title="bbox 2079 2544 3746 2623; baseline 0.001 -23"><span class='ocrx_word' id='word_1_380' title='bbox 2079 2545 2186 2601; x_wconf 90' lang='lat' dir='ltr'><strong>hac</strong></span> <span class='ocrx_word' id='word_1_381' title='bbox 2206 2545 2456 2601; x_wconf 91' lang='lat' dir='ltr'><strong>editione</strong></span> <span class='ocrx_word' id='word_1_382' title='bbox 2471 2544 2563 2600; x_wconf 89' lang='lat' dir='ltr'><strong>usi</strong></span> <span class='ocrx_word' id='word_1_383' title='bbox 2580 2549 2739 2614; x_wconf 91' lang='lat' dir='ltr'><strong>sunt,</strong></span> <span class='ocrx_word' id='word_1_384' title='bbox 2767 2545 2868 2602; x_wconf 89' lang='lat' dir='ltr'><strong>sed</strong></span> <span class='ocrx_word' id='word_1_385' title='bbox 2898 2550 2964 2600; x_wconf 90' lang='lat' dir='ltr'><strong>ut</strong></span> <span class='ocrx_word' id='word_1_386' title='bbox 2984 2562 3294 2623; x_wconf 82' lang='lat' dir='ltr'><strong>germanas</strong></span> <span class='ocrx_word' id='word_1_387' title='bbox 3317 2545 3481 2601; x_wconf 89' lang='lat' dir='ltr'><strong>Pauli</strong></span> <span class='ocrx_word' id='word_1_388' title='bbox 3501 2545 3746 2603; x_wconf 89' lang='lat' dir='ltr'><strong>diaconi</strong></span> 
     </span>
    </p>
   </div>
   <div class='ocr_carea' id='block_1_58' title="bbox 2078 2633 3745 2706">
    <p class='ocr_par' dir='ltr' id='par_1_58' title="bbox 2078 2633 3745 2706">
     <span class='ocr_line' id='line_1_58' title="bbox 2078 2633 3745 2706; baseline 0.001 -17"><span class='ocrx_word' id='word_1_389' title='bbox 2078 2634 2357 2690; x_wconf 89' lang='lat' dir='ltr'><strong>lectiones</strong></span> <span class='ocrx_word' id='word_1_390' title='bbox 2389 2637 2823 2706; x_wconf 88' lang='lat' dir='ltr'><strong>cognoscerent,</strong></span> <span class='ocrx_word' id='word_1_391' title='bbox 2844 2651 2978 2689; x_wconf 91' lang='lat' dir='ltr'><strong>cum</strong></span> <span class='ocrx_word' id='word_1_392' title='bbox 3004 2634 3311 2691; x_wconf 85' lang='lat' dir='ltr'><strong>Basileensi</strong></span> <span class='ocrx_word' id='word_1_393' title='bbox 3334 2633 3561 2690; x_wconf 81' lang='lat' dir='ltr'><strong>Nicolai&#39;</strong></span> <span class='ocrx_word' id='word_1_394' title='bbox 3579 2637 3745 2691; x_wconf 86' lang='lat' dir='ltr'><strong>Kess-</strong></span> 
     </span>
    </p>
   </div>
   <div class='ocr_carea' id='block_1_59' title="bbox 2078 2722 3211 2795">
    <p class='ocr_par' dir='ltr' id='par_1_59' title="bbox 2078 2722 3211 2795">
     <span class='ocr_line' id='line_1_59' title="bbox 2078 2722 3211 2795; baseline -0.001 -17"><span class='ocrx_word' id='word_1_395' title='bbox 2078 2724 2160 2778; x_wconf 89' lang='lat' dir='ltr'><strong>ler</strong></span> <span class='ocrx_word' id='word_1_396' title='bbox 2187 2740 2238 2778; x_wconf 92' lang='lat' dir='ltr'><strong>a.</strong></span> <span class='ocrx_word' id='word_1_397' title='bbox 2270 2722 2410 2783; x_wconf 61' lang='lat'><strong>11:96</strong></span> <span class='ocrx_word' id='word_1_398' title='bbox 2439 2722 2747 2795; x_wconf 87' lang='lat' dir='ltr'><strong>diligenter</strong></span> <span class='ocrx_word' id='word_1_399' title='bbox 2768 2724 3211 2778; x_wconf 87' lang='lat' dir='ltr'><strong>contenderunt.</strong></span> 
     </span>
    </p>
   </div>
   <div class='ocr_carea' id='block_1_60' title="bbox 2147 2810 3753 2883">
    <p class='ocr_par' dir='ltr' id='par_1_60' title="bbox 2147 2810 3753 2883">
     <span class='ocr_line' id='line_1_60' title="bbox 2147 2810 3753 2883; baseline 0.001 -15"><span class='ocrx_word' id='word_1_400' title='bbox 2147 2812 2307 2868; x_wconf 75' lang='lat'><strong>1485.</strong></span> <span class='ocrx_word' id='word_1_401' title='bbox 2347 2813 2581 2868; x_wconf 76' lang='lat' dir='ltr'><strong>Venetiis</strong></span> <span class='ocrx_word' id='word_1_402' title='bbox 2596 2825 2696 2883; x_wconf 82' lang='lat' dir='ltr'><strong>per</strong></span> <span class='ocrx_word' id='word_1_403' title='bbox 2714 2810 2989 2867; x_wconf 80' lang='lat' dir='ltr'><strong>Andream</strong></span> <span class='ocrx_word' id='word_1_404' title='bbox 3011 2812 3753 2883; x_wconf 80' lang='lat' dir='ltr'><strong>Parmensem‘,in-fol.min.&#39;</strong></span> 
     </span>
    </p>
   </div>
   <div class='ocr_carea' id='block_1_61' title="bbox 2076 2890 3761 2973">
    <p class='ocr_par' dir='ltr' id='par_1_61' title="bbox 2076 2890 3761 2973">
     <span class='ocr_line' id='line_1_61' title="bbox 2076 2890 3761 2973; baseline 0.001 -17"><span class='ocrx_word' id='word_1_405' title='bbox 2076 2902 2198 2956; x_wconf 90' lang='lat' dir='ltr'><strong>Divi</strong></span> <span class='ocrx_word' id='word_1_406' title='bbox 2225 2902 2431 2957; x_wconf 79' lang='lat' dir='ltr'><strong>Leonis</strong></span> <span class='ocrx_word' id='word_1_407' title='bbox 2460 2899 2721 2955; x_wconf 67' lang='lat' dir='ltr'><strong>Homilies</strong></span> <span class='ocrx_word' id='word_1_408' title='bbox 2755 2901 3086 2972; x_wconf 76' lang='lat' dir='ltr'><strong>(Sermones</strong></span> <span class='ocrx_word' id='word_1_409' title='bbox 3134 2904 3191 2956; x_wconf 90' lang='lat' dir='ltr'><strong>et</strong></span> <span class='ocrx_word' id='word_1_410' title='bbox 3219 2899 3514 2973; x_wconf 63' lang='lat' dir='ltr'><strong>Epistolas)</strong></span> <span class='ocrx_word' id='word_1_411' title='bbox 3544 2902 3729 2959; x_wconf 72' lang='lat' dir='ltr'><strong>Maitt.</strong></span> <span class='ocrx_word' id='word_1_412' title='bbox 3758 2890 3761 2893; x_wconf 75' lang='grc'><em>’</em></span> 
     </span>
    </p>
   </div>
   <div class='ocr_carea' id='block_1_62' title="bbox 2075 2989 3723 3061">
    <p class='ocr_par' dir='ltr' id='par_1_62' title="bbox 2075 2989 3723 3061">
     <span class='ocr_line' id='line_1_62' title="bbox 2075 2989 3723 3061; baseline 0.004 -17"><span class='ocrx_word' id='word_1_413' title='bbox 2075 2998 2114 3045; x_wconf 92' lang='lat' dir='ltr'><strong>t.</strong></span> <span class='ocrx_word' id='word_1_414' title='bbox 2150 2990 2191 3056; x_wconf 89' lang='grc' dir='ltr'>Ι,</span> <span class='ocrx_word' id='word_1_415' title='bbox 2225 2993 2373 3061; x_wconf 87' lang='lat' dir='ltr'><strong>part.</strong></span> <span class='ocrx_word' id='word_1_416' title='bbox 2407 3002 2546 3061; x_wconf 72' lang='lat'><strong>11,17.</strong></span> <span class='ocrx_word' id='word_1_417' title='bbox 2581 2989 2704 3045; x_wconf 87' lang='lat'><strong>470.</strong></span> <span class='ocrx_word' id='word_1_418' title='bbox 2737 2990 2874 3045; x_wconf 88' lang='lat' dir='ltr'><strong>Erat</strong></span> <span class='ocrx_word' id='word_1_419' title='bbox 2923 2989 2983 3044; x_wconf 93' lang='lat' dir='ltr'><strong>in</strong></span> <span class='ocrx_word' id='word_1_420' title='bbox 3031 2990 3176 3045; x_wconf 88' lang='lat' dir='ltr'><strong>Bibl.</strong></span> <span class='ocrx_word' id='word_1_421' title='bbox 3232 2990 3547 3048; x_wconf 60' lang='lat' dir='ltr'><strong>Creticum.</strong></span> <span class='ocrx_word' id='word_1_422' title='bbox 3583 2991 3723 3051; x_wconf 90' lang='lat' dir='ltr'><strong>Vid.</strong></span> 
     </span>
    </p>
   </div>
   <div class='ocr_carea' id='block_1_63' title="bbox 2077 3077 3446 3150">
    <p class='ocr_par' dir='ltr' id='par_1_63' title="bbox 2077 3077 3446 3150">
     <span class='ocr_line' id='line_1_63' title="bbox 2077 3077 3446 3150; baseline 0 -16"><span class='ocrx_word' id='word_1_423' title='bbox 2077 3079 2191 3134; x_wconf 80' lang='lat' dir='ltr'><strong>Cat.</strong></span> <span class='ocrx_word' id='word_1_424' title='bbox 2227 3077 2584 3133; x_wconf 89' lang='lat' dir='ltr'><strong>novissimus</strong></span> <span class='ocrx_word' id='word_1_425' title='bbox 2616 3078 2807 3150; x_wconf 83' lang='lat' dir='ltr'><strong>(in-8°)</strong></span> <span class='ocrx_word' id='word_1_426' title='bbox 2838 3083 2878 3133; x_wconf 89' lang='lat' dir='ltr'><strong>t.</strong></span> <span class='ocrx_word' id='word_1_427' title='bbox 2914 3079 2956 3147; x_wconf 88' lang='grc' dir='ltr'><strong>Ι,</strong></span> <span class='ocrx_word' id='word_1_428' title='bbox 2985 3094 3043 3150; x_wconf 84' lang='lat' dir='ltr'><strong>p.</strong></span> <span class='ocrx_word' id='word_1_429' title='bbox 3077 3078 3202 3147; x_wconf 75' lang='lat'><strong>112,</strong></span> <span class='ocrx_word' id='word_1_430' title='bbox 3232 3096 3290 3134; x_wconf 81' lang='grc' dir='ltr'>η.</span> <span class='ocrx_word' id='word_1_431' title='bbox 3324 3080 3446 3134; x_wconf 78' lang='grc'>498.</span> 
     </span>
    </p>
   </div>
   <div class='ocr_carea' id='block_1_64' title="bbox 2154 3167 3729 3238">
    <p class='ocr_par' dir='ltr' id='par_1_64' title="bbox 2154 3167 3729 3238">
     <span class='ocr_line' id='line_1_64' title="bbox 2154 3167 3729 3238; baseline 0.002 -17"><span class='ocrx_word' id='word_1_432' title='bbox 2154 3168 2305 3228; x_wconf 74' lang='grc' dir='ltr'><strong>ιιι93.</strong></span> <span class='ocrx_word' id='word_1_433' title='bbox 2358 3167 2596 3223; x_wconf 69' lang='grc' dir='ltr'><strong>Βαδίιθααξ</strong></span> <span class='ocrx_word' id='word_1_434' title='bbox 2636 3181 2736 3238; x_wconf 86' lang='lat' dir='ltr'><strong>per</strong></span> <span class='ocrx_word' id='word_1_435' title='bbox 2789 3168 2961 3223; x_wconf 87' lang='lat' dir='ltr'><strong>Nicol.</strong></span> <span class='ocrx_word' id='word_1_436' title='bbox 3013 3167 3241 3234; x_wconf 82' lang='lat' dir='ltr'><strong>Kessler,</strong></span> <span class='ocrx_word' id='word_1_437' title='bbox 3286 3168 3477 3238; x_wconf 81' lang='lat' dir='ltr'><strong>in-fol.</strong></span> <span class='ocrx_word' id='word_1_438' title='bbox 3513 3168 3729 3225; x_wconf 87' lang='lat' dir='ltr'><strong>Leonis</strong></span> 
     </span>
    </p>
   </div>
   <div class='ocr_carea' id='block_1_65' title="bbox 320 3244 3734 3330">
    <p class='ocr_par' dir='ltr' id='par_1_65' title="bbox 320 3244 3734 3330">
     <span class='ocr_line' id='line_1_65' title="bbox 320 3244 3734 3330; baseline -0.001 -16"><span class='ocrx_word' id='word_1_439' title='bbox 320 3259 524 3316; x_wconf 90' lang='lat' dir='ltr'><strong>habitu</strong></span> <span class='ocrx_word' id='word_1_440' title='bbox 556 3256 733 3314; x_wconf 90' lang='lat' dir='ltr'><strong>simul</strong></span> <span class='ocrx_word' id='word_1_441' title='bbox 764 3273 899 3311; x_wconf 91' lang='lat' dir='ltr'><strong>cum</strong></span> <span class='ocrx_word' id='word_1_442' title='bbox 930 3253 1138 3310; x_wconf 89' lang='lat' dir='ltr'><strong>Leonis</strong></span> <span class='ocrx_word' id='word_1_443' title='bbox 1165 3252 1544 3310; x_wconf 86' lang='lat' dir='ltr'><strong>Sermonibus</strong></span> <span class='ocrx_word' id='word_1_444' title='bbox 1582 3267 1804 3307; x_wconf 69' lang='lat' dir='ltr'><strong>excusa:</strong></span> <span class='ocrx_word' id='word_1_445' title='bbox 1831 3254 1972 3304; x_wconf 90' lang='lat' dir='ltr'><strong>sunt</strong></span> <span class='ocrx_word' id='word_1_446' title='bbox 1999 3244 2042 3311; x_wconf 89' lang='lat' dir='ltr'>C</span> <span class='ocrx_word' id='word_1_447' title='bbox 2075 3262 2382 3313; x_wconf 74' lang='lat' dir='ltr'><strong>Sermones</strong></span> <span class='ocrx_word' id='word_1_448' title='bbox 2412 3256 2667 3327; x_wconf 87' lang='lat' dir='ltr'><strong>aliquot;</strong></span> <span class='ocrx_word' id='word_1_449' title='bbox 2711 3255 2773 3310; x_wconf 90' lang='lat' dir='ltr'><strong>in</strong></span> <span class='ocrx_word' id='word_1_450' title='bbox 2833 3256 3162 3312; x_wconf 86' lang='lat' dir='ltr'><strong>Homiliario</strong></span> <span class='ocrx_word' id='word_1_451' title='bbox 3216 3256 3514 3323; x_wconf 84' lang='lat' dir='ltr'><strong>doctorum,</strong></span> <span class='ocrx_word' id='word_1_452' title='bbox 3558 3258 3734 3330; x_wconf 81' lang='lat' dir='ltr'><strong>juxta</strong></span> 
     </span>
    </p>
   </div>
   <div class='ocr_carea' id='block_1_66' title="bbox 318 3338 1969 3419">
    <p class='ocr_par' dir='ltr' id='par_1_66' title="bbox 318 3338 1969 3419">
     <span class='ocr_line' id='line_1_66' title="bbox 318 3338 1969 3419; baseline -0.007 -14"><span class='ocrx_word' id='word_1_453' title='bbox 318 3349 576 3406; x_wconf 58' lang='lat' dir='ltr'><strong>Homilies</strong></span> <span class='ocrx_word' id='word_1_454' title='bbox 605 3346 852 3419; x_wconf 83' lang='lat' dir='ltr'><strong>Gregorii</strong></span> <span class='ocrx_word' id='word_1_455' title='bbox 873 3345 940 3400; x_wconf 80' lang='grc' dir='ltr'>Μ.</span> <span class='ocrx_word' id='word_1_456' title='bbox 975 3347 1150 3416; x_wconf 89' lang='lat' dir='ltr'><strong>atque</strong></span> <span class='ocrx_word' id='word_1_457' title='bbox 1188 3343 1460 3412; x_wconf 86' lang='lat' dir='ltr'><strong>Origenis,</strong></span> <span class='ocrx_word' id='word_1_458' title='bbox 1507 3341 1590 3397; x_wconf 86' lang='lat' dir='ltr'><strong>ita</strong></span> <span class='ocrx_word' id='word_1_459' title='bbox 1635 3338 1874 3411; x_wconf 88' lang='lat' dir='ltr'><strong>quidem</strong></span> <span class='ocrx_word' id='word_1_460' title='bbox 1901 3343 1969 3394; x_wconf 88' lang='lat' dir='ltr'><strong>ut</strong></span> 
     </span>
    </p>
   </div>
   <div class='ocr_carea' id='block_1_67' title="bbox 321 3426 1967 3509">
    <p class='ocr_par' dir='ltr' id='par_1_67' title="bbox 321 3426 1967 3509">
     <span class='ocr_line' id='line_1_67' title="bbox 321 3426 1967 3509; baseline -0.007 -16"><span class='ocrx_word' id='word_1_461' title='bbox 321 3439 608 3509; x_wconf 85' lang='lat' dir='ltr'><strong>cujusque</strong></span> <span class='ocrx_word' id='word_1_462' title='bbox 637 3432 889 3490; x_wconf 89' lang='lat' dir='ltr'><strong>auctoris</strong></span> <span class='ocrx_word' id='word_1_463' title='bbox 920 3449 1068 3504; x_wconf 88' lang='lat' dir='ltr'><strong>opus</strong></span> <span class='ocrx_word' id='word_1_464' title='bbox 1094 3431 1165 3487; x_wconf 90' lang='lat' dir='ltr'><strong>ab</strong></span> <span class='ocrx_word' id='word_1_465' title='bbox 1194 3430 1434 3486; x_wconf 88' lang='lat' dir='ltr'><strong>alterius</strong></span> <span class='ocrx_word' id='word_1_466' title='bbox 1491 3444 1663 3501; x_wconf 90' lang='lat' dir='ltr'><strong>opere</strong></span> <span class='ocrx_word' id='word_1_467' title='bbox 1709 3426 1967 3501; x_wconf 89' lang='lat' dir='ltr'><strong>separari</strong></span> 
     </span>
    </p>
   </div>
   <div class='ocr_carea' id='block_1_68' title="bbox 320 3517 1966 3595">
    <p class='ocr_par' dir='ltr' id='par_1_68' title="bbox 320 3517 1966 3595">
     <span class='ocr_line' id='line_1_68' title="bbox 320 3517 1966 3595; baseline -0.006 -14"><span class='ocrx_word' id='word_1_468' title='bbox 320 3523 625 3582; x_wconf 91' lang='lat' dir='ltr'><strong>commode</strong></span> <span class='ocrx_word' id='word_1_469' title='bbox 652 3522 858 3595; x_wconf 90' lang='lat' dir='ltr'><strong>possit,</strong></span> <span class='ocrx_word' id='word_1_470' title='bbox 880 3520 1205 3594; x_wconf 88' lang='lat' dir='ltr'><strong>posteriora</strong></span> <span class='ocrx_word' id='word_1_471' title='bbox 1225 3519 1339 3574; x_wconf 93' lang='lat' dir='ltr'><strong>duo</strong></span> <span class='ocrx_word' id='word_1_472' title='bbox 1371 3522 1568 3574; x_wconf 88' lang='lat' dir='ltr'><strong>tamen</strong></span> <span class='ocrx_word' id='word_1_473' title='bbox 1589 3534 1707 3573; x_wconf 90' lang='lat' dir='ltr'><strong>una</strong></span> <span class='ocrx_word' id='word_1_474' title='bbox 1734 3517 1966 3573; x_wconf 87' lang='lat' dir='ltr'><strong>eadem-</strong></span> 
     </span>
    </p>
   </div>
   <div class='ocr_carea' id='block_1_69' title="bbox 320 3604 1968 3687">
    <p class='ocr_par' dir='ltr' id='par_1_69' title="bbox 320 3604 1968 3687">
     <span class='ocr_line' id='line_1_69' title="bbox 320 3604 1968 3687; baseline -0.007 -17"><span class='ocrx_word' id='word_1_475' title='bbox 320 3629 435 3687; x_wconf 90' lang='lat' dir='ltr'><strong>que</strong></span> <span class='ocrx_word' id='word_1_476' title='bbox 464 3609 894 3682; x_wconf 89' lang='lat' dir='ltr'><strong>subscriptione</strong></span> <span class='ocrx_word' id='word_1_477' title='bbox 921 3608 993 3664; x_wconf 89' lang='lat' dir='ltr'><strong>ad</strong></span> <span class='ocrx_word' id='word_1_478' title='bbox 1019 3606 1236 3664; x_wconf 85' lang='lat' dir='ltr'><strong>calcem</strong></span> <span class='ocrx_word' id='word_1_479' title='bbox 1283 3606 1671 3663; x_wconf 88' lang='lat' dir='ltr'><strong>Homiliarum</strong></span> <span class='ocrx_word' id='word_1_480' title='bbox 1701 3604 1968 3679; x_wconf 90' lang='lat' dir='ltr'><strong>Origenis</strong></span> 
     </span>
    </p>
   </div>
   <div class='ocr_carea' id='block_1_70' title="bbox 320 3694 1968 3774">
    <p class='ocr_par' dir='ltr' id='par_1_70' title="bbox 320 3694 1968 3774">
     <span class='ocr_line' id='line_1_70' title="bbox 320 3694 1968 3774; baseline -0.006 -16"><span class='ocrx_word' id='word_1_481' title='bbox 320 3698 743 3774; x_wconf 87' lang='lat' dir='ltr'><strong>comprehensa</strong></span> <span class='ocrx_word' id='word_1_482' title='bbox 757 3697 877 3754; x_wconf 90' lang='lat' dir='ltr'><strong>sint</strong></span> <span class='ocrx_word' id='word_1_483' title='bbox 896 3698 995 3771; x_wconf 89' lang='lat' dir='ltr'><strong>(a).</strong></span> <span class='ocrx_word' id='word_1_484' title='bbox 1028 3696 1173 3752; x_wconf 89' lang='lat' dir='ltr'><strong>Hinc</strong></span> <span class='ocrx_word' id='word_1_485' title='bbox 1197 3696 1417 3753; x_wconf 82' lang='lat' dir='ltr'><strong>factum</strong></span> <span class='ocrx_word' id='word_1_486' title='bbox 1437 3699 1526 3752; x_wconf 90' lang='lat' dir='ltr'><strong>est</strong></span> <span class='ocrx_word' id='word_1_487' title='bbox 1556 3700 1620 3751; x_wconf 89' lang='lat' dir='ltr'><strong>ut</strong></span> <span class='ocrx_word' id='word_1_488' title='bbox 1650 3694 1865 3767; x_wconf 64' lang='lat' dir='ltr'><strong>saepius</strong></span> <span class='ocrx_word' id='word_1_489' title='bbox 1886 3694 1968 3749; x_wconf 91' lang='lat' dir='ltr'><strong>in-</strong></span> 
     </span>
    </p>
   </div>
   <div class='ocr_carea' id='block_1_71' title="bbox 318 3784 1968 3857">
    <p class='ocr_par' dir='ltr' id='par_1_71' title="bbox 318 3784 1968 3857">
     <span class='ocr_line' id='line_1_71' title="bbox 318 3784 1968 3857; baseline -0.007 -8"><span class='ocrx_word' id='word_1_490' title='bbox 318 3791 505 3849; x_wconf 86' lang='lat' dir='ltr'><strong>vicem</strong></span> <span class='ocrx_word' id='word_1_491' title='bbox 519 3787 930 3845; x_wconf 89' lang='lat' dir='ltr'><strong>divellerentur</strong></span> <span class='ocrx_word' id='word_1_492' title='bbox 955 3790 1011 3842; x_wconf 92' lang='lat' dir='ltr'><strong>et</strong></span> <span class='ocrx_word' id='word_1_493' title='bbox 1035 3785 1377 3857; x_wconf 80' lang='lat' dir='ltr'><strong>conjunctae</strong></span> <span class='ocrx_word' id='word_1_494' title='bbox 1406 3801 1639 3841; x_wconf 89' lang='lat' dir='ltr'><strong>cernere</strong></span> <span class='ocrx_word' id='word_1_495' title='bbox 1672 3784 1968 3841; x_wconf 89' lang='lat' dir='ltr'><strong>rarissime</strong></span> 
     </span>
    </p>
   </div>
   <div class='ocr_carea' id='block_1_72' title="bbox 312 3872 1969 3954">
    <p class='ocr_par' dir='ltr' id='par_1_72' title="bbox 312 3872 1969 3954">
     <span class='ocr_line' id='line_1_72' title="bbox 312 3872 1969 3954; baseline -0.006 -18"><span class='ocrx_word' id='word_1_496' title='bbox 312 3881 439 3954; x_wconf 88' lang='lat' dir='ltr'><strong>jam</strong></span> <span class='ocrx_word' id='word_1_497' title='bbox 453 3878 738 3952; x_wconf 89' lang='lat' dir='ltr'><strong>obtingat.</strong></span> <span class='ocrx_word' id='word_1_498' title='bbox 764 3876 857 3934; x_wconf 91' lang='lat' dir='ltr'><strong>Sic</strong></span> <span class='ocrx_word' id='word_1_499' title='bbox 870 3876 1116 3946; x_wconf 83' lang='lat' dir='ltr'><strong>Gregorii</strong></span> <span class='ocrx_word' id='word_1_500' title='bbox 1134 3879 1183 3931; x_wconf 87' lang='lat' dir='ltr'><strong>et</strong></span> <span class='ocrx_word' id='word_1_501' title='bbox 1206 3874 1452 3946; x_wconf 81' lang='lat' dir='ltr'><strong>Origenis</strong></span> <span class='ocrx_word' id='word_1_502' title='bbox 1485 3875 1760 3939; x_wconf 57' lang='lat' dir='ltr'><strong>Homilic&#39;e,</strong></span> <span class='ocrx_word' id='word_1_503' title='bbox 1784 3872 1969 3927; x_wconf 90' lang='lat' dir='ltr'><strong>Leone</strong></span> 
     </span>
    </p>
   </div>
   <div class='ocr_carea' id='block_1_73' title="bbox 321 3961 1966 4037">
    <p class='ocr_par' dir='ltr' id='par_1_73' title="bbox 321 3961 1966 4037">
     <span class='ocr_line' id='line_1_73' title="bbox 321 3961 1966 4037; baseline -0.007 -11"><span class='ocrx_word' id='word_1_504' title='bbox 321 3968 546 4037; x_wconf 89' lang='lat' dir='ltr'><strong>avulso,</strong></span> <span class='ocrx_word' id='word_1_505' title='bbox 578 3970 893 4025; x_wconf 90' lang='lat' dir='ltr'><strong>occurrunt</strong></span> <span class='ocrx_word' id='word_1_506' title='bbox 922 3965 980 4020; x_wconf 91' lang='lat' dir='ltr'><strong>in</strong></span> <span class='ocrx_word' id='word_1_507' title='bbox 1032 3964 1146 4021; x_wconf 85' lang='lat' dir='ltr'><strong>Cat.</strong></span> <span class='ocrx_word' id='word_1_508' title='bbox 1198 3964 1328 4019; x_wconf 85' lang='lat' dir='ltr'><strong>bibl.</strong></span> <span class='ocrx_word' id='word_1_509' title='bbox 1378 3963 1530 4019; x_wconf 85' lang='lat' dir='ltr'><strong>ducis</strong></span> <span class='ocrx_word' id='word_1_510' title='bbox 1576 3963 1641 4018; x_wconf 85' lang='lat' dir='ltr'><strong>de</strong></span> <span class='ocrx_word' id='word_1_511' title='bbox 1689 3963 1745 4017; x_wconf 87' lang='lat' dir='ltr'><strong>la</strong></span> <span class='ocrx_word' id='word_1_512' title='bbox 1780 3961 1889 4018; x_wconf 87' lang='lat' dir='ltr'><strong>Val.</strong></span> <span class='ocrx_word' id='word_1_513' title='bbox 1926 3967 1966 4015; x_wconf 92' lang='lat' dir='ltr'><strong>t.</strong></span> 
     </span>
    </p>
   </div>
   <div class='ocr_carea' id='block_1_74' title="bbox 322 4048 1970 4132">
    <p class='ocr_par' dir='ltr' id='par_1_74' title="bbox 322 4048 1970 4132">
     <span class='ocr_line' id='line_1_74' title="bbox 322 4048 1970 4132; baseline -0.007 -17"><span class='ocrx_word' id='word_1_514' title='bbox 322 4059 365 4127; x_wconf 89' lang='grc' dir='ltr'><strong>Ι,</strong></span> <span class='ocrx_word' id='word_1_515' title='bbox 393 4076 450 4132; x_wconf 82' lang='grc' dir='ltr'>ρ.</span> <span class='ocrx_word' id='word_1_516' title='bbox 483 4059 606 4130; x_wconf 82' lang='lat'><strong>180,</strong></span> <span class='ocrx_word' id='word_1_517' title='bbox 638 4076 695 4114; x_wconf 88' lang='grc' dir='ltr'>η.</span> <span class='ocrx_word' id='word_1_518' title='bbox 726 4056 852 4125; x_wconf 86' lang='grc'><strong>499,</strong></span> <span class='ocrx_word' id='word_1_519' title='bbox 894 4055 1237 4126; x_wconf 90' lang='lat' dir='ltr'><strong>eademque,</strong></span> <span class='ocrx_word' id='word_1_520' title='bbox 1291 4051 1407 4109; x_wconf 91' lang='lat' dir='ltr'><strong>nisi</strong></span> <span class='ocrx_word' id='word_1_521' title='bbox 1462 4052 1611 4108; x_wconf 92' lang='lat' dir='ltr'><strong>forte</strong></span> <span class='ocrx_word' id='word_1_522' title='bbox 1662 4050 1817 4107; x_wconf 88' lang='lat' dir='ltr'><strong>solas</strong></span> <span class='ocrx_word' id='word_1_523' title='bbox 1849 4048 1970 4105; x_wconf 86' lang='lat' dir='ltr'><strong>Ori-</strong></span> 
     </span>
    </p>
   </div>
   <div class='ocr_carea' id='block_1_75' title="bbox 321 4139 1973 4222">
    <p class='ocr_par' dir='ltr' id='par_1_75' title="bbox 321 4139 1973 4222">
     <span class='ocr_line' id='line_1_75' title="bbox 321 4139 1973 4222; baseline -0.007 -18"><span class='ocrx_word' id='word_1_524' title='bbox 321 4148 509 4222; x_wconf 88' lang='lat' dir='ltr'><strong>genis,</strong></span> <span class='ocrx_word' id='word_1_525' title='bbox 540 4146 893 4204; x_wconf 89' lang='lat' dir='ltr'><strong>Vallarsium</strong></span> <span class='ocrx_word' id='word_1_526' title='bbox 917 4148 1201 4200; x_wconf 89' lang='lat' dir='ltr'><strong>tractasse</strong></span> <span class='ocrx_word' id='word_1_527' title='bbox 1230 4140 1466 4209; x_wconf 86' lang='lat' dir='ltr'><strong>dixeris,</strong></span> <span class='ocrx_word' id='word_1_528' title='bbox 1498 4141 1640 4196; x_wconf 90' lang='lat' dir='ltr'><strong>dum</strong></span> <span class='ocrx_word' id='word_1_529' title='bbox 1685 4139 1745 4194; x_wconf 90' lang='lat' dir='ltr'><strong>in</strong></span> <span class='ocrx_word' id='word_1_530' title='bbox 1775 4139 1973 4194; x_wconf 85' lang='lat' dir='ltr'><strong>Hiero-</strong></span> 
     </span>
    </p>
   </div>
   <div class='ocr_carea' id='block_1_76' title="bbox 322 4228 1970 4311">
    <p class='ocr_par' dir='ltr' id='par_1_76' title="bbox 322 4228 1970 4311">
     <span class='ocr_line' id='line_1_76' title="bbox 322 4228 1970 4311; baseline -0.006 -18"><span class='ocrx_word' id='word_1_531' title='bbox 322 4237 613 4311; x_wconf 84' lang='lat' dir='ltr'><strong>nymianis</strong></span> <span class='ocrx_word' id='word_1_532' title='bbox 626 4234 1119 4294; x_wconf 88' lang='lat' dir='ltr'><strong>subsidiislaudat</strong></span> <span class='ocrx_word' id='word_1_533' title='bbox 1135 4231 1511 4289; x_wconf 89' lang='lat' dir='ltr'><strong>homiliarum</strong></span> <span class='ocrx_word' id='word_1_534' title='bbox 1526 4229 1751 4303; x_wconf 89' lang='lat' dir='ltr'><strong>aliquot</strong></span> <span class='ocrx_word' id='word_1_535' title='bbox 1771 4228 1970 4302; x_wconf 87' lang='lat' dir='ltr'><strong>Orige-</strong></span> 
     </span>
    </p>
   </div>
   <div class='ocr_carea' id='block_1_77' title="bbox 322 4319 1972 4394">
    <p class='ocr_par' dir='ltr' id='par_1_77' title="bbox 322 4319 1972 4394">
     <span class='ocr_line' id='line_1_77' title="bbox 322 4319 1972 4394; baseline -0.004 -12"><span class='ocrx_word' id='word_1_536' title='bbox 322 4326 743 4391; x_wconf 84' lang='lat' dir='ltr'><strong>niseditionem</strong></span> <span class='ocrx_word' id='word_1_537' title='bbox 783 4324 1180 4381; x_wconf 88' lang='lat' dir='ltr'><strong>Basileensem</strong></span> <span class='ocrx_word' id='word_1_538' title='bbox 1209 4339 1264 4378; x_wconf 88' lang='lat' dir='ltr'><strong>a.</strong></span> <span class='ocrx_word' id='word_1_539' title='bbox 1301 4322 1459 4389; x_wconf 86' lang='lat'><strong>1475,</strong></span> <span class='ocrx_word' id='word_1_540' title='bbox 1491 4336 1670 4394; x_wconf 88' lang='lat' dir='ltr'><strong>quam</strong></span> <span class='ocrx_word' id='word_1_541' title='bbox 1702 4319 1972 4393; x_wconf 88' lang='lat' dir='ltr'><strong>ignorare</strong></span> 
     </span>
    </p>
   </div>
   <div class='ocr_carea' id='block_1_78' title="bbox 324 4409 1972 4487">
    <p class='ocr_par' dir='ltr' id='par_1_78' title="bbox 324 4409 1972 4487">
     <span class='ocr_line' id='line_1_78' title="bbox 324 4409 1972 4487; baseline -0.004 -17"><span class='ocrx_word' id='word_1_542' title='bbox 324 4431 417 4470; x_wconf 90' lang='lat' dir='ltr'><strong>me</strong></span> <span class='ocrx_word' id='word_1_543' title='bbox 444 4414 505 4469; x_wconf 92' lang='lat' dir='ltr'><strong>in</strong></span> <span class='ocrx_word' id='word_1_544' title='bbox 535 4413 935 4487; x_wconf 91' lang='lat' dir='ltr'><strong>superioribus</strong></span> <span class='ocrx_word' id='word_1_545' title='bbox 966 4412 1266 4485; x_wconf 85' lang='lat' dir='ltr'><strong>professus</strong></span> <span class='ocrx_word' id='word_1_546' title='bbox 1314 4428 1449 4469; x_wconf 88' lang='lat' dir='ltr'><strong>sum</strong></span> <span class='ocrx_word' id='word_1_547' title='bbox 1493 4410 1589 4483; x_wconf 90' lang='lat' dir='ltr'><strong>(b).</strong></span> <span class='ocrx_word' id='word_1_548' title='bbox 1622 4409 1741 4483; x_wconf 87' lang='lat' dir='ltr'><strong>Ego</strong></span> <span class='ocrx_word' id='word_1_549' title='bbox 1771 4412 1972 4465; x_wconf 89' lang='lat' dir='ltr'><strong>tamen</strong></span> 
     </span>
    </p>
   </div>
   <div class='ocr_carea' id='block_1_79' title="bbox 326 4498 1970 4572">
    <p class='ocr_par' dir='ltr' id='par_1_79' title="bbox 326 4498 1970 4572">
     <span class='ocr_line' id='line_1_79' title="bbox 326 4498 1970 4572; baseline -0.003 -13"><span class='ocrx_word' id='word_1_550' title='bbox 326 4503 616 4559; x_wconf 86' lang='lat' dir='ltr'><strong>diversam</strong></span> <span class='ocrx_word' id='word_1_551' title='bbox 629 4502 701 4558; x_wconf 89' lang='lat' dir='ltr'><strong>ab</strong></span> <span class='ocrx_word' id='word_1_552' title='bbox 718 4500 829 4558; x_wconf 88' lang='lat' dir='ltr'><strong>hac</strong></span> <span class='ocrx_word' id='word_1_553' title='bbox 844 4517 1071 4559; x_wconf 90' lang='lat' dir='ltr'><strong>censeo.</strong></span> <span class='ocrx_word' id='word_1_554' title='bbox 1098 4499 1265 4557; x_wconf 86' lang='lat' dir='ltr'><strong>Certe</strong></span> <span class='ocrx_word' id='word_1_555' title='bbox 1286 4499 1336 4555; x_wconf 91' lang='lat' dir='ltr'><strong>si</strong></span> <span class='ocrx_word' id='word_1_556' title='bbox 1353 4500 1474 4556; x_wconf 71' lang='lat' dir='ltr'><strong>haec</strong></span> <span class='ocrx_word' id='word_1_557' title='bbox 1487 4500 1616 4572; x_wconf 90' lang='lat' dir='ltr'><strong>ipsa</strong></span> <span class='ocrx_word' id='word_1_558' title='bbox 1628 4498 1757 4567; x_wconf 84' lang='lat' dir='ltr'><strong>fuit,</strong></span> <span class='ocrx_word' id='word_1_559' title='bbox 1791 4514 1970 4570; x_wconf 90' lang='lat' dir='ltr'><strong>quam</strong></span> 
     </span>
    </p>
   </div>
   <div class='ocr_carea' id='block_1_80' title="bbox 2074 3343 3733 3404">
    <p class='ocr_par' dir='ltr' id='par_1_80' title="bbox 2074 3343 3733 3404">
     <span class='ocr_line' id='line_1_80' title="bbox 2074 3343 3733 3404; baseline 0.001 -3"><span class='ocrx_word' id='word_1_560' title='bbox 2074 3346 2338 3402; x_wconf 89' lang='lat' dir='ltr'><strong>ordinem</strong></span> <span class='ocrx_word' id='word_1_561' title='bbox 2367 3343 2837 3401; x_wconf 87' lang='lat' dir='ltr'><strong>vetustissimum</strong></span> <span class='ocrx_word' id='word_1_562' title='bbox 2866 3343 3229 3400; x_wconf 66' lang='lat' dir='ltr'><strong>bibliothecae</strong></span> <span class='ocrx_word' id='word_1_563' title='bbox 3264 3343 3532 3403; x_wconf 69' lang='lat' dir='ltr'><strong>Ecclesiae</strong></span> <span class='ocrx_word' id='word_1_564' title='bbox 3564 3347 3733 3404; x_wconf 85' lang='lat' dir='ltr'><strong>Basi-</strong></span> 
     </span>
    </p>
   </div>
   <div class='ocr_carea' id='block_1_81' title="bbox 2074 3432 3212 3507">
    <p class='ocr_par' dir='ltr' id='par_1_81' title="bbox 2074 3432 3212 3507">
     <span class='ocr_line' id='line_1_81' title="bbox 2074 3432 3212 3507; baseline -0.001 -17"><span class='ocrx_word' id='word_1_565' title='bbox 2074 3432 2278 3491; x_wconf 91' lang='lat' dir='ltr'><strong>liensis</strong></span> <span class='ocrx_word' id='word_1_566' title='bbox 2308 3434 2617 3505; x_wconf 86' lang='lat' dir='ltr'><strong>impresso,</strong></span> <span class='ocrx_word' id='word_1_567' title='bbox 2649 3432 2733 3489; x_wconf 89' lang='lat' dir='ltr'><strong>Cf.</strong></span> <span class='ocrx_word' id='word_1_568' title='bbox 2764 3432 3212 3507; x_wconf 89' lang='lat' dir='ltr'><strong>Augustiniana.</strong></span> 
     </span>
    </p>
   </div>
   <div class='ocr_carea' id='block_1_82' title="bbox 2152 3522 3731 3595">
    <p class='ocr_par' dir='ltr' id='par_1_82' title="bbox 2152 3522 3731 3595">
     <span class='ocr_line' id='line_1_82' title="bbox 2152 3522 3731 3595; baseline 0.003 -17"><span class='ocrx_word' id='word_1_569' title='bbox 2152 3523 2306 3579; x_wconf 74' lang='lat' dir='ltr'><strong>149i.</strong></span> <span class='ocrx_word' id='word_1_570' title='bbox 2335 3524 2699 3593; x_wconf 79' lang='lat' dir='ltr'><strong>Norimbergae</strong></span> <span class='ocrx_word' id='word_1_571' title='bbox 2721 3538 2823 3595; x_wconf 89' lang='lat' dir='ltr'><strong>per</strong></span> <span class='ocrx_word' id='word_1_572' title='bbox 2851 3522 3015 3579; x_wconf 85' lang='lat' dir='ltr'><strong>Anth.</strong></span> <span class='ocrx_word' id='word_1_573' title='bbox 3048 3523 3344 3592; x_wconf 82' lang='lat' dir='ltr'><strong>Koburger,</strong></span> <span class='ocrx_word' id='word_1_574' title='bbox 3376 3525 3549 3586; x_wconf 76' lang='grc' dir='ltr'><strong>ἰη-ιιο.</strong></span> <span class='ocrx_word' id='word_1_575' title='bbox 3582 3525 3731 3582; x_wconf 85' lang='lat' dir='ltr'><strong>Leo-</strong></span> 
     </span>
    </p>
   </div>
   <div class='ocr_carea' id='block_1_83' title="bbox 2074 3611 3437 3683">
    <p class='ocr_par' dir='ltr' id='par_1_83' title="bbox 2074 3611 3437 3683">
     <span class='ocr_line' id='line_1_83' title="bbox 2074 3611 3437 3683; baseline 0 -15"><span class='ocrx_word' id='word_1_576' title='bbox 2074 3611 2169 3669; x_wconf 91' lang='lat' dir='ltr'><strong>nis</strong></span> <span class='ocrx_word' id='word_1_577' title='bbox 2199 3613 2409 3683; x_wconf 87' lang='lat' dir='ltr'><strong>alipuot</strong></span> <span class='ocrx_word' id='word_1_578' title='bbox 2435 3611 2781 3679; x_wconf 90' lang='lat' dir='ltr'><strong>Sermones;</strong></span> <span class='ocrx_word' id='word_1_579' title='bbox 2805 3612 2865 3666; x_wconf 86' lang='lat' dir='ltr'><strong>in</strong></span> <span class='ocrx_word' id='word_1_580' title='bbox 2895 3611 3080 3667; x_wconf 84' lang='lat' dir='ltr'><strong>eadem</strong></span> <span class='ocrx_word' id='word_1_581' title='bbox 3106 3612 3437 3669; x_wconf 81' lang='lat' dir='ltr'><strong>collectione.</strong></span> 
     </span>
    </p>
   </div>
   <div class='ocr_carea' id='block_1_84' title="bbox 2148 3692 3733 3773">
    <p class='ocr_par' dir='ltr' id='par_1_84' title="bbox 2148 3692 3733 3773">
     <span class='ocr_line' id='line_1_84' title="bbox 2148 3692 3733 3773; baseline 0.001 -16"><span class='ocrx_word' id='word_1_582' title='bbox 2148 3702 2307 3758; x_wconf 83' lang='lat'><strong>1496.</strong></span> <span class='ocrx_word' id='word_1_583' title='bbox 2340 3701 2574 3757; x_wconf 68' lang='lat' dir='ltr'><strong>Basilea?</strong></span> <span class='ocrx_word' id='word_1_584' title='bbox 2596 3716 2697 3772; x_wconf 84' lang='lat' dir='ltr'><strong>per</strong></span> <span class='ocrx_word' id='word_1_585' title='bbox 2723 3701 2841 3756; x_wconf 87' lang='lat' dir='ltr'><strong>Nic.</strong></span> <span class='ocrx_word' id='word_1_586' title='bbox 2868 3692 3097 3769; x_wconf 75' lang='lat' dir='ltr'><strong>Kesslér,</strong></span> <span class='ocrx_word' id='word_1_587' title='bbox 3147 3702 3335 3773; x_wconf 83' lang='lat' dir='ltr'><strong>in-fol.</strong></span> <span class='ocrx_word' id='word_1_588' title='bbox 3378 3701 3590 3759; x_wconf 90' lang='lat' dir='ltr'><strong>Leonis</strong></span> <span class='ocrx_word' id='word_1_589' title='bbox 3614 3703 3733 3759; x_wconf 84' lang='lat' dir='ltr'><strong>ali-</strong></span> 
     </span>
    </p>
   </div>
   <div class='ocr_carea' id='block_1_85' title="bbox 2075 3788 3733 3865">
    <p class='ocr_par' dir='ltr' id='par_1_85' title="bbox 2075 3788 3733 3865">
     <span class='ocr_line' id='line_1_85' title="bbox 2075 3788 3733 3865; baseline 0.001 -19"><span class='ocrx_word' id='word_1_590' title='bbox 2075 3798 2203 3863; x_wconf 90' lang='lat' dir='ltr'><strong>quot</strong></span> <span class='ocrx_word' id='word_1_591' title='bbox 2247 3792 2595 3859; x_wconf 91' lang='lat' dir='ltr'><strong>Sermones;</strong></span> <span class='ocrx_word' id='word_1_592' title='bbox 2648 3788 2707 3844; x_wconf 89' lang='lat' dir='ltr'><strong>in</strong></span> <span class='ocrx_word' id='word_1_593' title='bbox 2764 3790 3091 3846; x_wconf 85' lang='lat' dir='ltr'><strong>Homiliario</strong></span> <span class='ocrx_word' id='word_1_594' title='bbox 3131 3789 3412 3847; x_wconf 84' lang='lat' dir='ltr'><strong>doctorum</strong></span> <span class='ocrx_word' id='word_1_595' title='bbox 3469 3792 3733 3865; x_wconf 59' lang='lat' dir='ltr'><strong>repetitas</strong></span> 
     </span>
    </p>
   </div>
   <div class='ocr_carea' id='block_1_86' title="bbox 2076 3880 2407 3936">
    <p class='ocr_par' dir='ltr' id='par_1_86' title="bbox 2076 3880 2407 3936">
     <span class='ocr_line' id='line_1_86' title="bbox 2076 3880 2407 3936; baseline -0.003 -1"><span class='ocrx_word' id='word_1_596' title='bbox 2076 3880 2339 3936; x_wconf 88' lang='lat' dir='ltr'><strong>editioni.</strong></span> <span class='ocrx_word' id='word_1_597' title='bbox 2404 3906 2407 3907; x_wconf 52' lang='grc' dir='ltr'><em>ν</em></span> 
     </span>
    </p>
   </div>
   <div class='ocr_carea' id='block_1_87' title="bbox 2151 3968 3733 4040">
    <p class='ocr_par' dir='ltr' id='par_1_87' title="bbox 2151 3968 3733 4040">
     <span class='ocr_line' id='line_1_87' title="bbox 2151 3968 3733 4040; baseline 0.001 -16"><span class='ocrx_word' id='word_1_598' title='bbox 2151 3968 2307 4024; x_wconf 86' lang='grc'>1498.</span> <span class='ocrx_word' id='word_1_599' title='bbox 2340 3969 2657 4033; x_wconf 69' lang='lat' dir='ltr'><strong>Basilese..,.</strong></span> <span class='ocrx_word' id='word_1_600' title='bbox 2692 3969 2874 4040; x_wconf 67' lang='lat' dir='ltr'><strong>iii-fol.</strong></span> <span class='ocrx_word' id='word_1_601' title='bbox 2908 3968 3115 4024; x_wconf 89' lang='lat' dir='ltr'><strong>Leonis</strong></span> <span class='ocrx_word' id='word_1_602' title='bbox 3148 3969 3461 4026; x_wconf 89' lang='lat' dir='ltr'><strong>Sermones</strong></span> <span class='ocrx_word' id='word_1_603' title='bbox 3488 3987 3501 4037; x_wconf 92' lang='lat'>;</span> <span class='ocrx_word' id='word_1_604' title='bbox 3536 3971 3599 4025; x_wconf 83' lang='lat' dir='ltr'><strong>in</strong></span> <span class='ocrx_word' id='word_1_605' title='bbox 3626 3986 3733 4027; x_wconf 88' lang='lat' dir='ltr'><strong>ea-</strong></span> 
     </span>
    </p>
   </div>
   <div class='ocr_carea' id='block_1_88' title="bbox 2076 4055 3731 4130">
    <p class='ocr_par' dir='ltr' id='par_1_88' title="bbox 2076 4055 3731 4130">
     <span class='ocr_line' id='line_1_88' title="bbox 2076 4055 3731 4130; baseline 0.002 -18"><span class='ocrx_word' id='word_1_606' title='bbox 2076 4056 2198 4113; x_wconf 84' lang='lat' dir='ltr'><strong>dem</strong></span> <span class='ocrx_word' id='word_1_607' title='bbox 2225 4058 2558 4122; x_wconf 84' lang='lat' dir='ltr'><strong>collectione,</strong></span> <span class='ocrx_word' id='word_1_608' title='bbox 2597 4073 2775 4129; x_wconf 88' lang='lat' dir='ltr'><strong>quam</strong></span> <span class='ocrx_word' id='word_1_609' title='bbox 2822 4055 3024 4112; x_wconf 86' lang='lat' dir='ltr'><strong>laudat</strong></span> <span class='ocrx_word' id='word_1_610' title='bbox 3070 4057 3240 4113; x_wconf 83' lang='lat' dir='ltr'><strong>Maitt.</strong></span> <span class='ocrx_word' id='word_1_611' title='bbox 3302 4061 3341 4112; x_wconf 88' lang='lat' dir='ltr'><strong>t.</strong></span> <span class='ocrx_word' id='word_1_612' title='bbox 3387 4062 3431 4125; x_wconf 90' lang='grc' dir='ltr'><strong>Ι,</strong></span> <span class='ocrx_word' id='word_1_613' title='bbox 3478 4067 3629 4130; x_wconf 85' lang='lat' dir='ltr'><strong>part.</strong></span> <span class='ocrx_word' id='word_1_614' title='bbox 3665 4076 3731 4130; x_wconf 83' lang='lat' dir='ltr'><strong>Il,</strong></span> 
     </span>
    </p>
   </div>
   <div class='ocr_carea' id='block_1_89' title="bbox 2072 4147 2293 4220">
    <p class='ocr_par' dir='ltr' id='par_1_89' title="bbox 2072 4147 2293 4220">
     <span class='ocr_line' id='line_1_89' title="bbox 2072 4147 2293 4220; baseline -0.005 -18"><span class='ocrx_word' id='word_1_615' title='bbox 2072 4164 2133 4220; x_wconf 72' lang='grc' dir='ltr'>ρ.</span> <span class='ocrx_word' id='word_1_616' title='bbox 2167 4147 2293 4201; x_wconf 82' lang='grc'><strong>675.</strong></span> 
     </span>
    </p>
   </div>
   <div class='ocr_carea' id='block_1_90' title="bbox 2150 4232 3734 4310">
    <p class='ocr_par' dir='ltr' id='par_1_90' title="bbox 2150 4232 3734 4310">
     <span class='ocr_line' id='line_1_90' title="bbox 2150 4232 3734 4310; baseline 0.002 -19"><span class='ocrx_word' id='word_1_617' title='bbox 2150 4236 2279 4291; x_wconf 84' lang='lat' dir='ltr'><strong>Sine</strong></span> <span class='ocrx_word' id='word_1_618' title='bbox 2306 4251 2449 4291; x_wconf 84' lang='lat' dir='ltr'><strong>anno</strong></span> <span class='ocrx_word' id='word_1_619' title='bbox 2477 4242 2528 4290; x_wconf 88' lang='lat' dir='ltr'><strong>et</strong></span> <span class='ocrx_word' id='word_1_620' title='bbox 2556 4235 2688 4302; x_wconf 88' lang='lat' dir='ltr'><strong>loco,</strong></span> <span class='ocrx_word' id='word_1_621' title='bbox 2723 4233 2911 4305; x_wconf 85' lang='lat' dir='ltr'><strong>in-fol.</strong></span> <span class='ocrx_word' id='word_1_622' title='bbox 2942 4232 3011 4306; x_wconf 94' lang='grc' dir='ltr'><strong>(ΙΙ</strong></span> <span class='ocrx_word' id='word_1_623' title='bbox 3042 4233 3129 4290; x_wconf 91' lang='lat' dir='ltr'><strong>vel</strong></span> <span class='ocrx_word' id='word_1_624' title='bbox 3185 4235 3366 4290; x_wconf 89' lang='lat' dir='ltr'><strong>etiam</strong></span> <span class='ocrx_word' id='word_1_625' title='bbox 3424 4236 3500 4292; x_wconf 90' lang='lat' dir='ltr'><strong>III</strong></span> <span class='ocrx_word' id='word_1_626' title='bbox 3546 4235 3734 4310; x_wconf 91' lang='lat' dir='ltr'><strong>hujus</strong></span> 
     </span>
    </p>
   </div>
   <div class='ocr_carea' id='block_1_91' title="bbox 2077 4323 3266 4399">
    <p class='ocr_par' dir='ltr' id='par_1_91' title="bbox 2077 4323 3266 4399">
     <span class='ocr_line' id='line_1_91' title="bbox 2077 4323 3266 4399; baseline -0.001 -19"><span class='ocrx_word' id='word_1_627' title='bbox 2077 4324 2326 4399; x_wconf 89' lang='lat' dir='ltr'><strong>generis)</strong></span> <span class='ocrx_word' id='word_1_628' title='bbox 2355 4324 2413 4380; x_wconf 93' lang='lat' dir='ltr'><strong>S.</strong></span> <span class='ocrx_word' id='word_1_629' title='bbox 2448 4324 2657 4379; x_wconf 90' lang='lat' dir='ltr'><strong>Leonis</strong></span> <span class='ocrx_word' id='word_1_630' title='bbox 2689 4323 2712 4379; x_wconf 95' lang='grc' dir='ltr'><strong>Ι</strong></span> <span class='ocrx_word' id='word_1_631' title='bbox 2742 4339 2905 4396; x_wconf 78' lang='lat' dir='ltr'><strong>papze</strong></span> <span class='ocrx_word' id='word_1_632' title='bbox 2936 4323 3266 4381; x_wconf 89' lang='lat' dir='ltr'><strong>Sermones.</strong></span> 
     </span>
    </p>
   </div>
   <div class='ocr_carea' id='block_1_92' title="bbox 2151 4410 3737 4487">
    <p class='ocr_par' dir='ltr' id='par_1_92' title="bbox 2151 4410 3737 4487">
     <span class='ocr_line' id='line_1_92' title="bbox 2151 4410 3737 4487; baseline 0.003 -18"><span class='ocrx_word' id='word_1_633' title='bbox 2151 4413 2362 4487; x_wconf 90' lang='lat' dir='ltr'><strong>Incipit</strong></span> <span class='ocrx_word' id='word_1_634' title='bbox 2387 4430 2422 4469; x_wconf 89' lang='lat' dir='ltr'><strong>a</strong></span> <span class='ocrx_word' id='word_1_635' title='bbox 2449 4412 2786 4485; x_wconf 65' lang='lat' dir='ltr'><strong>prmfatione</strong></span> <span class='ocrx_word' id='word_1_636' title='bbox 2829 4410 3168 4480; x_wconf 89' lang='lat' dir='ltr'><strong>Aleriensis,</strong></span> <span class='ocrx_word' id='word_1_637' title='bbox 3211 4429 3339 4486; x_wconf 64' lang='lat' dir='ltr'><strong>quae</strong></span> <span class='ocrx_word' id='word_1_638' title='bbox 3360 4413 3637 4471; x_wconf 87' lang='lat' dir='ltr'><strong>similiter</strong></span> <span class='ocrx_word' id='word_1_639' title='bbox 3667 4433 3737 4473; x_wconf 89' lang='lat' dir='ltr'><strong>ac</strong></span> 
     </span>
    </p>
   </div>
   <div class='ocr_carea' id='block_1_93' title="bbox 2078 4500 3736 4578">
    <p class='ocr_par' dir='ltr' id='par_1_93' title="bbox 2078 4500 3736 4578">
     <span class='ocr_line' id='line_1_93' title="bbox 2078 4500 3736 4578; baseline 0.002 -20"><span class='ocrx_word' id='word_1_640' title='bbox 2078 4504 2139 4559; x_wconf 91' lang='lat' dir='ltr'><strong>in</strong></span> <span class='ocrx_word' id='word_1_641' title='bbox 2157 4503 2410 4560; x_wconf 86' lang='lat' dir='ltr'><strong>editione</strong></span> <span class='ocrx_word' id='word_1_642' title='bbox 2453 4519 2507 4557; x_wconf 90' lang='lat' dir='ltr'><strong>a.</strong></span> <span class='ocrx_word' id='word_1_643' title='bbox 2547 4502 2682 4558; x_wconf 80' lang='grc'>1475</span> <span class='ocrx_word' id='word_1_644' title='bbox 2709 4500 3086 4557; x_wconf 89' lang='lat' dir='ltr'><strong>inscribitur:</strong></span> <span class='ocrx_word' id='word_1_645' title='bbox 3119 4503 3348 4559; x_wconf 83' lang='lat' dir='ltr'><strong>Joannis</strong></span> <span class='ocrx_word' id='word_1_646' title='bbox 3381 4503 3588 4562; x_wconf 70' lang='lat' dir='ltr'><strong>Andra:</strong></span> <span class='ocrx_word' id='word_1_647' title='bbox 3615 4507 3736 4578; x_wconf 81' lang='lat' dir='ltr'><strong>epi-</strong></span> 
     </span>
    </p>
   </div>
   <div class='ocr_carea' id='block_1_94' title="bbox 326 4586 3736 4676">
    <p class='ocr_par' dir='ltr' id='par_1_94' title="bbox 326 4586 3736 4676">
     <span class='ocr_line' id='line_1_94' title="bbox 326 4586 3736 4676; baseline -0.004 -28"><span class='ocrx_word' id='word_1_648' title='bbox 326 4592 573 4648; x_wconf 86' lang='lat' dir='ltr'><strong>fortasse</strong></span> <span class='ocrx_word' id='word_1_649' title='bbox 601 4590 936 4662; x_wconf 88' lang='lat' dir='ltr'><strong>conjectura</strong></span> <span class='ocrx_word' id='word_1_650' title='bbox 965 4589 1176 4644; x_wconf 86' lang='lat' dir='ltr'><strong>ductus</strong></span> <span class='ocrx_word' id='word_1_651' title='bbox 1200 4587 1586 4645; x_wconf 88' lang='lat' dir='ltr'><strong>Basileensem</strong></span> <span class='ocrx_word' id='word_1_652' title='bbox 1613 4586 1846 4656; x_wconf 80' lang='lat' dir='ltr'><strong>dixerit,</strong></span> <span class='ocrx_word' id='word_1_653' title='bbox 1877 4603 2049 4676; x_wconf 80' lang='lat' dir='ltr'><strong>meD</strong></span> <span class='ocrx_word' id='word_1_654' title='bbox 2079 4593 2227 4664; x_wconf 83' lang='lat' dir='ltr'><strong>scapi</strong></span> <span class='ocrx_word' id='word_1_655' title='bbox 2245 4592 2529 4647; x_wconf 79' lang='lat' dir='ltr'><strong>aleriensis</strong></span> <span class='ocrx_word' id='word_1_656' title='bbox 2554 4590 2624 4644; x_wconf 87' lang='lat' dir='ltr'><strong>ad</strong></span> <span class='ocrx_word' id='word_1_657' title='bbox 2650 4604 2928 4645; x_wconf 84' lang='lat' dir='ltr'><strong>summum</strong></span> <span class='ocrx_word' id='word_1_658' title='bbox 2941 4592 3256 4662; x_wconf 82' lang='lat' dir='ltr'><strong>pontiﬁcem</strong></span> <span class='ocrx_word' id='word_1_659' title='bbox 3278 4593 3513 4664; x_wconf 81' lang='lat' dir='ltr'><strong>paulum</strong></span> <span class='ocrx_word' id='word_1_660' title='bbox 3539 4609 3736 4649; x_wconf 71' lang='grc' dir='ltr'><strong>ςεσιιη-</strong></span> 
     </span>
    </p>
   </div>
   <div class='ocr_carea' id='block_1_95' title="bbox 327 4675 1968 4744">
    <p class='ocr_par' dir='ltr' id='par_1_95' title="bbox 327 4675 1968 4744">
     <span class='ocr_line' id='line_1_95' title="bbox 327 4675 1968 4744; baseline -0.004 -7"><span class='ocrx_word' id='word_1_661' title='bbox 327 4679 743 4737; x_wconf 89' lang='lat' dir='ltr'><strong>assentientem</strong></span> <span class='ocrx_word' id='word_1_662' title='bbox 756 4693 872 4734; x_wconf 92' lang='lat' dir='ltr'><strong>non</strong></span> <span class='ocrx_word' id='word_1_663' title='bbox 890 4675 1381 4744; x_wconf 86' lang='lat' dir='ltr'><strong>habet.Nam,nisi</strong></span> <span class='ocrx_word' id='word_1_664' title='bbox 1407 4676 1604 4731; x_wconf 91' lang='lat' dir='ltr'><strong>omnia</strong></span> <span class='ocrx_word' id='word_1_665' title='bbox 1625 4693 1718 4732; x_wconf 90' lang='lat' dir='ltr'><strong>me</strong></span> <span class='ocrx_word' id='word_1_666' title='bbox 1738 4675 1968 4744; x_wconf 79' lang='lat' dir='ltr'><strong>fallunt,</strong></span> 
     </span>
    </p>
   </div>
   <div class='ocr_carea' id='block_1_96' title="bbox 328 4764 1974 4837">
    <p class='ocr_par' dir='ltr' id='par_1_96' title="bbox 328 4764 1974 4837">
     <span class='ocr_line' id='line_1_96' title="bbox 328 4764 1974 4837; baseline -0.002 -12"><span class='ocrx_word' id='word_1_667' title='bbox 328 4767 569 4825; x_wconf 90' lang='lat' dir='ltr'><strong>inItalia</strong></span> <span class='ocrx_word' id='word_1_668' title='bbox 583 4767 692 4823; x_wconf 92' lang='lat' dir='ltr'><strong>hoc</strong></span> <span class='ocrx_word' id='word_1_669' title='bbox 709 4764 978 4821; x_wconf 90' lang='lat' dir='ltr'><strong>volumen</strong></span> <span class='ocrx_word' id='word_1_670' title='bbox 1002 4779 1283 4820; x_wconf 80' lang='lat' dir='ltr'><strong>excusum</strong></span> <span class='ocrx_word' id='word_1_671' title='bbox 1313 4769 1421 4819; x_wconf 88' lang='lat' dir='ltr'><strong>est.</strong></span> <span class='ocrx_word' id='word_1_672' title='bbox 1445 4765 1526 4819; x_wconf 91' lang='lat' dir='ltr'><strong>Ne</strong></span> <span class='ocrx_word' id='word_1_673' title='bbox 1556 4765 1689 4837; x_wconf 90' lang='lat' dir='ltr'><strong>quis</strong></span> <span class='ocrx_word' id='word_1_674' title='bbox 1701 4781 1834 4821; x_wconf 91' lang='lat' dir='ltr'><strong>vero</strong></span> <span class='ocrx_word' id='word_1_675' title='bbox 1865 4766 1974 4823; x_wconf 86' lang='lat' dir='ltr'><strong>hac</strong></span> 
     </span>
    </p>
   </div>
   <div class='ocr_carea' id='block_1_97' title="bbox 329 4851 1972 4929">
    <p class='ocr_par' dir='ltr' id='par_1_97' title="bbox 329 4851 1972 4929">
     <span class='ocr_line' id='line_1_97' title="bbox 329 4851 1972 4929; baseline -0.002 -16"><span class='ocrx_word' id='word_1_676' title='bbox 329 4860 530 4913; x_wconf 89' lang='lat' dir='ltr'><strong>nostra</strong></span> <span class='ocrx_word' id='word_1_677' title='bbox 540 4873 680 4929; x_wconf 89' lang='lat' dir='ltr'><strong>argu</strong></span> <span class='ocrx_word' id='word_1_678' title='bbox 690 4853 1043 4909; x_wconf 88' lang='lat' dir='ltr'><strong>mentatione</strong></span> <span class='ocrx_word' id='word_1_679' title='bbox 1055 4851 1413 4909; x_wconf 89' lang='lat' dir='ltr'><strong>contrarium</strong></span> <span class='ocrx_word' id='word_1_680' title='bbox 1426 4852 1620 4924; x_wconf 88' lang='lat' dir='ltr'><strong>potius</strong></span> <span class='ocrx_word' id='word_1_681' title='bbox 1634 4855 1972 4926; x_wconf 88' lang='lat' dir='ltr'><strong>quamquod</strong></span> 
     </span>
    </p>
   </div>
   <div class='ocr_carea' id='block_1_98' title="bbox 328 4941 1976 5015">
    <p class='ocr_par' dir='ltr' id='par_1_98' title="bbox 328 4941 1976 5015">
     <span class='ocr_line' id='line_1_98' title="bbox 328 4941 1976 5015; baseline -0.001 -14"><span class='ocrx_word' id='word_1_682' title='bbox 328 4942 853 5002; x_wconf 73' lang='lat' dir='ltr'><strong>intendimusel‘ﬂci</strong></span> <span class='ocrx_word' id='word_1_683' title='bbox 879 4941 1189 5009; x_wconf 86' lang='lat' dir='ltr'><strong>existimet,</strong></span> <span class='ocrx_word' id='word_1_684' title='bbox 1216 4941 1460 5014; x_wconf 83' lang='lat' dir='ltr'><strong>cogique</strong></span> <span class='ocrx_word' id='word_1_685' title='bbox 1478 4958 1581 4996; x_wconf 90' lang='lat' dir='ltr'><strong>nos</strong></span> <span class='ocrx_word' id='word_1_686' title='bbox 1610 4959 1780 5012; x_wconf 87' lang='lat' dir='ltr'><strong>posse</strong></span> <span class='ocrx_word' id='word_1_687' title='bbox 1811 4947 1976 5015; x_wconf 90' lang='lat' dir='ltr'><strong>putet</strong></span> 
     </span>
    </p>
   </div>
   <div class='ocr_carea' id='block_1_99' title="bbox 332 5028 1976 5106">
    <p class='ocr_par' dir='ltr' id='par_1_99' title="bbox 332 5028 1976 5106">
     <span class='ocr_line' id='line_1_99' title="bbox 332 5028 1976 5106; baseline -0.001 -17"><span class='ocrx_word' id='word_1_688' title='bbox 332 5035 607 5106; x_wconf 79' lang='lat' dir='ltr'><strong>utabsque</strong></span> <span class='ocrx_word' id='word_1_689' title='bbox 638 5032 745 5087; x_wconf 89' lang='lat' dir='ltr'><strong>loci</strong></span> <span class='ocrx_word' id='word_1_690' title='bbox 766 5035 824 5087; x_wconf 90' lang='lat' dir='ltr'><strong>et</strong></span> <span class='ocrx_word' id='word_1_691' title='bbox 853 5032 990 5086; x_wconf 85' lang='lat' dir='ltr'><strong>anni</strong></span> <span class='ocrx_word' id='word_1_692' title='bbox 1021 5034 1176 5091; x_wconf 89' lang='lat' dir='ltr'><strong>nota,</strong></span> <span class='ocrx_word' id='word_1_693' title='bbox 1211 5028 1325 5084; x_wconf 90' lang='lat' dir='ltr'><strong>alio</strong></span> <span class='ocrx_word' id='word_1_694' title='bbox 1356 5030 1560 5100; x_wconf 89' lang='lat' dir='ltr'><strong>quovis</strong></span> <span class='ocrx_word' id='word_1_695' title='bbox 1585 5035 1844 5103; x_wconf 89' lang='lat' dir='ltr'><strong>tempore</strong></span> <span class='ocrx_word' id='word_1_696' title='bbox 1874 5049 1976 5087; x_wconf 82' lang='lat' dir='ltr'><strong>ex-</strong></span> 
     </span>
    </p>
   </div>
   <div class='ocr_carea' id='block_1_100' title="bbox 333 5117 1975 5193">
    <p class='ocr_par' dir='ltr' id='par_1_100' title="bbox 333 5117 1975 5193">
     <span class='ocr_line' id='line_1_100' title="bbox 333 5117 1975 5193; baseline -0.001 -16"><span class='ocrx_word' id='word_1_697' title='bbox 333 5121 899 5178; x_wconf 31' lang='lat' dir='ltr'><strong>cusam‘scribamus</strong></span> <span class='ocrx_word' id='word_1_698' title='bbox 948 5120 1098 5175; x_wconf 91' lang='lat' dir='ltr'><strong>hanc</strong></span> <span class='ocrx_word' id='word_1_699' title='bbox 1144 5117 1349 5173; x_wconf 87' lang='lat' dir='ltr'><strong>Leonis</strong></span> <span class='ocrx_word' id='word_1_700' title='bbox 1405 5117 1739 5185; x_wconf 82' lang='lat' dir='ltr'><strong>editionem,</strong></span> <span class='ocrx_word' id='word_1_701' title='bbox 1775 5125 1975 5193; x_wconf 88' lang='lat' dir='ltr'><strong>utpote</strong></span> 
     </span>
    </p>
   </div>
   <div class='ocr_carea' id='block_1_101' title="bbox 334 5209 1974 5280">
    <p class='ocr_par' dir='ltr' id='par_1_101' title="bbox 334 5209 1974 5280">
     <span class='ocr_line' id='line_1_101' title="bbox 334 5209 1974 5280; baseline 0.001 -14"><span class='ocrx_word' id='word_1_702' title='bbox 334 5210 499 5267; x_wconf 87' lang='lat' dir='ltr'><strong>nulla</strong></span> <span class='ocrx_word' id='word_1_703' title='bbox 527 5209 641 5265; x_wconf 92' lang='lat' dir='ltr'><strong>alia</strong></span> <span class='ocrx_word' id='word_1_704' title='bbox 669 5210 741 5265; x_wconf 92' lang='lat' dir='ltr'><strong>de</strong></span> <span class='ocrx_word' id='word_1_705' title='bbox 769 5225 949 5265; x_wconf 88' lang='lat' dir='ltr'><strong>causa</strong></span> <span class='ocrx_word' id='word_1_706' title='bbox 996 5222 1149 5264; x_wconf 87' lang='lat' dir='ltr'><strong>anno</strong></span> <span class='ocrx_word' id='word_1_707' title='bbox 1195 5209 1334 5262; x_wconf 88' lang='grc'>1475</span> <span class='ocrx_word' id='word_1_708' title='bbox 1364 5211 1765 5279; x_wconf 66' lang='lat' dir='ltr'><strong>prmnotatam,</strong></span> <span class='ocrx_word' id='word_1_709' title='bbox 1796 5226 1974 5280; x_wconf 89' lang='lat' dir='ltr'><strong>quam</strong></span> 
     </span>
    </p>
   </div>
   <div class='ocr_carea' id='block_1_102' title="bbox 335 5295 1980 5373">
    <p class='ocr_par' dir='ltr' id='par_1_102' title="bbox 335 5295 1980 5373">
     <span class='ocr_line' id='line_1_102' title="bbox 335 5295 1980 5373; baseline -0.001 -17"><span class='ocrx_word' id='word_1_710' title='bbox 335 5300 476 5373; x_wconf 86' lang='lat' dir='ltr'><strong>quia</strong></span> <span class='ocrx_word' id='word_1_711' title='bbox 500 5314 639 5355; x_wconf 86' lang='lat' dir='ltr'><strong>cum</strong></span> <span class='ocrx_word' id='word_1_712' title='bbox 659 5314 831 5371; x_wconf 90' lang='lat' dir='ltr'><strong>opere</strong></span> <span class='ocrx_word' id='word_1_713' title='bbox 843 5297 1023 5354; x_wconf 90' lang='lat' dir='ltr'><strong>simili</strong></span> <span class='ocrx_word' id='word_1_714' title='bbox 1040 5297 1149 5352; x_wconf 91' lang='lat' dir='ltr'><strong>hoc</strong></span> <span class='ocrx_word' id='word_1_715' title='bbox 1168 5313 1322 5352; x_wconf 90' lang='lat' dir='ltr'><strong>anno</strong></span> <span class='ocrx_word' id='word_1_716' title='bbox 1349 5295 1639 5369; x_wconf 85' lang='lat' dir='ltr'><strong>exscripto</strong></span> <span class='ocrx_word' id='word_1_717' title='bbox 1677 5303 1980 5368; x_wconf 86' lang='lat' dir='ltr'><strong>compacta</strong></span> 
     </span>
    </p>
   </div>
   <div class='ocr_carea' id='block_1_103' title="bbox 335 5384 1979 5462">
    <p class='ocr_par' dir='ltr' id='par_1_103' title="bbox 335 5384 1979 5462">
     <span class='ocr_line' id='line_1_103' title="bbox 335 5384 1979 5462; baseline -0.002 -16"><span class='ocrx_word' id='word_1_718' title='bbox 335 5389 434 5458; x_wconf 89' lang='lat' dir='ltr'><strong>sit,</strong></span> <span class='ocrx_word' id='word_1_719' title='bbox 464 5386 970 5462; x_wconf 83' lang='lat' dir='ltr'><strong>respondebimus,</strong></span> <span class='ocrx_word' id='word_1_720' title='bbox 1004 5385 1216 5459; x_wconf 91' lang='lat' dir='ltr'><strong>primo,</strong></span> <span class='ocrx_word' id='word_1_721' title='bbox 1250 5401 1379 5453; x_wconf 91' lang='lat' dir='ltr'><strong>nos,</strong></span> <span class='ocrx_word' id='word_1_722' title='bbox 1411 5384 1596 5441; x_wconf 89' lang='lat' dir='ltr'><strong>missa</strong></span> <span class='ocrx_word' id='word_1_723' title='bbox 1635 5385 1876 5442; x_wconf 87' lang='lat' dir='ltr'><strong>omnino</strong></span> <span class='ocrx_word' id='word_1_724' title='bbox 1907 5387 1979 5443; x_wconf 90' lang='lat' dir='ltr'><strong>de</strong></span> 
     </span>
    </p>
   </div>
   <div class='ocr_carea' id='block_1_104' title="bbox 409 5480 1981 5592">
    <p class='ocr_par' dir='ltr' id='par_1_104' title="bbox 409 5480 1981 5592">
     <span class='ocr_line' id='line_1_104' title="bbox 409 5480 1981 5592; baseline -0.001 -22"><span class='ocrx_word' id='word_1_725' title='bbox 409 5480 484 5592; x_wconf 66' lang='lat' dir='ltr'><strong>(si)</strong></span> <span class='ocrx_word' id='word_1_726' title='bbox 515 5513 695 5592; x_wconf 81' lang='lat' dir='ltr'><strong>Sonat</strong></span> <span class='ocrx_word' id='word_1_727' title='bbox 717 5510 1309 5592; x_wconf 38' lang='lat' dir='ltr'><strong>:_E.jcpliciu_n_t._omelie</strong></span> <span class='ocrx_word' id='word_1_728' title='bbox 1338 5510 1482 5567; x_wconf 83' lang='lat' dir='ltr'><strong>beati</strong></span> <span class='ocrx_word' id='word_1_729' title='bbox 1510 5510 1751 5592; x_wconf 70' lang='lat' dir='ltr'><strong>gregarii</strong></span> <span class='ocrx_word' id='word_1_730' title='bbox 1762 5527 1903 5592; x_wconf 53' lang='lat' dir='ltr'><strong>page</strong></span> <span class='ocrx_word' id='word_1_731' title='bbox 1930 5518 1981 5569; x_wconf 88' lang='lat' dir='ltr'><strong>et</strong></span> 
     </span>
    </p>
   </div>
   <div class='ocr_carea' id='block_1_105' title="bbox 339 5580 1981 5660">
    <p class='ocr_par' dir='ltr' id='par_1_105' title="bbox 339 5580 1981 5660">
     <span class='ocr_line' id='line_1_105' title="bbox 339 5580 1981 5660; baseline -0.003 -16"><span class='ocrx_word' id='word_1_732' title='bbox 339 5580 927 5660; x_wconf 45' lang='lat' dir='ltr'><strong>Origenisprcsbywri.</strong></span> <span class='ocrx_word' id='word_1_733' title='bbox 944 5583 1156 5660; x_wconf 72' lang='lat' dir='ltr'><strong>Addita</strong></span> <span class='ocrx_word' id='word_1_734' title='bbox 1181 5597 1488 5660; x_wconf 72' lang='lat' dir='ltr'><strong>arino,_non</strong></span> <span class='ocrx_word' id='word_1_735' title='bbox 1670 5580 1814 5660; x_wconf 44' lang='lat' dir='ltr'><strong>loco:</strong></span> <span class='ocrx_word' id='word_1_736' title='bbox 1830 5580 1981 5639; x_wconf 89' lang='lat' dir='ltr'><strong>Ube-</strong></span> 
     </span>
    </p>
   </div>
   <div class='ocr_carea' id='block_1_106' title="bbox 339 5651 1983 5737">
    <p class='ocr_par' dir='ltr' id='par_1_106' title="bbox 339 5651 1983 5737">
     <span class='ocr_line' id='line_1_106' title="bbox 339 5651 1983 5737; baseline -0.004 -15"><span class='ocrx_word' id='word_1_737' title='bbox 339 5651 552 5722; x_wconf 68' lang='lat' dir='ltr'><strong>rioi‘em</strong></span> <span class='ocrx_word' id='word_1_738' title='bbox 566 5651 1015 5736; x_wconf 64' lang='lat' dir='ltr'><strong>descriptionem</strong></span> <span class='ocrx_word' id='word_1_739' title='bbox 1027 5652 1439 5737; x_wconf 82' lang='lat' dir='ltr'><strong>accipiesinter</strong></span> <span class='ocrx_word' id='word_1_740' title='bbox 1465 5651 1748 5715; x_wconf 82' lang='lat' dir='ltr'><strong>editiones</strong></span> <span class='ocrx_word' id='word_1_741' title='bbox 1774 5653 1983 5732; x_wconf 81' lang='lat' dir='ltr'><strong>Grego-</strong></span> 
     </span>
    </p>
   </div>
   <div class='ocr_carea' id='block_1_107' title="bbox 2079 4677 3736 4756">
    <p class='ocr_par' dir='ltr' id='par_1_107' title="bbox 2079 4677 3736 4756">
     <span class='ocr_line' id='line_1_107' title="bbox 2079 4677 3736 4756; baseline 0.002 -20"><span class='ocrx_word' id='word_1_742' title='bbox 2079 4681 2211 4737; x_wconf 84' lang='lat' dir='ltr'><strong>dum</strong></span> <span class='ocrx_word' id='word_1_743' title='bbox 2246 4683 2500 4737; x_wconf 78' lang='lat' dir='ltr'><strong>Venetam</strong></span> <span class='ocrx_word' id='word_1_744' title='bbox 2523 4680 2584 4734; x_wconf 89' lang='lat' dir='ltr'><strong>in</strong></span> <span class='ocrx_word' id='word_1_745' title='bbox 2632 4677 2849 4736; x_wconf 85' lang='lat' dir='ltr'><strong>laudem</strong></span> <span class='ocrx_word' id='word_1_746' title='bbox 2886 4679 3057 4749; x_wconf 79' lang='lat' dir='ltr'><strong>ipsius</strong></span> <span class='ocrx_word' id='word_1_747' title='bbox 3112 4680 3295 4736; x_wconf 87' lang='lat' dir='ltr'><strong>sancti</strong></span> <span class='ocrx_word' id='word_1_748' title='bbox 3348 4682 3544 4737; x_wconf 82' lang='lat' dir='ltr'><strong>Leonis</strong></span> <span class='ocrx_word' id='word_1_749' title='bbox 3570 4698 3736 4756; x_wconf 81' lang='lat' dir='ltr'><strong>pape.</strong></span> 
     </span>
    </p>
   </div>
   <div class='ocr_carea' id='block_1_108' title="bbox 2082 4765 3737 4842">
    <p class='ocr_par' dir='ltr' id='par_1_108' title="bbox 2082 4765 3737 4842">
     <span class='ocr_line' id='line_1_108' title="bbox 2082 4765 3737 4842; baseline 0.001 -18"><span class='ocrx_word' id='word_1_750' title='bbox 2082 4769 2376 4841; x_wconf 87' lang='lat' dir='ltr'><strong>Impressa</strong></span> <span class='ocrx_word' id='word_1_751' title='bbox 2397 4783 2530 4821; x_wconf 90' lang='lat' dir='ltr'><strong>vero</strong></span> <span class='ocrx_word' id='word_1_752' title='bbox 2557 4765 2885 4821; x_wconf 87' lang='lat' dir='ltr'><strong>cerniturin</strong></span> <span class='ocrx_word' id='word_1_753' title='bbox 2913 4783 3117 4825; x_wconf 85' lang='lat' dir='ltr'><strong>aversa</strong></span> <span class='ocrx_word' id='word_1_754' title='bbox 3146 4768 3268 4824; x_wconf 89' lang='lat' dir='ltr'><strong>folii</strong></span> <span class='ocrx_word' id='word_1_755' title='bbox 3290 4768 3465 4840; x_wconf 91' lang='lat' dir='ltr'><strong>primi</strong></span> <span class='ocrx_word' id='word_1_756' title='bbox 3495 4770 3737 4842; x_wconf 87' lang='lat' dir='ltr'><strong>pagina,</strong></span> 
     </span>
    </p>
   </div>
   <div class='ocr_carea' id='block_1_109' title="bbox 2083 4854 3739 4927">
    <p class='ocr_par' dir='ltr' id='par_1_109' title="bbox 2083 4854 3739 4927">
     <span class='ocr_line' id='line_1_109' title="bbox 2083 4854 3739 4927; baseline 0.002 -15"><span class='ocrx_word' id='word_1_757' title='bbox 2083 4863 2139 4912; x_wconf 90' lang='lat' dir='ltr'><strong>et</strong></span> <span class='ocrx_word' id='word_1_758' title='bbox 2149 4856 2384 4911; x_wconf 87' lang='lat' dir='ltr'><strong>1inea28</strong></span> <span class='ocrx_word' id='word_1_759' title='bbox 2398 4854 2737 4921; x_wconf 89' lang='lat' dir='ltr'><strong>absolvitur,</strong></span> <span class='ocrx_word' id='word_1_760' title='bbox 2771 4854 3150 4927; x_wconf 83' lang='lat' dir='ltr'><strong>proximeque</strong></span> <span class='ocrx_word' id='word_1_761' title='bbox 3162 4858 3541 4914; x_wconf 88' lang='lat' dir='ltr'><strong>succedentes</strong></span> <span class='ocrx_word' id='word_1_762' title='bbox 3559 4859 3739 4916; x_wconf 90' lang='lat' dir='ltr'><strong>habet</strong></span> 
     </span>
    </p>
   </div>
   <div class='ocr_carea' id='block_1_110' title="bbox 2082 4941 3743 5018">
    <p class='ocr_par' dir='ltr' id='par_1_110' title="bbox 2082 4941 3743 5018">
     <span class='ocr_line' id='line_1_110' title="bbox 2082 4941 3743 5018; baseline 0.001 -17"><span class='ocrx_word' id='word_1_763' title='bbox 2082 4945 2489 5015; x_wconf 83' lang='lat' dir='ltr'><strong>rubricas,quae</strong></span> <span class='ocrx_word' id='word_1_764' title='bbox 2504 4942 2694 5013; x_wconf 89' lang='lat' dir='ltr'><strong>prima</strong></span> <span class='ocrx_word' id='word_1_765' title='bbox 2722 4941 2843 4997; x_wconf 80' lang='lat' dir='ltr'><strong>folii</strong></span> <span class='ocrx_word' id='word_1_766' title='bbox 2874 4943 3029 4998; x_wconf 87' lang='lat' dir='ltr'><strong>tertii</strong></span> <span class='ocrx_word' id='word_1_767' title='bbox 3051 4946 3265 5018; x_wconf 87' lang='lat' dir='ltr'><strong>pagina</strong></span> <span class='ocrx_word' id='word_1_768' title='bbox 3287 4945 3743 5003; x_wconf 87' lang='lat' dir='ltr'><strong>1inea35termi-</strong></span> 
     </span>
    </p>
   </div>
   <div class='ocr_carea' id='block_1_111' title="bbox 2084 5030 3743 5107">
    <p class='ocr_par' dir='ltr' id='par_1_111' title="bbox 2084 5030 3743 5107">
     <span class='ocr_line' id='line_1_111' title="bbox 2084 5030 3743 5107; baseline 0.002 -19"><span class='ocrx_word' id='word_1_769' title='bbox 2084 5037 2320 5097; x_wconf 86' lang='lat' dir='ltr'><strong>nantur,</strong></span> <span class='ocrx_word' id='word_1_770' title='bbox 2355 5046 2558 5086; x_wconf 87' lang='lat' dir='ltr'><strong>aversa</strong></span> <span class='ocrx_word' id='word_1_771' title='bbox 2587 5048 2771 5086; x_wconf 88' lang='lat' dir='ltr'><strong>vacua</strong></span> <span class='ocrx_word' id='word_1_772' title='bbox 2801 5030 3023 5088; x_wconf 89' lang='lat' dir='ltr'><strong>relicta.</strong></span> <span class='ocrx_word' id='word_1_773' title='bbox 3054 5033 3269 5089; x_wconf 85' lang='lat' dir='ltr'><strong>Textus</strong></span> <span class='ocrx_word' id='word_1_774' title='bbox 3295 5032 3505 5107; x_wconf 89' lang='lat' dir='ltr'><strong>incipit</strong></span> <span class='ocrx_word' id='word_1_775' title='bbox 3534 5038 3743 5092; x_wconf 86' lang='lat' dir='ltr'><strong>eadem</strong></span> 
     </span>
    </p>
   </div>
   <div class='ocr_carea' id='block_1_112' title="bbox 2087 5119 3741 5199">
    <p class='ocr_par' dir='ltr' id='par_1_112' title="bbox 2087 5119 3741 5199">
     <span class='ocr_line' id='line_1_112' title="bbox 2087 5119 3741 5199; baseline 0.003 -23"><span class='ocrx_word' id='word_1_776' title='bbox 2087 5120 2468 5193; x_wconf 89' lang='lat' dir='ltr'><strong>inscriptione</strong></span> <span class='ocrx_word' id='word_1_777' title='bbox 2499 5135 2564 5175; x_wconf 88' lang='lat' dir='ltr'><strong>ac</strong></span> <span class='ocrx_word' id='word_1_778' title='bbox 2595 5119 2684 5174; x_wconf 92' lang='lat' dir='ltr'><strong>ed.</strong></span> <span class='ocrx_word' id='word_1_779' title='bbox 2717 5136 2768 5175; x_wconf 90' lang='lat' dir='ltr'><strong>a.</strong></span> <span class='ocrx_word' id='word_1_780' title='bbox 2809 5121 2963 5175; x_wconf 80' lang='grc'>1475.</span> <span class='ocrx_word' id='word_1_781' title='bbox 2999 5122 3062 5176; x_wconf 91' lang='lat' dir='ltr'><strong>In</strong></span> <span class='ocrx_word' id='word_1_782' title='bbox 3112 5122 3225 5178; x_wconf 82' lang='lat' dir='ltr'><strong>ﬁne</strong></span> <span class='ocrx_word' id='word_1_783' title='bbox 3257 5123 3476 5196; x_wconf 89' lang='lat' dir='ltr'><strong>pariter</strong></span> <span class='ocrx_word' id='word_1_784' title='bbox 3502 5140 3516 5182; x_wconf 90' lang='lat'><strong>:</strong></span> <span class='ocrx_word' id='word_1_785' title='bbox 3538 5125 3741 5199; x_wconf 71' lang='lat' dir='ltr'><strong>Expli-</strong></span> 
     </span>
    </p>
   </div>
   <div class='ocr_carea' id='block_1_113' title="bbox 2083 5209 2936 5282">
    <p class='ocr_par' dir='ltr' id='par_1_113' title="bbox 2083 5209 2936 5282">
     <span class='ocr_line' id='line_1_113' title="bbox 2083 5209 2936 5282; baseline -0.004 -15"><span class='ocrx_word' id='word_1_786' title='bbox 2083 5213 2241 5267; x_wconf 86' lang='lat' dir='ltr'><strong>ciunt</strong></span> <span class='ocrx_word' id='word_1_787' title='bbox 2270 5209 2549 5267; x_wconf 85' lang='lat' dir='ltr'><strong>Sermones</strong></span> <span class='ocrx_word' id='word_1_788' title='bbox 2580 5210 2749 5265; x_wconf 85' lang='lat' dir='ltr'><strong>leonis</strong></span> <span class='ocrx_word' id='word_1_789' title='bbox 2775 5224 2936 5282; x_wconf 82' lang='lat' dir='ltr'><strong>pape.</strong></span> 
     </span>
    </p>
   </div>
   <div class='ocr_carea' id='block_1_114' title="bbox 2157 5296 3743 5373">
    <p class='ocr_par' dir='ltr' id='par_1_114' title="bbox 2157 5296 3743 5373">
     <span class='ocr_line' id='line_1_114' title="bbox 2157 5296 3743 5373; baseline 0.004 -18"><span class='ocrx_word' id='word_1_790' title='bbox 2157 5300 2397 5356; x_wconf 89' lang='lat' dir='ltr'><strong>Constat</strong></span> <span class='ocrx_word' id='word_1_791' title='bbox 2425 5296 2776 5371; x_wconf 87' lang='lat' dir='ltr'><strong>cpusculum</strong></span> <span class='ocrx_word' id='word_1_792' title='bbox 2801 5296 2956 5353; x_wconf 87' lang='lat' dir='ltr'><strong>foliis</strong></span> <span class='ocrx_word' id='word_1_793' title='bbox 2986 5298 3089 5353; x_wconf 90' lang='lat'><strong>152</strong></span> <span class='ocrx_word' id='word_1_794' title='bbox 3130 5299 3487 5373; x_wconf 85' lang='lat' dir='ltr'><strong>impressum</strong></span> <span class='ocrx_word' id='word_1_795' title='bbox 3535 5301 3743 5362; x_wconf 65' lang='lat' dir='ltr'><strong>chara:</strong></span> 
     </span>
    </p>
   </div>
   <div class='ocr_carea' id='block_1_115' title="bbox 2088 5384 3736 5464">
    <p class='ocr_par' dir='ltr' id='par_1_115' title="bbox 2088 5384 3736 5464">
     <span class='ocr_line' id='line_1_115' title="bbox 2088 5384 3736 5464; baseline 0.002 -18"><span class='ocrx_word' id='word_1_796' title='bbox 2088 5392 2241 5446; x_wconf 87' lang='lat' dir='ltr'><strong>ctere</strong></span> <span class='ocrx_word' id='word_1_797' title='bbox 2262 5388 2494 5461; x_wconf 89' lang='lat' dir='ltr'><strong>gothico</strong></span> <span class='ocrx_word' id='word_1_798' title='bbox 2526 5384 2858 5458; x_wconf 91' lang='lat' dir='ltr'><strong>majusculo</strong></span> <span class='ocrx_word' id='word_1_799' title='bbox 2888 5385 2947 5441; x_wconf 90' lang='lat' dir='ltr'><strong>in</strong></span> <span class='ocrx_word' id='word_1_800' title='bbox 2978 5386 3182 5447; x_wconf 87' lang='lat' dir='ltr'><strong>charta</strong></span> <span class='ocrx_word' id='word_1_801' title='bbox 3208 5388 3342 5446; x_wconf 89' lang='lat' dir='ltr'><strong>alba</strong></span> <span class='ocrx_word' id='word_1_802' title='bbox 3370 5390 3736 5464; x_wconf 89' lang='lat' dir='ltr'><strong>mundaque,</strong></span> 
     </span>
    </p>
   </div>
   <div class='ocr_carea' id='block_1_116' title="bbox 2088 5506 2884 5569">
    <p class='ocr_par' dir='ltr' id='par_1_116' title="bbox 2088 5506 2884 5569">
     <span class='ocr_line' id='line_1_116' title="bbox 2088 5506 2884 5569; baseline -0.005 0"><span class='ocrx_word' id='word_1_803' title='bbox 2088 5512 2295 5569; x_wconf 88' lang='lat' dir='ltr'><strong>rianas.</strong></span> <span class='ocrx_word' id='word_1_804' title='bbox 2315 5511 2375 5566; x_wconf 90' lang='lat' dir='ltr'><strong>in</strong></span> <span class='ocrx_word' id='word_1_805' title='bbox 2406 5515 2564 5566; x_wconf 88' lang='lat' dir='ltr'><strong>torno</strong></span> <span class='ocrx_word' id='word_1_806' title='bbox 2595 5506 2884 5569; x_wconf 84' lang='lat' dir='ltr'><strong>sequenti.</strong></span> 
     </span>
    </p>
   </div>
   <div class='ocr_carea' id='block_1_117' title="bbox 2162 5579 2960 5732">
    <p class='ocr_par' dir='ltr' id='par_1_117' title="bbox 2162 5579 2960 5732">
     <span class='ocr_line' id='line_1_117' title="bbox 2162 5579 2960 5732; baseline -0.003 -94"><span class='ocrx_word' id='word_1_807' title='bbox 2162 5582 2236 5732; x_wconf 42' lang='grc' dir='ltr'><strong>(δὲ</strong></span> <span class='ocrx_word' id='word_1_808' title='bbox 2267 5582 2401 5637; x_wconf 86' lang='lat' dir='ltr'><strong>Vid.</strong></span> <span class='ocrx_word' id='word_1_809' title='bbox 2434 5589 2472 5639; x_wconf 88' lang='lat' dir='ltr'><strong>t.</strong></span> <span class='ocrx_word' id='word_1_810' title='bbox 2506 5581 2637 5662; x_wconf 44' lang='grc' dir='ltr'><strong>Ιηρ,</strong></span> <span class='ocrx_word' id='word_1_811' title='bbox 2672 5579 2795 5636; x_wconf 84' lang='lat'><strong>475.</strong></span> <span class='ocrx_word' id='word_1_812' title='bbox 2949 5649 2960 5662; x_wconf 43' lang='grc'><em>,</em></span> 
     </span>
     <span class='ocr_line' id='line_1_118' title="bbox 2165 5647 2960 5732; baseline -0.004 -20"><span class='ocrx_word' id='word_1_813' title='bbox 2165 5659 2214 5732; x_wconf 82' lang='lat' dir='ltr'><strong>(c</strong></span> <span class='ocrx_word' id='word_1_814' title='bbox 2257 5653 2387 5714; x_wconf 87' lang='lat' dir='ltr'><strong>Vid.</strong></span> <span class='ocrx_word' id='word_1_815' title='bbox 2420 5652 2624 5713; x_wconf 85' lang='lat' dir='ltr'><strong>Deme.</strong></span> <span class='ocrx_word' id='word_1_816' title='bbox 2654 5647 2866 5713; x_wconf 84' lang='lat' dir='ltr'><strong>Garell.</strong></span> <span class='ocrx_word' id='word_1_817' title='bbox 2898 5649 2960 5710; x_wconf 83' lang='grc' dir='ltr'><strong>Β]</strong></span> 
     </span>
    </p>
   </div>
   <div class='ocr_carea' id='block_1_118' title="bbox 2165 5647 3283 5733">
    <p class='ocr_par' dir='ltr' id='par_1_118' title="bbox 2165 5647 3283 5733">
     <span class='ocr_line' id='line_1_119' title="bbox 2165 5647 3283 5733; baseline 0.001 -21"><span class='ocrx_word' id='word_1_818' title='bbox 2165 5647 2235 5733; x_wconf 81' lang='grc' dir='ltr'><strong>(ο)</strong></span> <span class='ocrx_word' id='word_1_819' title='bbox 2257 5653 2387 5714; x_wconf 87' lang='lat' dir='ltr'><strong>Vid.</strong></span> <span class='ocrx_word' id='word_1_820' title='bbox 2420 5647 2630 5713; x_wconf 66' lang='lat' dir='ltr'><strong>Denis.</strong></span> <span class='ocrx_word' id='word_1_821' title='bbox 2654 5647 2866 5713; x_wconf 84' lang='lat' dir='ltr'><strong>Garell.</strong></span> <span class='ocrx_word' id='word_1_822' title='bbox 2898 5649 3047 5711; x_wconf 88' lang='lat' dir='ltr'><strong>Bibl.</strong></span> <span class='ocrx_word' id='word_1_823' title='bbox 3064 5669 3126 5730; x_wconf 75' lang='grc' dir='ltr'>ρ.</span> <span class='ocrx_word' id='word_1_824' title='bbox 3161 5652 3283 5713; x_wconf 78' lang='lat'><strong>195.</strong></span> 
     </span>
    </p>
   </div>
  </div>
