3914 6232
90 437 140 495 ’13
435 435 1051 501 ΒΟΗίῈΝΕΜΑΝΝΙ
1096 439 1418 501 NOTlTlA
1463 439 1636 502 HIS'I

1908 444 2399 509 LITTERARlA
2441 447 2521 508 ΙΝ
2565 448 2632 509 S.
2676 447 3032 511 LWEM.
3369 447 3454 508 IL

88 567 210 624 lineis
236 566 288 624 in
317 568 548 642 integra
576 570 800 645 pagina
828 570 918 634 3a.
937 571 1282 645 Signaturze,
1307 573 1559 638 numeri,
1588 589 1685 628 cu-
1710 575 1769 642 Α
2425 595 2654 638 samum
2690 597 2808 639 xw.

89 660 234 714 studes
259 663 310 714 et
337 657 545 715 litteraa
569 659 834 717 initiates
855 663 1090 718 absunt.
1117 662 1576 734 Interpunctioni
1597 679 1686 718 so-
1869 665 2027 721 1505.
2065 667 2298 724 Venetiis
2325 668 2386 724 in
2416 671 2802 742 typographcio
2830 667 3226 726 Bartholonmi
3249 665 3320 724 de
3343 665 3446 724 Za-

87 747 174 802 lum
212 753 476 821 punctum
526 748 802 807 inseruit.
856 750 1016 810 Hanc
1064 751 1183 809 fere
1231 751 1682 824 descriptionem
1792 754 1880 809 nis
1915 754 1982 810 de
2023 756 2266 814 Portesio
2313 757 2559 814 libraria:
2605 758 2746 816 artis
2786 759 3146 832 peritissimo,
3191 756 3447 830 expensis

87 836 295 894 editionis
332 836 474 895 mihi
508 837 824 911 incognita
863 841 1082 912 prabet
1113 840 1172 896 P.
1203 841 1462 906 Placidus
1491 843 1684 898 Braun
1791 841 2074 900 haeredum
2102 844 2306 902 nobilis
2335 848 2449 902 viri
2489 847 2548 916 ρ.
2583 848 2804 905 Domini
2846 846 3130 905 Octaviani
3155 846 3325 917 Secti,
3355 861 3444 917 in;

85 925 126 981 in
148 927 241 984 Not.
281 928 409 982 Hist.
443 929 556 984 Lit.
593 929 643 996 Ι,
668 945 727 1000 p.
754 929 845 998 56,
868 945 1118 1002 eamque
1159 930 1287 1002 jam
1318 948 1353 986 a
1378 931 1585 988 Bavero
1620 930 1680 986 in
1788 932 1886 1003 fol.
1920 932 1978 988 S.
2011 933 2218 990 Leonis
2261 934 2592 992 Sermones.
2615 936 2792 993 Juxta
2817 935 3137 1002 editionem
3165 935 3442 992 Parmen-

84 1016 186 1070 Bibl.
212 1017 429 1072 univers.
457 1017 510 1072 T.
536 1015 610 1084 II,
638 1034 694 1089 p.
719 1017 850 1087 275,
875 1022 1138 1076 notatam
1168 1035 1298 1077 esse
1327 1023 1545 1077 monet.
1572 1021 1682 1092 Ap-
1789 1037 1936 1078 sem.
1968 1022 2398 1088 Commemorat
2428 1025 2748 1093 Quesnellus
2777 1025 2840 1093 in
2866 1027 3098 1097 Prmfat.
3127 1040 3251 1097 gen.

85 1109 392 1177 perstantem
412 1122 545 1162 eam
571 1106 648 1164 ab
670 1104 775 1168 illa
795 1123 973 1179 quam
997 1109 1107 1164 sub
1133 1125 1286 1170 anno
1310 1109 1448 1165 1475
1479 1125 1677 1166 recen-
1862 1111 2018 1166 1511.
2049 1111 2290 1168 Parisiis
2334 1129 2436 1184 per
2480 1115 2569 1170 Jo.
2610 1113 2853 1170 Badium
2893 1113 3229 1176 Ascensium.
3261 1112 3436 1170 ἱνα-4ο.

84 1194 146 1249 sui
163 1194 444 1256 admodum
464 1210 602 1252 esse
625 1195 944 1264 diversam,
965 1198 1200 1254 tametsi
1223 1214 1292 1254 ex
1321 1197 1511 1254 titulis
1541 1214 1677 1254 con-
1786 1198 1845 1254 S.
1870 1199 2080 1257 Leonis
2108 1217 2270 1274 papae
2293 1201 2564 1274 Epistolis
2588 1202 2888 1260 catholicas
2919 1207 2976 1260 et
3003 1205 3219 1259 sanctae
3249 1199 3440 1260 erudi-

85 1282 236 1340 cludas
258 1301 421 1342 unam
443 1299 516 1340 ex
535 1283 726 1343 altera
747 1285 933 1343 fuisse
951 1302 1310 1359 expressam,
1335 1291 1512 1360 atque
1533 1288 1676 1346 adeo
1783 1287 1964 1344 tionis
2011 1288 2388 1361 plenissimae.
2414 1293 2532 1349 Cat.
2571 1292 2715 1349 Bibl.
2747 1292 2876 1360 Reg.
2907 1291 3091 1358 Paris.
3122 1289 3190 1347 it.
3218 1291 3434 1348 Bunau.

83 1371 242 1429 habere
261 1373 544 1445 inquibus
563 1391 604 1440 ,a
624 1373 905 1431 Romanis
922 1375 1251 1449 archetypis
1268 1375 1678 1450 dili‘erant.0p'
1783 1379 1841 1436 et
1868 1377 2076 1434 Bodlei.
2099 1377 2358 1434 Insertus
2388 1383 2477 1440 est
2513 1377 2748 1436 libellus
2777 1380 2851 1436 de
2879 1379 3147 1452 Conﬂictu
3172 1379 3436 1436 uitiorum

83 1464 455 1536 taverimigitur
471 1468 537 1521 ut
553 1463 682 1520 viro
701 1464 1088 1532 solertissimo
1104 1464 1428 1538 placuisset
1443 1470 1675 1523 conten-
1781 1470 1835 1522 et
1862 1468 2150 1538 virtutum,
2183 1467 2376 1538 Leoni,
2412 1473 2475 1524 ut
2503 1471 2590 1526 tot
2631 1467 2763 1526 aliis
2801 1468 3094 1542 Patribus,
3126 1484 3434 1544 perperam

82 1556 123 1607 ta
139 1552 355 1622 ejusdem
377 1552 600 1610 diserte
622 1553 903 1612 indicare.
924 1553 1194 1614 Hmsitavi
1213 1554 1670 1628 aliquantulum,
1781 1555 2091 1628 ascriptus.

82 1641 150 1711 qui
167 1642 345 1697 factum
365 1643 535 1711 sit,ut
556 1648 692 1698 tum
713 1644 1145 1715 Braunius,tum
1163 1643 1263 1700 alii
1280 1644 1670 1718 bibliographi
1853 1645 2008 1700 1515.
2034 1646 2292 1715 Parisiis,
2348 1646 2518 1714 ἱη-4ο,
2572 1645 2778 1702 Leonis
2834 1644 3129 1718 pontificis
3186 1643 3429 1704 maximi

83 1730 770 1789 inastimandaeditionum
789 1732 1292 1794 innominatarum
1306 1737 1471 1790 aetate
1488 1750 1668 1791 unam
1777 1734 2088 1790 Sermones
2115 1749 2292 1806 quam
2320 1733 2770 1808 diligentissime
2794 1734 3130 1808 nuperrime
3160 1733 3432 1808 castigati

82 1819 354 1882 estimanda
379 1820 712 1879 editionum
756 1821 1258 1879 innominatorum
1291 1826 1457 1879 aetate
1487 1840 1669 1881 unum
1777 1827 1836 1879 et
1867 1826 2156 1896 quantum
2188 1823 2372 1879 anniti
2405 1840 2501 1880 ars
2531 1822 2720 1897 potuit
2749 1822 2992 1890 feliciter
3018 1821 3315 1896 impressi.
3340 1823 3432 1881 Ye-

81 1909 164 1966 fere
185 1926 420 1968 normam
450 1911 596 1966 anni
617 1911 772 1967 -1475
803 1919 1208 1984 sequerentur.
1229 1912 1362 1969 Jam
1392 1913 1669 1970 Braunius
1695 1948 1744 2014 Β
1775 1912 2116 1968 numdanlur
2142 1913 2395 1968 Parisius
2425 1912 2554 2002 (sic)
2578 1913 2637 1968 in
2666 1913 2784 1969 vico
2811 1911 2927 1969 divi
2951 1911 3138 1970 Jacobi
3156 1912 3255 1969 sub
3283 1912 3429 1971 Lilia

81 1999 250 2054 addidit
274 2017 320 2056 ει.
352 2001 504 2057 1475.
529 1998 715 2056 aliam
740 1999 1054 2058 editionem
1078 2002 1300 2074 absque
1319 2002 1666 2076 typographi
1695 1997 1744 2014 ”
1775 2018 1944 2059 aureo
1971 2019 2006 2058 a
2031 2003 2240 2058 Joanne
2265 2004 2442 2058 Parvo
2475 1997 2632 2074 (Jean
2659 2000 2844 2073 Petit).

81 2090 118 2140 et
138 2085 225 2142 loci
251 2092 371 2144 nota
409 2088 728 2160 prodiisse.
762 2088 910 2146 Cave
947 2107 1083 2146 vero
1114 2107 1186 2148 ne
1225 2107 1405 2163 supra
1433 2108 1466 2146 a
1496 2091 1666 2158 nobis
1844 2090 2155 2162 Exemplar
2198 2090 2370 2163 juxta
2416 2091 2570 2164 quod
2623 2089 2906 2163 descripti
2961 2091 3121 2160 sunt,
3151 2087 3428 2154 editionis

81 2176 361 2250 descriptam
387 2177 694 2251 cognitam
725 2177 838 2250 ipsi
860 2178 1179 2238 existimes.
1200 2178 1329 2236 Alia
1356 2196 1535 2238 causa
1563 2198 1665 2237 su-
1774 2179 2047 2237 Romanae
2096 2179 2225 2236 fuit.
2259 2180 2464 2236 Insunt
2505 2179 2687 2253 igitur
2732 2182 2790 2236 et
2827 2177 3086 2253 epistolae
3133 2178 3190 2248 5,
3220 2178 3425 2236 eodem

82 2264 187 2331 best,
213 2265 422 2323 Deburii
451 2283 667 2340 nempe
695 2273 1117 2339 commentum,
1146 2272 1314 2342 quasi
1344 2269 1520 2334 editio
1550 2270 1663 2328 Ro-
1772 2284 1976 2325 omnes
2007 2267 2210 2325 ordine
2231 2272 2287 2325 et
2306 2267 2678 2342 appendices.
2703 2267 2768 2325 In
2795 2267 2927 2336 ﬁne,
2954 2266 3225 2334 absoluto
3252 2265 3425 2340 plane
3527 2342 3536 2348 _

84 2371 210 2412 mana
255 2355 458 2429 absque
515 2355 661 2412 anni
691 2361 830 2414 nota
858 2356 1058 2430 (Ulrici
1086 2357 1279 2430 Galli),
1313 2375 1466 2415 anno
1526 2359 1666 2415 1475
1771 2356 1997 2430 reliquo
2028 2373 2220 2431 opere,
2244 2362 2377 2430 post
2405 2357 2683 2432 paginam
2703 2373 2947 2415 vacuam
2973 2355 3096 2415 folii
3125 2356 3339 2424 ultimi,
3362 2355 3422 2414 id

86 2459 267 2512 pmusn
316 2445 504 2502 fuerit.
541 2445 691 2502 Hinc
749 2463 941 2503 annus
1001 2446 1110 2504 iste
1166 2447 1516 2520 percrebuit.
1549 2449 1662 2506 Sed
1771 2451 1879 2516 est,
1895 2446 2196 2504 centesimi
2219 2446 2587 2518 octavi,adeo
2605 2447 2942 2522 utseparari
2963 2446 3426 2520 possit,additus

85 2530 195 2588 hunc
239 2533 478 2591 Deburii-
510 2551 775 2593 errorem
817 2535 877 2594 P.
912 2539 1056 2592 Xav.
1090 2537 1254 2595 Laire
1313 2537 1372 2594 in
1426 2537 1659 2610 Specim.
1771 2541 1859 2594 est
1888 2537 2106 2594 libellus
2135 2537 2326 2594 Leonis
2353 2552 2515 2610 papae
2556 2537 2620 2594 de
2665 2537 2934 2609 Conﬂictu
2959 2537 3240 2601 vitiorum.
3272 2535 3422 2594 Huic

87 2635 123 2689 p,
151 2623 226 2676 153
249 2624 624 2697 reprehendit.
1769 2625 1960 2695 titulo,
1994 2626 2093 2698 qui
2125 2623 2186 2680 in
2217 2637 2452 2683 samma
2494 2626 2710 2698 pagina
2733 2625 3011 2696 cernitur,
3042 2625 3424 2699 sﬁbjungitur

134 2709 232 2768 Siue
255 2729 400 2782 anno,
448 2714 565 2792 loco
619 2717 672 2771 et
721 2717 938 2788 typogr.
973 2714 1165 2786 in—fol.
1201 2715 1302 2787 (III
1331 2713 1420 2772 vel
1451 2715 1568 2788 IV).
1602 2719 1658 2773 S.
1771 2715 1972 2772 statim
1993 2713 2195 2770 uetula
2219 2732 2232 2771 :
2255 2716 2422 2772 Leoni
2440 2716 2668 2787 insuper
2685 2714 2827 2787 quod
2845 2717 3096 2788 sequitur
3121 2713 3423 2772 ascﬂbitur

87 2795 236 2855 Leonis
258 2819 401 2876 papa
423 2803 762 2882 Sermones.
784 2803 872 2859 Ab
893 2802 1060 2860 initio
1083 2821 1098 2861 :
1119 2806 1322 2878 Incipit
1352 2805 1492 2862 liber
1520 2806 1665 2863 beati
1768 2803 2108 2877 opusculum.
2139 2802 2284 2858 Illud
2310 2819 2436 2873 ergo
2467 2803 2629 2876 (quod
2657 2804 2954 2862 conducere
2978 2803 3287 2877 uidebatur)
3315 2803 3423 2860 ad-

88 2885 223 2943 Lamis
239 2905 386 2966 papa
419 2895 771 2960 Sermonum,
804 2896 856 2948 et
885 2884 1060 2952 ser-mo
1096 2893 1313 2966 primus
1341 2893 1407 2952 de
1431 2895 1661 2952 ordina-
1767 2893 2028 2949 didimus.
2081 2892 2340 2963 Tuitaque
2387 2891 2652 2965 quidquid
2695 2897 2745 2950 et
2783 2892 2934 2950 illud
2979 2901 3078 2960 est,
3109 2892 3422 2964 wguilector

89 2977 188 3031 una
220 2995 306 3034 sua
337 2982 614 3054 sequitur.
651 2984 719 3036 In
766 2981 883 3038 ﬁne
910 2998 928 3036 ,:
964 2983 1121 3038 Ihesu
1171 2981 1420 3040 Christus
1462 2984 1658 3041 Maria.
1768 2985 1968 3056 optime
2000 2982 2254 3052 bonique,
2282 2982 2569 3038 consulito.
2599 2981 2856 3055 Occupat
2897 2980 3036 3039 folia
3063 2983 3116 3052 8,
3151 2997 3282 3056 qua!
3310 2997 3421 3039 nu-

90 3061 235 3121 lnsunt
257 3068 544 3130 Sermones
573 3071 671 3138 94,
699 3087 951 3143 quorum
997 3070 1360 3144 penultimus
1399 3077 1662 3130 tractatus
1767 3071 1947 3129 meris
1976 3086 2092 3126 non
2120 3069 2450 3143 signantur.
2476 3071 2538 3126 In
2563 3071 2678 3128 ﬁne
2706 3071 2830 3127 haec
2857 3070 3157 3129 clausula:
3181 3071 3423 3144 Explicit

88 3159 220 3210 contra
243 3157 447 3215 heresim
473 3159 811 3232 Eutychetis,
835 3160 1079 3217 ultimus
1105 3158 1298 3218 sermo
1329 3162 1400 3218 de
1428 3162 1662 3220 Absalon
1762 3161 2070 3234 pra3clarus
2100 3163 2152 3215 et
2172 3160 2403 3230 insignis
2426 3163 2692 3215 tractatus
2709 3161 2904 3216 Leonis
2917 3177 3059 3234 pape
3081 3160 3148 3217 de
3165 3160 3420 3230 conﬂictu

90 3247 148 3296 est
170 3248 480 3319 suppositus.
505 3248 710 3306 Tertia
742 3249 864 3305 haec
893 3254 1001 3318 est,
1025 3250 1111 3306 vel
1144 3250 1193 3306 si
1225 3251 1430 3320 mavis,
1452 3256 1661 3324 quarta
1699 3317 1731 3324 _
1766 3251 2025 3307 vitiorum
2054 3253 2106 3306 et
2134 3250 2432 3312 uirtutum;
2466 3265 2574 3305 vna
2618 3265 2744 3305 cum
2773 3250 3114 3306 sermonibus
3155 3248 3415 3306 eiusdem.

90 3317 332 3392 editionum
361 3339 563 3395 Leonis
617 3339 796 3394 locum
825 3343 881 3395 et
921 3317 1132 3395 annum
1161 3339 1318 3397 haud
1350 3317 1657 3414 pr'm-t'eren-
1689 3317 1732 3386 δ
1766 3339 2179 3408 Ραννὴιδίίδᾳαε
2207 3338 2500 3409 impressus
2532 3339 2588 3393 in
2621 3338 2732 3394 soie
2759 3353 2922 3395 aureo
2952 3339 3062 3394 vici
3086 3336 3212 3394 diui
3237 3337 3419 3394 Iacobi

90 3420 368 3497 tium,atque
387 3428 656 3483 omnium
678 3427 917 3484 omnino
935 3429 1307 3500 antiquarum
1336 3431 1656 3487 rarissima.
1762 3445 1866 3501 per
1913 3429 2244 3497 magistrum
2296 3426 2646 3483 Berlholium
2701 3427 2946 3484 rembolt.
2989 3427 3145 3484 Anno
3194 3425 3311 3483 cini.
3343 3426 3414 3482 ll.

89 3508 243 3567 Notitia
261 3516 375 3585 ejus
402 3517 652 3573 debetur
683 3518 904 3573 Denisio
933 3518 1002 3574 V.
1027 3518 1143 3574 Cel.
1169 3519 1228 3574 in
1262 3520 1657 3577 Memorabilib.
1769 3516 2208 3576 CCCCC.XV.die
2236 3532 2361 3572 vero
2397 3517 2464 3572 II.
2497 3517 2708 3573 martii.
2735 3516 3110 3574 Characteres
3143 3520 3284 3573 sunt
3310 3531 3416 3590 go-

88 3596 184 3653 Bill.
204 3600 372 3659 Garell.
395 3606 603 3677 p.194,
625 3621 730 3664 nec
752 3610 960 3678 praeter
980 3623 1114 3663 eum
1137 3607 1449 3681 quisquam
1471 3609 1664 3667 hacte—
1768 3606 1909 3663 thici
1941 3604 2173 3673 minuti,
2206 3605 2383 3661 verba
2425 3604 2644 3662 crebris
2673 3603 3038 3679 compendiis
3067 3605 3319 3674 concisa,
3353 3603 3416 3662 in

87 3702 162 3743 nus
183 3693 475 3766 exemplum
502 3695 666 3750 illius
699 3696 987 3752 tractavit.
1008 3697 1271 3752 Prodidit
1298 3698 1496 3771 itaque
1525 3699 1663 3756 folia
1770 3694 2035 3768 margine
2063 3693 2193 3750 loca
2219 3693 2542 3767 insigniora
2569 3694 2777 3752 Leonis
2813 3693 3089 3752 lemmate
3118 3698 3418 3768 notantur,

85 3772 507 3846 hujnsvoluminis
525 3802 559 3840 ει
576 3801 642 3840 se
661 3789 968 3842 numerata
983 3802 1112 3842 esse
1130 3786 1250 3854 133,
1265 3785 1552 3844 linearum
1570 3789 1660 3857 37,
1770 3789 1828 3842 et
1855 3783 2206 3840 biblicorum
2239 3782 2469 3840 numeri
2501 3789 2640 3840 sunt
2670 3783 2932 3857 ascripti.

82 3861 248 3926 litteras
271 3887 385 3928 esse
414 3874 704 3947 gothicas,
730 3874 831 3931 sed
880 3874 1012 3930 novi
1052 3875 1223 3948 plane
1254 3877 1506 3950 generis,
1537 3893 1660 3935 mae
1842 3872 1999 3929 1516.
2033 3872 2296 3945 Lugduni
2317 3889 2420 3944 per
2452 3874 2760 3930 Johannem
2788 3872 2962 3930 Clein.
2994 3874 3186 3948 in-fol.
3211 3872 3420 3931 Leonis

76 3952 275 4019 jusculas
291 3959 583 4032 nimirum,
609 3962 964 4020 ﬂuctuantes
987 3968 1040 4020 et
1063 3980 1324 4036 asperas,
1341 3982 1466 4037 qua:
1493 3966 1663 4040 quasi
1769 3967 2078 4020 Sermones
2107 3962 2341 4034 aliquot,
2365 3960 2425 4017 in
2457 3961 2796 4020 Homiliario
2821 3963 3129 4042 doctorum
3159 3963 3200 4020 Β.
3229 3964 3424 4035 Augu-

81 4041 248 4116 snlpro
271 4055 496 4108 exarata:
525 4050 859 4107 videantur.
889 4050 1096 4109 Mediis
1131 4051 1189 4107 in
1212 4053 1456 4114 vocibus
1484 4055 1667 4112 tradit
1771 4053 1986 4112 stinus.

80 4135 274 4205 conspici
302 4140 507 4210 passim
535 4140 769 4196 litteras
801 4141 1082 4197 rotundas
1111 4159 1171 4210 a,
1201 4145 1269 4212 si,
1305 4145 1363 4198 et
1390 4151 1461 4211 ct,
1488 4147 1664 4216 atque
1845 4141 2002 4197 1524.
2034 4140 2362 4196 Parisiis....
2393 4141 2576 4212 in-fol.
2604 4138 2874 4212 Epistolas
2906 4138 3113 4196 Leonis
3148 4153 3335 4220 papas,
3361 4139 3424 4194 in

83 4221 278 4282 unciales
301 4230 352 4295 Ο,
375 4229 436 4297 Ο,
460 4231 517 4298 S,
541 4230 615 4297 T,
654 4228 869 4302 sepius
917 4230 1244 4286 Romanam
1293 4231 1542 4288 formam
1575 4250 1663 4289 re-
1771 4231 1956 4288 Jacobi
2001 4229 2221 4285 Merlini
2247 4227 2597 4284 Collectione
2635 4230 2996 4284 conciliorum
3020 4243 3146 4284 cum
3193 4242 3423 4299 gmn-

83 4305 207 4366 ferre.
226 4312 354 4371 Rara
388 4317 719 4375 litterarum
753 4318 1119 4391 compendia.
1155 4319 1555 4378 Distinctionis
1586 4321 1664 4378 si-
1775 4320 1934 4385 lium,
1957 4327 2074 4374 tum
2090 4318 2366 4389 provinc.,
2399 4324 2451 4372 et
2477 4317 2737 4373 decretor.
2768 4317 3193 4389 pontiﬁciorum.

85 4406 180 4462 33a.
195 4407 440 4470 punctum
462 4411 520 4463 et
541 4405 740 4483 colon.
760 4406 992 4462 Absunt
1015 4409 1308 4476 custodes,
1327 4407 1661 4482 signaturis,
1841 4407 2031 4464 Testis
2061 4409 2150 4463 est
2173 4405 2522 4478 Quesnellus,
2554 4405 2656 4478 qui
2690 4407 2999 4483 nonaginta
3039 4409 3273 4479 quatuor
3299 4405 3424 4480 epi-

85 4489 274 4556 numeri,
309 4491 623 4570 litteraeque
675 4479 950 4552 initiales.
985 4495 1246 4569 Singulis
1293 4479 1666 4555 sermonibus
1771 4497 1922 4554 tolas
1971 4494 2428 4565 Leonis,multis
2474 4493 2714 4567 quidem
2760 4480 2904 4552 locis
2952 4495 3285 4564 mendosae,
3319 4479 3424 4552 sed

86 4570 198 4627 tituli
229 4579 308 4634 sui
335 4589 462 4651 sunt
499 4583 776 4657 ascripti;
811 4583 1060 4656 singulis
1093 4585 1153 4640 in
1187 4585 1300 4641 ﬁne
1332 4585 1530 4644 addita
1557 4604 1667 4643 vox
1771 4585 2030 4644 vicissim
2060 4586 2121 4641 in
2153 4583 2451 4657 aliquibus
2481 4583 2666 4641 multo
2697 4584 3116 4643 recentioribus
3145 4585 3424 4644 emenda-

84 4657 419 4760 ‘i‘menLlitteris
439 4673 556 4730 late
587 4673 973 4729 distantibus.
993 4674 1300 4746 Ascriptus
1333 4678 1456 4730 erat
1475 4692 1668 4731 exem-
1697 4694 1746 4760 Ι)
1771 4677 1951 4734 tiores
1981 4675 2172 4740 inesse
2202 4673 2425 4730 scribit.

87 4746 192 4836 piari
217 4752 507 4820 Gerelliano
558 4763 754 4820 colore
795 4779 1091 4836 purpureo
1135 4780 1328 4819 annus
1378 4763 1534 4832 1461,
1568 4763 1668 4820 sed
1697 4746 1742 4760 ”
1847 4766 2004 4820 1525.
2027 4762 2284 4835 Lugduni
2305 4778 2407 4834 per
2432 4765 2698 4820 Joannem
2731 4763 2976 4836 Crespin.
3008 4763 3194 4836 in-fol.
3218 4762 3424 4821 Leonis

87 4831 408 4924 Itaudulenter
433 4851 543 4909 hoc
585 4831 815 4908 factum
838 4831 966 4908 esse
1007 4853 1344 4924 suspicatur
1371 4831 1665 4909 Denisius.
1777 4853 2088 4910 Sermones
2111 4831 2373 4922 aliquot;
2404 4851 2558 4908 inter
2583 4831 2869 4909 Homilios-
2889 4831 3193 4911 doctorum
3237 4851 3427 4912 eccle-

209 4929 302 5001 ipsi
339 4941 733 5011 conjecturam
793 4941 941 4996 ferre
999 4944 1196 4997 coacto
1227 4940 1313 4996 vel
1370 4941 1668 4998 Antonium
1776 4941 2170 5008 siasticorum,
2204 4943 2314 4995 etc.

92 5009 201 5104 δύνῃ,
217 5009 583 5097 Augustanum,
610 5029 701 5085 vel
731 5029 1040 5086 Conradum
1060 5031 1241 5096 Finer,
1267 5030 1638 5099 Esslingensen

1886 5031 2006 5086 525.
2038 5030 2331 5099 Moguntina
2374 5028 2520 5101 apud
2555 5031 2636 5086 Jo.
2670 5030 2952 5104 Scheeﬂer,
2984 5031 3271 5104 in-fol.....
3317 5029 3432 5088 De-

94 5103 327 5179 artiﬁcem,
346 5116 516 5174 videri
545 5119 911 5192 pronuntiat.
938 5118 1088 5175 Illud
1117 5135 1252 5174 vero
1281 5135 1350 5175 ex
1381 5119 1669 5175 contentis
1779 5122 1937 5174 creta
1967 5117 2175 5174 Leonis
2205 5133 2366 5190 papa
2416 5117 2506 5189 49,
2537 5118 2598 5173 in
2643 5119 2734 5174 ed.
2768 5103 3033 5193 principe
3060 5103 3433 5180 Collectionis

96 5193 415 5285 Etnnilestum,
435 5225 550 5264 non
593 5224 662 5263 ex
691 5207 996 5276 Romanis,
1017 5224 1338 5280 earumque
1367 5207 1666 5280 repetitio-
1780 5207 1985 5264 Concil.
2013 5215 2064 5263 et
2109 5209 2320 5265 Canon.
2352 5207 2607 5279 Dionysii
2645 5209 2872 5279 Exigui,
2906 5225 3082 5283 quem
3112 5226 3265 5285 saepe
3303 5210 3433 5282 jam

100 5277 241 5351 nibus.
257 5286 492 5366 Venetis,
518 5297 622 5354 sed
662 5314 733 5354 ex
773 5314 891 5352 una
930 5277 1313 5368 reliquarum,
1339 5277 1488 5369 quas
1535 5301 1670 5353 ante
1779 5296 1840 5352 in
1872 5295 2270 5369 superioribus
2302 5295 2708 5369 allegavimus.

100 5376 703 5464 feeensuimusmmissis
751 5384 1110 5458 quibusdam
1160 5389 1219 5442 et
1266 5385 1482 5442 additis
1516 5384 1668 5456 aliis,
1854 5387 2014 5442 1530.
2045 5384 2286 5443 Coloniae
2330 5401 2400 5440 ex
2446 5384 2539 5456 off.
2570 5387 2723 5442 Petri
2770 5387 3018 5456 Queniel.
3049 5387 3253 5464 in-fol.
3298 5383 3434 5457 Epi-

104 5450 208 5549 δείξω
235 5450 512 5530 editionem
546 5475 730 5531 fuisse
763 5450 1136 5548 descriptam.
1653 5450 1662 5456 I
1785 5474 1945 5532 stolas
1988 5474 2193 5530 Leonis
2242 5489 2432 5547 papas;
2479 5450 2548 5529 in
2606 5450 2852 5548 repetita
2902 5450 3168 5549 ejusdem
3216 5450 3437 5531 Μεγιῗηί

153 5543 250 5642 ξὶςιε
273 5570 415 5628 anno,
447 5563 682 5621 Colonia
723 5580 828 5637 per
873 5543 1103 5620 Conrad.
1139 5563 1206 5620 de
1234 5563 1550 5620 Homborch.
1583 5565 1672 5620 in-
1784 5563 2131 5621 Collectione
2177 5543 2339 5618 conc:
2374 5577 2520 5632 gen.,
2552 5543 2751 5622 δια-Τ.
2785 5565 2856 5638 ΙΙ,
2885 5543 2951 5623 at
2963 5566 3063 5638 fol.
3097 5565 3200 5622 188
3229 5562 3302 5642 ad
3325 5558 3435 5619 228

110 5628 176 5694 [οι.
200 5635 366 5702 Leonis
407 5667 702 5710 sermones
723 5628 984 5724 .aliquot;
1013 5652 1073 5708 in
1121 5651 1452 5709 Homiliorio
1496 5651 1674 5711 docto-
1784 5650 2055 5727 Epistolm
2085 5628 2470 5708 numerantur
2496 5628 2712 5710 XCVII.

113 5731 216 5794 tum,
239 5731 457 5795 editione
492 5757 671 5816 supra
705 5742 867 5800 inter
892 5739 1323 5820 Augustiniana
1361 5740 1676 5818 descripta.
1858 5741 2019 5805 1530.
2051 5739 2294 5805 Coloniae
2335 5755 2405 5803 ex
2430 5741 2523 5821 σιτ.
2552 5741 2821 5802 Eucharii
2865 5739 3200 5812 (Σαννίων-ηε,
3243 5737 3440 5820 iri-fol.

367 5861 615 5939 Panos.
662 5867 826 5937 LIV.
3078 5865 3124 5936 ι
