3914 6232
409 448 495 513 ’15

419 673 640 730 morum
943 669 1238 727 doctorum.

489 760 649 819 1535.
687 760 925 819 Parisiis
970 757 1119 835 apud
1163 757 1517 815 Franciscum
1558 751 1847 826 Beqnault,
1895 749 2071 807 in-8'.

415 847 688 924 Epistolas
735 848 945 905 Leonis
973 856 1168 921 papas;
1200 845 1261 902 in
1305 844 1518 903 iisdem
1551 841 1811 900 Conciliis
1840 839 1902 898 h.
1933 856 1987 897 a.
2019 840 2078 897 et

416 938 457 997 1.
490 939 681 997 denuo
710 934 999 1011 repetitis,
1034 952 1070 993 a
1094 935 1229 1008 folio
1257 936 1368 991 202
1395 934 1469 992 ad
1500 933 1625 989 447.

487 1027 648 1084 1536.
681 1025 918 1085 Basilez
949 1025 1141 1097 in-fol.
1170 1021 1381 1081 Leonis
1411 1036 1578 1094 papa
1613 1016 1873 1093 epistolae
1903 1016 2076 1090 quin-
2105 1014 2115 1023 ”

414 1115 729 1190 quaginta;
760 1121 884 1173 una
913 1110 1208 1170 cumaliis
1234 1109 1584 1183 pontificum
1614 1107 1782 1164 Rem.
1814 1103 2079 1189 epistolis

418 1184 633 1262 addita
680 1201 985 1260 Clementis
1030 1200 1263 1259 Romani
1314 1197 1816 1271 Becognitionibus,
1875 1184 2081 1251 edente

420 1292 512 1350 εἷο.
544 1289 807 1349 Sichardo
832 1307 1011 1363 apag.
1033 1289 1140 1345 306
1161 1304 1347 1361 usque
1368 1288 1440 1345 ad
1463 1288 1643 1342 ﬁnem
1662 1285 1743 1358 (id
1767 1288 1858 1343 est
1876 1283 2024 1357 374).

493 1380 625 1438 Jan
641 1379 851 1453 prima:
876 1394 996 1436 suae
1028 1378 1321 1435 Clementis
1346 1375 1795 1448 Recognitionum
1814 1371 2078 1440 editioni,

428 1485 555 1542 qua
596 1485 652 1526 a.
687 1467 826 1540 1526
855 1464 1094 1529 Basilea
1125 1465 1279 1539 apud
1306 1470 1395 1525 Jo.
1427 1464 1709 1521 Bebelium
1739 1461 1920 1535 iii-fol.
1953 1477 2085 1534 pro-

426 1556 557 1630 diit,
588 1554 894 1613 addiderat
913 1554 1233 1612 Sichardus
1256 1553 1598 1626 pontificum
1625 1551 1849 1623 aliquot
1877 1551 2086 1609 Roma.-

432 1653 645 1703 norum
674 1643 967 1719 Epistolas
986 1642 1297 1715 plerasque
1329 1640 1758 1716 supposititias.
1779 1639 1891 1696 Sed
1912 1638 2084 1712 longe

434 1733 668 1793 uberior
695 1733 951 1791 accessio
1002 1732 1124 1790 haec
1162 1730 1318 1800 tulit,
1342 1732 1535 1788 Leonis
1563 1728 1743 1787 simul
1795 1745 1910 1786 non
1962 1726 2087 1784 exi-

425 1829 604 1899 guam
631 1826 861 1898 partem
901 1820 1223 1897 complexa.
1256 1819 1577 1893 Diligenter
1620 1834 1751 1877 eam
1780 1816 2087 1875 consulue-

432 1916 573 1972 runt
601 1912 810 1971 fratres
840 1909 1159 1968 Ballerinii.

506 2001 668 2058 1538.
694 1999 939 2058 Colmzise
966 1997 1116 2071 apud
1142 1999 1292 2055 Petr.
1319 1997 1590 2066 Quentel.,
1616 1994 1796 2067 in-fol.
1820 1993 2087 2068 Epistolas

430 2089 644 2149 Leonis
673 2102 838 2162 papa
868 2087 1068 2161 primi,
1093 2090 1151 2145 et
1190 2085 1463 2154 Decreta;
1495 2084 1555 2140 in
1585 2083 1930 2142 Collectione
1955 2098 2084 2140 con-

428 2178 693 2240 ciliaram
718 2177 991 2246 omnium,
1010 2178 1248 2233 auctore
1272 2176 1431 2232 Petro
1453 2173 1658 2232 Crabbe
1685 2171 2087 2233 Mechliniensi

437 2268 491 2326 T.
524 2266 639 2337 l,'a
661 2265 761 2339 fol.
789 2264 894 2322 343
916 2265 1001 2325 ad
1024 2263 1155 2321 392.
1792 2294 1813 2307 η.

474 2354 827 2417 TPollicetur'
843 2353 1032 2415 Editur
1048 2352 1242 2426 magis
1264 2352 1557 2426 prapriam
1573 2354 1624 2408 et
1648 2358 1836 2422 aptam
1864 2348 2088 2423 Episto-

433 2444 643 2505 larum"
687 2442 894 2503 Leonis
960 2441 1381 2501 ordinationem.
1440 2440 1574 2507 Quae
1628 2438 1811 2509 enim,
1870 2437 2085 2511 inquit,

422 2534 852 2608 praeconium
888 2532 1203 2604 conscriptae
1247 2537 1393 2599 sunt,
1424 2543 1575 2585 nunc
1617 2526 1915 2589 secundum
1960 2542 2088 2583 con-

424 2623 616 2681 sulum
643 2621 821 2693 (modo
847 2621 984 2679 sciri
1013 2619 1246 2694 possint)
1267 2631 1342 2676 ac
1370 2619 1643 2675 mensium
1670 2615 1912 2673 debitum
1940 2614 2087 2674 ordi-

428 2717 708 2775 nem‘sunt
736 2710 1082 2785 constitutae,
1112 2709 1309 2781 quibus
1355 2705 1752 2778 deﬁcientibus,
1783 2703 1915 2761 ordo
1961 2704 2091 2760 reli-

429 2817 669 2874 quarum
695 2798 1088 2873 Epistolarum,
1119 2800 1215 2870 qui
1262 2797 1441 2870 aptior
1486 2796 1640 2852 uisus
1687 2803 1786 2864 est,
1816 2797 2085 2851 servatur.

431 2887 936 2971 Guiqueaepistolm
957 2886 1334 2961 praemittitur
1353 2884 1746 2958 capitulorum
1768 2881 2086 2945 indiculus.

430 2977 722 3039 Notatuur
751 2977 815 3041 in
842 2977 1108 3051 margine
1136 2975 1265 3033 loca
1293 2974 1531 3045 Biblica,
1565 2974 1921 3046 adjectasque
1950 2974 2091 3029 sunt

433 3065 657 3140 passim
687 3065 971 3123 lectiones
991 3063 1304 3123 variantes.

505 3155 1046 3225 15t6-47.‘Coloniae,
1081 3154 1251 3210 ἰηιϐο.
1275 3153 1448 3211 Tomis
1479 3152 1549 3210 II.
1572 3152 1640 3210 D.
1664 3150 1873 3207 Leonis
1903 3165 2086 3222 papae,

372 3322 383 3328 -
432 3247 567 3314 sta,
603 3243 876 3319 Epistolas
932 3241 1248 3302 decretales
1305 3245 1364 3298 et
1415 3240 1763 3328 familiares.
1808 3238 2088 3328 Ejusdem

368 3324 383 3340 ⁵
428 3338 739 3393 Sermones
768 3336 824 3390 et
866 3329 1150 3399 Homilies,
1183 3330 1390 3387 edente
1432 3329 1593 3386 Petro
1622 3326 1849 3386 Canisio
1877 3324 2084 3383 Novio-

428 3420 719 3494 magensi,
752 3434 929 3492 quem
977 3417 1323 3486 Quesnellus
1356 3416 1562 3473 scribit
1606 3415 1959 3489 professum,
1990 3415 2092 3472 ad-

425 3507 695 3569 miniculo
725 3506 1018 3567 admodum
1045 3509 1382 3564 vetustorum
1423 3508 1477 3562 et
1523 3504 2093 3562 emendatissimorum

427 3596 986 3670 exemplariorum'se
1015 3593 1264 3666 adjutum
1291 3593 1485 3665 fuisse.
1510 3591 1657 3649 Vide
1687 3592 2090 3666 repetitionem

425 3684 610 3764 hujus
661 3684 753 3741 ed.
787 3700 841 3740 a.
877 3682 1035 3739 1566.
1066 3680 1460 3755 Reprehendit
1508 3679 2089 3745 autemOuesnellus

427 3774 585 3848 quod
615 3772 834 3830 librum
865 3772 937 3829 de
968 3770 1234 3842 Conﬂictu
1264 3772 1523 3831 vitiorum
1551 3774 1603 3827 et
1631 3771 1917 3840 virtutum,
1942 3776 2089 3828 tam.

427 3874 608 3936 quam
642 3860 874 3927 Leonis,
908 3859 1218 3916 addiderit.
1896 3920 1897 3923 η

467 3952 662 4009 .1551.
691 3948 934 4015 Colonia
960 3948 1107 4022 apud
1128 3950 1277 4005 Petr.
1306 3948 1575 4018 Quentel.,
1599 3948 1781 4020 in-fol.
1814 3947 2084 4021 Epistolaa

427 4040 639 4099 Leonis
694 4056 857 4113 papa:
916 4037 1093 4113 primi
1139 4041 1199 4095 et
1247 4036 1517 4107 Decreta;
1571 4037 1631 4093 in
1686 4036 1875 4109 ejusd.
1931 4038 2086 4094 Petri

428 4128 633 4188 Crabbe
665 4128 930 4186 Consiliis
948 4126 1233 4184 editionis
1264 4124 1541 4199 repetita.

480 4219 656 4301 1551.
684 4217 913 4286 Ibidem,
945 4216 1134 4291 in-fol.
1169 4215 1228 4274 S.
1254 4214 1462 4272 Leonis
1499 4214 1830 4272 Sermones.
1859 4214 2085 4272 Laudat

422 4307 576 4364 hanc
604 4307 943 4375 editionem,
971 4306 1113 4379 quid
1148 4305 1313 4379 quod
1336 4307 1618 4362 tractasse
1648 4320 1710 4360 se
1740 4303 1961 4360 scribit.
1991 4308 2078 4362 Jo.

425 4397 745 4467 Ciampinus
792 4396 852 4451 in
904 4393 1158 4469 Epistola
1199 4394 1271 4452 ad
1320 4394 1534 4450 Erasm.
1566 4391 1777 4450 Gottola
1804 4409 1838 4449 a
1872 4393 2078 4449 Caieta.

420 4485 690 4541 Attamen
715 4497 788 4538 ne
809 4482 921 4539 hac
946 4483 1187 4555 quidem
1210 4481 1573 4556 professione
1593 4496 1829 4538 omnem
1848 4481 2081 4541 dubita-

421 4571 643 4629 tionem
688 4569 857 4627 nobis
906 4571 1145 4638 exemit,
1173 4571 1391 4643 quippe
1441 4586 1617 4643 quem
1648 4568 1711 4625 in
1742 4568 1898 4638 aliis,
1929 4586 2078 4642 quas

421 4659 564 4716 item
595 4656 916 4715 versavisse
962 4657 1146 4713 videri
1176 4657 1319 4724 vult,
1353 4658 1666 4715 manifesto
1697 4656 1932 4731 lapsum
1978 4658 2077 4716 de-

419 4745 865 4822 prehendimus,
906 4744 1201 4802 laudando
1247 4744 1533 4803 editiones
1581 4746 1797 4803 Lovan.
1830 4747 1970 4803 1566
2017 4750 2077 4804 et

415 4838 699 4907 Antuerp.
735 4835 894 4904 1583,
943 4834 1223 4908 quaternis
1262 4848 1526 4890 excusas.
1557 4832 1673 4890 Nec
1720 4851 2073 4908 magnopere

415 4923 595 4981 etiam
625 4923 953 4981 doctrinam
985 4939 1155 4978 suam
1199 4920 1370 4978 nobis
1407 4922 1770 4994 approbavit,
1804 4924 1926 4996 qui,
1959 4922 2072 4979 Ro-

413 5029 632 5079 manus
682 5011 808 5085 ipse
840 5015 897 5069 et
925 5011 1121 5068 Romae
1168 5011 1387 5083 degens
1436 5009 1840 5068 Coloniensem
1890 5011 2071 5085 hujus

412 5099 552 5158 anni
584 5099 903 5161 editionem
932 5101 1379 5173 antiquissimam
1405 5115 1723 5156 sermonum
1750 5100 1942 5159 dicere
1971 5119 2071 5176 po-

407 5187 547 5246 tuit.

833 444 1436 513 SGHGENEMANNI
1478 442 1798 505 NOTITIA
1842 418 2785 501 HISTORICO-LITTERARIA
2829 429 2909 493 IN
2955 425 3419 503 S.'LEONEM.
3785 429 3858 489 76

417 581 630 643 Leonis
660 581 973 639 Sermones
1018 578 1227 653 aliquot
1237 595 1260 643 ;
1288 576 1350 635 in
1386 573 1638 634 Homiliis
1679 569 2072 648 praestantissi—
2099 571 2157 640 Α

2257 568 2415 624 1561.
2449 564 2758 639 (Coloniae).
2782 565 2841 622 S.
2867 562 3077 621 Leonis
3107 572 3282 636 opera
3318 561 3516 620 studio
3559 562 3860 619 Laurentii

2181 657 2354 714 Surii.

2255 787 2285 817 «
2319 764 2647 821 Laurentius
2695 761 2893 818 Surius
2937 759 3319 818 Cartusianus
3365 758 3429 816 in
3475 757 3756 814 editione
3806 773 3855 811 ει.

2178 854 2320 911 1561
2344 850 2601 909 multum
2630 848 2911 924 temporis
2940 865 3009 906 ac
3036 865 3224 921 operte
3262 864 3327 904 se
3356 846 3645 920 posuisse
3678 846 3851 919 proﬁ-

2184 946 2341 1001 tetur
2369 941 2429 998 in
2448 939 2811 1014 corrigendis
2847 938 3059 997 Leonis
3080 936 3388 1011 Operibus,
3413 934 3552 992 licet
3583 939 3731 991 ante
3761 951 3855 992 an-

2185 1049 2293 1090 nos
2322 1029 2568 1104 aliquot,
2592 1029 3120 1102 inquit,doctorum
3140 1027 3398 1083 virorum
3425 1024 3638 1081 studio
3659 1038 3853 1081 emen-

2186 1120 2322 1178 data
2350 1118 2727 1194 prodiissent.
2751 1118 2990 1175 Fatetur
3016 1120 3215 1175 tamen
3247 1131 3363 1172 non
3394 1130 3458 1171 se
3486 1116 3695 1170 totum
3724 1112 3852 1168 Leo-

2187 1226 2324 1267 nem
2354 1225 2472 1266 suze
2502 1206 2822 1282 integritati
2849 1204 2932 1263 ita
2959 1205 3309 1273 restituisse,
3333 1208 3403 1260 ut
3425 1201 3582 1259 nihil
3607 1203 3744 1274 jam
3773 1216 3852 1258 re-

2188 1308 2418 1381 liquum
2442 1311 2597 1363 esset
2615 1304 2994 1378 castigatione
3016 1304 3293 1381 dignum;
3320 1317 3427 1357 nec
3449 1299 3687 1356 mirum
3712 1314 3851 1361 esse,

2190 1380 2292 1465 ait,
2317 1412 2453 1453 cum
2482 1396 2609 1470 ipse
2641 1395 2755 1451 Leo
2809 1380 3073 1460 fateatur,
3106 1393 3286 1448 etiam
3330 1394 3455 1446 tum
3488 1406 3637 1445 cum
3672 1387 3855 1444 adhuc

2189 1483 2556 1543 inhumanis
2586 1481 3084 1556 ageret;vitiatam
3116 1480 3300 1537 fuisse
3330 1477 3667 1552 Epistulam
3699 1475 3852 1532 illam

2190 1591 2381 1642 suam,
2407 1592 2535 1646 quae
2566 1577 2655 1630 est
2683 1573 2756 1629 ad
2790 1570 3191 1629 Flavianum.»
3207 1568 3338 1626 Haec
3356 1565 3751 1633 Quesnell‘us,
3785 1564 3855 1620 ita

2192 1668 2256 1721 ut
2280 1662 2393 1720 loci
2424 1662 2525 1719 ubi
2555 1662 2677 1719 haec
2706 1659 2882 1718 editio
2912 1672 3187 1733 expressa
3215 1656 3295 1713 sit
3329 1657 3710 1712 mentionem
3741 1652 3855 1710 nul-

2192 1753 2311 1809 lam
2342 1749 2692 1823 faceret,qui
2720 1754 2918 1807 tamen
2947 1747 3042 1804 vix
3071 1746 3224 1804 alius
3256 1761 3434 1818 quam
3456 1743 3715 1802 Colonia
3738 1757 3855 1800 esse

2192 1843 2405 1914 potest.
2428 1839 2545 1912 Ego
2569 1854 2703 1895 vero
2725 1836 2929 1893 dubito
2959 1852 3033 1893 an
3059 1834 3299 1892 omnino
3338 1824 3715 1904 hujusvanni
3740 1832 3855 1887 edi-

2112 1942 2163 2009 Β
2190 1928 2273 1986 tie
2303 1931 2509 1985 exstet.
2535 1928 2698 1983 Certe
2718 1925 3078 1982 Harshemius
3096 1923 3157 1978 in
3179 1922 3520 1979 Bibliotheca
3544 1920 3855 1979 Coloniensi

2195 2016 2468 2090 (Colonias
2500 2016 2657 2085 1747,
2683 2012 2914 2088 in-fol.),
2938 2030 2997 2087 p.
3019 2013 3146 2082 220,
3171 2027 3288 2069 non
3319 2010 3434 2067 nisi
3468 2010 3616 2067 1568
3647 2010 3854 2068 factam

2194 2106 2375 2164 novit.
3408 2106 3415 2109 “

2266 2211 2425 2268 1566.
2458 2211 2689 2267 Lovanii
2729 2208 2876 2282 apud
2919 2209 3317 2279 Hieronymum
3348 2206 3654 2273 Wellaeum
3684 2204 3756 2261 ad
3775 2206 3853 2258 in-

2195 2302 2432 2372 tersiqne
2473 2300 2798 2366 Diamantis,
2846 2298 2998 2354 in-8°
3031 2296 3164 2354 Volt.
3197 2295 3269 2352 II.
3303 2296 3492 2351 Tomus
3521 2294 3548 2352 Ι
3581 2292 3853 2351 inscribi-

2194 2395 2294 2448 tur
2314 2408 2330 2447 ;
2354 2390 2418 2447 D.
2441 2390 2634 2445 Leonis
2653 2402 2838 2462 papae,
2863 2386 3044 2458 hujus
3069 2383 3326 2442 nominis
3347 2383 3548 2457 primi,
3575 2383 3683 2456 qui
3706 2398 3851 2439 sum-

2196 2496 2294 2536 mo
2322 2479 2449 2553 jure
2495 2476 2689 2550 Magni
2735 2490 3058 2549 cognomen
3081 2475 3210 2547 jam
3254 2472 3400 2530 olim
3446 2472 3705 2538 obtinet,
3737 2470 3852 2527 Ser-

2432 2572 2484 2624 et
2539 2567 2808 2633 Homiliz,
2855 2581 2984 2636 quas
3043 2563 3283 2636 quidem
3339 2564 3573 2618 exstant
3633 2574 3847 2617 omnes.

2195 2657 2393 2716 Altera
2414 2658 2541 2730 jam
2572 2656 2694 2711 vice
2719 2669 2956 2710 summa
2975 2668 3111 2708 cum
3140 2649 3445 2724 diligentia
3466 2650 3540 2705 ad
3570 2645 3849 2720 antiquis-

2197 2748 2351 2815 sima
2398 2744 2751 2818 exemplaria
2798 2741 2999 2798 omnia
3043 2739 3332 2813 castigata
3377 2742 3436 2795 et
3486 2741 3686 2795 aucta.
3720 2741 3848 2793 Cum

2197 2834 2418 2909 duplici
2446 2833 2658 2890 indice.
2691 2833 2883 2889 Tomus
2927 2831 3071 2886 alter
3114 2827 3293 2885 habet
3324 2845 3337 2883 :
3372 2830 3440 2883 Β.
3471 2827 3675 2884 Leonis
3699 2836 3847 2897 papae

2196 2923 2448 2997 Epistolas
2493 2921 2787 2978 decretales
2814 2934 2879 2976 ac
2917 2918 3250 2991 familiares,
3281 2932 3410 2988 quae
3460 2915 3708 2989 quidem
3756 2913 3846 2967 ha-

2197 3018 2402 3069 ctenus
2432 3010 2671 3084 reperiri
2714 3010 3030 3083 potuerunt
3056 3018 3283 3063 omnes.
3316 3004 3514 3061 Altera
3553 3006 3685 3077 jam
3734 3002 3843 3056 vice

2198 3117 2435 3158 summa
2464 3114 2597 3155 cum
2629 3095 2994 3171 prOVidentia
3012 3096 3083 3152 ad
3107 3092 3529 3166 antiquissima
3559 3088 3844 3162 exempla-

2197 3189 2286 3246 ria
2308 3193 2598 3246 correctae.

2114 3308 2157 3377 ο
2268 3295 2406 3354 Uter
2451 3294 2609 3369 prior
2638 3291 2995 3367 posteriorve
3039 3294 3239 3346 tomus
3269 3289 3366 3355 sit,
3396 3288 3456 3345 in
3507 3285 3686 3342 titulo
3739 3297 3840 3377 non

2200 3385 2598 3457 signiﬁcatum
2643 3385 2754 3438 est.
2788 3381 2851 3437 In
2891 3397 2957 3436 eo
2996 3393 3131 3435 vero
3179 3375 3521 3448 exemplari,”
3553 3373 3712 3447 quod
3759 3369 3839 3426 Bi-

2198 3473 2491 3530 bliotheca
2522 3471 2703 3544 Regia
2731 3469 2899 3526 nobis
2939 3465 3353 3540 suppeditavit,
3389 3463 3621 3520 inverso
3652 3461 3840 3518 ordine

2200 3579 2267 3619 ac
2297 3566 2403 3619 nos
2433 3557 2975 3634 reprzesentavimus
3019 3553 3305 3626 compacti
3338 3556 3497 3609 sunt.
3531 3552 3644 3607 Sed
3692 3550 3838 3606 ante-

2197 3666 2412 3726 ponere
2439 3650 2630 3706 visum
2661 3650 2751 3703 est
2778 3662 2914 3702 eum
2937 3644 3033 3701 cui
3063 3642 3324 3716 praefatio
3355 3639 3599 3698 editoris
3630 3644 3689 3696 et
3720 3638 3837 3726 Leo:

2196 3721 2289 3797 nis
2319 3740 2438 3795 vita
2465 3739 2555 3812 (ex
2583 3738 2775 3811 prima
2810 3735 2899 3792 ed.
2944 3733 3212 3801 1546-47)
3250 3730 3494 3797 accedit,
3528 3729 3764 3802 quique,
3792 3721 3834 3778 si

2193 3833 2430 3903 tempus
2459 3828 2752 3899 spectetur
2781 3840 2894 3897 quo
2941 3822 3200 3896 primum
3231 3824 3542 3876 Sermones
3586 3820 3691 3874 aut
3715 3812 3834 3903 Epij

2195 3898 2354 3976 stolae
2400 3916 2461 3973 in
2494 3898 2701 3971 lucem
2734 3911 2873 3968 editi
2906 3909 3140 3977 fuerint,
3175 3908 3386 3964 merito
3432 3906 3687 3979 priorem
3736 3898 3831 3958 sibi

2191 4007 2449 4063 vindicat
2476 4004 2693 4072 locum,
2717 4017 2892 4076 quem
2933 4000 2995 4056 in
3040 3998 3318 4055 omnibus
3367 3996 3541 4052 etiam
3573 3994 3831 4061 deinceps

2192 4095 2475 4152 insecutis
2503 4091 2858 4149 editionihus
2889 4103 3120 4160 semper
3149 4082 3424 4142 obtinuit.
3461 4084 3677 4139 Canisii
3702 4095 3830 4154 pra?-

2194 4185 2331 4242 fatio
2362 4184 2433 4239 ad
2459 4185 2722 4240 Joannem
2750 4179 3118 4251 Lippiensem,
3142 4176 3455 4248 episcopum
3477 4171 3825 4230 Cirenensem,

2189 4284 2601 4356 su/fraganeum
2627 4286 2679 4336 et
2705 4276 3066 4335 ecclesiastem
3091 4273 3429 4346 primarium
3454 4270 3691 4326 Colonia
3718 4270 3826 4321 ten-

2190 4372 2294 4429 dit.
2321 4371 2556 4427 Incusat
2582 4369 2829 4440 furorem
2855 4364 3049 4422 saeculi
3077 4362 3326 4434 ejusque
3354 4375 3617 4423 causam,
3648 4359 3826 4413 imma-

2186 4478 2314 4517 nem
2338 4460 2636 4533 philautiae
2677 4456 2905 4521 rabiem,
2940 4452 3096 4508 unde
3130 4466 3399 4523 perversa
3445 4446 3637 4503 studia
3682 4453 3828 4499 novos

2186 4549 2461 4607 scribendi
2491 4547 2680 4614 libros,
2712 4543 3000 4600 ambitiosa
3046 4540 3315 4596 doctrinae
3361 4537 3671 4600 ostentatio,
3693 4543 3823 4606 prle-

2183 4642 2469 4713 fractaque
2489 4635 2738 4710 quaedam
2752 4633 3044 4705 sapientiae
3057 4627 3432 4703 praesumptio,
3455 4623 3599 4680 item
3622 4617 3825 4696 effrenis

2186 4727 2354 4784 libido
2408 4720 2855 4781 comminiscendi
2906 4736 3047 4776 nova
3092 4717 3367 4789 dogmata,
3415 4714 3615 4786 quibus
3660 4713 3821 4768 vetera

2179 4814 2434 4889 fastidire
2460 4812 2628 4867 simul
2652 4814 2705 4867 et
2729 4809 3016 4881 antiquari
3032 4806 3355 4863 documenta
3377 4802 3670 4873 incipiant,
3692 4803 3822 4854 tam-

2183 4929 2359 4987 quam
2391 4927 2461 4967 ex
2490 4909 2645 4964 fonte
2688 4906 2971 4962 oriantur.
2994 4908 3102 4963 Per
3140 4905 3234 4959 hos
3264 4900 3483 4956 demum
3510 4915 3611 4955 seu,
3636 4892 3821 4970 gradus

2179 4983 2356 5057 omnis
2387 4997 2683 5070 impietatis
2730 4994 2941 5068 inquit,
2972 4996 3078 5050 huc
3098 4994 3240 5065 jam.
3281 5032 3293 5045 .
3333 5031 3345 5042 .
3379 4985 3656 5043 inculcat.
3703 4983 3817 5039 Jam

2180 5091 2424 5146 Leonem
2457 5085 2613 5142 haud
2663 5083 3065 5157 benigniorem
3110 5080 3264 5153 apud
3315 5078 3495 5133 hosce
3527 5080 3645 5131 tam
3680 5085 3816 5129 reve-

2178 5178 2491 5235 rendarum
2522 5174 2718 5247 legum
2740 5177 2797 5229 et
2826 5172 3231 5228 institutorum
3263 5167 3563 5238 majorum
3585 5165 3815 5220 contem-

481 5275 642 5334 1553.
678 5276 907 5335 Venetiis
936 5278 1128 5350 iri-fol.
1162 5277 1222 5349 ὃ.
1257 5274 1469 5332 Leonis
1500 5275 1831 5346 Sermones,
1860 5280 2066 5337 eodem
2175 5272 2371 5343 ptores
2402 5265 2697 5321 fortunam
2736 5260 3079 5318 habiturum
3112 5254 3405 5350 praesagit,
3427 5269 3575 5350 {luo-f5
3614 5256 3812 5343 tame-“3

407 5366 694 5439 Ciampino
723 5370 892 5423 teste.
926 5368 991 5423 In
1021 5381 1310 5439 suspenso
1357 5361 1557 5435 itaque
1588 5362 1876 5436 sinamus,
1907 5384 2063 5426 seor-

403 5455 516 5514 sim
549 5471 637 5527 an
657 5455 716 5511 in
747 5453 1084 5514 collectione
1115 5454 1314 5528 aliqua
1342 5451 1485 5509 editi
1517 5456 1679 5509 sunt.

2174 5330 2349 5415 modo
2398 5353 2588 5428 legere
2615 5351 2815 5420 veﬁnt,
2848 5366 3053 5407 omnes
3102 5330 3173 5405 ad
3227 5341 3675 5416 suspiciendum
3719 5330 3810 5389 viri

2173 5456 2440 5514 animum
2470 5456 2527 5508 ct
2557 5448 2944 5522 amplexanda
2981 5464 3108 5521 quae
3142 5440 3455 5501 temerario
3487 5455 3638 5494 ausu
3669 5446 3810 5508 spre-

373 5592 376 5596 λ
476 5525 632 5619 1555.
665 5545 896 5603 Βαεὶιεω
924 5561 1028 5618 per
1055 5525 1231 5605 Henr:
1244 5542 1422 5610 Petri,
1450 5541 1639 5613 in-fol.
1666 5541 1871 5601 Leonis
1898 5562 2062 5620 papa;
2169 5544 2358 5604 verint
2384 5543 2662 5615 dogmata
2690 5537 3063 5612 compulsum
3089 5534 3162 5591 iri
3190 5532 3407 5620 sperat.
3433 5525 3809 5620 Epistolarum

399 5615 578 5707 primi
608 5632 867 5708 Epistola
895 5615 969 5693 ad
1017 5632 1358 5692 Flavianum
1389 5633 1593 5689 contra
1633 5615 1933 5709 Eutychen
1953 5615 2060 5707 ;-in
2170 5634 2311 5693 ordo
2344 5634 2410 5688 ut
2439 5629 2609 5687 nobis
2637 5626 2851 5696 visum,
2875 5644 2945 5685 ex
2979 5625 3134 5682 Petri
3152 5618 3399 5680 Crabbei
3438 5615 3694 5709 editione
3736 5624 3810 5709 r6-

344 5713 357 5721 ’
402 5717 792 5817 οζιῆᾳᾶοιτοθτ.
819 5725 903 5799 Io.
934 5723 1162 5801 Heroldi
1189 5740 1249 5785 η.
1275 5722 1368 5783 57.

774 5912 810 5936 δ

2170 5722 2392 5804 petitus
2419 5721 2530 5781 est.
2560 5717 2849 5795 Caeterum
2878 5717 2940 5778 in
2971 5718 3220 5796 utraque
3246 5712 3430 5788 parte,
3456 5705 3530 5767 ad
3562 5698 3807 5784 superio-
