3914 6232
148 372 210 430 ’Π
542 362 1159 430 ΞΟΗίΕΝΕΜΑΝΝΙ
1204 363 1528 430 NOTITIA
1573 365 1694 428 HIS

2006 365 2506 429 -LITTERARIA
2547 367 2625 428 IN
2671 367 2736 428 S.
2781 366 3130 432 LEONEM.
3470 369 3552 430 78

151 518 259 556 rum
282 498 610 556 editionum
641 498 1201 565 institutum,textus
1229 497 1436 555 Biblici
1465 502 1523 554 et
1549 497 1777 555 varian-
1806 497 1864 567 Α
1891 501 2072 570 gntae;
2105 515 2208 570 per
2247 499 2533 556 canonicos
2584 499 2866 570 regulares
2895 499 3084 556 Sancti
3110 497 3337 556 Martini
3357 491 3554 573 oppidi

154 597 224 645 tes
250 588 506 661 quadam
540 587 606 642 in
632 587 1007 660 marginibus
1029 587 1264 658 adjectae
1298 590 1458 643 sunt.
1889 590 1942 642 et
1970 587 2267 644 academicis
2296 589 2665 646 Lovaniensis.
2698 585 2970 660 Epistolas
3016 605 3068 645 a.
3119 583 3280 658 1575,
3314 587 3548 646 Sermo-

215 679 354 732 1567.
390 676 634 733 Colonia
665 693 736 731 ea:
763 677 858 750 af)”.
887 679 968 734 J0.
1004 676 1274 745 Quentel.,
1296 677 1480 748 in-fol.
1513 675 1782 749 Epistolas
1890 691 1997 731 ues
2029 693 2082 732 a.
2117 677 2256 732 1577
2295 676 2657 748 prodierunt.
2688 677 2775 733 Ad
2829 692 3074 734 manum
3121 680 3213 734 est
3263 693 3381 734 non
3432 677 3549 736 nisi

155 766 332 824 Leonis
359 782 522 838 papae
557 764 738 839 primi
769 767 826 821 et
853 763 1194 832 Decretalia,
1243 764 1304 821 in
1352 765 1562 824 Concil.
1607 763 1781 822 Colle-
1889 762 2165 820 volumen
2198 763 2384 836 prius,
2416 763 2656 822 editioni
2675 767 2830 822 Petri
2859 765 3070 822 Canisii
3095 766 3289 837 quoad
3311 769 3550 823 externa

153 860 300 911 ctione
325 855 588 910 Suriana.
1891 851 2210 926 persimile.
2241 852 2505 909 Praefatio
2536 853 2719 911 abest.
2751 853 2906 910 Num
2935 853 3104 910 alteri
3133 853 3419 912 volumini
3451 856 3525 913 ad

211 945 350 1000 1568.
381 945 624 1000 Parisiis
674 942 821 1016 apud
869 941 1034 1000 Mich.
1088 942 1377 1012 Scrinium,
1418 943 1610 1014 in-fol.
1646 941 1782 1015 Epi-
1892 940 2016 996 dita
2046 940 2142 1009 sit,
2174 941 2390 998 nescio.
2423 944 2490 998 In
2523 942 2780 1000 secunda
2807 946 2960 1000 certe
3002 943 3258 1000 editione
3306 945 3546 1002 omnino

155 1033 286 1090 stola
313 1033 523 1090 Leonis
555 1049 884 1106 papas,cum
918 1033 1210 1088 Clementis
1235 1031 1468 1088 Romani
1496 1031 1780 1104 Operibus,
1890 1028 2592 1109 desideraturJnscripsit
2617 1046 2747 1087 eam
2777 1034 2975 1088 tamen
3005 1033 3239 1089 Joannes
3283 1032 3542 1091 Ulimme-

155 1123 326 1178 edente
351 1124 566 1180 Joanne
598 1120 884 1177 Sichardo.
1889 1118 2009 1172 rius
2040 1117 2200 1189 prior
2230 1119 2289 1173 S.
2325 1118 2583 1185 Martini,
2618 1119 2719 1190 qui
2746 1119 2968 1191 primas
2994 1124 3189 1193 partes
3240 1119 3422 1194 hujus
3451 1138 3545 1180 re-

208 1211 347 1267 lianc
377 1210 656 1268 adhibuit
686 1209 1057 1277 Quesnellus,
1091 1214 1268 1281 atque
1320 1208 1444 1264 hac
1497 1209 1569 1265 de
1614 1222 1683 1266 ea
1719 1207 1781 1265 in
1890 1205 2184 1262 censionis
2216 1206 2572 1264 sustinuisse
2597 1206 2849 1278 videtur,
2883 1208 3134 1266 Λνηοιὰο
3165 1208 3422 1266 Ganthois
3447 1212 3544 1268 ab-

152 1302 296 1370 Pra’f.
323 1317 442 1372 gen.
479 1297 718 1355 monuit
749 1315 812 1353 :«
827 1298 1084 1355 Joannes
1114 1297 1436 1355 Sichardus
1463 1295 1781 1354 Clementis
1889 1293 2012 1350 hati
2041 1295 2382 1352 monasterii
2413 1295 2830 1367 Maroeuensis,
2851 1298 3176 1370 praedicans
3199 1298 3267 1356 in
3294 1299 3544 1372 epistola

154 1389 362 1445 Romani
395 1388 590 1461 Opera
620 1386 872 1460 collegit,
907 1387 1124 1459 quibus
1153 1391 1209 1443 et
1240 1389 1503 1442 veterum
1539 1385 1781 1458 pontiﬁ-
1889 1383 2027 1439 data
2055 1383 2294 1441 Lovauii
2337 1383 2605 1442 kalendis
2645 1385 2896 1460 Augusti
2929 1387 3070 1444 1575
3102 1403 3116 1444 :
3145 1385 3541 1460 Epistolarum

154 1494 262 1533 cum
287 1475 842 1550 Pseudo-Epistolas
871 1474 1105 1547 adjecit.
1139 1479 1236 1530 Hae
1269 1479 1404 1548 post
1433 1473 1635 1547 plures
1656 1474 1780 1530 edi-
1886 1469 2103 1528 librum
2137 1488 2249 1530 ms.
2282 1473 2569 1530 Johannis
2591 1473 2898 1543 Wamesii,
2917 1475 3074 1548 juris
3105 1475 3414 1551 utriusque
3442 1478 3544 1536 do—

153 1566 306 1623 tiones
334 1567 391 1622 in
423 1564 746 1623 Germania
772 1564 1022 1622 emissas
1055 1563 1294 1621 Parisiis
1342 1563 1520 1620 etiam
1545 1561 1780 1636 prodie-
1887 1560 2088 1628 ctoris,
2121 1565 2180 1618 et
2200 1560 2354 1633 juris
2385 1561 2667 1635 pontificii
2699 1562 2761 1620 in
2795 1563 3142 1622 Lovaniensi
3166 1564 3544 1625 universitate

152 1661 264 1711 runt
288 1656 442 1722 1568,
471 1671 605 1712 cum
646 1655 900 1726 plurium
944 1654 1362 1725 pontiﬁciarum
1407 1652 1780 1724 Epistolarum
1886 1649 2259 1722 professoris.
2728 1642 2733 1648 ’

151 1747 531 1816 praesntimque
563 1745 759 1799 Leonis
787 1745 964 1798 nostri
992 1743 1318 1810 accessione,
1352 1758 1487 1812 quas
1517 1740 1588 1796 ad
1615 1740 1776 1812 ﬁdem
1959 1738 2117 1796 1578.
2148 1740 2383 1798 Βαδίιεέε
2427 1757 2498 1797 ex
2542 1740 2636 1813 oﬂ’.
2683 1741 2848 1798 Henr.
2898 1742 3076 1813 Petri,
3120 1743 3294 1800 in-8°.
3327 1744 3541 1802 Leonis

153 1838 356 1889 ψειεν-ωτι
382 1833 792 1905 exemplarium
836 1831 1236 1888 Victorinorum
1274 1831 1558 1886 restitutas
1607 1831 1780 1901 fuisse
1806 1868 1855 1936 Β
1886 1827 2083 1936 Elpgni
2105 1827 2361 1936 Iipistola
2390 1829 2463 1885 ad
2495 1827 2836 1886 Flavianum
2865 1832 3060 1888 Graeco
3108 1830 3335 1900 Latina,
3366 1836 3538 1890 recte

154 1925 346 1977 testatur
371 1921 633 1979 editionis
664 1919 829 1992 hujus
854 1922 1182 1991 procurator
1209 1935 1537 1990 anonymus.
1573 1941 1602 1969 »
1641 1918 1776 1974 Cre-
1807 1915 1855 1936 ³³
1886 1915 2023 1972 ﬁdei
2053 1916 2361 1986 columna;
2391 1934 2525 1974 cum
2571 1919 2860 1988 legatione
2907 1919 3040 1991 imp.
3091 1919 3242 1978 Caes;-
3272 1921 3539 1978 Manuelis

153 2011 364 2067 diderim
393 2009 674 2083 equidem
701 2009 826 2066 haec
852 2010 981 2080 ejus
1010 2008 1190 2064 verba
1214 2024 1331 2064 non
1364 2008 1445 2063 ita
1474 2023 1602 2064 esse
1632 2007 1780 2063 acci-
1889 2004 2149 2063 Comneni
2176 2006 2247 2062 ad
2273 2007 2576 2073 Armenios,
2605 2007 2698 2064 ed.
2731 2024 2784 2064 a.
2817 2007 3142 2066 Leunctavio
3164 2025 3220 2066 δ.
3251 2025 3306 2084 p.
3337 2009 3442 2068 469
3460 2010 3535 2068 ad

154 2100 416 2171 pienda,ut
444 2099 606 2155 hanc
635 2097 1028 2154 Parisiensem
1050 2097 1290 2153 demum
1314 2095 1629 2154 editionem
1651 2095 1780 2168 Epi-
1883 2097 2011 2151 227.

154 2188 292 2244 stolis
310 2188 418 2244 illis
437 2186 863 2260 locupletatam
879 2182 1402 2255 essevoluerit,sed
1433 2200 1559 2258 quae
1582 2183 1653 2240 de
1682 2200 1778 2240 ao-
1955 2183 2119 2242 4583.
2149 2186 2464 2258 Antuerpiae
2515 2185 2662 2258 apud
2717 2185 3036 2259 Philippum
3091 2187 3339 2255 Nutium,
3360 2185 3422 2243 in
3453 2187 3532 2256 8°,

156 2278 379 2334 cessione
405 2275 642 2343 scribit,
671 2275 746 2332 ad
784 2274 1162 2331 Germanicas
1209 2290 1443 2346 quoque
1490 2272 1778 2330 editiones
1885 2271 2063 2329 tomis
2094 2272 2164 2330 II.
2195 2274 2383 2346 Opera
2409 2273 2476 2330 D.
2510 2273 2717 2330 Leonis
2749 2273 2826 2331 M.
2860 2290 2967 2348 per
2988 2275 3302 2332 canonicos
3327 2288 3448 2349 reg.
3472 2274 3534 2331 S.

159 2367 727 2432 traxerimﬂuatenus
753 2380 890 2420 vero
922 2362 1030 2420 hoc
1060 2363 1344 2433 valeat,in
1373 2362 1777 2435 superioribus
1886 2361 2142 2430 Martini,
2171 2366 2306 2431 etc.,
2339 2377 2408 2418 ex
2438 2361 2859 2436 manuscriptis
2890 2362 3192 2421 codicibus
3230 2363 3539 2421 emendata

158 2454 214 2507 ad
237 2471 281 2509 α,
311 2455 440 2510 1536
469 2451 838 2510 declaratum
869 2455 978 2508 est.
1011 2451 1158 2516 Quid
1189 2451 1345 2522 quod
1382 2450 1648 2507 fortassis
1673 2466 1778 2507 nec
1885 2466 2021 2506 cum
2051 2451 2348 2508 indicibus
2378 2451 2565 2509 novis.

144 2539 543 2599 .Victorinorum
574 2539 850 2600 codicum
879 2538 1387 2596 emendatiouibus
1416 2538 1608 2611 prima
1651 2537 1774 2612 glo-
1953 2538 2062 2594 Hic
2090 2542 2179 2596 est
2193 2538 2404 2596 titulus
2419 2540 2563 2596 tomi
2580 2539 2756 2613 primi
2773 2557 2877 2598 seu
2894 2533 3538 2616 Sermonum;Epistolsa

161 2629 268 2685 riari
293 2631 468 2704 possit
495 2630 623 2686 hac
655 2627 874 2685 editio?
901 2627 1202 2684 Praecessit
1240 2627 1397 2683 enim
1442 2627 1776 2682 Parisiensis
1883 2626 2292 2683 inscribuntur
2316 2625 2378 2683 in
2409 2627 2620 2700 prima.
2644 2628 2712 2684 At
2735 2628 2938 2686 charta
2965 2634 3141 2703 atque
3171 2629 3536 2688 characteres

163 2720 284 2790 apud
325 2720 573 2778 Curatum
626 2716 881 2774 Guillard
927 2717 1154 2773 uuluam
1197 2717 1357 2782 1544,
1385 2714 1599 2782 in-fol.,
1649 2731 1775 2786 quas
1885 2714 2192 2772 nitidiores
2223 2719 2366 2771 sunt
2395 2732 2462 2771 ac
2485 2713 2667 2772 illius.

162 2808 322 2866 nescio
343 2826 416 2865 an
445 2808 578 2866 fons
608 2804 775 2862 illius
808 2805 1171 2862 fuerit.Certe
1195 2803 1485 2875 Epistolas
1516 2803 1778 2859 Clemen-
1954 2804 2114 2861 4585.
2167 2806 2398 2862 Venetiis
2444 2804 2593 2876 apud
2638 2805 2909 2862 Dominic.
2955 2807 3293 2876 Nicolinum,
3340 2806 3534 2879 in-fol,

163 2895 222 2951 tis
243 2913 302 2954 ex
324 2895 640 2957 Victorinis
670 2893 974 2952 codicibus
991 2893 1343 2950 emendatas
1365 2891 1576 2948 titulus
1604 2891 1778 2964 profi-
1884 2894 2096 2950 Leonis
2125 2892 2396 2966 Epistolas
2421 2892 2771 2962 decretales;
2821 2895 2884 2951 in
2935 2894 3243 2952 Concilium
3289 2897 3539 2953 omnium

163 2987 299 3051 tatur,
329 3002 495 3058 quem
523 2985 590 3042 in
619 2981 925 3043 Addendis
954 2983 1026 3038 ad
1058 2982 1337 3037 Ruﬁnum
1370 2981 1466 3054 (ad
1493 2997 1551 3052 p.
1573 2981 1678 3036 623
1706 2979 1772 3036 T.
1881 2981 2228 3040 Collectione
2273 2997 2376 3055 per
2425 2983 2718 3041 catholicos
2762 2983 3050 3056 quosdam
3098 2983 3366 3056 theologos
3410 2987 3536 3057 (po-

165 3072 197 3141 l)
220 3072 268 3128 in
292 3078 437 3131 tomo
466 3073 648 3130 tertio
677 3072 980 3129 dabimus.
1881 3072 2182 3129 tissimum
2208 3071 2478 3127 Dominic.
2511 3072 2784 3128 Polanum
2811 3075 3017 3130 Venet.
3067 3073 3195 3128 ord.
3246 3073 3535 3144 Praedio.).

219 3162 353 3216 1569.
408 3163 652 3218 Gotonice
701 3177 804 3232 per
856 3161 1090 3219 Martia.
1149 3158 1517 3223 Cholimnum,
1575 3156 1770 3228 in-fol.
1954 3161 2116 3219 4588.
2147 3157 2399 3233 Lugduni
2444 3175 2514 3216 ea:
2557 3161 2651 3233 oﬂ‘.
2699 3163 3012 3228 Iuniarum,
3049 3163 3112 3217 in
3165 3161 3264 3232 fol.
3323 3157 3535 3218 Leonis

170 3248 335 3306 Leonis
361 3251 674 3307 Sermones
704 3249 929 3321 aliquot
958 3247 1162 3319 (XXI);
1207 3249 1278 3332 in
1317 3246 1642 3303 Homiliario
1670 3245 1766 3300 do-
1795 3236 1840 3305 C
1877 3251 2188 3308 Sermones
2215 3250 2458 3321 aliquot;
2485 3248 2548 3305 in
2578 3249 2909 3308 Bibliotheca
2937 3250 3299 3306 homiliarum
3327 3257 3380 3306 et
3417 3253 3536 3306 ser-

168 3342 338 3394 ctorum
361 3339 752 3396 catholicorum
779 3336 1012 3394 selectis
1038 3335 1304 3392 homiliis
1333 3339 1504 3394 aucto
1533 3337 1591 3392 et
1618 3332 1774 3390 edito
1868 3356 2108 3397 manum
2126 3340 2438 3411 priscorum
2465 3339 2576 3395 PP.
2609 3340 2898 3396 Laurentii
2921 3338 3161 3398 aumdii,
3193 3339 3285 3396 ed,
3309 3342 3366 3394 et
3395 3353 3528 3412 per.

169 3439 195 3479 ι
214 3426 473 3485 Laurentio
501 3427 692 3484 Suria.
724 3428 805 3483 Jo.
848 3425 1166 3497 Ciampinus
1209 3424 1416 3481 Leonis
1465 3423 1780 3480 Sermones
1883 3429 2033 3487 facta
2061 3445 2095 3485 a
2123 3428 2213 3484 Ge.
2240 3429 2473 3484 Mosano.

169 3511 254 3569 hoc
277 3531 414 3572 anno
442 3522 499 3574 et
524 3515 658 3573 loco
688 3518 746 3570 et
769 3515 881 3570 hac
927 3514 1115 3570 forma.
1154 3505 1361 3580 editus,
1386 3510 1549 3568 nulla
1578 3510 1791 3568 addita
1955 3517 2119 3576 1591,
2147 3519 2326 3575 Roma
2353 3533 2424 3574 ca:
2450 3517 2663 3576 aedibus
2681 3518 2810 3590 Pop,
2842 3517 2993 3574 Rom.
3029 3516 3530 3582 exc.Ge.Ferrario,

170 3601 498 3672 collectionis,
548 3603 650 3661 cui
699 3601 908 3659 inserti
940 3606 1168 3670 essent,
1220 3600 1516 3657 mentione
1552 3599 1776 3656 laudat.
1883 3607 2098 3683 ἀμίσι..
2127 3610 2185 3662 s.
2212 3605 2421 3662 Leonis
2469 3610 2496 3661 Ι
2542 3605 2811 3680 Epistolas:
2852 3605 3195 3676 decretales,
3246 3606 3308 3663 in
3349 3603 3536 3662 Colle-

170 3694 419 3765 lntegram
436 3695 566 3751 ideo
583 3693 908 3751 editionem
929 3691 1177 3748 seorsim
1195 3691 1220 3745 ἵ
1222 3694 1410 3746 actam
1433 3687 1601 3744 innui
1627 3686 1716 3743 exi

1989 3712 2076 3753 nne
2101 3695 2472 3769 Epistolarum
2500 3693 2856 3751 decretalium
2901 3711 3242 3752 summorum
3289 3693 3535 3767 ponti/ﬂ,

173 3777 341 3836 limare
363 3781 568 3855 aliquis
605 3784 832 3856 posset,
883 3779 944 3835 in
991 3778 1200 3852 primis
1249 3794 1384 3834 cum
1427 3793 1544 3832 non
1597 3792 1777 3831 manu
1886 3786 2207 3842 adornante
2238 3782 2399 3840 card.
2429 3783 2662 3840 Antonio
2693 3784 2918 3856 Carafa,
2943 3800 3122 3857 quam
3144 3783 3362 3857 publici
3383 3781 3541 3854 juris

172 3870 362 3926 tantum
389 3869 665 3938 tenuisse,
703 3869 806 3925 sed
838 3872 1112 3924 accurata
1141 3865 1460 3924 attentione
1481 3863 1695 3938 legisse
1718 3879 1781 3920 se
1887 3872 2024 3929 fecit,
2050 3873 2323 3928 Antonius
2351 3871 2418 3929 de
2445 3872 2677 3943 Aquino.

175 3954 402 4014 afﬁrmet.
431 3958 540 4016 Sed
571 3958 700 4015 haec
729 3961 797 4013 nt
827 3961 1041 4013 caetera
1085 3956 1195 4011 viri
1241 3953 1400 4010 illius
1440 3951 1782 4025 promiSSiO-
1959 3959 2261 4033 Splendidi
2291 3959 2472 4032 hujus
2502 3959 2696 4033 operis
2715 3959 3133 4016 vetustissimis
3163 3962 3221 4015 et
3252 3957 3544 4028 Vaticana

178 4058 260 4100 nes
279 4061 422 4102 vanae
451 4052 610 4118 sunt,
645 4045 866 4120 quippe
896 4046 995 4118 qui
1027 4044 1205 4099 unius
1227 4043 1387 4099 vocis
1423 4058 1566 4098 cura
1611 4055 1785 4100 occas
1889 4047 2272 4118 bibliothecae,
2307 4051 2364 4104 et
2393 4047 2526 4104 aliis
2555 4048 2864 4120 permultis
2894 4063 3040 4103 mss.
3072 4045 3373 4102 codicibus
3414 4061 3546 4117 per-

180 4135 419 4201 Ριιηεναά
447 4135 564 4192 alia
589 4152 712 4191 non
742 4134 857 4190 αἰεί
887 4132 1206 4190 ἀθευιῐοτὶθ
1229 4131 1496 4187 advertit-
1891 4138 2046 4206 fecti,
2073 4136 2301 4210 copiam
2331 4135 2502 4192 nobis
2533 4136 2735 4191 deesse
2783 4135 3157 4192 vehementer
3208 4131 3395 4188 doleo.
3433 4131 3563 4190 Sed.

239 4222 376 4277 1569.
404 4225 638 4282 Βαείιειε
681 4239 786 4295 per
830 4223 1048 4280 Henric.
1098 4221 1273 4288 Petri,
1333 4219 1522 4291 in-fol-
1574 4217 1785 4274 Leonis
1891 4227 2021 4283 vide
2049 4225 2202 4280 intra
2234 4241 2362 4296 quae
2393 4225 2466 4280 ad
2498 4223 2853 4279 mentionem
2885 4222 3226 4280 Collectionis
3250 4220 3549 4278 Bullarum

185 4322 316 4379 papa:
340 4315 363 4365 Ι
389 4312 642 4384 Epistola
669 4312 746 4368 ad
790 4311 1152 4377 Flavianum,
1204 4313 1407 4365 contra
1447 4305 1785 4380 Eutychen;
1896 4313 2332 4386 cocquelinianae
2357 4311 2662 4367 docentur.
3270 4308 3274 4314 “

187 4396 235 4448 in
256 4396 459 4454 Ianum.
491 4399 854 4470 Orthodoxgr.
889 4400 1004 4455 Jac.
1034 4397 1292 4470 Grynaei,
1322 4413 1379 4468 ρ.
1411 4397 1500 4451 41.
1967 4401 2128 4458 1569.
2161 4403 2346 4458 Rom
2393 4400 2539 4472 typis
2589 4399 2847 4471 Congreg.
2895 4399 3072 4468 0rat.,
3123 4399 3308 4472 in-fal.
3341 4397 3553 4454 Leonis

248 4486 379 4540 1572.
404 4489 606 4560 Figuri,
640 4487 828 4559 iit-fol.
862 4486 1073 4543 Leonis
1101 4485 1360 4558 episcopi
1385 4481 1635 4540 Romani
1664 4480 1787 4554 θΡί·
1895 4489 2167 4564 Epistolas
2196 4489 2408 4559 aliquot
2435 4487 2667 4543 antehac
2693 4502 2806 4542 non
2831 4485 3091 4549 editaeﬁn
3119 4488 3355 4544 Baronii
3368 4487 3557 4543 Anna-

190 4569 320 4669 stola
343 4573 478 4669 duae,
508 4593 628 4669 una
657 4573 1100 4669 adlilavianum
1123 4573 1302 4646 episc.
1324 4571 1785 4669 AConst‘autinop.
1818 4600 1868 4669 Β
1899 4580 2042 4669 liba;
2070 4577 2222 4634 T,VI.
2255 4575 2545 4669 Nimirum
2583 4582 2636 4632 ιο
2655 4575 3034 4669 Διιάβρίξσρρο.ς
3057 4591 3159 4648 per
3181 4574 3557 4669 drelatensem

192 4663 357 4716 contra
380 4663 664 4738 Eutychen
683 4662 888 4732 altera
917 4662 989 4718 ad
1023 4663 1276 4718 Leonem
1306 4663 1640 4734 Augustum
1662 4672 1792 4715 0οη·
1818 4662 1858 4669 ⁷
1902 4667 2102 4725 Galliae
2120 4667 2464 4739 provinciam
2492 4665 2828 4733 constitutos,
2861 4664 2923 4720 id
2955 4663 3340 4736 sequentibus
3369 4664 3461 4720 ed.
3492 4681 3554 4720 u.

194 4748 266 4799 ira
283 4748 501 4808 Nestorii
530 4758 587 4809 et
617 4751 960 4824 Eutychetis
992 4749 1580 4822 hlasphemias;inter
1607 4747 1792 4819 Scrip-
1903 4759 2025 4822 106,
2059 4756 2131 4811 ad
2163 4772 2216 4810 ει,
2248 4755 2372 4822 449,
2405 4771 2463 4808 n.
2498 4753 2590 4822 46,
2640 4769 2710 4810 ex
2758 4753 2999 4824 antiquo
3046 4752 3246 4809 codice
3288 4751 3557 4808 Ecclesia

193 4839 237 4887 ια
259 4841 467 4896 Merum
495 4842 697 4898 Latina
719 4840 786 4897 de
807 4857 921 4895 una
944 4855 1177 4914 persona
1221 4847 1274 4895 εἰ
1317 4838 1528 4894 duabus
1577 4837 1794 4893 ηαίυνὶδ
1899 4843 2285 4911 Arelatensis;
2315 4845 2376 4897 2°
2403 4841 2472 4897 ad
2501 4843 2845 4898 Ravennium
2873 4841 3242 4898 Arelatensem
3269 4841 3433 4912 episc.
3461 4840 3558 4909 ,ad

194 4920 390 4995 Domini,
419 4933 524 4984 etc.
555 4930 651 4986 ed.
677 4946 714 4984 a
738 4929 904 4985 Josua
929 4928 1180 4996 Simlero,
1206 4945 1264 4999 p.
1289 4928 1380 4982 74.

2017 4931 2116 5004 ι49,
2164 4949 2224 4987 n.
2271 4932 2363 4997 62,
2415 4947 2484 4986 ex
2531 4931 2737 4987 eodem
2783 4929 2980 4986 codice
3020 4929 3162 4998 207;
3211 4928 3270 4982 3°
3311 4929 3563 5000 Epistula

256 5014 385 5070 1575.
419 5017 669 5084 Venetiis,
704 5018 900 5089 in-fol.
931 5017 990 5072 S.
1026 5016 1236 5072 Leonis
1286 5016 1616 5076 Sermones.
1648 5023 1794 5076 Auc-
1903 5020 2446 5094 comprovincialium
2476 5020 2848 5092 episcoporum
2873 5018 3188 5090 metropolis
3205 5017 3564 5088 Arelatensis,

197 5101 270 5154 tor
292 5107 368 5158 est
395 5105 728 5178 Ciampinus,
761 5105 862 5162 sed
894 5122 1008 5162 non
1042 5105 1352 5177 signiﬁcat,
1387 5110 1585 5164 utrum
1636 5125 1797 5165 seor-
1907 5111 1980 5167 ad
2014 5127 2066 5165 a.
2099 5109 2223 5175 450,
2258 5125 2316 5163 n.
2351 5107 2444 5175 52,
2476 5123 2545 5163 ex
2575 5107 2778 5164 eodem
2807 5107 2965 5163 fonte
2995 5106 3176 5178 (408);
3219 5106 3281 5160 4ο
3325 5105 3570 5178 Epistola

199 5185 289 5240 sim
313 5206 378 5244 an
405 5193 460 5247 in
490 5193 832 5250 collectione
864 5192 1060 5266 aliqua
1090 5193 1433 5266 prodierint.
1617 5251 1631 5274 ο
1909 5199 2101 5256 Leonis
2129 5196 2199 5252 ad
2229 5197 2498 5268 episcopos
2522 5196 3005 5268 comprovinciales
3030 5193 3346 5265 metropolis
3375 5193 3568 5250 Arela-

256 5276 488 5335 1575-77.
516 5283 752 5339 Lovanii
798 5281 953 5354 apud
994 5282 1217 5338 Hieron.
1272 5282 1552 5340 Wellaeum
1605 5285 1676 5341 ad
1719 5288 1803 5341 in-
1909 5287 2095 5351 tensis,
2128 5285 2197 5341 ad
2227 5301 2278 5340 a.
2313 5285 2440 5351 (150,
2471 5301 2531 5339 u.
2563 5285 2634 5340 57
2660 5285 2845 5356 (109);
2876 5285 2936 5339 5°
2964 5283 3035 5338 ad
3064 5283 3410 5338 Ravennium
3437 5281 3568 5335 Are-

201 5362 396 5434 lmigne
435 5369 764 5438 Diamantis,
813 5369 1109 5427 madente
1152 5369 1364 5427 Joanne
1408 5373 1596 5442 Musio,
1637 5374 1800 5443 in80,
1911 5376 2170 5430 latensem
2197 5373 2664 5444 archiepiscOpum
2693 5369 2864 5443 (219),
2898 5386 2968 5427 ex
3010 5369 3214 5427 eodem
3265 5381 3379 5424 ms.
3411 5365 3570 5437 pari-

205 5449 332 5507 tomis
356 5458 420 5512 ΙΙ.
443 5457 507 5513 D.
536 5459 749 5517 Leonis
777 5475 940 5532 papa
966 5458 1148 5532 hujus
1179 5458 1437 5516 nominis
1460 5461 1636 5533 primi
1667 5465 1804 5535 Epi-
1906 5467 1998 5520 ter
2029 5465 2297 5534 utraque.
2769 5529 2771 5531 1

203 5537 325 5594 stolae
343 5548 609 5605 secretam
640 5555 696 5605 et
722 5546 1030 5620 familiares
1061 5547 1368 5621 (Sermoms
1397 5551 1456 5605 et
1499 5550 1802 5624 Homilies),
2525 5547 2766 5604 Saeuum
2804 5560 2945 5602 xvn.

205 5638 235 5684 ε
255 5633 455 5697 mendis
481 5639 537 5698 et
561 5635 815 5699 maculis
842 5637 1019 5700 variis
1049 5634 1394 5714 diligentius
1422 5653 1580 5700 nunc
1607 5622 1806 5717 repur-
1981 5638 2144 5700 1604.
2198 5636 2489 5716 Hoguntiae
2534 5635 2682 5718 apud
2741 5632 3005 5707 Balthas,
3058 5622 3325 5700 Lippium
3375 5623 3582 5700 εαηιρεο.
