3914 6232
121 276 187 341 81
553 275 1161 361 scamnum;
1205 276 1520 347 NOTITIA
1568 246 2485 352 HlS'I‘OBlCO-LIT’I‘EBABIA
2525 281 2605 345 1N
2651 281 2716 347 s.
2760 276 3105 355 LEONEM,
3463 278 3566 357 32‘

123 418 552 483 Lausanensem,
589 416 694 490 qni
718 413 980 488 proxime
1005 414 1300 473 Asterium
1318 414 1628 472 antecedit.
1648 413 1777 471 Non
1806 412 1864 489 Α,
1891 415 2274 493 Ratisponenst
2299 416 2811 491 deprehenderunt
2827 417 3094 488 ;primam
3114 417 3310 493 autem
3337 412 3543 470 Arnol-

125 506 300 579 igitur
328 505 401 561 ad
432 503 765 560 editionem
783 519 818 560 a
836 502 862 560 4
871 502 976 559 618
999 502 1362 560 conformata
1380 506 1487 571 est,
1520 506 1587 560 ut
1607 503 1784 570 Ques-

125 593 315 652 nellus
343 592 565 650 innuit.

192 685 351 740 1638.
383 683 631 739 Parisiis
660 698 733 739 ea:
762 682 854 754 off.
894 680 1213 745 Moreliana,
1255 682 1445 753 in-fol.
1479 683 1535 737 8.
1573 682 1782 739 Leonis

123 773 269 840 Vita,
294 769 574 846 Epistolas
604 775 665 830 et
693 770 962 839 Decreta;
998 770 1058 825 in
1092 769 1387 827 Concilior.
1417 770 1670 827 editione
1692 772 1785 827 Bi-

125 865 309 928 niana,
346 864 665 935 postremas
698 859 1081 933 repetitionis.

189 952 349 1009 1642.
382 951 630 1007 Parisiis
658 952 859 1022 sumpt.
894 949 973 1005 Cl.
1029 948 1229 1006 Sonnii
1266 952 1316 1005 et
1347 949 1409 1003 ι).
1442 949 1655 1017 Bechet,
1689 951 1782 1004 in-

124 1043 212 1113 fol.
243 1042 302 1097 Β.
338 1039 558 1097 Leonis
605 1037 870 1111 Epistola
900 1037 972 1094 ad
1029 1037 1481 1107 Theodoretum,
1532 1038 1687 1104 Lal.;
1723 1037 1783 1092 in
1824 1090 1839 1099 ,

126 1130 273 1187 calce
304 1130 551 1203 Operam
586 1127 925 1185 Theodoreti.
956 1128 1010 1184 T.
1041 1125 1137 1194 VI,
1164 1144 1220 1199 p.
1251 1128 1378 1182 724.

190 1220 349 1277 1614.
382 1219 631 1275 Parisiis
661 1233 732 1274 ea:
758 1222 976 1291 typogr.
1017 1217 1207 1286 Regia,
1243 1216 1430 1288 m-fol.
1465 1215 1675 1271 Leonis
1703 1215 1780 1272 M.

122 1309 267 1375 Vita,
298 1307 585 1381 Epistolm
615 1306 1032 1375 etDecreta;in
1055 1304 1434 1361 Conciliorum
1452 1305 1784 1361 Collectione

128 1400 303 1471 Regia.
338 1398 396 1454 Τ.
428 1396 556 1463 VII,
587 1415 650 1469 p.
683 1396 754 1452 49
781 1398 908 1463 272,
941 1397 998 1450 et
1024 1394 1086 1450 in
1119 1396 1174 1450 Τ.
1205 1393 1351 1453 VIII.

191 1488 350 1543 1651.
384 1487 749 1542 Parisiis.....
772 1484 961 1556 in-fol.
994 1482 1205 1547 Leonis
1259 1483 1468 1555 Opera,
1500 1481 1781 1549 Quesnel-

122 1575 214 1633 lus
238 1581 557 1647 tamquam
586 1573 961 1630 iterationem
992 1572 1081 1629 ed.
1118 1588 1153 1628 a
1183 1570 1323 1627 1618
1363 1570 1601 1639 laudat;
1644 1570 1778 1637 .sed,

128 1664 671 1730 siomnimoexstat,
685 1659 1242 1733 totaRaynaudiana
1264 1660 1423 1718 haud
1443 1658 1618 1716 dubie
1638 1659 1698 1716 in
1714 1676 1783 1716 ea

128 1771 326 1811 recusa
356 1756 452 1809 est
480 1750 773 1816 collectio,

196 1844 350 1900 1661.
382 1842 628 1899 Parisiis
657 1840 814 1914 apud
844 1839 1149 1897 Simeonem
1170 1841 1332 1910 Piget
1357 1839 1673 1913 (Bibliopol.
1698 1839 1785 1906 iu-

127 1941 301 1989 ratum
328 1934 422 1988 via
442 1931 698 1988 Jacobcea
732 1929 801 1985 ad
832 1931 1051 1999 insigne
1078 1928 1415 1996 Prudentiaz,
1457 1929 1645 2000 in-fol.
1682 1929 1781 1985 Leo

132 2022 337 2093 Magnus
367 2021 678 2077 Romanus
710 2018 988 2090 pontifex,
1032 2017 1315 2097 Maximus)
1352 2018 1598 2086 Taurin.,
1644 2017 1770 2073 Pet.

136 2110 362 2183 Chrysol.
384 2112 666 2175 Ravenn.,
714 2107 962 2179 Fulgent.
1017 2107 1302 2180 Ruspens..
1357 2106 1629 2163 Valerian.
1680 2105 1783 2162 Ce-

137 2199 272 2268 mel.,
320 2198 595 2256 Amedeus
652 2198 917 2263 Lausan.,
976 2197 1220 2252 Asterius
1266 2196 1523 2252 Amasen.
1586 2196 1781 2267 Heptas

130 2288 413 2360 presulum
442 2288 770 2345 Christiana
815 2286 1089 2359 sapientia
1119 2293 1172 2342 et
1205 2285 1473 2357 facundia
1528 2285 1780 2341 clarissi-

136 2393 357 2435 morum.

198 2466 510 2540 Theophilus
544 2461 880 2536 Raynaudus
926 2478 1035 2520 soc.
1067 2464 1119 2519 Ι.
1170 2463 1331 2519 theol.
1372 2461 1625 2535 priorem
1658 2462 1780 2518 edi-

137 2542 359 2625 tionem,
390 2553 579 2611 variis
596 2553 674 2610 ad
705 2552 807 2610 SS.
827 2552 1078 2608 Leonem
1104 2556 1162 2608 et
1189 2550 1561 2626 Fulgentium
1594 2567 1783 2608 acces-

139 2645 383 2703 sionibus
413 2644 795 2709 instructam,
829 2643 1107 2713 octoginta
1125 2642 1386 2713 fulgentii
1427 2640 1782 2698 Sermonibus

140 2749 200 2789 ex
226 2751 329 2790 ms.
361 2731 711 2789 cumulavit.
745 2729 1375 2801 Censuramiuo/ﬁciosaa
1388 2744 1629 2786 censurae
1650 2730 1784 2786 libri

141 2822 197 2877 de
217 2822 712 2879 Prtedestinatione
737 2828 790 2876 et
822 2816 1028 2888 Gratia,
1046 2820 1119 2874 .S.
1152 2818 1456 2893 Fulgentio
1483 2818 1779 2889 vindicati,

147 2912 420 2984 apposuit:
462 2902 827 2968 Valerianum
856 2902 1241 2964 Cemeliensem
1279 2910 1550 2964 accurata
1579 2907 1782 2964 defen-

149 3001 289 3056 sione
317 3000 478 3071 texit,
510 3000 801 3055 adversus
813 3013 1036 3069 parcum
1047 2997 1331 3053 charitatis
1347 2996 1782 3054 criminatorem

153 3087 346 3147 Amcdei
373 3090 651 3146 Homilias
679 3085 1131 3143 ﬂorentissimae
1153 3086 1225 3141 de
1252 3085 1505 3157 Deipara
1535 3084 1778 3141 addidit.

1891 505 2002 561 dus
2031 508 2225 563 Graece
2256 506 2536 579 scriptam
2557 505 2617 563 in
2639 503 2953 561 Bodleiano
2979 492 3175 560 codice
3206 502 3437 575 reperit,
3463 502 3541 558 si-

1891 595 2008 651 cuti
2042 595 2335 652 Ballerinii
2366 595 2427 651 in
2457 595 2739 652 Vaticano
2770 594 2965 652 Graeco
2996 592 3152 650 1455.
3184 591 3268 649 Cf.
3296 592 3537 648 Balleri-

1888 684 2113 741 niorum
2141 684 2212 740 de
2241 681 2685 741 collectionibus
2712 682 3107 757 Epistolarum
3144 679 3373 749 Leonis,
3408 695 3535 753 quas

1890 772 2043 828 infra
2068 777 2339 846 excerpta
2368 774 2599 842 damus,
2632 774 2914 831 observata
2942 772 3015 828 ad
3047 772 3252 828 collect.
3285 760 3372 827 16.

1963 863 2119 918 1670.
2157 863 2415 934 Cygeneaa
2444 863 2585 935 typis
2616 866 2668 918 et
2689 869 2886 933 sumpt.
2919 861 3067 917 Sam.
3118 848 3313 927 Ebelii,
3361 859 3532 915 in-8°.

1889 950 1948 1006 S.
1983 950 2192 1006 Leonis
2214 951 2289 1006 M.
2317 951 2479 1007 Bom.
2505 951 2710 1022 pontif.
2728 951 2856 1022 ejus
2882 949 3138 1006 nominis
3160 949 3202 1017 Ι,
3225 948 3536 1005 Sermones

1889 1036 1950 1093 in
1982 1037 2161 1094 solem
2171 1039 2352 1095 nitate
2366 1039 2694 1094 Nativitatis
2710 1038 2940 1095 Domini
2962 1038 3145 1095 nostri
3164 1038 3197 1094 J
3203 1052 3306 1095 esu
3318 1037 3535 1115 Christi

1886 1128 1942 1193 2,
1972 1130 2007 1180 7
2039 1132 2096 1182 et
2123 1128 2178 1197 9,
2211 1127 2271 1183 in
2294 1127 2546 1183 divorum
2573 1128 2684 1184 PP.
2716 1131 3065 1199 veterumque
3087 1127 3534 1189 Ecclesitedocto-

1888 1231 2014 1271 rum
2043 1217 2275 1289 aliquot,
2305 1218 2401 1288 qui
2425 1217 2673 1273 oratione
2699 1215 2875 1272 soluta
2902 1215 3235 1287 scripserunt
3283 1208 3536 1273 Homiliis

1887 1319 1952 1360 ac
1979 1305 2181 1362 Meditt.
2210 1308 2272 1361 in
2298 1309 2499 1378 festum
2517 1307 2692 1383 Natio.
2714 1306 2764 1361 J.
2783 1304 2916 1363 Cha.
2939 1321 2970 1360 e
2999 1303 3245 1383 diversis
3270 1302 3535 1378 ipsorum

1888 1394 2163 1467 operibus
2221 1393 2471 1451 collectae
2518 1380 2575 1450 et
2631 1393 3005 1467 peculiariter
3048 1380 3298 1454 editze'a
3329 1396 3533 1454 Christ.

1887 1484 2121 1539 Daumio
2148 1488 2309 1556 pagg“.
2332 1480 2605 1539 103-121.

1960 1572 2119 1628 1671.
2143 1572 2382 1629 Parisiis
2398 1573 2598 1643 sumpt.
2631 1571 2787 1628 Petri
2823 1572 3093 1643 Variqaet,
3151 1588 3242 1630 via
3269 1575 3382 1633 Jac.
3435 1574 3535 1632 sub

1885 1662 2040 1733 signe
2071 1661 2361 1735 Craticula:
2382 1677 2551 1734 prope
2579 1660 2802 1739 aedesS.
2835 1661 3142 1729 Benedicti,
3188 1663 3379 1739 infol.
3436 1667 3533 1720 SS.

1891 1750 1995 1807 PP.
2029 1749 2238 1827 Leonis
2268 1750 2369 1819 M.,
2402 1753 2537 1818 etc.,
2568 1750 2755 1824 Opera
2775 1765 2878 1823 per
2901 1749 3126 1822 Thecph.
3146 1751 3532 1823 Raynaudum.

1884 1840 2186 1905 Accedunt
2216 1840 2354 1899 huic
2373 1843 2681 1913 postrema:
2712 1838 2951 1897 editioni
2981 1839 3048 1895 D.
3086 1844 3341 1913 Prosperi
3383 1842 3533 1915 Aqu.

1889 1929 2095 2003 Opera,
2128 1932 2237 1986 etc.

1960 2020 2119 2075 1675.
2153 2019 2376 2077 Lutetia:
2405 2010 2748 2077 Parisiorum
2770 2018 3070 2091 sumptibus
3087 2016 3207 2076 Joh.
3239 2021 3396 2094 Bapt.
3423 2020 3540 2078 Coi-

1888 2109 2066 2179 gnard
2092 2110 2184 2166 ria
2236 2111 2347 2167 Iac.
2376 2110 2476 2165 sub
2515 2108 2712 2168 Bibliis
2768 2109 2977 2177 aureis,
3026 2110 3187 2166 ίη-4ο.
3238 2106 3412 2166 Tomis
3464 2109 3536 2173 ll.

1889 2198 1948 2254 S.
1982 2197 2190 2256 Leonis
2222 2198 2418 2271 Magni
2440 2215 2601 2272 papae
2630 2197 2805 2270 primi
2833 2198 3006 2270 Opera
3023 2200 3208 2271 omnia
3239 2215 3397 2257 nunc
3427 2198 3540 2273 pri-

1890 2304 2053 2343 mum
2085 2289 2327 2360 epistolis
2348 2288 2439 2357 30,
2472 2287 2811 2362 trisbusque
2832 2287 2904 2344 de
2933 2287 3131 2343 Gratia
3159 2286 3373 2357 Christi
3398 2306 3540 2363 opu-

1890 2375 2070 2433 sculis
2100 2366 2378 2443 auctiora,
2403 2377 2727 2433 secundum
2744 2380 3003 2433 exactam
3023 2377 3538 2447 annorumseriem

1888 2468 2159 2521 accurate
2172 2466 2459 2533 ordinata,
2483 2482 2516 2521 a
2530 2464 2944 2538 supposititiis,
2965 2465 3541 2539 interpolationibus-

1889 2554 2477 2627 que,innumerisque
2491 2553 2723 2612 mendis
2739 2557 3076 2628 expurgatu;
3093 2550 3536 2629 appendicibus,

1889 2642 3538 2717 dissertationibus,notisobservationibusque‘illustrata.

1889 2732 2185 2789 Accedunt
2214 2732 2281 2813 S._
2318 2733 2523 2789 Hilarii
2566 2732 2894 2789 Arelatensis
2941 2734 3177 2805 episcopi
3221 2733 3538 2811 Opuscula,

1888 2819 2023 2877 Vita
2051 2825 2108 2877 et
2136 2816 2433 2894 Apologia.
2466 2819 2593 2877 Una
2612 2820 2853 2892 prodite
2879 2820 3135 2877 tenebris
3154 2819 3430 2894 geminus
3449 2836 3543 2878 co-

1890 2909 1998 2967 dex
2025 2926 2315 2966 canonum
2348 2914 2407 2965 et
2431 2909 2887 2967 constitutorum
2918 2909 3075 2966 sedis
3106 2908 3457 2982 apostolicae.

1962 2998 2113 3055 Ordo
2145 3002 2552 3055 contentorum
2584 2997 2679 3054 hic
2709 3001 2817 3055 est.
2840 2998 3061 3071 Agmen
3097 2994 3322 3056 ductint
3336 2998 3473 3057 libri
3505 3018 3542 3059 a

1890 3087 2199 3152 Quesnello
2230 3080 2491 3155 demum,
2525 3092 2591 3145 ut
2620 3105 2802 3161 supra
2829 3089 3107 3145 vidimus.
3144 3089 3316 3145 Leoni
3348 3089 3538 3146 vindi-

157 3178 251 3233 llac
275 3184 572 3252 postrema
604 3174 862 3233 editione
896 3178 958 3229 D.
989 3174 1265 3245 Fulgentii
1293 3172 1440 3230 liber
1476 3173 1683 3230 tertius
1716 3173 1786 3229 de
1816 3158 1860 3225 C
1897 3179 2032 3246 cati,
2067 3177 2353 3246 videlicet,
2384 3177 2449 3234 de
2493 3158 2773 3235 νοσηιὶοή
2820 3179 3070 3234 omnium
3115 3181 3365 3246 gentium
3404 3176 3540 3236 libri

156 3264 379 3323 Veritate
406 3263 951 3340 predestinationis
981 3267 1038 3320 et
1066 3263 1286 3336 gratiae,
1319 3266 1491 3318 antea
1513 3260 1779 3331 mutilus,

156 3372 290 3412 nunc
317 3356 574 3429 primum
592 3353 795 3427 prodit
812 3351 1087 3409 omnibus
1108 3349 1232 3408 suis
1246 3350 1535 3423 capitibus
1556 3350 1785 3409 absolu-

157 3446 255 3500 tus.
280 3444 522 3501 Perinde
553 3447 735 3516 atque
763 3441 835 3500 D.
865 3441 1071 3499 Asterii
1097 3439 1382 3497 Homilies.
1418 3440 1640 3507 Quibus
1676 3440 1782 3496 ad—

154 3532 318 3603 juncti
331 3533 756 3606 suntejusdem
780 3530 1037 3586 auctoris
1068 3528 1351 3586 Sermones
1368 3528 1572 3603 viginti
1594 3529 1781 3585 omni-

159 3637 222 3677 no
243 3621 401 3697 longe
422 3612 878 3699 elegantissimi.

218 3711 459 3768 Titulum
490 3712 740 3785 plenum
772 3708 885 3765 hoc
911 3708 1039 3764 loco
1070 3707 1703 3781 proponere.malui,ne
1725 3707 1783 3763 in

162 3799 511 3873 sequentibus
541 3815 654 3873 per
683 3796 952 3871 singulos
973 3801 1243 3854 auctores
1267 3795 1625 3869 discerptum
1657 3814 1788 3854 con-

163 3888 361 3959 quirere
385 3889 639 3947 lectores
669 3890 983 3960 oporteret.

226 3976 283 4032 16
314 3978 368 4034 2.
397 3978 639 4035 Parisiis
660 3979 865 4048 sumpt.
898 3976 1025 4030 Ant.
1057 3975 1290 4042 Bertier,
1324 3974 1523 4047 iu-fol.
1578 3975 1787 4033 Leonis

167 4062 341 4123 Sermo
363 4067 424 4122 in
451 4065 838 4124 Nativitatem
885 4062 1148 4133 Domini;
1197 4064 1258 4118 in
1308 4062 1619 4135 Combe/isti
1665 4065 1784 4121 libl.

168 4156 377 4210 concion.
402 4174 458 4227 ρ.
491 4157 622 4211 241.

228 4240 368 4299 1662.
400 4245 578 4301 Romae
608 4243 758 4316 typis
775 4241 971 4299 Jacobi
980 4240 1350 4312 Dragondelli.
1367 4242 1534 4297 in-8°.
1550 4241 1786 4299 Novem.

173 4327 348 4388 Leonis
375 4336 429 4389 et
455 4333 714 4389 aliorum
726 4331 799 4388 ad
811 4331 1060 4387 Leonem
1076 4329 1349 4402 Epistolm
1371 4345 1439 4386 ex
1458 4330 1653 4386 codice
1676 4349 1788 4390 ms.

175 4415 634 4477 Barbcrinoedita
646 4420 804 4476 inter
814 4421 957 4476 Acta
969 4417 1175 4492 synodi
1198 4418 1474 4474 Romanae
1494 4420 1602 4475 sub
1618 4420 1790 4477 Boni-

1892 3267 2041 3338 duo;
2074 3269 2434 3323 Auctoritates
2461 3267 2526 3323 de
2556 3266 2742 3322 Gratia
2772 3271 2825 3322 et
2853 3266 3022 3323 libero
3050 3266 3345 3322 voluntatis
3375 3254 3539 3324 Arbi-

1892 3359 2028 3421 trio;
2058 3356 2298 3413 Libellus
2329 3355 2399 3412 ad
2439 3355 2838 3423 Demetriadem
2885 3356 3193 3425 Virginem.
3241 3340 3357 3413 Hos
3385 3354 3540 3413 exci-

1892 3444 2064 3516 piunt
2092 3444 2373 3499 Sermones
2404 3443 2516 3498 sub
2547 3449 2665 3497 una
2680 3458 3063 3498 numerorum
3094 3438 3243 3499 serie
3263 3442 3538 3514 ordinati;
3628 3440 3631 3441 ⁷

1893 3548 1999 3587 nec
2011 3535 2205 3586 tamen
2220 3530 2499 3586 omissam
2517 3529 2681 3603 prius
2695 3529 2911 3587 usitata
2923 3529 3273 3586 numerandi
3294 3529 3539 3588 ratione.

1894 3620 2128 3676 Fatelur
2157 3623 2351 3676 autem
2379 3617 2749 3676 nullumloco
2780 3636 2887 3675 suo
2913 3624 3139 3677 motum
3162 3636 3310 3695 esse,
3332 3624 3544 3694 praeter

1894 3709 2519 3780 tres,scilicetquartum
2529 3711 2586 3764 in
2601 3710 2988 3766 Anniversario
3007 3711 3395 3787 assumptionis
3403 3724 3541 3783 suae,

1893 3808 2108 3856 sea-tum
2135 3798 2201 3854 de
2230 3799 2477 3856 Collectis
2505 3802 2559 3855 et
2604 3799 2996 3871 Eleemosynis,
3031 3802 3090 3854 et
3118 3815 3323 3859 nonum
3371 3799 3436 3856 de
3455 3798 3543 3871 je-

1887 3890 2049 3961 junio
2078 3888 2278 3944 decimi
2304 3888 2525 3954 mensis,
2561 3886 2661 3959 qui
2683 3885 2823 3943 olim
2840 3904 2909 3944 ex
2937 3887 3061 3943 cod.
3089 3904 3200 3943 ms.
3223 3886 3346 3943 Nic.
3371 3885 3544 3943 Fabri

1897 3979 1969 4033 ad
1997 3975 2213 4033 calcem
2235 3979 2575 4033 caeterorum
2598 3980 2766 4032 erant
2782 3974 3014 4047 adjecti,
3034 3992 3067 4031 a
3087 3973 3392 4042 Quesn'ello
3406 3989 3543 4031 vero

1889 4065 2071 4139 justis
2098 4065 2242 4122 locis
2265 4082 2325 4137 p.
2358 4066 2482 4133 110,
2518 4066 2608 4121 121
2636 4068 2694 4119 et
2724 4065 2828 4119 140
2847 4067 2988 4119 sunt
3011 4062 3269 4135 ascripti.
3293 4061 3543 4121 Unicum

1897 4171 2227 4213 sermonem
2257 4155 2328 4209 96
2357 4153 2416 4209 in
2451 4152 2718 4208 Cathedra
2737 4152 2793 4207 S.
2827 4152 2999 4231 Petri,
3026 4150 3237 4223 inquit,
3270 4166 3339 4206 ex
3384 4151 3570 4224 regio

1898 4245 2024 4301 cod.
2058 4242 2416 4315 descriptum
2429 4240 2650 4296 caeteris
2666 4238 3073 4296 accensuimus
3100 4243 3156 4294 et
3175 4237 3546 4297 accensuisse

1899 4318 2159 4407 poenitet,
2192 4331 2493 4403 quoniam,
2523 4328 2631 4383 etsi
2661 4331 2802 4383 tunc
2826 4326 3108 4401 temporis
3144 4326 3292 4384 ratio
3327 4327 3386 4385 id
3426 4343 3543 4384 non

1901 4439 2017 4479 una
2046 4421 2349 4485 suadebat,
2369 4417 2540 4474 modo
2553 4423 2749 4473 tamen
2776 4416 2923 4491 stylo
2937 4421 2992 4474 et
3006 4418 3066 4472 in
3084 4416 3544 4491 propriaiterum

177 4503 299 4596 facio
326 4508 395 4575 Il;
424 4510 483 4566 in
514 4512 686 4567 Lucae
714 4508 981 4565 Holstenii
994 4507 1315 4565 Collectione
1342 4509 1583 4565 Romana
1603 4510 1788 4582 bipar-
1821 4530 1869 4596 ι)
1898 4514 1956 4567 et
1984 4509 2043 4566 in
2076 4508 2267 4565 aliena
2284 4507 2508 4596 trutina
2524 4522 2833 4596 suspenso,
2854 4505 3020 4579 prius
3040 4521 3283 4596 examen
3302 4505 3548 4596 castiga-

178 4595 261 4649 u'u
280 4612 425 4670 pagg.
464 4598 726 4655 103-163.

235 4682 473 4757 Epistolis
502 4692 649 4745 sunt
678 4688 1024 4758 sequentes:
1060 4686 1111 4741 1.
1152 4685 1531 4742 Valentiniani
1557 4691 1607 4743 et
1643 4688 1791 4743 Mar-

176 4769 307 4826 ciani
345 4776 511 4847 Augg.
562 4775 1009 4847 adLeOnem(in
1042 4774 1135 4830 ed.
1196 4772 1470 4829 Ballerin.
1532 4776 1678 4848 100).
1737 4781 1791 4834 2.

178 4857 341 4917 Leonis
365 4864 430 4919 ad
452 4866 805 4921 Marcianum
834 4862 937 4932 (ib.
980 4864 1119 4927 104).
1151 4863 1206 4917 3.
1235 4862 1315 4918 Ad
1341 4863 1659 4921 Anatolium
1688 4866 1791 4937 (ib.

182 4946 300 5019 ωδ).
326 4954 381 5013 ιι.
414 4954 490 5010 Ad
518 4955 869 5012 Marcianum
897 4951 1000 5024 (ib.
1035 4954 1181 5021 136).
1213 4953 1272 5007 5.
1305 4952 1555 5010 Anatolii
1566 4953 1637 5009 ad
1666 4955 1793 5012 Leo-

179 5049 283 5092 nem
307 5039 399 5111 (ib.
438 5043 582 5116 132).
655 5083 668 5101 .
709 5040 905 5097 Leonis
933 5040 1004 5096 ad
1044 5041 1361 5097 Anatolium
1411 5041 1581 5114 (135).
1631 5044 1684 5099 7.
1720 5044 1798 5100 Ad

181 5120 495 5185 Anastasium
529 5131 637 5203 (ib.
668 5129 748 5201 6).
784 5131 838 5184 8.
870 5129 949 5187 Ad
973 5129 1418 5201 metropolitanos
1448 5130 1663 5203 Illyrici
1691 5132 1792 5205 (ib.

181 5208 246 5278 5).
270 5214 319 5269 9.
348 5218 419 5273 Ad
444 5219 896 5292 metropolitanos
927 5215 1141 5273 Achaia:
1171 5218 1272 5290 (ib.
1310 5220 1419 5286 13).
1451 5219 1532 5273 Ex
1556 5219 1650 5276 his
1678 5238 1796 5289 sex,

183 5297 426 5361 nimirum
454 5308 670 5380 prima,
702 5310 934 5379 quarta,
983 5306 1208 5379 quinta,
1255 5307 1505 5379 septima
1545 5314 1604 5364 et
1646 5327 1799 5367 nona

186 5392 328 5466 lintea
351 5394 900 5468 inedita,nusquam
919 5394 1034 5451 fere
1054 5393 1112 5450 in
1144 5393 1277 5451 aliis
1294 5411 1437 5451 mss.
1461 5403 1796 5468 occurrunt;

187 5472 228 5527 si
252 5492 281 5531 ι
305 5480 517 5541 duabus
547 5484 745 5557 prima
767 5487 825 5540 et
872 5488 1078 5555 quarta
1134 5484 1467 5540 recesseris.
1530 5488 1800 5555 Quartam

189 5563 319 5622 enim
345 5570 656 5639 Quosnellus
682 5571 744 5629 in
778 5571 1104 5640 Grimanico,
1133 5573 1431 5630 Ballerinii
1461 5590 1594 5632 vero
1616 5575 1677 5633 in
1696 5594 1797 5634 ms.

1903 4616 2057 4665 mus,
2092 4596 2378 4668 illumque
2408 4594 2581 4650 Leoni
2621 4594 3049 4666 abjudicamus.
3104 4595 3408 4652 Enimvero
3436 4593 3547 4651 hoc

1900 4702 2133 4760 quoque
2153 4685 2446 4759 judicium
2480 4684 2538 4739 in
2569 4683 2835 4756 aequiore
2863 4683 3116 4741 editione
3145 4682 3549 4743 reformavitet

1901 4776 1961 4832 in
1992 4775 2182 4849 prima
2210 4791 2318 4830 sua
2346 4772 2637 4830 sententia
2680 4790 2741 4829 se
2783 4772 3150 4845 acquiescere
3197 4772 3391 4829 fassus
3435 4776 3544 4829 est.

1903 4865 2049 4921 Huic
2072 4865 2421 4920 Sermonum
2452 4863 2523 4918 96
2544 4861 2711 4919 seriei
2738 4861 2916 4918 ﬁnem
2936 4862 3248 4935 imponunt
3263 4864 3548 4936 prce/alio-

1902 4972 1997 5011 nes
2028 4970 2097 5010 ex
2128 4951 2452 5009 Pontiﬁcali
2487 4951 2747 5007 Romano
2774 4952 2846 5008 ob
2879 4951 3224 5007 affinitatem
3274 4949 3548 5008 dictionis

1905 5060 2040 5101 cum
2054 5042 2277 5100 caeteris
2295 5038 2503 5096 Leonis
2519 5040 2635 5097 huc
2659 5040 2924 5113 reposita:
2945 5045 3002 5097 et
3016 5039 3403 5115 appendicula
3423 5041 3551 5097 Ser-

1905 5148 2168 5200 monum,
2198 5130 2320 5203 qui,
2350 5134 2416 5185 ut
2445 5128 2763 5203 ipsivisum
2787 5128 2914 5197 fuit,
2946 5129 3316 5186 falsoLeonis
3334 5136 3550 5185 nomen

1904 5222 1965 5278 in
1996 5222 2164 5278 codd.
2200 5236 2343 5277 mss.
2377 5223 2662 5293 gererent,
2694 5235 2905 5291 nempe
2935 5223 2994 5273 1°
3021 5222 3080 5274 in
3111 5219 3301 5275 Natali
3329 5218 3385 5274 S.
3422 5218 3551 5274 Vm-

1904 5312 2075 5368 centii
2102 5310 2383 5381 martyris,
2404 5312 2464 5363 2°
2495 5309 2561 5363 (le
2585 5309 2890 5365 Nativitate
2916 5308 3158 5376 Domini,
3192 5308 3249 5363 3"
3279 5308 3341 5362 in
3358 5306 3556 5360 Ascen-

1905 5403 2057 5457 sione
2080 5400 2304 5455 Domini
2332 5400 2391 5459 (3°
2419 5399 2480 5452 in
2509 5397 2805 5452 Nativitate
2836 5396 2930 5453 SS.
2966 5395 3362 5466 Apostolorum,
3398 5391 3553 5445 Petri

1905 5494 1955 5547 et
1985 5489 2169 5554 Pauli,
2201 5487 2588 5557 5°Tractatus
2633 5484 2910 5541 adversus
2944 5498 3155 5539 errores
3201 5477 3547 5548 Eutychetis;

1909 5584 2082 5651 atque
2112 5577 2231 5634 haec
2264 5560 2647 5648 appendicula
2666 5572 2874 5629 minori
2893 5586 3069 5643 quam
3101 5565 3325 5636 reliqua
3344 5561 3551 5620 chara-
