3914 6232
320 340 401 408 83
736 342 1340 410 SGHCENEMANNI
1382 342 1704 407 NOTITIA
1749 339 1866 404 HIS

1761 334 2682 404 HISTORIGO-LITTERARIA
2723 339 2806 401 1N
2849 339 2916 402 s.
2963 311 3307 404 LEONEM.

3660 339 3748 400 84

318 483 475 541 σιω-θ
504 482 594 537 est
615 496 910 554 expressa.
923 445 1178 538 Alteram
1193 479 1361 552 quasi
1375 478 1516 535 torni
1547 476 1719 549 primi
1743 478 1968 548 partem
1997 469 2055 539 Α
2081 471 2276 527 Gratia
2293 471 2392 526 Dei
2418 479 2470 528 et
2496 471 2688 527 Libero
2735 472 3030 529 voluntatis
3071 471 3314 529 Arbitrio
3363 473 3539 530 eidem
3583 490 3747 530 asse-

321 569 640 626 conﬁciunt
653 570 906 641 Epistolas
936 571 1060 636 131,
1084 569 1145 624 in
1175 569 1394 641 quibus
1425 583 1598 639 quaee
1629 581 1690 621 se
1712 562 1972 636 praestita

321 659 444 716 sint
472 658 598 731 ipse
627 658 700 714 ad
727 673 831 714 sex
858 657 1166 730 sequentia
1197 656 1388 728 capita
1414 654 1626 721 refert;
1659 656 1713 708 1·
1753 651 1971 724 Rejecit

321 747 556 820 spurias
586 749 644 802 et
669 745 1038 814 subdititias;
1069 748 1130 800 2°
1159 761 1192 800 a
1211 743 1505 817 germanis
1530 742 1880 798 mendorum
1911 742 1971 796 et

322 834 842 910 interpolationum
866 833 1128 890 maculas
1149 831 1456 901 abstersit;
1479 832 1539 886 3°
1557 831 1822 887 ordinem
1845 846 1971 885 mu-

312 910 468 982 tavit
494 928 552 980 et
578 923 650 980 ad
676 923 997 997 genuinum
1029 922 1346 990 revocavit;
1379 923 1436 976 4ο
1465 921 1627 976 auxit
1657 935 1970 975 numerum

321 1012 581 1086 plurium
610 1011 854 1085 triginta
874 1011 1054 1066 trium
1078 1010 1438 1079 accessione;
1466 1011 1526 1066 5°
1546 1025 1714 1065 suam
1737 1009 1967 1080 cuique,

320 1106 388 1158 ut
414 1101 475 1158 in
493 1100 874 1158 Sermonihus
887 1117 1139 1172 quoque,
1152 1098 1710 1173 synopsinprasfixit;
1728 1099 1785 1152 6°
1799 1099 1971 1170 quot-

320 1195 464 1264 quot
492 1191 566 1246 ab
596 1188 729 1246 aliis
758 1190 830 1246 ad
867 1190 1118 1244 Leonem
1153 1189 1300 1244 datae
1331 1192 1470 1244 sunt
1516 1186 1806 1260 Epistolas,
1840 1203 1968 1258 quas

316 1278 507 1353 ipsius
535 1277 1020 1350 responsionibus
1035 1276 1429 1350 intelligendis
1451 1293 1600 1349 saepe
1621 1280 1969 1332 suntneces-

318 1367 510 1439 sarias,
541 1365 687 1424 locis
715 1367 842 1424 suis
873 1365 1142 1435 inseruit,
1175 1365 1258 1422 ita
1282 1369 1346 1422 ut
1376 1365 1589 1421 minori
1637 1363 1970 1420 charactere

320 1455 490 1513 facile
518 1472 554 1512 a
585 1454 859 1512 Looninis
881 1454 1314 1511 discernantur.
1331 1453 1646 1511 Commode
1665 1469 1798 1510 vero
1812 1452 1966 1521 fecit,

320 1543 476 1617 quod
507 1558 820 1600 numerum
841 1542 987 1616 ipsis
1019 1560 1133 1600 non
1165 1543 1473 1600 addiderit.
1490 1543 1796 1599 Peccatum
1809 1541 1968 1598 estin

319 1630 431 1688 hoc
462 1631 536 1687 ab
566 1629 841 1686 omnibus
866 1628 984 1685 fere
1009 1628 1434 1703 insignioribus
1469 1630 1704 1686 Patrum
1735 1630 1970 1686 editori-

317 1719 452 1788 bus,
503 1718 871 1789 maximeque
929 1715 1341 1786 Benedictinis,
1383 1720 1450 1774 ut
1498 1719 1775 1776 continuo
1831 1736 1966 1775 cum

319 1805 622 1881 scriptoris
652 1806 746 1863 sui
773 1804 1168 1878 Epistolarum
1203 1822 1447 1862 numero
1477 1806 1819 1863 exhiberent
1865 1825 1966 1865 eas

316 1914 444 1970 quas
465 1897 538 1954 ab
564 1895 695 1952 aliis
721 1895 794 1951 ad
822 1893 992 1951 illum
1022 1895 1170 1951 data;
1199 1899 1416 1961 essent,
1449 1897 1604 1967 quod
1635 1912 1787 1968 saepe
1808 1896 1966 1953 evol-

315 1983 472 2042 venti
501 1985 617 2042 ista
643 1983 947 2040 volumina
974 1981 1395 2055 permolestum
1425 1983 1656 2052 accidit,
1680 1984 1739 2040 in
1757 1985 1966 2057 primis

319 2090 456 2130 cum
486 2072 782 2128 indicibus
812 2070 1086 2143 prazfixis,
1119 2071 1180 2126 in
1211 2072 1429 2144 quibus
1461 2071 1823 2130 diversarum
1845 2075 1966 2130 edi-

317 2162 549 2219 tienum
580 2159 814 2216 ordines
837 2159 1290 2228 contenduntur,
1325 2177 1441 2216 non
1459 2162 1682 2217 occurri
1703 2161 1842 2219 huic
1879 2161 1967 2218 in-

323 2249 632 2309 commodo
659 2247 879 2304 videas.
914 2247 1101 2304 Unam
1134 2264 1202 2304 ex
1239 2252 1374 2305 ante
1421 2249 1594 2307 editis
1637 2251 1968 2323 epistolam,

320 2341 398 2400 ad
427 2339 847 2398 Germaniarum
873 2342 926 2395 et
957 2337 1263 2394 Galliarum
1289 2339 1556 2411 episcopos
1583 2339 1650 2396 de
1681 2342 1969 2412 Chi-crepi-

325 2431 518 2505 scopis,
551 2432 835 2500 tanquam
851 2443 919 2483 su
930 2427 1288 2500 pposititiam
1317 2427 1554 2484 omnino
1571 2429 1800 2500 rejecit:
1825 2447 1972 2502 prte-

323 2524 602 2592 tereaque
629 2516 941 2590 septimam
962 2515 1036 2572 ad
1065 2515 1389 2588 Septimium
1405 2521 1464 2573 et
1491 2517 1780 2574 decimam
1801 2519 1974 2592 septi-

327 2625 488 2666 mam
517 2608 592 2665 ad
617 2608 898 2663 universos
944 2605 1153 2662 Sicilia:
1197 2608 1466 2677 episcopos
1494 2622 1564 2663 ex
1605 2607 1970 2680 reliquorum

322 2714 571 2756 numero
598 2694 1015 2769 expungendos
1035 2693 1283 2762 censuit,
1306 2693 1501 2750 locum
1523 2698 1718 2752 tamen
1742 2697 1828 2753 eis
1849 2714 1972 2754 ser-

319 2788 495 2856 vavit,
527 2802 601 2844 ne
625 2785 931 2843 doctorum
953 2781 1178 2856 judicio
1228 2783 1610 2856 prxjudicare
1655 2786 1970 2856 videretur,

319 2877 562 2950 Adjecta
573 2878 712 2932 sunt
731 2875 1060 2947 fragmenta
1078 2887 1154 2944 qu
1162 2872 1245 2928 ed
1253 2889 1347 2928 am
1361 2872 1753 2946 Epistolarum
1771 2877 1828 2931 et
1839 2877 1972 2948 Epi-

320 2967 462 3024 stola
504 2963 722 3022 Iuliani
769 2963 1007 3036 episcopi
1062 2962 1300 3030 Coensis,
1362 2962 1534 3018 unica
1591 2979 1717 3035 qua
1770 2969 1975 3026 restat.

321 3053 556 3113 Claudit
585 3051 837 3124 denique
860 3051 1018 3107 hunc
1045 3053 1273 3107 tomum
1309 3052 1429 3108 Vita
1457 3051 1516 3108 S.
1547 3053 1756 3109 Hilarii
1782 3053 1970 3110 Arela-

321 3144 489 3202 tensis
517 3137 773 3215 episcopi,
796 3139 1081 3212 scriptore
1111 3139 1170 3196 S.
1193 3139 1485 3196 Honorato
1514 3139 1786 3212 episcopo
1816 3141 1970 3198 Mes-

2077 561 2282 616 rendis.
2318 560 2412 614 IV.
2445 561 2520 615 De
2547 561 2731 617 libello
2763 562 2832 616 ad
2861 563 3283 631 Demetriadem,
3313 563 3453 636 quod
3481 564 3747 635 ejusdem

2079 649 2274 704 Leonis
2303 650 2393 717 sit,
2423 665 2532 704 non
2564 653 2841 722 Prosperi.
2875 650 2946 708 V.
2968 651 3312 722 Apologetica
3356 656 3432 707 est
3455 669 3555 724 pro
3605 669 3748 708 san-

2077 746 2157 793 cto
2188 739 2400 794 Hilario
2445 739 2750 795 AreIatensi
2789 741 3054 812 episcopo.
3105 741 3200 796 VI.
3231 743 3310 797 De
3350 743 3565 814 Jejunio
3597 741 3745 797 Sab-

2079 826 2193 882 bati
2222 828 2281 882 in
2303 827 2543 883 Ecclesia
2571 829 2824 884 Romana
2853 833 3090 901 tempore
3133 829 3188 885 S.
3239 832 3433 887 Leonis
3456 832 3742 903 praecipit.

2077 917 2182 971 VII
2210 916 2284 972 De
2337 919 2519 972 Causa
2571 918 2831 988 Eutychis
2879 917 3332 975 archimandritas
3390 919 3483 991 Cp.
3545 921 3743 992 appel-

2080 1004 2246 1060 tantis
2265 1021 2300 1060 a
2327 1007 2598 1061 sententia
2630 1005 2865 1062 Concilii
2895 1008 2987 1079 Cp.
3019 1008 3117 1063 sub
3138 1009 3399 1064 Flaviano
3428 1009 3589 1080 episc.
3635 1009 3740 1080 Cp.

2077 1097 2321 1166 exponit.
2355 1094 2420 1150 In
2451 1095 2600 1150 VIll.
2632 1097 2703 1152 De
2730 1113 2896 1152 causa
2925 1097 3190 1153 Flaviana
3213 1100 3458 1170 episcopi
3502 1101 3599 1170 Cp.
3633 1116 3740 1170 ap-

2073 1185 2336 1256 pellantis
2371 1201 2404 1240 a
2432 1187 2705 1240 sententia
2735 1185 3135 1257 Pseudosynodi
3179 1187 3486 1260 Ephesium.
3537 1189 3600 1243 In
3659 1188 3741 1244 IX

2079 1274 2154 1329 De
2181 1290 2349 1328 causa
2377 1275 2598 1330 Domini
2625 1275 2863 1346 episcopi
2909 1276 3232 1331 Antiocheni
3276 1275 3508 1348 depositi
3545 1278 3606 1332 in
3634 1293 3741 1332 ea-

2076 1362 2199 1418 dem
2226 1361 2661 1434 Pseudosynodo,
2692 1367 2743 1419 et
2762 1363 2828 1420 de
2856 1364 3086 1419 Maximi
3114 1369 3176 1420 in
3202 1365 3320 1436 ejus
3373 1366 3549 1421 locum
3588 1366 3743 1422 ordi-

2074 1453 2318 1510 natione.
2352 1453 2416 1509 In
2446 1453 2510 1510 X.
2538 1453 2610 1510 De
2635 1469 2802 1508 causa
2833 1453 3167 1510 Theodoritie
3195 1456 3437 1527 episcopi
3468 1455 3602 1527 Cyri
3630 1473 3738 1528 ap~

2070 1543 2334 1614 pellantis
2361 1542 2430 1597 ab
2459 1541 2704 1615 ejusdem
2725 1542 2935 1599 Pseudo
2981 1543 3179 1614 synodi
3206 1546 3479 1600 sententia
3515 1546 3740 1616 agitur.

2076 1629 2178 1687 XI.
2219 1633 2518 1704 Epistolam
2541 1632 2607 1687 de
2626 1633 2896 1702 Privilegi
2900 1633 2946 1688 is
2965 1631 3497 1705 ehrorepiscoporum
3510 1633 3579 1688 ad
3603 1633 3742 1688 Ger-

2074 1721 2391 1776 maniarum
2413 1725 2464 1777 et
2495 1720 2803 1777 Galliarum
2830 1723 3102 1794 episcopos
3129 1723 3324 1778 Leonis
3351 1725 3574 1779 nomine
3602 1739 3741 1779 con-

2072 1807 2262 1879 ﬁctam
2289 1823 2403 1864 esse
2432 1807 2749 1863 contendit.
2772 1807 2909 1864 Post
2938 1809 3381 1866 dissertationes
3413 1815 3734 1883 notasque,

2071 1895 2318 1951 addenda
2349 1897 2683 1968 quaedamin
2711 1904 2936 1970 utroque
2973 1902 3117 1955 tomo
3163 1902 3220 1954 et
3267 1901 3467 1956 notitia
3516 1902 3738 1972 aliquot

2071 1985 2448 2057 Epistolarum
2516 1985 2571 2040 S.
2630 1987 2824 2042 Leonis
2861 1994 2912 2042 et
2958 1987 3199 2044 aliorum
3243 1991 3739 2057 monimentorum,

2077 2090 2198 2146 qua:
2213 2081 2524 2146 perierunt,
2559 2079 2914 2146 sequuntur.

2147 2162 2468 2236 Descriptio
2497 2163 2682 2220 totius
2720 2163 2912 2236 operis
2943 2168 3033 2222 est
3062 2164 3519 2239 elegantissima.
3542 2167 3731 2224 Char-

2076 2255 2148 2306 ιω
2179 2251 2418 2306 maximi
2449 2251 2693 2321 moduli,
2726 2254 2919 2310 densas
2950 2259 3007 2310 et
3037 2254 3570 2334 pellucidaetamen,
3596 2257 3738 2314 cha-

2077 2345 2329 2397 racteres
2359 2340 3049 2400 nitidissimi.Lectorum
3069 2345 3474 2402 commoditati
3508 2346 3735 2420 ubique

2078 2433 2453 2502 prospectum
2485 2434 2595 2500 est,
2628 2430 2688 2486 in
2715 2431 2924 2503 primis
2952 2431 3012 2488 in
3043 2431 3342 2506 Epistolis,
3375 2436 3647 2508 apposita
3676 2437 3737 2492 in

2079 2535 2315 2575 summa
2345 2519 2573 2593 paginas
2594 2536 2696 2576 ora
2711 2519 3105 2595 chronologia,
3128 2526 3185 2578 et
3201 2523 3418 2595 ubique
3440 2525 3660 2581 notatis
3675 2525 3740 2583 in

2081 2607 2344 2680 margine
2373 2608 2664 2681 gravioris
2682 2611 3128 2683 momenti,quze
3141 2611 3379 2683 quidem
3412 2613 3740 2672 Pontiﬁciis

2080 2695 2356 2752 aestimari
2389 2695 2596 2762 solent,
2617 2697 2942 2767 sententiis,
2971 2699 3187 2770 quibus
3215 2699 3738 2774 passimlectiones

2078 2785 2270 2841 varias
2302 2788 2359 2841 et
2387 2783 2514 2841 loca
2543 2784 2759 2841 biblica
2779 2785 3137 2860 interspersa
3158 2789 3438 2847 invenies.
3464 2790 3744 2864 Singula-

2080 2873 2162 2930 ris
2191 2873 2440 2947 exempli
2469 2877 2558 2930 est
2587 2875 2873 2932 dedicatio
2895 2877 3108 2949 operis,
3139 2895 3257 2950 qua
3286 2879 3396 2952 ipsi
3415 2879 3588 2935 Leoni
3615 2881 3739 2937 Ma-

2080 2979 2195 3037 gno
2227 2962 2370 3019 illud
2402 2969 2796 3030 consecratur,
2821 2968 2878 3021 et
2908 2982 3037 3022 raro
3068 2983 3209 3023 sane
3235 2968 3503 3024 acumine
3520 2974 3740 3026 cuncta

2081 3051 2288 3108 Leonis
2320 3052 2630 3125 praeconia,
2663 3056 2789 3109 tum
2821 3070 2890 3110 ex
2918 3054 3036 3110 vita
3063 3054 3362 3129 gestisque
3392 3061 3450 3113 et
3494 3058 3737 3130 scriptis

2081 3142 2230 3214 ejus,
2263 3145 2390 3196 tum
2423 3146 2897 3198 excomvorumet
2917 3143 3109 3199 omnis
3131 3145 3487 3215 posteritatis
3519 3146 3738 3218 ipsius-

320 3212 567 3301 siliensi,
591 3212 750 3286 illius
780 3228 1090 3302 discipulo,
1123 3227 1433 3284 Hilarinum
1465 3227 1758 3302 Apologia;
1791 3246 1970 3288 causa
1999 3212 2043 3280 (ἶ
2080 3212 2193 3304 que
2223 3228 2514 3297 Quesnclli
2537 3231 2608 3286 de
2637 3247 2704 3286 eo
2715 3230 2958 3302 judiciis
2984 3212 3243 3302 collecta,
3271 3233 3340 3289 ad
3375 3212 3625 3292 formam
3649 3236 3738 3294 in-

321 3323 542 3390 addita,
570 3319 666 3376 cui
693 3323 928 3376 metrum
971 3319 1180 3374 Hilarii
1224 3320 1287 3372 in
1329 3316 1577 3386 Genesin,
1625 3322 1676 3374 et
1727 3320 1968 3391 Epistola

318 3411 390 3468 ad
417 3410 750 3467 Eucherium
777 3407 1119 3480 episcopum
1153 3405 1602 3477 Lugdunensem
1635 3405 1964 3480 subjiciun-

317 3502 438 3555 tur.
468 3497 534 3553 In
560 3498 906 3569 prtefatione,
934 3510 1114 3566 quam
1168 3494 1444 3550 Johannis
1502 3494 1758 3552 Cassiani
1803 3497 1874 3554 ad
1900 3502 1961 3557 S.

318 3585 550 3643 Leonem
572 3585 724 3641 Rom.
770 3583 912 3639 Eccl.
963 3586 1094 3638 tunc
1130 3582 1582 3638 archidiaconum
1629 3587 1856 3657 epistola
1886 3587 1963 3644 li-

318 3675 542 3734 brorum
568 3687 793 3730 suorum
819 3671 885 3728 de
906 3673 1288 3728 Incarnatione
1312 3671 1519 3728 Christi
1545 3682 1730 3730 contra
1778 3677 1962 3734 Nesto-

313 3780 467 3821 rium
492 3762 913 3834 nuncupatam,
941 3764 1000 3816 et
1025 3759 1364 3816 testimonia
1387 3761 1652 3833 quaedam
1675 3763 1746 3820 de
1774 3764 1963 3824 Leone

311 3852 670 3928 praecedunt,
707 3851 779 3906 de
807 3848 1210 3922 superioribus
1237 3849 1446 3905 Leonis
1490 3850 1873 3926 editionibus,
1905 3860 1961 3912 et

311 3942 384 4000 de
413 3958 521 3999 sua
549 3955 724 4014 opera
751 3943 927 4012 atque
955 3937 1261 4010 subsidiis,
1293 3937 1510 4011 quibus
1531 3939 1808 3998 suffultus
1830 3959 1959 4000 eam

310 4047 625 4106 aggressus
656 4029 754 4096 sit,
771 4027 1283 4085 luculenterverba
1302 4027 1458 4084 fecit.
1484 4027 1813 4086 Praafationi
1826 4032 1964 4088 sub-

299 4119 500 4196 junxit
527 4118 766 4177 indices:
801 4118 860 4174 1°
880 4115 1211 4190 generalem
1228 4119 1632 4173 contentorum
1652 4118 1959 4193 utriusque

306 4210 474 4279 tomi,
533 4213 595 4266 2°
639 4206 1022 4282 epistolarum
1075 4205 1440 4273 chronicum,
1492 4205 1955 4279 3°epistolarum

309 4297 634 4356 anteriores
660 4296 945 4354 editiones
975 4311 1110 4352 cum
1143 4312 1290 4352 nova
1305 4295 1772 4366 contendentem,
1797 4299 1856 4354 4ο
1874 4298 1956 4355 al-

307 4384 686 4461 phabeticum
726 4384 1128 4457 epistolarum.
1170 4384 1386 4440 Rerum
1437 4383 1613 4441 index
1653 4383 1714 4440 in
1746 4386 1955 4444 Leonis

307 4474 528 4546 scripta
555 4473 630 4529 ad
661 4471 876 4528 calcem
903 4477 1092 4529 exstat
1117 4473 1470 4530 uberrimus.

2080 3319 2416 3391 scriptionis
2445 3318 2724 3391 lapidaris
2755 3320 2988 3376 redacta
3008 3326 3168 3377 sunt.
3201 3323 3460 3386 Quatuor
3488 3325 3735 3397 pagina-

2079 3424 2211 3462 rum
2245 3407 2434 3480 spatio
2447 3411 2728 3479 exaequat,
2761 3407 2977 3467 additis
2999 3409 3057 3464 in
3087 3411 3349 3484 margine
3371 3411 3512 3468 locis
3535 3413 3737 3486 singu-

2075 3495 2172 3563 lis,
2201 3496 2358 3551 unde
2375 3512 2620 3569 quisque
2637 3496 2756 3551 sint
2769 3496 2966 3568 petita.
2981 3496 3574 3562 ScilicetQuesnellus
3595 3519 3733 3560 cum

2076 3601 2193 3641 non
2224 3589 2424 3658 posset
2449 3603 2566 3642 non
2614 3584 2850 3654 sentire,
2884 3589 3168 3658 quantam
3219 3587 3450 3644 invidiae
3484 3591 3730 3658 nubem,

2077 3679 2448 3748 quontosque
2476 3675 2838 3732 adversarios
2869 3676 2928 3732 in
2961 3693 3023 3732 se
3054 3678 3452 3735 concitaturus
3474 3686 3632 3738 esset
3660 3683 3729 3739 li-

2075 3763 2296 3820 bertate
2325 3781 2434 3820 sua
2453 3764 2760 3835 judicandi
2791 3771 2849 3821 et
2886 3765 3235 3824 inveteratos
3265 3784 3491 3826 errores
3538 3787 3723 3845 oppu-

2071 3853 2291 3926 gnandi
2321 3853 2584 3921 audacia,
2619 3852 2727 3908 hac
2744 3853 2913 3926 quasi
2935 3854 3069 3910 fidei
3093 3855 3346 3912 formula
3375 3860 3582 3915 contra
3603 3859 3726 3917 laesi

2072 3940 2336 3997 numinis
2359 3940 2642 4013 pontificii
2673 3940 3030 3999 calumniam
3061 3961 3123 4001 se
3153 3945 3302 4001 tueri
3349 3945 3604 4004 voluisse
3633 3949 3726 4004 vi-

2072 4029 2264 4086 detur.

2143 4119 2221 4174 Ex
2247 4118 2339 4175 his
2370 4122 2587 4188 autem,
2623 4137 2750 4192 quas
2782 4119 3064 4178 hactenus
3115 4123 3185 4177 de
3215 4122 3393 4194 hujus
3443 4124 3722 4182 editionis

2070 4208 2359 4265 contentis
2372 4212 2550 4280 atque
2565 4207 2950 4266 instructions
2962 4211 3383 4280 enarravimus,
3402 4212 3571 4269 facile
3597 4216 3722 4288 qui-

2069 4297 2225 4364 dem,
2247 4297 2424 4353 etiam
2454 4298 2676 4370 absque
2702 4298 2989 4354 monitore
3017 4304 3196 4372 patet,
3251 4306 3470 4373 quanto
3524 4305 3718 4376 spatio

2068 4402 2137 4442 ea
2169 4402 2373 4443 omnes
2393 4386 2724 4460 superiores
2747 4391 2879 4459 post
2902 4402 2964 4443 se
2985 4387 3299 4462 relinquat,
3321 4389 3505 4447 immo
3528 4409 3718 4464 quan-

2065 4479 2261 4548 topere
2273 4491 2477 4532 omnes
2491 4475 2754 4532 omnium
2770 4476 3008 4532 Patrum
3024 4482 3142 4532 tam
3159 4478 3485 4535 Graecorum
3498 4522 3512 4547 ,
3535 4499 3716 4554 quam

376 4563 530 4618 Alter
554 4563 732 4648 tomus
769 4560 1148 4648 inscribitur:
1197 4561 1277 4616 Ad
1319 4561 1506 4617 Sancti
1551 4564 1743 4620 Leonis
1771 4565 1956 4635 Magni
1985 4583 2031 4648 Β
2065 4563 2428 4631 Latinorum,
2461 4581 2586 4636 quae
2618 4565 2688 4620 ad
2720 4564 2876 4620 hunc
2907 4582 3094 4638 usque
3125 4583 3345 4623 annum
3378 4585 3719 4642 comparue-

303 4666 468 4723 opera
501 4647 793 4722 Appendix
821 4663 918 4704 seu
950 4647 1125 4705 Codex
1143 4649 1429 4705 Canonum
1449 4654 1500 4706 et
1527 4653 1954 4710 Constitutorum

301 4738 456 4795 Sedis
511 4736 828 4809 Apostolicte
900 4739 1334 4806 Dissertationes,
1409 4740 1683 4796 Lectiones
1747 4743 1938 4811 Varite,

301 4829 471 4896 Notx,
550 4825 980 4894 Observationes,
1046 4825 1273 4882 Indices.
1334 4827 1521 4884 Tomus
1574 4829 1642 4885 Il.
1703 4830 1948 4904 Singula

301 4932 369 4974 eo
400 4916 526 4987 ipso
547 4912 770 4981 ordine,
802 4929 917 4986 quo
946 4914 1004 4969 in
1035 4913 1207 4994 titulo
1253 4918 1649 4985 recensentur,
1697 4935 1758 4975 se
1789 4920 1944 4974 exci-

300 5004 492 5078 piunt,
523 5002 639 5060 nisi
669 5004 825 5075 quod
853 5003 1130 5062 lectiones
1159 5003 1350 5073 varias,
1402 5008 1550 5059 notae
1580 5009 1636 5060 et
1673 5007 1942 5063 observa-

297 5092 487 5150 tiones
517 5090 1067 5165 permistxinvicem
1081 5093 1636 5164 proponantur.Jam
1665 5095 1734 5150 de
1758 5097 1946 5154 Codice

297 5186 587 5242 Canmzum
616 5178 730 5236 alio
763 5179 887 5236 loco
917 5181 1160 5237 dicetur.
1193 5180 1607 5238 Disertationes
1628 5188 1768 5240 sunt
1803 5185 1945 5253 XVI,

296 5285 552 5346 quorum
579 5269 628 5322 V
641 5269 990 5342 posteriores
1013 5271 1082 5325 ad
1099 5271 1344 5326 Codicem
1358 5270 1639 5326 Canonum
1659 5277 1944 5344 spectant,

294 5357 532 5430 reliquie
564 5358 814 5414 Leonem
845 5357 1083 5430 propius
1114 5357 1430 5432 attingunt,
1461 5375 1610 5431 quas
1638 5374 1945 5418 enumera-

292 5447 516 5507 bimus.
547 5446 891 5520 Disputatur
939 5447 1120 5520 igitur
1165 5446 1269 5504 inI
1298 5449 1374 5504 De
1418 5449 1534 5504 Vita
1565 5455 1618 5505 et
1663 5449 1835 5505 Rebus
1858 5467 1946 5522 ge-

290 5539 390 5593 stis
419 5539 613 5594 Leonis
656 5535 723 5592 Il.
757 5537 831 5592 De
871 5536 1054 5593 Libris
1091 5536 1155 5593 de
1208 5539 1487 5594 Vocatione
1516 5540 1763 5594 omnium
1808 5555 1944 5609 gen-

293 5626 454 5696 tium,
485 5627 582 5697 qui
609 5628 777 5683 Leoni
806 5626 1179 5684 vindicantur.
1209 5627 1308 5684 Ill.
1342 5627 1415 5683 De
1437 5628 1850 5685 auctoritatibus
1878 5628 1944 5686 de

2065 4657 2204 4708 runt
2231 4653 2540 4719 editiones,
2573 4652 2792 4726 ingenii
2821 4658 2878 4709 et
2907 4654 3180 4710 doctrinae
3207 4656 3390 4729 copiis
3410 4659 3714 4732 studiique

2055 4741 2322 4814 impensa
2333 4741 2663 4798 antecellat.
2684 4743 3048 4816 Quapropter
3066 4744 3220 4800 haud
3235 4762 3382 4818 opus
3403 4763 3534 4803 esse
3558 4749 3711 4804 arbi-

2053 4835 2283 4886 tramur
2313 4829 2574 4902 speciosa
2629 4831 2869 4886 testium
2919 4831 3280 4900 inductione,
3321 4839 3386 4889 ut
3429 4837 3711 4907 probetur

2055 4936 2231 4991 quam
2262 4919 2577 4977 honorifice
2610 4919 2915 4992 utriusque
2937 4921 3201 4978 Ecclesiae
3231 4923 3388 4978 docti
3405 4923 3476 4980 de
3501 4927 3709 4982 eadem

2054 5007 2348 5065 senserint
2375 5025 2440 5064 ac
2461 5006 2805 5080 judicarint.
2829 5009 2942 5065 Nec
2973 5027 3114 5067 sane
3139 5011 3440 5068 catholicis
3459 5014 3707 5088 scripto-

2054 5096 2220 5154 ribus
2251 5095 2656 5169 religioniesse
2682 5097 2871 5164 debet,
2881 5098 3256 5173 justamipsi,
3285 5103 3559 5174 quamvis
3582 5109 3707 5160 atro

2056 5186 2115 5242 in
2151 5187 2409 5242 Romana
2439 5186 2601 5241 curia
2630 5187 2880 5244 carbone
2911 5192 3139 5257 notatae,
3165 5188 3400 5245 laudem
3422 5191 3704 5261 tribuere,

2055 5275 2507 5334 novissimorum
2519 5274 2810 5332 editorum
2840 5277 3126 5349 exemplo,
3141 5279 3244 5350 qui
3265 5279 3444 5352 digna
3461 5281 3706 5338 merito-

2055 5382 2186 5421 rum
2219 5364 2510 5432 Quesnclli
2545 5365 3052 5422 commendatione
3081 5371 3138 5422 et
3177 5368 3326 5440 atqui
3375 5371 3434 5424 et
3461 5371 3705 5441 perfecti

2054 5453 2257 5511 arbitri
2285 5470 2598 5526 personam
2631 5453 3059 5522 sustinuerunt,
3095 5470 3283 5527 neque
3315 5456 3483 5512 aliter
3522 5475 3702 5531 quam

2051 5558 2120 5597 ex
2143 5541 2306 5613 justa
2335 5541 2650 5596 adversarii
2681 5541 2890 5597 virium
2909 5541 3294 5600 aestimatione
3323 5550 3381 5601 et
3407 5546 3702 5617 majorum

2053 5628 2736 5687 conscientiavictoriam
2791 5631 3141 5703 sperandam
3171 5649 3300 5690 esse
3348 5635 3700 5706 docuerunt,
