3914 6232
128 277 188 337 83

507 277 1120 344 ΞΟΗίΕΝΕΜΑΝΝΙ
1165 279 1486 344 NOTlTlA
1527 279 1729 344 HISTt

1908 285 1946 347 Ο
1988 283 2472 352 LITTERARIA
2512 287 2593 353 IN
2635 283 2701 353 S.
2743 284 3093 356 LEONEM.

3431 278 3510 349 86

125 411 264 476 Quod
290 411 476 487 itaque
504 413 700 470 instar
724 413 989 474 omnium
1019 431 1146 472 esse
1173 413 1380 488 possit,
1413 413 1750 473 Ballerinio-
1775 415 1833 485 Α
1859 418 2123 478 Ecclesiae
2145 420 2549 496 homines,qui
2569 423 2920 482 acerrimum
2943 433 3236 496 quemque
3255 415 3537 478 Romani‘

125 521 234 558 rum
265 503 333 558 de
360 501 770 566 Quesnelliana
807 504 1102 576 judicium
1146 505 1255 561 hoc
1283 504 1408 560 loco
1458 519 1748 578 apponere

124 592 256 648 haud
291 593 575 663 paeniteat.
601 616 630 643 «
656 595 794 659 Quae
825 598 1160 666 quantaque
1188 593 1263 649 sit
1293 611 1361 649 ea
1393 594 1600 650 Leonis
1631 595 1748 650 edi-

121 683 206 745 tio,
244 682 509 754 inquiunt
558 684 618 738 in
671 683 1010 755 praefatione
1057 682 1334 756 generali,
1367 700 1424 755 p.
1452 683 1540 750 13,
1567 699 1743 755 quam

122 789 326 827 summo
345 771 533 828 studio
552 770 1519 843 curavitPascbasiusQuesnellus,
1537 771 1620 827 illi
1637 772 1744 828 soli

120 862 360 933 ignorare
399 865 641 933 queunt,
666 861 768 932 qui
805 860 1130 920 editionem
1180 862 1309 933 ejus
1356 862 1647 934 ignorant.
1683 861 1742 918 Si

121 955 318 1006 textum
341 949 766 1022 expendas,qui
790 950 846 1004 in
876 950 1237 1006 aestimandis
1259 953 1519 1006 veterum
1541 950 1680 1006 editi
1689 967 1746 1006 o-

120 1041 269 1095 nibus
295 1039 551 1111 primum
582 1043 640 1094 et
671 1038 1046 1110 potissimum
1074 1040 1431 1111 spectandus
1459 1043 1567 1106 est,
1591 1043 1650 1094 et
1681 1039 1740 1094 in

118 1146 214 1200 quo
233 1128 504 1201 quaeritur
525 1144 666 1182 num
689 1127 768 1183 sit
789 1129 1138 1184 emendatus
1153 1145 1220 1182 ac
1243 1126 1476 1182 ineditis
1499 1143 1744 1200 opuscu-

115 1217 176 1273 lis
193 1222 405 1282 auctus,
425 1217 626 1289 plures
647 1215 746 1272 ille
768 1233 836 1274 ac
858 1216 1376 1290 praestantissimos
1391 1215 1620 1274 codices
1642 1233 1742 1272 na-

115 1312 223 1362 ctus
240 1311 600 1378 est,quorum
623 1305 896 1377 praesidio
918 1305 1104 1362 multa
1130 1305 1331 1361 locain
1351 1304 1742 1361 anterioribus

114 1397 436 1452 editionibus
459 1395 780 1468 depravata
811 1394 1055 1452 feliciter
1083 1395 1348 1463 correxit,
1365 1398 1422 1451 et
1450 1393 1740 1466 Epistolas

113 1485 392 1556 pontiﬁcis,
425 1502 556 1557 quae
606 1485 762 1540 inter
788 1484 980 1557 ipsius
1010 1485 1432 1557 Operasacrae
1481 1482 1740 1540 historiae

110 1573 339 1631 utiliores
367 1578 533 1641 sunt,
562 1589 630 1629 ex
661 1590 780 1629 uno
813 1573 1147 1630 Grimanico
1169 1590 1283 1629 ms.
1308 1576 1436 1630 octo
1457 1576 1514 1629 et
1533 1572 1739 1646 viginti

109 1669 250 1718 antea
282 1662 519 1719 ineditis
538 1679 753 1735 augere
780 1661 1055 1736 Epistolis
1086 1663 1295 1736 potuit.
1322 1663 1603 1718 Praeterea
1623 1661 1738 1718 alia

108 1753 341 1824 quaedam
367 1751 589 1824 adjecit
617 1751 860 1850 inedita,
885 1751 1041 1808 inter
1060 1769 1186 1825 quae
1217 1751 1470 1808 maxime
1492 1751 1738 1808 celebris
1766 1784 1814 1850 Β

109 1847 176 1895 est
192 1841 596 1914 antiquissima
611 1839 714 1895 illa
725 1841 962 1897 Canonu
973 1858 1028 1897 m
1046 1845 1102 1897 et
1117 1841 1512 1914 Epistolarum
1529 1841 1737 1897 Roma-

109 1948 286 1986 norum
318 1931 668 2003 pontiﬁcum
709 1929 994 1995 collectio,
1022 1946 1149 2001 quae
1185 1930 1550 2002 Dionysiana:
1580 1929 1736 1986 nihi-

111 2018 212 2074 lum
240 2021 399 2088 cedit,
423 2018 941 2090 vetustissimique
969 2018 1236 2074 canonici
1263 2019 1422 2090 juris
1453 2018 1737 2075 studiosis

109 2108 328 2164 maxime
357 2109 706 2180 adjumento
734 2111 844 2163 est.
873 2106 931 2161 Si
951 2123 1082 2163 vero
1102 2106 1290 2180 ipsius
1311 2106 1550 2163 editoris
1574 2106 1737 2163 lucu-

110 2197 366 2254 brationes
381 2196 572 2254 textui
589 2195 677 2254 vel
703 2196 879 2252 rebus
893 2194 1262 2252 illustrandis
1279 2196 1526 2253 insertas
1547 2195 1735 2252 consi-

110 2287 275 2356 deres(
283 2285 334 2340 id
361 2285 520 2341 enim
543 2283 800 2340 alterum
825 2286 915 2339 est
940 2284 1093 2356 quod
1117 2284 1178 2339 in
1200 2283 1558 2342 editionibus
1583 2301 1734 2356 quae-

111 2374 245 2442 ritur,
271 2390 538 2447 quaenam
585 2372 767 2428 editio
811 2376 1052 2428 Patrum
1081 2377 1172 2428 tot?
1198 2375 1367 2429 unius
1384 2374 1462 2446 (α)
1490 2373 1732 2430 editoris

111 2463 608 2532 observationibus,
631 2460 1154 2530 admonitionibus,
1186 2462 1343 2518 notis
1367 2467 1429 2518 "et
1459 2462 1732 2518 disserta-

111 2553 327 2608 tionibus
371 2551 734 2624 locupletata
783 2549 1130 2618 invenietur,
1185 2555 1330 2624 quot
1373 2550 1474 2606 illa
1521 2551 1730 2607 Leonis

111 2657 254 2710 quam
281 2640 632 2708 Quesnellus
663 2639 818 2713 typis
849 2639 1185 2712 impressit?
1213 2641 1348 2706 Quae
1380 2641 1534 2697 enim
1567 2641 1732 2711 ejus-

112 2729 217 2786 dem
254 2731 540 2804 pontiﬁcis
592 2745 774 2802 opera
821 2746 996 2801 parvo
1043 2729 1364 2795 volumine,
1397 2729 1614 2796 formae,
1645 2728 1728 2784 uti

111 2826 294 2888 vocant,
315 2827 525 2878 octava:
570 2819 663 2876 vel
696 2823 941 2890 quartis,
972 2817 1032 2874 in
1059 2818 1322 2891 antiquis
1371 2817 1728 2875 editionibus

113 2911 738 2983 comprehendebantur,
751 2909 826 2964 ob
843 2907 1135 2973 Quesnelli
1159 2907 1561 2963 additamenta
1581 2907 1728 2963 duos

113 2997 313 3070 implent
341 3017 450 3054 non
482 2999 736 3070 exiguos
765 3001 959 3053 tomos
989 2996 1181 3052 in-fol.
1206 2997 1386 3060 Quem
1408 3011 1580 3068 porro
1612 3010 1728 3051 non

113 3093 335 3144 moveant
361 3093 594 3145 tantum
646 3085 913 3142 studium
950 3086 1011 3141 in
1046 3087 1236 3142 Leone
1274 3085 1498 3141 edendo
1537 3084 1610 3140 ab
1657 3100 1724 3140 eo
1803 3127 1807 3136 ,

114 3184 400 3249 susceptum
427 3183 484 3234 et
507 3176 746 3232 naviter
767 3175 1240 3248 impensum,qui
1260 3176 1553 3246 praestanti
1575 3175 1724 3244 inge-
1752 3156 1796 3222 C

111 3267 433 3322 nioehrulta
487 3265 808 3323 eruditione
853 3271 1094 3331 ornatus,
1140 3265 1450 3336 plurimum
1494 3266 1722 3335 poterat,

111 3354 285 3426 quique
325 3357 577 3428 priorem
612 3352 939 3410 editionem
982 3353 1151 3409 novis
1182 3351 1338 3408 curis
1369 3349 1724 3423 recognitam

109 3447 211 3511 post
232 3444 418 3516 viginti
451 3443 721 3515 quinque
753 3457 942 3496 annos
966 3441 1193 3496 recudit
1217 3440 1556 3506 auctiorem,
1579 3439 1724 3495 adeo

109 3537 156 3585 nt
174 3530 350 3588 limata
379 3537 434 3588 et
465 3532 748 3605 perfecta,
767 3534 1055 3603 quantum
1080 3547 1184 3603 per
1204 3545 1340 3585 eum
1368 3528 1492 3584 fieri
1513 3527 1721 3601 potuit,

101 3618 305 3687 judicari
354 3621 604 3677 debeat?
632 3643 660 3670 ››
679 3620 817 3684 Quae
848 3618 909 3674 in
940 3635 1006 3675 eo
1037 3617 1384 3691 reprehendi
1433 3616 1622 3673 solent
1651 3618 1722 3673 ad

107 3705 201 3763 hac
222 3711 319 3766 tria
345 3711 459 3766 fere
489 3710 748 3766 redeunt
778 3706 1007 3780 capita:
1031 3707 1221 3779 primo
1242 3705 1509 3780 arguitur
1538 3706 1721 3780 negli-

108 3799 273 3866 gentia
291 3799 346 3855 in
379 3818 486 3855 usu
519 3799 798 3856 codicum
824 3802 882 3854 et
913 3796 1150 3870 quidem
1175 3813 1208 3851 a
1233 3795 1485 3851 summis
1505 3794 1646 3850 viris
1668 3799 1726 3850 et

108 3884 152 3940 in
176 3889 518 3962 antiquorum
547 3889 842 3944 librorum
873 3885 1069 3943 studio
1092 3883 1465 3957 peritissimis
1487 3883 1721 3940 Baluzio

110 3981 152 4028 et
173 3979 506 4046 Constantio;
529 3975 753 4034 deinde
775 3978 1057 4032 accusant
1079 3973 1405 4028 libertatem
1436 3972 1586 4044 ejus,
1606 3988 1723 4044 qua

112 4060 364 4122 interdum
390 4071 618 4123 textum
669 4063 836 4120 nullo
876 4062 1124 4135 allegato
1176 4061 1372 4117 codice
1427 4061 1719 4117 emendat.

113 4150 342 4210 Omnium
360 4173 489 4212 vero
512 4154 872 4230 gravissima
897 4150 1272 4223 reprehensio
1299 4150 1420 4206 haec
1451 4151 1722 4222 est,quod

115 4239 313 4298 minime
332 4244 542 4302 veritus
575 4244 658 4300 sit
687 4241 968 4298 falsarum
991 4239 1388 4296 doctrinarum
1411 4245 1722 4311 patronum

115 4331 234 4385 sein
259 4331 375 4387 istis
403 4335 529 4390 suis
566 4331 1092 4388 lucubrationibus
1134 4327 1322 4396 fateri,
1356 4333 1414 4384 et
1458 4346 1570 4384 non
1603 4333 1722 4384 tam

119 4415 321 4476 Leonem
349 4438 521 4494 quam
569 4423 853 4478 Romanis
899 4418 1058 4474 sedis
1106 4417 1537 4490 praerogativas,
1570 4433 1725 4473 nunc

1855 509 2147 581 pontificis
2169 512 2395 584 jurium
2418 513 2890 587 impugnatorem
2917 527 3099 586 prono
3129 510 3246 567 fere
3277 522 3510 580 semper

1855 598 2050 654 studio
2073 601 2325 673 amplexi
2358 606 2516 669 sunt,
2543 601 2788 658 inﬁciari
2822 618 2938 660 non
2961 598 3306 657 debuissent
3325 597 3507 662 Ques-

1854 685 2074 742 nellum
2106 688 2302 746 animo
2325 690 2618 746 interdum
2640 690 2978 758 indulsisse,
3005 693 3063 746 et
3082 689 3256 744 modo
3277 690 3510 744 conten-

1853 775 2026 831 dendi
2044 777 2268 849 impetu
2287 779 2618 852 abreptum,
2635 781 2810 838 modo
2829 778 3090 838 studiose
3109 776 3288 834 nimis
3307 775 3508 848 vulga-

1852 863 1929 919 tis
1957 863 2334 936 Opinionibus
2365 868 2657 924 contraria
2678 871 3018 935 sectantem,
3035 866 3178 923 talia
3197 864 3507 938 scripsisse

1850 967 1978 1024 quae
2028 952 2165 1026 plus
2217 955 2404 1028 specie
2453 971 2632 1028 quam
2684 955 2996 1012 soliditatis
3045 954 3284 1010 habent.
3339 951 3521 1016 Quod.

1850 1042 2046 1114 priora
2075 1043 2300 1110 attinet,
2326 1044 2571 1099 dubium
2596 1043 2832 1116 quidem
2863 1048 3097 1100 nonest
3119 1041 3260 1115 quin
3283 1042 3448 1113 justo
3467 1057 3503 1096 a

1851 1132 2103 1186 summis
2132 1130 2270 1188 viris
2291 1131 2520 1189 Baluzio
2551 1135 2609 1187 et
2628 1131 2966 1188 Constantio
2987 1131 3064 1186 sit
3092 1130 3498 1203 reprehensus,

1849 1224 1906 1275 et
1936 1219 2023 1275 vel
2071 1219 2192 1287 illa,
2224 1237 2402 1292 quam
2453 1220 2627 1276 modo
2675 1219 3027 1287 notavimus,
3052 1217 3502 1290 argumentandi

1847 1309 1976 1379 ejus
2005 1309 2152 1364 ratio
2183 1313 2439 1366 aestuans
2460 1309 2650 1382 magis
2675 1325 2854 1381 quam
2879 1307 3093 1376 sobria,
3119 1323 3235 1362 non
3261 1305 3502 1378 diligen-

1849 1396 2119 1453 tissimus
2149 1397 2364 1470 ubique
2414 1397 2680 1453 criticum
2714 1397 2927 1470 arguit.
2951 1397 3061 1452 Sed
3095 1411 3406 1452 caveamus
3428 1411 3500 1451 ne

1849 1487 2005 1558 quod
2028 1485 2201 1558 culpa
2223 1487 2352 1558 qius
2374 1486 2653 1543 acciderit
2669 1485 2728 1542 in
2762 1485 2986 1543 fraudis
3006 1487 3064 1542 et
3083 1483 3499 1543 malevolentiae

1847 1576 2050 1632 statim
2067 1575 2463 1649 suspicionem
2483 1574 2806 1631 trahemus.
2821 1574 3048 1630 Etenim
3069 1573 3130 1630 in
3147 1589 3501 1648 cognoscen-

1846 1664 1936 1720 dis
1967 1668 2142 1736 atque
2181 1663 2581 1720 discernendis
2630 1667 2716 1719 tot
2763 1661 3118 1719 editionibus
3165 1661 3496 1735 impressis,

1845 1753 2368 1825 examinandisque
2407 1757 2464 1808 et
2511 1751 2879 1809 conferendis
2909 1750 3208 1808 codicibus
3255 1767 3401 1808 mss.
3432 1750 3496 1807 in

1845 1847 1965 1899 tam
1997 1843 2182 1898 arduo
2213 1843 2284 1898 de
2314 1841 2587 1916 genuinis
2618 1844 2792 1914 atque
2838 1838 3230 1914 supposititiis
3258 1839 3497 1913 scriptis

1839 1931 2164 2004 judicandi,
2197 1935 2317 1987 tam
2357 1929 2656 2002 implicato
2705 1930 2858 1986 circa
2903 1945 3192 1986 annorum
3237 1929 3496 1986 rationes

1843 2020 2284 2077 constituendas
2323 2019 2575 2092 negotio,
2598 2023 2718 2075 tam
2749 2017 3072 2075 multifario
3103 2033 3298 2074 rerum
3345 2035 3495 2090 quas

1842 2110 2141 2166 attendere
2169 2108 2417 2172 debebat
2442 2107 2806 2164 minuta-rum
2835 2122 3010 2173 nexu,
3031 2105 3166 2178 quis
3186 2121 3378 2162 errare
3397 2122 3498 2178 po-

1841 2197 2028 2254 tuisse
2048 2197 2358 2253 mirabitur
2377 2199 2435 2252 et
2453 2196 2587 2268 quis
2607 2195 2899 2253 delassato
2919 2201 3021 2252 aut
3043 2193 3224 2252 nimis
3242 2194 3496 2251 subinde

1841 2285 2160 2360 perspicaci
2180 2284 2406 2341 veniam
2433 2283 2782 2356 denegabit?
2811 2283 2961 2339 Illud
2993 2282 3246 2356 denique
3267 2299 3382 2340 non
3405 2300 3494 2341 ce-

1840 2362 2118 2444 labimus,
2141 2373 2581 2430 dissertationes
2601 2371 2898 2438 Quesnelli
2916 2387 3046 2428 esse
3075 2371 3192 2430 fere
3218 2371 3490 2444 prolixio-

1838 2481 1934 2522 res
1963 2469 2020 2521 et
2049 2480 2152 2537 per
2179 2462 2416 2538 singula
2443 2463 2612 2519 facta
2651 2461 3106 2528 circumductae,
3128 2477 3283 2533 saepe
3311 2461 3488 2518 etiam

1838 2555 1899 2610 in
1929 2554 2124 2610 causis
2156 2557 2404 2608 Leonem
2435 2544 2714 2608 rembtius
2745 2550 3169 2623 attingentibus
3197 2549 3487 2607 distineri.

1913 2643 2070 2697 1677.
2118 2643 2350 2696 Lutetiae
2404 2640 2749 2695 Parisiorum
2803 2637 2951 2710 apud
3009 2638 3204 2696 Frane.
3248 2639 3486 2708 Καρυαί,

1837 2732 2002 2788 ἐτι-4⁸.
2030 2728 2238 2792 Leonis
2264 2745 2425 2801 papae
2463 2726 2733 2800 Epistolm
2771 2725 3036 2798 quaedam
3057 2729 3115 2781 et
3141 2725 3390 2784 aliorum
3413 2727 3488 2782 ad

1836 2819 2111 2877 eumdem
2142 2817 2386 2874 antehac
2416 2817 2533 2872 fere
2583 2830 2786 2871 omnes
2818 2813 3071 2881 inedita,
3103 2830 3132 2871 e
3158 2814 3336 2871 codice
3381 2831 3488 2870 ms.

1837 2910 2002 2978 Regio
2053 2907 2409 2978 depromptae
2439 2921 2473 2960 a
2500 2905 2619 2961 Joh.
2667 2906 2824 2976 Bapt.
2875 2903 3171 2966 Cotelerio;
3203 2901 3264 2959 in
3306 2903 3491 2959 Monu-
3559 2912 3562 2914 ‘

1835 2999 2034 3054 mentis
2063 2997 2317 3053 Ecclesia
2341 2993 2565 3051 Graeca.
2601 2995 2653 3048 Τ.
2687 2993 2730 3061 I,
2760 3009 2920 3065 pagg.
2951 2993 3142 3048 50—65.

1908 3088 2117 3144 Insunt
2148 3102 2161 3141 :
2199 3087 2254 3140 1·
2290 3084 2532 3156 Epistola
2556 3085 2811 3140 Flaviani
2834 3083 2927 3156 Cp.
2960 3084 3040 3140 ad
3057 3085 3287 3139 Leonem
3306 3083 3484 3141 Bom..

1835 3192 1904 3232 ex
1932 3193 2076 3231 mss.
2119 3166 2258 3247 Reg.
2294 3173 2452 3240 1026,
2485 3172 2653 3237 2614;
2687 3175 2748 3226 2°
2776 3173 2964 3228 Leonis
2991 3186 3155 3244 papae
3189 3175 3241 3227 et
3285 3173 3484 3228 Roma-

1833 3281 1926 3322 na:
1952 3264 2148 3336 synodi
2176 3263 2415 3335 Epistota
2442 3261 2513 3316 ad
2540 3259 2890 3317 Pulcheriam
2914 3261 3238 3332 Augustam,
3265 3275 3336 3315 ex
3365 3276 3480 3327 ms,

1835 3353 1974 3426 Reg.
2011 3354 2179 3419 1026;
2208 3353 2269 3408 3°
2297 3353 2488 3407 Leonis
2526 3349 2798 3423 Synodioa
2824 3349 2896 3405 ad
2923 3349 3480 3421 Constantinopolita-

1833 3450 1948 3513 nos,
1981 3458 2050 3496 ex
2077 3441 2280 3496 eodem
2311 3439 2538 3507 codice;
2572 3440 2630 3495 4ο
2659 3440 2962 3496 Hilarionis
2998 3454 3091 3496 seu
3131 3438 3338 3494 Hilarii
3365 3436 3484 3493 dia-

1831 3533 1959 3587 coni
1979 3531 2215 3601 Epistota
2233 3529 2304 3584 ad
2323 3528 2694 3597 Pulcheriam,
2727 3544 2796 3584 ex
2831 3527 3034 3598 eodem
3065 3543 3186 3597 ms;
3217 3528 3278 3583 5ο
3309 3526 3484 3586 Galla

1833 3620 2096 3676 Placidiz
2142 3618 2384 3691 Epistola
2425 3618 2496 3673 ad
2540 3619 2746 3674 Etiam
2778 3618 3149 3686 Pulcheriam,
3181 3633 3258 3682 ex,
3277 3617 3484 3674 eodem

1832 3726 1969 3778 ms.;
1992 3710 2053 3764 6ο
2083 3709 2274 3764 Leonis
2307 3708 2455 3762 Rom.
2487 3708 2730 3778 Epistola
2757 3707 2828 3762 ad
2859 3705 3320 3766 archimandritas
3352 3707 3488 3762 Con-

1799 3796 2362 3873 .stantz’nopolitanos,
2396 3810 2464 3850 ex
2504 3795 2706 3851 eodem
2757 3795 2979 3864 codice;
3011 3796 3068 3849 7‘
3097 3797 3489 3865 Fragmentum

1829 3887 2091 3959 Epistolas
2136 3885 2379 3940 Anatolii
2405 3887 2504 3956 Cp.
2535 3883 2607 3940 ad
2651 3886 2883 3941 Leonem
2922 3885 3124 3957 pontif.
3157 3884 3483 3949 Romanum,

1831 3991 1901 4031 ex
1931 3992 2044 4031 ms.
2079 3974 2216 4047 Reg.
2255 3973 2381 4028 940.

1909 4065 2062 4120 1677.
2082 4061 2339 4132 Lugduni
2379 4061 2524 4134 apud
2552 4063 2887 4128 Anissonios,
2932 4059 3122 4131 in-fol.
3164 4057 3373 4115 Leonis
3404 4057 3484 4113 M.

1833 4153 2144 4208 Sermones
2174 4151 2246 4206 de
2289 4149 2596 4222 praecipuis”
2644 4147 3116 4205 solemnitatibus
3166 4144 3399 4201 Domini
3429 4149 3488 4201 et

1833 4246 2200 4307 sanctorum;
2245 4238 2510 4309 ejusdem
2564 4235 2834 4308 Epistolas
2877 4233 3195 4292 decretales
3226 4238 3284 4290 et
3313 4233 3482 4290 fami-

1830 4329 2004 4385 liares
2034 4328 2102 4383 ad
2138 4326 2426 4393 diversos;
2452 4325 2590 4380 item
2611 4325 2918 4380 Tractatus
2947 4323 3229 4380 adversus
3258 4338 3484 4380 errores

1833 4416 2170 4490 Eutychetis
2201 4419 2265 4469 ut
2295 4412 2545 4469 aliorum
2595 4411 3028 4480 haereticorum;
3079 4413 3139 4468 in
3188 4412 3334 4468 Bibl.
3365 4412 3488 4470 PP.

118 4505 291 4574 palam,
336 4528 484 4568 nunc
530 4511 790 4566 latenter
831 4507 1132 4580 impetere.
1160 4505 1322 4570 Quod
1365 4510 1725 4578 postremum
1751 4523 1804 4592 Ῑ)
1832 4508 1977 4564 Max.
2014 4507 2065 4560 Τ.
2099 4503 2222 4560 VII.

118 4597 249 4652 tanto
272 4596 324 4652 in
343 4599 464 4672 ipso
489 4599 609 4655 fuit
631 4595 1002 4663 invidiosius,
1029 4595 1130 4668 qui
1153 4611 1266 4651 non
1299 4594 1560 4651 occultas
1571 4596 1724 4668 jam-

113 4681 215 4749 jam
240 4687 339 4742 odii
364 4691 450 4745 sui
480 4691 542 4744 in
570 4685 876 4744 societatis
903 4685 1044 4742 Jesu
1077 4683 1332 4740 asseclas
1354 4683 1729 4756 significatio-

120 4783 200 4824 nes
224 4773 456 4846 dederat,
487 4778 883 4847 animumque
906 4773 1000 4830 vix
1028 4790 1062 4828 a
1093 4771 1348 4845 partium
1379 4773 1572 4828 studio
1593 4772 1731 4830 libe-

122 4875 224 4915 rum
259 4880 439 4935 gerere
480 4866 824 4922 videbatur.
855 4865 932 4918 Ac
981 4863 1237 4935 profecto
1290 4864 1501 4918 nostris
1549 4862 1726 4920 etiam

177 5002 371 5082 ΜΝοη
421 5007 924 5082 legerunt_itaque
983 5005 1434 5082 Ballerinii,gant
1479 5005 1535 5082 si
1570 5005 1728 5082 lege-

122 5078 522 5150 runt,tanquam
548 5078 1485 5150 fabulam'contempserunt,quae
1512 5078 1730 5134 Richar-

120 5141 199 5220 (ξω
228 5141 486 5206 Simonius
528 5152 590 5207 in
644 5152 851 5207 Critia;
898 5141 1240 5220 Bibliothqu
1287 5141 1638 5220 Dupiniam'e,
1671 5166 1726 5215 v,

122 5214 200 5269 Leo
249 5219 292 5274 T.
339 5222 376 5287 Ι,
410 5242 465 5295 p.
501 5224 652 5295 190,
679 5239 785 5294 sq.,
829 5222 900 5276 de
929 5219 1265 5295 _Quesnello
1321 5214 1566 5295 ejusque
1624 5214 1730 5275 hac

123 5300 262 5362 gpera
287 5291 444 5360 serio,
469 5301 535 5349 ut
563 5291 821 5361 videtur,
847 5291 1010 5348 vultu
1057 5292 1250 5355 refert,
1280 5291 1583 5356 nimirum,
1615 5307 1730 5346 non

125 5356 445 5436 Quesnellum
478 5370 703 5430 solum,
739 5356 838 5419 sed
871 5363 1085 5436 plures,
1110 5368 1166 5436 et
1197 5362 1254 5436 in
1287 5379 1437 5436 quos
1469 5362 1612 5417 illud
1637 5361 1734 5417 Sw-

126 5443 221 5508 nms
246 5433 367 5508 legio
396 5440 663 5508 quadret,
691 5433 1174 5508 hujus'editionis
1221 5433 1400 5488 fuisse
1445 5439 1727 5489 auctores.

126 5499 448 5579 ‘J‘m’sne‘llum
479 5499 984 5579 solummo'doper
1005 5505 1224 5579 multos
1245 5522 1430 5579 annos
1460 5522 1527 5560 ea
1546 5521 1674 5579 quae
1699 5523 1733 5561 a

129 5567 354 5636 Pluribus
371 5578 520 5638 intra
541 5579 804 5637 Parisios
826 5567 965 5635 viris
985 5578 1170 5636 doctis
1196 5576 1536 5650 accepisset,
1560 5567 1731 5634 colle-

1903 4596 2061 4651 1687.
2104 4594 2340 4650 Parisiis
2393 4596 2444 4647 et
2502 4595 2715 4664 typogr.
2774 4593 2958 4664 Regia,
3009 4590 3199 4663 in-fol.
3248 4588 3491 4648 Decreta

1837 4684 2046 4742 Leonis
2079 4699 2239 4756 papae
2279 4681 2368 4749 49,
2400 4681 2458 4736 in
2491 4679 2831 4738 collectione
2868 4678 3131 4754 Dionysii
3161 4678 3367 4753 Exigui
3398 4695 3490 4737 re-

1837 4791 1981 4832 cusa
2018 4773 2077 4828 in
2126 4779 2231 4827 vet.
2264 4770 2442 4827 codice
2473 4771 2678 4828 Conon.
2728 4771 2986 4828 Ecclesiae
3031 4771 3182 4826 Rom.
3211 4769 3494 4827 Francisci

1838 4861 2038 4919 Pithaei
2067 4876 2223 4916 novae
2255 4857 2530 4915 editionis
2557 4876 2718 4932 pagg.
2749 4859 3012 4916 228-249.

1835 5005 2013 5078 gisse,
2045 5006 2102 5058 et
2149 5001 2288 5074 quia
2325 5001 2526 5078 Latine
2575 5003 2850 5078 scribere
2876 5001 3147 5078 nesciret,
3170 4997 3488 5078 vernaculo

1838 5071 2106 5133 sermone
2136 5071 2556 5145 composuisse,
2581 5075 2789 5130 deinde
2819 5074 2987 5145 docto
3010 5071 3183 5128 alicui
3207 5071 3485 5145 Hiberna,

1837 5147 1940 5219 qui
1968 5145 2114 5219 olim
2139 5141 2329 5219 fuerat
2357 5145 2589 5219 oratorii
2621 5146 2752 5216 ejus
2783 5144 3011 5219 socius,
3025 5148 3167 5219 tunc
3195 5159 3334 5219 vero
3361 5141 3492 5198 rhe-

1836 5213 2078 5274 toricam
2101 5216 2158 5271 in
2178 5215 2419 5288 collegio
2442 5213 2830 5288 Bellovacensi
2855 5213 3191 5288 diocebat,in
3216 5213 3488 5270 Latinum

1839 5289 2070 5345 dedisse
2119 5285 2599 5343 transfundenda.
2633 5287 2823 5343 Vitam
2879 5285 3086 5342 Leonis
3139 5289 3332 5339 autem
3365 5287 3490 5338 tra-

1838 5361 2073 5416 duxisse
2117 5364 2181 5414 P.
2215 5358 2513 5432 Gerardum
2545 5360 2776 5432 Dubois,
2799 5358 2989 5432 eidem
3043 5354 3314 5432 sod_a1iti_o
3345 5357 3489 5432 tunc

1839 5432 2198 5504 ascriptum,
2223 5430 2614 5504 eumdemque
2665 5430 2868 5504 invito_
2893 5425 3200 5504 Quesnello
3250 5425 3492 5504 duriora

1840 5494 2124 5559 nonnulla
2152 5494 2280 5572 ejus
2320 5500 2377 5555 in
2418 5494 2741 5557 Romanam
2773 5502 2971 5558 sedem
3003 5494 3305 5553 enuntiata
3336 5494 3493 5546 inter

1839 5573 2266 5632 traducendum
2299 5573 2633 5630 mutavisse.
3287 5587 3290 5589 λ
