3914 6232
427 276 512 347 ’87
849 278 1459 352 ’ΒΟΗΈΝΕΜΑΝΝΙ
1499 285 1827 350 NOTITIA
1870 283 2088 352 HISTC

2248 281 2806 350 D-LITTERARIA
2839 283 2921 350 IN
2964 281 3032 349 Β.
3073 281 3429 350 LEUNEM.
3783 281 3854 346 88

505 416 666 475 1700.
700 417 952 490 Lugduni
978 420 1122 491 apud
1149 418 1415 475 Joannem
1445 421 1596 476 Certe
1631 420 1852 492 bibliop.
1885 422 1947 476 in
1973 422 2083 476 vici
2105 419 2167 487 Α
2195 419 2403 475 Leonis
2433 417 2628 492 Magni
2658 419 2952 492 pontificis
2973 418 3164 492 Opera
3190 417 3390 474 omnia
3416 417 3490 475 ad
3513 433 3673 474 mss.
3705 416 3850 473 codi-

435 507 749 564 M'ercatorio
775 508 877 564 sub
905 510 1062 580 signa
1106 509 1409 578 Trinitatis,
1443 511 1504 564 in
1527 511 1627 582 fol.
1663 511 1714 566 T.
1748 510 1815 564 II.
1851 509 1910 566 S.
1945 511 2088 566 Leo-

438 596 532 652 nis
560 595 637 653 M.
669 612 832 670 papas
862 595 886 652 Ι
915 597 1102 670 Opera
1130 596 1346 664 omnia,
1383 615 1536 653 nunc
1573 598 1828 670 primum
1859 597 2087 671 Episto-

439 684 516 742 lis
545 683 788 759 triginta
822 684 1129 760 tribusque
1171 687 1243 742 de
1293 686 1491 742 Gratia
1519 685 1732 743 Christi
1787 688 2088 760 opusculis

443 773 724 842 auctiora,
759 778 866 832 etc.

515 862 747 922 Iteratio
774 862 1196 930 Quesnellianaa
1234 864 1610 921 recensionis.
1645 865 1888 922 Mutavit
1918 865 1977 921 in
2008 865 2092 922 le-

440 953 703 1010 vioribus
733 953 1087 1026 quibusdam
1119 957 1321 1011 auctor
1357 955 1740 1012 seententiam
1771 971 1963 1027 suam,
1993 957 2094 1012 sed

445 1056 563 1100 non
591 1043 650 1099 in
681 1043 753 1099 iis
783 1060 910 1116 quas
941 1043 1121 1116 impio
1152 1044 1348 1100 furore
1369 1046 1572 1100 contra
1597 1045 1794 1100 sedem
1826 1045 2096 1118 apostoli-

447 1145 575 1188 cam
608 1129 1001 1188 debacchatus
1036 1147 1164 1188 esse
1203 1132 1644 1188 criminabatur.
1670 1137 1720 1188 Α
1749 1134 1964 1207 pagina
1993 1135 2097 1191 195

448 1220 520 1276 ad
553 1217 660 1275 202
685 1219 830 1276 tomi
861 1219 1037 1294 primi
1059 1220 1346 1276 insertum
1377 1224 1466 1276 est
1489 1238 1501 1277 :
1524 1221 1886 1295 Opusculum
1911 1224 1981 1280 de
2010 1239 2098 1281 vo-

445 1310 524 1365 cis
553 1309 882 1367 correctione
923 1311 981 1364 in
1035 1321 1282 1366 sermone
1306 1312 1342 1365 7
1365 1312 1549 1366 sancti
1575 1313 1768 1368 Leonis
1805 1312 1990 1384 Magni
2033 1313 2098 1370 de

445 1398 744 1454 Nativitate
770 1398 992 1456 Domini
1021 1412 1334 1471 Γραμματείου
1363 1408 1678 1472 Δωρημάτιον
1708 1399 1832 1472 (sic)
1860 1404 1974 1456 sive
2003 1403 2095 1457 lit-

448 1485 1091 1557 temlaz‘munusculum,
1125 1488 1266 1560 quod
1306 1491 1748 1545 reverentissimo
1773 1493 1926 1562 patri
1961 1493 2096 1548 Era-

446 1583 563 1634 s‘mo
591 1576 803 1634 Gattola
847 1592 882 1632 a
925 1576 1130 1645 Caieta,
1166 1577 1364 1650 inclyti
1407 1581 1739 1636 monasterii
1789 1580 2099 1637 Casia-ensis

447 1666 730 1733 monacho,
761 1682 827 1722 ac
872 1667 1080 1723 Decimo
1111 1670 1162 1723 et
1209 1668 1317 1723 Vw.
1348 1666 1477 1723 Gen.
1509 1685 1606 1725 nec
1655 1684 1766 1724 non
1814 1685 1850 1724 α
1891 1671 2100 1726 Biblio-

447 1755 896 1822 theca,d0n0'dat
924 1763 976 1812 et
1001 1755 1157 1828 offert
1177 1755 1433 1812 Joannes
1453 1755 1799 1830 Clampinus
1830 1760 2101 1816 Romanus

444 1847 710 1915 magister
734 1835 976 1902 brevium
1008 1846 1209 1914 gratiae
1227 1851 1292 1901 ac
1318 1847 1373 1900 in
1401 1848 1634 1919 utraque
1652 1849 1939 1919 signatura
1968 1851 2101 1920 refe-

447 1934 741 1990 rendarius
798 1935 984 1991 Romae
1035 1934 1103 1988 Μ.
1135 1925 1240 1989 DC.
1279 1933 1452 1990 XCIII.
1485 1951 1555 1990 ex
1609 1943 1819 2008 typogr.
1850 1941 1930 1994 Jo.
1982 1941 2097 1997 Jac.

447 2021 713 2080 Komarek
762 2024 951 2078 Boemi
977 2022 1124 2094 apud
1163 2023 1220 2079 S.
1249 2022 1518 2092 Angelum
1557 2026 1862 2090 custodem;
1892 2027 1953 2084 in
1984 2045 2101 2102 quo

449 2114 653 2168 mctcr
680 2126 882 2167 vocem
929 2125 1048 2168 arae
1076 2111 1137 2166 in
1165 2109 1402 2168 laudato
1450 2130 1719 2170 sermone
1766 2122 2102 2191 corruptam

449 2216 579 2256 esse
609 2198 924 2267 contendit,
947 2205 1005 2256 et
1041 2193 1110 2255 ex
1145 2199 1447 2258 codicibus
1480 2219 1622 2260 mss.
1656 2203 1968 2278 legendum
2002 2209 2101 2265 de-

450 2290 744 2344 monstrat
770 2303 918 2346 areze
947 2289 1019 2344 ad
1050 2288 1440 2363 signiﬁcanda
1463 2292 1653 2364 spatia
1680 2294 1896 2366 quibus
1925 2296 2106 2354 scala-

445 2389 585 2433 rum
615 2381 1196 2450 per'quas’ascensus
1219 2378 1277 2434 in
1303 2377 1607 2438 basilicam
1629 2382 1695 2438 D.
1725 2383 1877 2440 Petri
1901 2386 2101 2456 detur;

451 2466 687 2525 ordines
715 2465 1176 2539 distinguantur.
1194 2467 1538 2548 Emendatio
1575 2487 1718 2528 sane
1742 2473 2096 2547 certissima,

451 2560 807 2630 quapropter
834 2573 868 2612 a
898 2556 1207 2621 Qucsnello
1253 2557 1474 2630 absque
1505 2558 1624 2616 ulla
1652 2560 2014 2621 haesitatione
2042 2564 2102 2620 in

449 2649 674 2703 textum
701 2649 837 2720 pag.
865 2647 954 2715 81,
983 2646 1182 2702 addito
1213 2648 1471 2705 auctoris
1507 2649 1713 2724 elogio,
1733 2655 1821 2710 est
1851 2658 2100 2727 recepta.

448 2734 533 2793 Ex
559 2735 670 2792 hac
699 2734 945 2808 epistola
972 2749 1144 2808 porro
1167 2735 1493 2794 ’hausimus
1520 2739 1791 2798 notitiam
1822 2758 2103 2815 quarum-

451 2823 588 2881 dam
625 2823 977 2882 Sermonum
1026 2824 1236 2882 Leonis
1285 2825 1629 2896 editionum,
1670 2846 1819 2902 quas
1866 2831 2104 2890 aliunde

436 2911 598 2969 mihi
626 2912 992 2970 innotescere
1039 2914 1202 2970 haud
1231 2915 1494 2972 memini.
1528 2917 1640 2974 Sed
1690 2918 1934 2977 lectores
1986 2939 2103 2978 non

450 3000 638 3057 celare
665 3001 866 3072 debeo,
889 3001 947 3058 id
973 3003 1126 3074 quod
1153 3001 1402 3076 singulis
1424 3004 1484 3060 in
1511 3001 1655 3063 locis
1676 3007 1852 3064 etiam
1881 3010 1981 3066 ubi
2001 3027 2102 3068 eas

445 3089 834 3164 proponimus
859 3090 1082 3162 monui,
1103 3091 1278 3148 fidem
1301 3092 1407 3148 viri
1429 3092 1490 3150 in
1513 3093 1623 3151 hoc
1645 3113 1758 3152 non
1785 3098 1929 3155 satis
1954 3099 2108 3161 mihi

450 3179 990 3254 esse‘exploratam.
1017 3182 1179 3250 Quod
1227 3182 1482 3256 reliquas
1511 3183 1693 3257 hujus
1740 3188 2099 3259 repetitionis

449 3269 619 3326 dotes
651 3269 879 3339 attinet,
912 3269 1134 3327 indices
1179 3271 1353 3344 paulo
1393 3272 1745 3344 copiosiores
1795 3281 1966 3332 nacta
1990 3283 2098 3348 est,

450 3357 633 3432 inque
659 3357 758 3416 his
785 3375 1001 3416 novum
1051 3360 1338 3429 librorum,
1361 3377 1653 3434 eorumque
1693 3365 1952 3436 capitum,
1980 3382 2100 3422 ser-

441 3447 697 3514 nmnum,
737 3448 1125 3519 Epistotamm,
1149 3465 1445 3520 earumque
1489 3467 1816 3524 synopseum,
1857 3457 1915 3511 et
1959 3454 2102 3512 alio-

450 3551 584 3591 rum
613 3536 862 3592 omnium
887 3538 1023 3593 tomi
1052 3539 1228 3609 primi
1255 3539 1563 3607 titulorum,
1590 3556 1705 3613 quo
1735 3541 1896 3614 prior
1923 3544 2099 3602 editio

445 3623 596 3697 aegre
633 3628 811 3681 caret.
830 3624 1136 3681 Enimvero
1165 3625 1454 3698 displicet,
1478 3629 1736 3698 eosdem,
1757 3631 1856 3703 qui
1901 3636 2098 3692 tamen

439 3709 847 3785 ex‘superiore
903 3713 1218 3769 maximam
1278 3719 1501 3787 partem
1559 3720 1702 3773 sunt
1757 3720 2005 3792 repetiti,
2037 3721 2098 3779 in

443 3797 757 3873 utriusque
783 3801 928 3858 tomi
958 3801 1130 3859 titulo
1152 3817 1367 3877 magna
1387 3820 1521 3860 cum
1553 3820 1769 3879 pompa
1793 3812 2099 3873 ostentari.

443 3887 708 3962 Denique
727 3889 1052 3964 descriptio
1081 3891 1274 3964 operis
1317 3893 1469 3949 facta
1498 3899 1588 3950 est
1617 3893 1912 3953 luculento
1961 3899 2097 3957 cha-

443 3980 688 4048 ractere,
711 3978 866 4037 binis
887 3995 990 4053 per
1009 3980 1287 4053 paginam
1309 3980 1618 4050 columnis,
1647 3983 1706 4039 in
1729 3984 1932 4042 charta
1960 4005 2099 4044 neu-

441 4065 674 4141 tiquam
689 4071 1153 4127 "contemnenda.

553 4233 556 4236 ἢ
1051 4161 1291 4218 Samum
1328 4177 1485 4219 xvm.

513 4247 678 4306 i739.
710 4249 897 4309 Romi?
943 4251 1086 4323 typis
1134 4251 1190 4308 S.
1219 4250 1496 4308 Michaelis
1528 4251 1598 4308 ad
1627 4253 1822 4326 Ripam
1873 4260 2094 4328 sumpt.

443 4334 663 4392 Hieron.
695 4335 989 4406 Mainardi,
1011 4341 1210 4412 ’τη-[οι.
1244 4345 1299 4396 S.
1336 4339 1546 4398 Leonis
1584 4340 1856 4414 Epistolze
1899 4344 2095 4402 decre-

441 4420 622 4491 tales;
647 4423 706 4479 in
725 4425 1050 4484 Collectione
1065 4428 1406 4500 amplissima
1422 4430 1711 4486 Bullarum
1725 4435 1926 4504 pontif.
1945 4435 2094 4504 Rom,

441 4510 527 4567 ed.
560 4511 754 4570 Carolo
784 4513 1151 4587 Cocquelines.
1185 4517 1237 4572 Τ.
1274 4517 1318 4586 Ι,
1354 4534 1389 4572 a
1417 4534 1550 4591 pag.
1581 4520 1654 4575 25
1684 4520 1757 4575 ad
1788 4521 1874 4576 47.

2197 523 2332 564 cum
2364 508 2540 564 ﬁdem
2569 507 2896 564 emendata.
2927 507 3228 564 Accedunt
3243 506 3433 580 Opera
3462 507 3710 563 Maximi
3739 509 3853 562 Tau-

2196 600 2456 654 rinensis.
3715 644 3724 649 .

2270 687 2484 742 Parum
2500 685 2734 760 cognita
2755 686 2952 757 editio,
2967 690 3025 743 et
3041 687 3218 758 cujux
3237 685 3333 742 vix
3352 702 3543 742 unum
3565 685 3856 760 exemplar

2199 779 2365 831 trans
2376 771 2550 848 Alpes
2567 775 2859 848 migravit.
2880 775 3084 832 Merito
3103 775 3339 848 quidem
3358 792 3486 843 suo,
3503 775 3552 831 si
3573 780 3853 832 nostrates

2201 867 2428 919 mutare
2443 862 2772 936 bibliOpolas
2791 864 3084 936 nequitias
3101 863 3534 937 olfecerint,qui
3553 865 3786 920 codices
3806 865 3853 920 in

2201 952 2371 1009 titulo
2387 952 2708 1010 venditavit
2723 953 2795 1008 ad
2819 957 3112 1026 emptores
3130 953 3468 1026 frequenter
3487 952 3851 1026 alliciendosl;

2201 1059 2400 1098 revera
2411 1042 2598 1115 Opera
2611 1043 2838 1112 Leonis,
2855 1059 2983 1115 quae
3004 1042 3064 1098 in
3087 1042 3398 1107 Qucsnello
3419 1043 3690 1098 exhibita
3711 1048 3855 1109 sunt,

2203 1131 2418 1188 additis
2449 1131 2712 1202 ejusdem
2744 1148 2920 1204 super
2947 1131 3139 1188 tribus
3182 1131 3359 1188 Leoni
3399 1131 3672 1205 primum
3702 1133 3772 1188 ab
3800 1149 3856 1188 eo

2201 1220 2510 1277 vindicatis
2535 1220 2834 1294 opusculis
2863 1221 3399 1290 dissertationibus,
3433 1222 3693 1291 recudit,
3723 1229 3792 1289 et,
3815 1222 3857 1277 si

2203 1312 2459 1368 Cacoiaro
2494 1310 2638 1365 ﬁdes
2683 1310 2779 1378 sit,
2811 1327 2940 1383 quas
2969 1309 3140 1366 nobis
3185 1327 3303 1367 non
3349 1309 3587 1366 videtur
3619 1311 3674 1368 ei
3705 1311 3860 1366 dene-

2205 1399 2418 1472 ganda,
2442 1398 2771 1454 innumeris
2793 1415 3104 1471 cperarum
3130 1398 3286 1455 vitiis
3315 1398 3579 1454 foedavit.
3597 1399 3719 1456 Nec
3740 1417 3858 1455 vero

2207 1486 2400 1559 palam
2424 1503 2558 1543 eum
2586 1487 2731 1542 ferre
2751 1491 2920 1559 putes
2942 1486 3240 1552 Quesnelli
3264 1487 3666 1560 diligentiam.
3691 1488 3857 1544 Immo

2206 1575 2332 1649 ipse
2349 1580 2730 1633 contemnens
2748 1575 3067 1649 lectorumj
3079 1575 3342 1633 udicium
3360 1577 3668 1644 Quesnelli
3689 1595 3863 1651 perso-

2209 1681 2347 1721 nam
2380 1665 2592 1733 induit,
2609 1669 2665 1721 ct
2695 1682 2821 1738 quae
2853 1665 2951 1722 ille
2975 1665 3291 1738 scripserat
3311 1683 3345 1722 a
3371 1682 3428 1722 se
3454 1667 3687 1722 demum
3713 1669 3862 1723 Leoni

2209 1753 2506 1822 vindicata,
2527 1754 2695 1826 quasi
2727 1771 2834 1810 sua
2862 1753 3214 1828 (bibliopola:
3247 1754 3488 1828 scilicet)
3521 1772 3708 1829 opera
3734 1773 3863 1812 nunc

2203 1844 2452 1915 primum
2478 1843 2758 1899 vindicata
2785 1845 2839 1900 ei
2876 1843 2948 1899 ad
2989 1846 3390 1915 manuscriptos
3438 1844 3656 1902 codices
3703 1845 3861 1902 denuo

2208 1931 2494 1988 enuntiata
2525 1931 2763 2006 profert.
2789 1932 2906 1988 Hac
2937 1932 3066 2004 ipsa
3090 1931 3341 2005 denique
3371 1932 3751 2006 impudentia
3770 1950 3863 1990 sua

2208 2019 2539 2093 legentibus
2562 2021 2765 2093 jocum
2797 2020 2976 2090 dedit,
3011 2023 3156 2078 dum
3187 2021 3376 2095 elogio
3408 2023 3625 2080 Leonis
3649 2041 3685 2080 a
3705 2026 3868 2091 Ques-

2211 2108 2362 2166 nello
2391 2109 2627 2166 condito
2652 2111 2710 2166 et
2741 2108 2837 2166 hic
2859 2109 3076 2182 pariter
3101 2111 3305 2166 eadem
3337 2127 3558 2184 pompa
3587 2129 3792 2169 recuso
3811 2112 3861 2167 in

2209 2196 2403 2254 locum
2433 2197 2690 2254 nominis
2715 2195 3007 2263 Quesnelli
3037 2198 3381 2256 substituit:
3405 2201 3799 2258 Devotissimus
3817 2207 3864 2257 et

2209 2288 2731 2360 obsequentissimus
2757 2289 2930 2344 cliens
2958 2289 3293 2360 Augustinus
3323 2289 3556 2346 Savioli.
3587 2290 3861 2348 Caeterum

2211 2375 2589 2432 meminerint
2642 2375 2889 2433 lectores
2940 2377 3013 2432 ab
3079 2376 3286 2432 eodem
3343 2377 3674 2450 bibliopola
3730 2381 3865 2435 Petri

2214 2466 2534 2537 Chrysologi
2565 2465 2754 2537 Opera
2776 2467 2945 2536 juxta
2987 2465 3306 2522 editionem
3336 2466 3596 2538 priscam
3629 2485 3761 2524 esse
3788 2485 3863 2523 re-

2210 2570 2372 2622 cusa,
2397 2556 2553 2627 quod
2596 2557 2877 2627 Fulgentio
2908 2554 3129 2628 pariter
3171 2555 3456 2613 accidisse
3484 2557 3546 2612 in
3579 2556 3861 2631 sequenti-

2217 2644 2328 2700 bus
2358 2644 2606 2700 discent.

2284 2733 2442 2788 1748.
2466 2733 2697 2791 Venetiis
2723 2735 2879 2807 apud
2896 2734 3170 2792 Andream
3189 2735 3408 2804 Poletti,
3429 2736 3618 2807 in-fol.
3639 2737 3697 2793 T.
3723 2737 3789 2793 ll.
3810 2736 3859 2791 S.

2212 2822 2423 2878 Leonis
2437 2818 2948 2896 Opera.Accedunt
2961 2823 3152 2880 Codex
3162 2825 3466 2881 Canonum
3483 2824 3760 2882 Ecclesiae
3773 2827 3864 2882 Ro-

2213 2917 2484 2982 manaa,et
2499 2913 2782 2969 Sermones
2803 2917 2861 2968 et
2877 2913 3136 2971 Homilies
3151 2913 3206 2970 S.
3221 2915 3450 2970 Maximi
3470 2917 3721 2988 episcopi
3741 2916 3859 2970 Tau-

2210 3003 2451 3058 rinensis
2472 3002 2544 3057 ad
2567 3018 2709 3059 mss.
2733 3003 2962 3059 codices
2984 3003 3176 3058 denuo
3197 3003 3468 3076 castigati
3490 3007 3550 3060 et
3569 3004 3750 3061 aucti.

2283 3090 2528 3147 Curator
2556 3087 2736 3162 hujus
2762 3088 3034 3147 editionis
3065 3091 3176 3147 fuit
3201 3091 3446 3148 Andreas
3477 3093 3744 3162 Polettus,
3767 3093 3861 3148 Ve-

2130 3157 2173 3226 ε
2213 3184 2384 3235 nctus
2412 3180 2552 3235 item
2601 3157 3020 3254 tvpographus.
3055 3181 3134 3236 Ex
3178 3197 3244 3236 eo
3273 3179 3533 3253 primum
3585 3157 3861 3239 discimus

2211 3266 2463 3339 priorem
2476 3267 2786 3341 Augustini
2799 3267 3012 3324 Savioli
3027 3269 3646 3341 editionem,quamvis
3659 3271 3860 3327 misere

2209 3356 2693 3425 consarcinatum,
2709 3361 2830 3412 tam
2853 3356 3142 3430 frequenti
3164 3361 3361 3414 tamen
3383 3363 3723 3432 emptorum
3746 3377 3864 3416 con-

2210 3459 2386 3501 cursu
2418 3462 2549 3502 esse
2575 3446 3023 3516 distractam,ut
3043 3447 3400 3520 exemplaria
3418 3449 3547 3520 jam
3580 3449 3862 3506 desidera-

2211 3537 2430 3590 rentur.
2459 3535 2739 3601 Quocirca
2768 3553 2904 3592 cum
2947 3554 3017 3593 ex
3047 3554 3109 3594 re
3138 3553 3249 3594 sua
3277 3537 3642 3596 existimaret
3683 3539 3860 3596 denuo

2211 3622 2421 3680 Leonis
2460 3625 2648 3696 Opera
2684 3625 2844 3698 prelo
2881 3625 3268 3696 committere,
3302 3626 3429 3699 ipse
3465 3627 3670 3684 tamen
3712 3629 3860 3685 nefas

2209 3727 2336 3768 esse
2365 3717 2695 3786 reputasset
2713 3714 2923 3770 Savioli
2951 3714 3250 3788 exemplar
3269 3719 3492 3772 temere
3517 3719 3857 3784 exscribere,

2209 3801 2513 3858 doctorum
2544 3802 2802 3860 virorum
2827 3803 3090 3861 consiliis
3111 3805 3355 3861 ductum
3387 3822 3450 3862 se
3481 3811 3860 3874 asseverat,ut

2207 3887 2367 3948 aliud
2400 3890 2660 3948 melioris
2693 3895 2841 3948 notas
2871 3897 2930 3949 et
2957 3893 3396 3950 accessionibus
3418 3899 3663 3952 auctum
3685 3912 3862 3953 exem-

2207 3979 2338 4053 plar
2367 3979 2766 4060 repraesentari
2801 3987 3052 4054 curaret,
3077 3982 3135 4038 id
3159 3984 3315 4056 quod
3345 3999 3462 4040 non
3495 3983 3660 4041 aliud
3694 4001 3858 4059 quam

2207 4067 2394 4142 ipsius
2407 4069 2698 4135 Quesnelli
2712 4069 3243 4128 editioParisiensis
3261 4071 3658 4146 fuit,demptis
3673 4077 3858 4130 tamen

2207 4157 2503 4231 aliquibus
2519 4163 2576 4214 et
2597 4158 2812 4215 additis
2834 4158 3083 4216 invicem
3105 4178 3234 4234 quae
3258 4162 3318 4217 in
3335 4159 3510 4217 titulo
3532 4163 3861 4236 signiﬁcan-

2203 4252 2319 4304 tur.
2341 4245 2488 4303 Illud
2520 4251 2715 4304 tamen
2749 4249 2922 4316 scias,
2944 4267 3061 4305 non
3081 4250 3602 4318 Quesnellum,sed
3635 4255 3857 4308 tantum

2206 4336 2594 4393 Parisiensem
2608 4336 2922 4393 editionem
2935 4355 3071 4395 eum
3089 4339 3432 4412 appellasse,
3441 4341 3688 4412 justone
3705 4347 3855 4398 metu

2205 4443 2279 4483 an
2309 4432 2377 4482 ut
2406 4425 2674 4482 homines
2701 4443 2870 4500 parce
2903 4428 3124 4501 doctos,
3145 4430 3246 4485 sed
3277 4433 3440 4486 tanto
3471 4429 3857 4504 religiosiores

2121 4535 2177 4598 ευ
2209 4513 2584 4572 simulatione
2611 4513 2722 4571 hac
2760 4514 3005 4586 falleret,
3029 4533 3145 4574 non
3177 4519 3652 4592 disceptaverim.
3677 4523 3857 4578 Tomus

511 4595 805 4660 Numerus
834 4605 1242 4660 contentorum
1277 4609 1366 4660 est
1393 4605 1533 4662 XIX.
1569 4607 1720 4662 sunt
1747 4625 1901 4678 vero,
1929 4611 2097 4682 juxta
2130 4595 2165 4598 “
2203 4607 2435 4676 primus,
2469 4602 2684 4676 pariter
2711 4620 2779 4660 ac
2809 4605 3230 4670 Quesnelliams
3271 4605 3580 4680 editiones,
3605 4610 3856 4666 continet

419 4684 732 4765 'Quesnelli
764 4691 1052 4759 ordinem,
1085 4693 1172 4747 hae
1198 4709 1211 4748 :
1238 4693 1278 4760 Ι,
1311 4693 1382 4762 II,
1419 4694 1514 4762 III,
1538 4696 1608 4763 V,
1637 4696 1785 4764 VIII,
1818 4699 1936 4766 XII,
1968 4701 2088 4769 XV,

436 4772 784 4846 XVI,'XVII,
815 4779 964 4848 XIV,
1006 4779 1220 4849 XCVII,
1253 4781 1439 4848 XXIX,
1471 4783 1683 4853 XLVII,
1721 4786 1782 4856 L,
1833 4787 2087 4858 CXXXV,

438 4861 701 4934 LXXVII,
730 4866 1038 4937 LXXXVII,
1071 4868 1311 4938 CXXIX,
1345 4869 1627 4928 CXXXVI.
1651 4875 1737 4929 Ab
1776 4874 1940 4932 initio
1971 4883 2089 4934 sta-

434 4951 545 5008 tim
575 4953 763 5037 editor
809 4958 1072 5029 subjecta
1104 4959 1176 5015 ad
1229 4958 1479 5030 primam
1528 4961 1835 5033 epistolam
1887 4965 2092 5022 notula

435 5046 655 5114 monet,
679 5061 742 5102 se
787 5062 990 5104 omnes
1019 5064 1088 5104 ex
1118 5049 1343 5104 Antonii
1382 5049 1532 5106 card.
1569 5049 1786 5122 Cat-arm
1830 5055 2090 5126 Epistolis

434 5128 632 5189 deerat.
664 5141 922 5191 summer.
950 5139 1148 5209 pontif.
1180 5145 1320 5192 tomo
1360 5137 1381 5193 Ι
1419 5137 1874 5212 deprompsisse,
1901 5144 2090 5201 addit-

419 5233 549 5294 que
577 5221 774 5280 studio
821 5223 1003 5297 hujus
1047 5223 1382 5292 cardinalis,
1407 5226 1506 5298 qui
1538 5227 1758 5286 scilicet
1789 5233 2088 5291 codicibus

431 5307 732 5369 Vaticanis
775 5314 1014 5385 adjutus
1056 5314 1186 5383 fuit,
1221 5314 1539 5370 admodum
1589 5315 1910 5377 dissimiles
1958 5339 2088 5380 esse

432 5399 692 5457 redditas
720 5400 794 5459 iis
819 5418 966 5474 quas
1014 5401 1329 5460 canonistae
1380 5405 1436 5459 et
1482 5403 1735 5475 Operum
1785 5408 1843 5464 S.
1880 5410 2086 5469 Leonis

431 5487 766 5548 cellectores
795 5491 1104 5549 ediderint.

504 5577 924 5654 1741.;Venetiis
965 5581 1111 5654 apud
1147 5581 1512 5651 Augustinum
1542 5580 1771 5654 Savioli,
1803 5587 1988 5660 in-fol.
2022 5594 2078 5646 S.

2199 4697 2511 4748 Sermones
2532 4691 2590 4746 in
2608 4692 2767 4748 varia
2783 4693 2974 4766 capita
2997 4695 3328 4764 distinctos,
3345 4697 3581 4769 praeﬁxa
3610 4697 3854 4772 singulis

2200 4781 2437 4854 synOpsi
2453 4779 2885 4853 quaaParisino
2903 4782 3122 4840 editore
3135 4785 3393 4857 primum
3409 4785 3688 4843 instructi
3702 4789 3851 4853 sunt;

2200 4867 2489 4942 Epistolas
2507 4867 2715 4924 deinde
2735 4869 2997 4940 totidem,
3014 4874 3336 4946 eodemque
3351 4874 3558 4931 ordine
3578 4892 3644 4932 ac
3668 4875 3856 4933 distri-

2200 4957 2458 5021 butione,
2475 4957 2734 5013 fontibus
2760 4959 2914 5016 unde
2937 4978 3096 5017 novae
3121 4961 3231 5018 illae
3255 4963 3444 5019 ductas
3464 4969 3665 5020 essent
3687 4966 3857 5030 Ques-

2199 5046 2336 5104 nelli
2360 5045 2550 5102 verbis
2579 5047 2870 5104 indicatis.
2896 5049 3012 5106 Nec
3043 5050 3157 5107 tria
3186 5049 3287 5108 illa
3316 5052 3624 5125 opuscula,
3648 5070 3777 5126 quas
3799 5054 3850 5108 in

2200 5135 2462 5194 Parisina
2491 5135 2744 5192 editione
2767 5137 2942 5194 Leoni
2963 5139 3222 5212 primum
3245 5140 3470 5198 tributa
3499 5146 3661 5214 sunt,
3685 5160 3852 5217 repu-

2199 5226 2396 5292 diavit,
2431 5225 2491 5280 in
2522 5224 2631 5283 hoc
2679 5225 2870 5283 solum
2903 5229 2974 5284 ab
3021 5245 3090 5285 ea
3117 5229 3596 5303 recedens,quod
3650 5250 3766 5290 non
3795 5232 3850 5287 in

2199 5317 2386 5371 fronte
2418 5313 2800 5387 reliquorum,
2824 5317 2926 5372 sed
2959 5317 3031 5373 ad
3062 5317 3281 5374 calcem
3314 5320 3514 5390 potius
3541 5321 3847 5390 addiderit,

2195 5404 2476 5478 subjectis
2507 5403 2705 5459 statim
2732 5405 2922 5461 tribus
2945 5423 3071 5479 quae
3095 5408 3167 5462 ad
3191 5407 3397 5463 eadem
3429 5411 3849 5484 spectant,dis-

2194 5492 2850 5553 sertatiouibus.Contra
2873 5512 3000 5567 quae
3021 5496 3094 5552 ad
3116 5495 3377 5569 primum
3406 5501 3640 5556 tomum
3665 5517 3848 5558 acces-

2194 5589 2390 5644 serant
2419 5584 2478 5640 in
2525 5582 2807 5654 Parisina,
2834 5585 2951 5642 Vita
2980 5586 3184 5643 Hilarii
3210 5594 3428 5644 auctore
3457 5593 3766 5660 Honorato,
3796 5606 3850 5659 et
