3914 6232
189 266 264 333 89
514 286 519 289 ‘
604 258 1208 333 SGHW‘ANNI
1249 256 1576 329 NOTITI‘A
1621 255 2550 328 HiS'l‘ORIGO-LITTERARIA
2592 263 2675 329 IN
2719 264 2787 331 S.
2830 254 3180 333 LEONEM.

3523 271 3605 336 90

192 404 424 478 reliqua,
452 392 556 461 hic
582 400 649 460 in
673 405 842 459 temo
875 399 1047 458 altero
1077 403 1204 473 post
1239 390 1501 457 Codicem
1552 399 1846 457 Canonum
1862 401 1929 468 Ἀ
1942 388 2277 455 admodum
2306 401 2478 472 turpe
2502 414 2718 474 nempe
2742 402 3065 460 Tractatum
3091 401 3151 459 S.
3173 404 3603 464 Leonis‘adver-

195 493 555 559 exhibentur,
572 492 771 565 iisque
782 489 1030 561 denique
1042 489 1113 546 ad
1123 487 1438 546 voluminis
1453 488 1842 563 complemen-

190 585 313 644 tum
332 581 616 656 quoniam
636 581 881 653 reliquae
898 577 1189 645 Quesnelli
1210 578 1651 635 dissertationes
1671 576 1843 637 omis-

197 690 268 731 sae
292 678 442 741 sunt,
469 671 717 731 Maximi
747 670 1037 726 Sermones
1067 667 1409 725 succedunt.

258 761 381 818 Jam
418 761 467 816 si
502 761 813 834 quaeratur
839 755 1011 831 quale
1032 770 1242 815 nomen
1266 756 1637 830 pretiumque
1657 773 1843 831 operas

199 851 324 908 huic
341 847 548 906 Poletti
562 848 955 905 statuendum
965 847 1061 914 sit,
1095 850 1160 903 ut
1179 846 1342 903 lubet
1360 853 1727 919 expurgatam
1741 862 1845 903 seu

200 940 504 996 mutilatam
521 938 809 1009 Qnesuelli
815 937 1117 993 editionem
1126 939 1278 993 recte
1288 934 1845 1009 appellaveris.Nam

209 1046 314 1087 non
334 1045 402 1085 ea
428 1027 623 1085 solum
655 1044 788 1100 quae
819 1024 994 1083 modo
1044 1024 1431 1081 indicavimus
1461 1024 1532 1081 de
1581 1024 1849 1081 Parisina

202 1120 426 1192 dempta
439 1121 601 1184 sunt,
617 1117 723 1174 sed
747 1115 934 1171 multa
945 1114 1120 1171 etiam
1151 1131 1221 1171 ex
1243 1114 1395 1170 anim
1406 1113 1850 1171 adversionibus

200 1213 254 1265 et
269 1206 773 1264 admonitionibus
788 1204 979 1279 ipsius
997 1205 1213 1261 frustra
1225 1203 1321 1259 hic
1336 1207 1651 1276 exspectes.
1665 1207 1850 1275 Atque

208 1297 313 1354 hoc
343 1296 709 1370 praecipuum
731 1298 841 1363 est,
872 1294 1027 1365 quod
1068 1294 1129 1349 in
1175 1292 1450 1349 laudibus
1492 1292 1651 1350 illius
1687 1294 1851 1367 ponit

212 1392 403 1444 Petrus
432 1387 662 1444 Thomas
679 1385 957 1452 Cacciari,
978 1383 1507 1456 sequentisauctor,
1538 1383 1632 1439 cui
1670 1384 1851 1454 hujus

208 1490 364 1549 eque
376 1492 445 1533 ac
455 1472 1073 1549 praecedentisVenetaa
1086 1471 1350 1529 notitiam
1366 1472 1537 1529 unice
1549 1473 1852 1533 debemus.

174 1630 179 1635 ,
198 1569 256 1623 Is
273 1565 541 1622 universe
556 1564 799 1637 quidem
820 1562 1270 1636 reprehensione
1285 1564 1586 1621 summast
1604 1562 1852 1621 dixerim

202 1672 340 1730 pene
367 1652 757 1712 detestatione
769 1654 1016 1726 dignum
1032 1668 1297 1716 censeris,
1313 1652 1469 1724 quod
1490 1668 1521 1707 e
1543 1648 1852 1718 Quesnelto

1950 504 2041 544 sus
2069 490 2279 546 errores
2308 491 2619 564 Eutychetis
2648 492 2993 569 aliorumque
3008 492 3393 552 haereticorum
3402 496 3498 554 bis
3512 496 3608 554 iis-

1951 577 2084 635 dem
2112 579 2304 636 verbis
2333 587 2387 637 el.
2416 581 2620 639 eadem
2647 581 2964 656 epigraphe
3003 583 3180 641 semel
3207 585 3424 660 pagina
3476 586 3602 656 l02,

1951 666 2285 741 iterumque
2316 668 2526 743 pagina
2547 669 2654 727 309
2679 687 2981 729 excusum.
3296 684 3299 687 ‘

2027 758 2184 814 1751;
2216 760 2480 816 Bononia:
2508 760 2653 832 apud
2708 762 2937 819 Hieron.
2996 763 3307 821 Corciolani
3321 770 3373 822 et
3418 767 3482 823 Η.
3537 768 3603 824 Η.

1957 845 2115 914 Colli,
2147 848 2314 903 in-zt"
2338 851 2539 905 Sermo
2569 851 2625 903 S.
2660 849 2870 907 Leonis
2900 852 2971 908 de
3009 853 3489 927 Quadragesima,
3509 855 3605 913 in-

1955 934 2179 1007 cipiens
2207 952 2220 991 :
2251 935 2603 994 Dilectissimi
2627 938 2805 1009 nobis,
2839 940 2969 1011 ﬁdes
2997 946 3185 998 nostra
3205 959 3306 1000 nos
3332 940 3603 1012 admonet,

1956 1039 2090 1080 cum
2117 1025 2596 1082 annotationibus
2618 1028 2696 1084 Jo.
2739 1028 2930 1102 Chrys.
2968 1030 3277 1101 Trombelli,
3309 1049 3443 1090 cum
3471 1033 3606 1092 aliis

1959 1114 2145 1171 tribus
2169 1114 2235 1170 de
2264 1116 2675 1173 Resurreetz‘one
2687 1117 2924 1185 Domini,
2950 1119 3010 1175 in
3030 1121 3325 1191 festivitate
3343 1123 3399 1179 S.
3416 1125 3604 1194 Pauli,

1957 1203 2104 1260 falso
2133 1203 2321 1261 eidem
2344 1204 2634 1277 ascriptis,
2667 1208 2724 1262 et
2745 1223 2861 1263 uno
2901 1208 2965 1264 de
2993 1209 3224 1266 Abrahw
3250 1212 3367 1283 [ilio
3404 1211 3608 1270 incerti

1958 1292 2234 1361 auctoris,
2267 1293 2412 1350 forte
2443 1295 2653 1352 Leonis
2696 1296 2981 1368 ejusdem,
3040 1315 3110 1355 ex
3170 1300 3372 1357 codice
3418 1302 3608 1359 Bono-

1959 1380 2148 1437 niensi
2174 1398 2187 1450 ;
2219 1381 2281 1437 in
2313 1382 2594 1455 Opusculis
2623 1393 2725 1439 vet.
2750 1385 2795 1439 P
2824 1386 2889 1441 P.
2922 1386 3039 1443 Lat.
3072 1403 3116 1442 s.
3146 1388 3429 1446 Anecdotis
3460 1408 3495 1446 a
3522 1408 3612 1448 ca-

1956 1471 2173 1527 nonicis
2201 1486 2311 1543 reg.
2344 1472 2401 1529 .S.
2437 1471 2742 1530 Saluatoris
2779 1475 3040 1531 Bononia
3093 1478 3379 1550 evulgatis.
3407 1483 3471 1537 Τ.
3540 1479 3613 1538 Η-

1949 1563 2110 1633 'part.
2143 1577 2184 1627 1,
2213 1578 2375 1633 pagg.
2409 1565 2671 1618 233-253.
2693 1560 2905 1621 Nullus
2927 1565 3187 1636 omnino,
3217 1582 3323 1624 nec
3340 1564 3612 1641 priorille

1960 1648 2027 1706 de
2057 1649 2503 1722 Quadragesima,
2537 1653 2603 1706 ut
2636 1650 3007 1709 Trombellus
3040 1654 3359 1728 inscripsit,
3401 1659 3612 1717 LeOnis

205 1744 421 1818 aliquid
443 1744 504 1801 in
536 1760 710 1800 suam
740 1741 1001 1799 derivare
1018 1741 1769 1807 institueritPoIettus,tum
1785 1758 1853 1798 eo
1882 1769 1933 1837 Β
1963 1745 2069 1807 est,
2099 1736 2445 1837 docentibus
2473 1738 2797 1837 palleriniis
2850 1740 2911 1798 in
2951 1742 3092 1800 diss.
3140 1745 3215 1801 de
3262 1745 3612 1806 Sermonibus

206 1834 390 1908 magis
418 1832 958 1891 eisuccensendum
982 1830 1319 1897 arbitratur,
1338 1831 1494 1903 quod
1514 1831 1702 1900 famas,
1721 1847 1851 1903 quae
1883 1826 1930 1837 “’
1962 1828 2133 1884 Leoni
2161 1826 2228 1884 Μ.
2259 1830 2573 1900 suppositis.

208 1925 275 1980 de
301 1941 408 1981 suo
440 1921 770 1999 (Caeciarii)
797 1920 1104 1977 molimine
1129 1936 1289 1977 novae
1326 1919 1600 1977 editionis
1656 1918 1854 1993 spargi

211 2013 492 2087 coepisset,
525 2010 754 2069 nullam
776 2008 1061 2067 rationem
1074 2008 1345 2066 habuerit
1367 2012 1567 2080 {atque
1583 2025 1651 2066 ea
1662 2007 1855 2065 solum

206 2102 264 2159 in
294 2100 661 2172 meritisejus
694 2098 878 2174 ponit,
908 2097 1122 2175 quibus
1143 2097 1463 2155 aParisina
1481 2098 1732 2154 editione
1762 2114 1857 2153 re-

205 2192 395 2250 cessit.
432 2213 463 2243 ι(
492 2194 564 2247 In
582 2188 795 2264 primis
810 2188 954 2245 illud
978 2187 1219 2245 minime
1240 2204 1560 2262 possumus
1581 2187 1857 2244 dissimu-

206 2278 580 2354 lare,inquit,
613 2278 1043 2353 typographum
1065 2277 1351 2334 Polettum
1386 2276 1646 2349 aliquam
1691 2292 1761 2333 ex
1791 2292 1856 2333 eo

204 2368 434 2426 laudem
452 2367 574 2425 sibi
597 2383 991 2440 comparasse,
1015 2366 1173 2439 quod
1194 2382 1311 2421 non
1325 2365 1745 2438 praecedentem
1766 2370 1840 2422 Sa

212 2457 344 2515 violi
372 2457 687 2515 editionem
720 2454 1111 2528 exscripserit,
1132 2470 1306 2528 quam
1332 2453 1660 2510 innumeris
1694 2457 1858 2528 typo-

210 2546 460 2622 graphia:
483 2545 715 2604 mendis
736 2544 1106 2617 scaterefipsi.
1121 2548 1179 2600 et
1196 2545 1487 2617 quotquot
1505 2559 1635 2600 eam
1652 2543 1863 2600 lustra-

216 2641 367 2706 runt,
379 2638 521 2710 jure
551 2634 879 2707 meritoque
892 2632 1198 2706 conquesti
1219 2636 1380 2688 sunt.
1398 2631 1523 2688 Alia
1539 2642 1710 2704 porro
1730 2632 1862 2691 laus

214 2742 385 2799 quam
404 2724 669 2783 Polettus
688 2721 1052 2797 comparavit
1070 2721 1203 2779 sibi.
1222 2737 1290 2778 ea
1310 2724 1420 2801 est,
1442 2722 1598 2795 quod
1642 2719 1866 2780 scilicet

216 2815 275 2872 in
297 2831 467 2873 suam
484 2814 775 2871 Venetam
798 2804 1115 2869 editionem
1143 2827 1323 2882 quam
1340 2810 1629 2884 plurimas
1685 2812 1862 2876 Ques-

210 2888 1055 2960 nellianasauimadversioues
1071 2892 1590 2956 minimeintulerit
1603 2903 1661 2957 et
1670 2901 1867 2958 admo-

207 2991 455 3050 nitiones
487 3009 619 3065 quae
635 2995 706 3047 ut
725 2988 1069 3064 plurimum,
1090 2991 1193 3045 aut
1214 2987 1490 3046 Leoninis
1518 2988 1730 3059 sensis,
1764 2993 1867 3046 aut

210 3080 473 3138 Ecclesia:
502 3079 743 3143 ritibus,
778 3083 883 3135 aut
906 3077 1316 3135 ecclesiasticae
1336 3077 1678 3135 hierarcbiae
1707 3079 1864 3135 ordi-

2033 1915 2164 1974 i75l
2180 1960 2193 1973 .
2226 1922 2423 1976 Rome
2450 1934 2520 1975 ea:
2547 1918 2912 1992 typagraphia
2932 1919 3170 1979 Antonii
3185 1920 3442 1996 Fulgonii
3466 1927 3616 1999 apud

1961 2005 2022 2063 S.
2075 2005 2452 2075 Eustachium,
2510 2008 2702 2081 iri-foll
2744 2008 3194 2069 Exercitationes
3235 2011 3294 2070 in
3341 2013 3616 2073 universa

1958 2096 2000 2151 Β
2042 2094 2252 2152 Leonis
2268 2096 2455 2170 Magni
2480 2095 2666 2170 Opera
2697 2097 3055 2170 pertinentes
3089 2100 3163 2157 ad
3196 2092 3477 2160 historias
3498 2103 3615 2160 hie-

1966 2185 2185 2241 resium
2206 2185 2683 2255 Manichaeorum,
2725 2186 3322 2250 Priscillianistarnm.
3359 2180 3616 2268 Pelagia-

1966 2290 2177 2330 norum
2190 2278 2367 2348 atque
2382 2274 2894 2349 Eutychiauorum,
2917 2294 3064 2350 quas
3088 2294 3322 2337 summo
3343 2280 3616 2339 studioac

1964 2361 2162 2420 labore
2182 2363 2275 2419 SS.
2303 2365 2563 2437 pontifex
2583 2365 2780 2422 evertit
2818 2370 2993 2439 atque
3021 2367 3343 2440 damnavit,
3382 2373 3439 2428 et
3466 2370 3620 2427 dica-

1967 2454 2043 2508 ιω
2064 2454 2433 2510 sanctissimo
2455 2453 2602 2527 patri
2628 2448 2933 2513 Benedicto
2946 2455 3094 2527 XIV,
3129 2457 3391 2531 pontiﬁci
3420 2458 3616 2517 ~marti-

1970 2557 2065 2597 mo
2087 2543 2316 2613 afratre
2353 2542 2537 2599 Pereo
2577 2545 2789 2600 Tnoma
2835 2544 3124 2614 Caecum,
3176 2547 3495 2621 Carmelita,
3556 2550 3619 2608 in

1968 2632 2202 2703 collegio
2221 2628 2434 2688 Urbano
2463 2632 2847 2705 Propagandz
2898 2635 3052 2690 Fidei
3104 2650 3280 2694 sacrae
3315 2637 3620 2711 ’theologiee

1966 2718 2255 2793 polemicze
2283 2720 2501 2781 lectore.
2526 2724 2576 2776 et
2598 2722 2832 2778 Romani
2848 2720 2984 2778 cieri
3001 2729 3378 2783 examinaer
3405 2732 3625 2798 aposto-

1970 2808 2096 2865 lico.
3342 2826 3345 2827 ν

2042 2896 2249 2954 Leonis
2310 2897 2563 2972 Operum
2625 2892 2939 2958 editionem
2979 2898 3619 2968 Anti-Quesn‘ellianam

1965 2986 2322 3060 jampridem
2347 3004 2459 3045 non
2482 2986 2637 3044 intra
2656 2988 2924 3046 animum
2944 2989 3132 3049 solum
3143 2990 3395 3050 volverat
3404 2996 3625 3055 Caesia-

1974 3079 2116 3146 rius,
2141 3077 2242 3134 sed
2264 3077 2585 3150 exspeetari
2607 3077 2783 3134 etiam
2804 3096 2874 3137 ex
2904 3079 3103 3154 aliquo
3133 3087 3396 3156 tempore
3422 3084 3621 3157 jusse-

212 3141 770 3238 nibus,xeidemum
791 3166 967 3224 etiam
994 3164 1292 3222 catholicas
1306 3165 1451 3223 ﬁdei
1465 3165 1683 3238 regulis
1700 3183 1841 3240 repu

2034 3141 2388 3222 ωιληελωωῖ
2418 3183 2553 3222 cum
2599 3167 2821 3224 diutius
2866 3141 3128 3241 protrahi
3174 3141 3624 3244 illa'videretur,

212 3266 407 3333 guunt,
420 3256 732 3324 resecarit;
755 3256 849 3329 cnj
859 3272 928 3312 us
941 3255 1176 3328 quidem
1190 3254 1419 3328 generis
1429 3254 1869 3313 observationes

212 3351 269 3405 et
288 3346 539 3415 monita,
555 3362 688 3420 qum
708 3343 770 3401 in
790 3347 1040 3417 utraque
1059 3341 1282 3400 Gallica
1300 3342 1596 3411 Quesnelli
1614 3344 1870 3403 editione

200 3434 462 3513 legenda
475 3437 820 3500 occurrunt,
846 3448 1090 3506 prorsus
1106 3432 1165 3488 in
1182 3431 1285 3488 illa
1297 3431 1664 3491 desideratur
1688 3451 1867 3507 quam

208 3521 462 3580 Polettus
478 3520 782 3594 vulgavit;
816 3518 920 3592 qui
973 3518 1035 3574 in
1057 3518 1361 3576 suisuovis
1394 3519 1549 3593 typis
1572 3524 1629 3576 et
1686 3522 1868 3586 Ques-

210 3610 496 3669 nellianas
517 3611 832 3666 dumtaxat
843 3620 1125 3691 synOpses
1144 3612 1201 3664 et
1227 3608 1431 3665 Leonis
1449 3613 1671 3693 textum
1685 3613 1817 3666 atte‘
1832 3642 1870 3668 .-

194 3701 374 3769 dens,
403 3702 587 3775 prout
606 3698 705 3755 ille
725 3698 785 3754 in
806 3688 1010 3755 Galliis
1029 3697 1220 3755 lucem
1243 3697 1485 3771 aspexit,
1511 3688 1731 3756 tantam
1753 3700 1868 3757 sibi

205 3789 516 3848 blanditus
528 3805 647 3862 pra:
664 3804 728 3845 se
748 3787 898 3844 ferre
911 3786 1224 3860 puritatem
1234 3830 1247 3856 ,
1271 3792 1334 3843 ut
1346 3786 1682 3861 castigatior
1692 3792 1869 3863 atque

206 3878 466 3936 limatior
485 3876 723 3951 prodire
736 3874 981 3932 minime
1000 3875 1208 3949 possit.
1223 3898 1251 3926 ››
1268 3875 1351 3932 Ob
1365 3880 1681 3950 utrumque
1697 3890 1868 3949 porro

210 3968 398 4025 acrius
425 3967 700 4040 iutpsum
733 3964 1029 4021 calamum
1049 3965 1266 4021 diti‘usa
1285 3964 1581 4031 Quesnelli
1603 3967 1867 4023 confuta-

209 4057 364 4114 tione
392 4055 640 4129 stringit
664 4053 1018 4110 Caeciarius.
1042 4053 1152 4110 Sed
1178 4054 1333 4126 quod
1347 4070 1415 4110 ex
1435 4054 1663 4127 proprio
1677 4056 1869 4130 magis

210 4142 480 4204 instituto
509 4144 625 4201 hoc
646 4143 809 4209 facit,
832 4143 904 4199 de
925 4159 991 4198 eo
1011 4144 1145 4216 post
1162 4141 1513 4199 videbimus.
1540 4142 1690 4199 Illud
1732 4160 1867 4202 vero

202 4237 339 4308 ejus
367 4236 442 4292 de
459 4233 691 4290 Poletto
715 4231 1014 4304 judicium
1040 4231 1336 4288 incautius
1359 4231 1525 4288 nobis
1540 4233 1735 4289 visum
1756 4238 1863 4305 eet,

217 4340 326 4396 quo
349 4321 733 4396 reprehendit
744 4321 901 4394 quod
913 4324 1033 4377 tres
1053 4319 1325 4377 laudatas
1344 4320 1637 4387 Quesnelli
1651 4321 1866 4379 disser-

213 4414 461 4471 tationes
482 4410 789 4484 suscipere
811 4426 925 4466 non
948 4412 1223 4484 gravatus
1245 4409 1614 4478 tuerit,nulla
1643 4412 1869 4470 interim

1976 3256 2131 3328 quod
2156 3253 2470 3328 ipsejustis
2489 3256 2705 3326 causis,
2738 3256 3001 3315 muneris
3018 3258 3240 3315 scilicet
3273 3261 3620 3334 avocationi,
3682 3254 3693 3263 ’

1975 3343 2235 3418 etipsius
2255 3345 2470 3419 negotii
2492 3345 2758 3420 gravitati
2797 3345 3020 3415 tribuit,
3060 3352 3118 3406 et
3149 3348 3273 3420 jam
3312 3346 3621 3408 civi-natio-

1977 3432 2151 3490 nibus
2169 3434 2239 3489 ab
2261 3430 2334 3489 iis
2356 3434 2573 3506 quibus
2590 3434 2678 3491 vel
2701 3434 2903 3508 impar
2928 3435 3066 3493 huic
3094 3428 3328 3512 spartae
3344 3436 3349 3443 ”
3368 3440 3622 3498 aestima-

1978 3525 2155 3590 retur,
2175 3522 2262 3579 vel
2284 3526 2474 3579 totum
2497 3516 2809 3580 consilium
2845 3523 3196 3599 displiceret,
3238 3528 3357 3601 peti
3398 3532 3624 3603 emptus

1975 3616 2158 3681 esset;
2178 3611 2337 3669 bisce
2353 3613 2588 3670 tandem
2605 3613 2780 3671 editis
2796 3612 3310 3675 dissertationibus
3326 3620 3384 3676 et
3398 3618 3624 3677 invidos

1939 3712 1945 3718 ’
1976 3717 2241 3759 rumores
2263 3701 2570 3775 dispellere
2591 3712 2643 3759 et
2662 3703 2819 3759 viam
2857 3705 3012 3778 apud
3033 3707 3316 3780 aequiores
3337 3706 3450 3765 sibi
3474 3720 3627 3782 prae-

1976 3790 2207 3847 munire
2228 3791 2474 3847 studuit.
2498 3796 2617 3848 Hoc
2637 3808 2773 3866 ergo
2795 3808 2911 3866 prae
2933 3794 3153 3853 caeteris
3177 3797 3326 3853 ratio
3345 3796 3624 3870 postulat,

1976 3879 2236 3952 utquo'in
2251 3876 2628 3948 Quesnellum
2651 3883 2893 3940 allectus
2908 3883 2985 3939 sit
3005 3884 3201 3942 animo
3221 3886 3623 3943 ostendamus.

1973 3969 2110 4025 Tria
2141 3973 2335 4025 autem
2376 3968 2756 4042 potissimum
2796 3971 2870 4027 ab
2911 3986 2977 4028 eo
3018 3972 3334 4030 commissa
3374 3972 3628 4045 graviter

1976 4061 2338 4131 conquestus
2349 4061 2466 4114 est:
2490 4058 2769 4131 primum,
2789 4060 2944 4131 quod
2958 4060 3125 4133 plura
3139 4079 3173 4116 a
3189 4061 3451 4133 genuino
3465 4065 3624 4118 textu

1974 4145 2648 4215 abhorrentiaintulerit;
2672 4146 2906 4216 deinde,
2919 4150 3076 4221 quod
3100 4148 3286 4205 multa
3298 4148 3628 4207 admiscue-

1976 4234 2053 4290 rit
2072 4232 2463 4290 ecclesiastico
2487 4235 2697 4308 agendi
2719 4234 2909 4291 ordini
2938 4252 3004 4292 ac
3027 4236 3245 4294 rationi
3261 4238 3461 4295 minus
3481 4255 3621 4296 cou-

1976 4338 2141 4390 sona,
2164 4327 2240 4390 et,
2265 4324 2421 4396 quod
2443 4322 2699 4397 gravius,
2726 4341 2760 4379 a
2779 4322 3063 4382 catholica
3078 4325 3282 4400 regula
3302 4325 3476 4402 plane
3492 4326 3628 4387 alie-

1977 4429 2054 4469 na
2076 4428 2090 4468 :
2115 4412 2257 4468 adeo
2292 4415 2360 4468 ut
2394 4428 2511 4468 non
2546 4415 2668 4468 tam
2709 4412 2999 4471 medelam
3042 4416 3353 4489 pontiﬁciis
3385 4418 3625 4493 scriptis

214 4498 1693 4583 mentionefactascriptorumillorumquitotisnervis
1708 4504 1948 4580 ραις-ιι)
1979 4500 2341 4568 adhibuisse,
2386 4503 2488 4559 sed
2545 4516 2614 4558 ea
2664 4501 2916 4575 graviter
2950 4503 3291 4564 vulnerasse
3322 4508 3621 4579 videatur;

214 4594 354 4650 uella
363 4608 484 4650 sese
493 4599 869 4665 opposuerunt
890 4589 961 4645 ad
973 4587 1382 4661 praeiudicata:
1402 4587 1643 4661 ejusdem
1657 4593 1871 4660 opinio~

212 4698 304 4738 nes
331 4666 693 4755 refellenda,
710 4682 770 4736 et
790 4694 959 4751 porro
988 4676 1131 4751 quod
1143 4676 1352 4733 Codi’cis
1373 4676 1658 4734 Canonum
1673 4682 1867 4738 aucto-

214 4770 510 4829 ritatemab
520 4760 654 4827 aliis
667 4769 1026 4842 scriptoribus
1040 4767 1309 4825 elevatam
1320 4768 1511 4838 magni
1520 4758 1871 4837 ﬁeridixerit

213 4878 247 4917 α
270 4862 435 4920 Petro
455 4860 785 4919 Goustantia
804 4858 865 4913 in
876 4856 1208 4931 praefatione
1233 4856 1304 4912 ad
1319 4855 1597 4928 Epistolas
1638 4859 1864 4931 pontiﬁ-

213 4965 335 5007 cum
348 4948 758 5015 ambrum,
769 4962 937 5020 seque
954 4947 1227 5004 lectorum
1244 4944 1381 5001 votis
1400 4944 1869 5019 consuluissepro-

214 5039 494 5110 (astuant,
510 5047 577 5097 ut
604 5054 739 5113 opus
769 5036 915 5094 illud
928 5036 1328 5108 qualecumque
1345 5031 1493 5090 alibi
1500 5048 1869 5107 quaererenon

216 5137 554 5200 coges-enm.
588 5126 836 5203 Egregie
857 5124 1084 5182 scilicet
1112 5122 1195 5180 rei
1221 5139 1340 5180 suae
1354 5121 1752 5181 consuluisset
1781 5125 1867 5182 bi-

212 5216 481 5293 bliopola,
513 5212 770 5277 silitium
792 5216 1047 5274 letarum
1064 5209 1618 5269 commemoratione
1630 5228 1871 5286 scrupu-

213 5303 332 5365 lum
346 5299 1869 5381 hominibussuperstitlosisinjecisset.Graviorhaud

218 5396 384 5456 dubie
412 5398 788 5474 reprehensio
818 5412 890 5453 ea
918 5396 1032 5462 est,
1057 5392 1211 5465 quod
1263 5388 1541 5463 plurimis
1597 5393 1869 5463 typorum

216 5487 421 5546 matis
436 5505 613 5565 opera
628 5486 837 5547 Poletti
870 5482 1121 5549 laboret,
1140 5482 1198 5536 et
1218 5477 1549 5565 manifesta,
1563 5476 1762 5536 nimia;
1788 5479 1871 5538 fe-

220 5572 531 5636 stinationis
554 5575 804 5652 vestigia
820 5567 1311 5640 ostendat,cujus
1330 5564 1664 5638 exemplum
1675 5567 1873 5640 prodit

1979 4591 2238 4659 tandem,
2270 4591 2423 4664 quod
2468 4607 2583 4648 non
2624 4591 2816 4648 solum
2857 4593 3058 4651 omnia
3090 4601 3474 4654 monumenta
3508 4613 3625 4655 non

1977 4676 2291 4755 collegerit,
2317 4681 2420 4737 sed
2452 4678 2565 4738 alia
2582 4681 2653 4738 de
2685 4680 2976 4739 industria
3017 4686 3471 4758 praetermiserit,
3511 4686 3627 4745 alia

1975 4785 2131 4841 vero,
2157 4772 2356 4844 utpote
2376 4770 2622 4828 adversa
2656 4786 2834 4844 scopo
2857 4788 3031 4845 quem
3077 4773 3225 4831 forte
3263 4776 3391 4832 sibi
3415 4792 3626 4849 propo-

1974 4863 2195 4928 suerat,
2228 4863 2510 4932 tanquam
2524 4860 2766 4918 omnino
2788 4860 3185 4937 supposititia,
3226 4863 3314 4921 vel
3351 4868 3523 4932 certe,
3560 4869 3629 4921 ut

1976 4947 2481 5021 suppositionibus
2504 4949 2714 5005 referta
2743 4950 3008 5021 rejecerit
3026 4952 3112 5009 vel
3137 4952 3509 5011 mutilaverit.
3542 4955 3627 5012 Ita

1974 5036 2320 5093 summatim
2354 5036 2992 5096 sesehabentCa‘cciarii
3018 5041 3076 5097 in
3110 5040 3418 5107 Quesnello
3438 5050 3629 5117 repre-

1977 5125 2158 5182 hensa
2168 5168 2184 5197 ,
2203 5125 2538 5184 distinctius
2550 5130 2745 5182 autem
2758 5128 2843 5184 sic
2862 5130 3233 5202 persequitur
3247 5148 3261 5188 :
3279 5132 3623 5201 Quesnellus,

1978 5213 2189 5287 inquit,
2220 5230 2495 5271 acerrsz
2511 5216 2724 5287 pollens
2748 5218 2990 5289 ingenio,
3020 5219 3180 5275 valde
3204 5221 3475 5292 [acilisad
3503 5237 3629 5278 com

1976 5306 2244 5360 tentiones
2272 5313 2324 5361 et
2352 5304 2550 5376 jurgia
2597 5306 2911 5374 excitanda,
2958 5309 3183 5365 omnino
3226 5312 3513 5380 promptus
3554 5307 3627 5363 ad

1977 5395 2432 5466 aequivocationes
2459 5400 2511 5450 et
2531 5393 2787 5466 fallacias
2831 5396 3244 5463 construenda,
3301 5397 3473 5450 alium
3518 5395 3628 5450 sibi

1979 5499 2205 5557 scopum
2230 5485 2530 5556 praposuit,
2552 5488 2768 5556 prth
2790 5486 2952 5541 illum
2975 5501 3132 5559 quem
3151 5480 3411 5539 catholici
3419 5485 3624 5550 cuncti,

1982 5581 2033 5630 et
2059 5573 2353 5646 praecipue
2386 5587 2504 5628 sua:
2532 5574 2711 5642 gentis
2740 5573 2987 5630 homines
3012 5571 3346 5639 habuerunt,
3376 5570 3439 5624 in
3464 5569 3628 5639 ador-3
