3914 6232
340 276 413 340 91
755 276 1354 345 SCHCEOEMANNI
1399 277 1721 344 NOTI'I‘IA
1764 277 2704 344 HISTORICO-LITTERARIA
2740 278 2824 341 ΙΝ
2868 278 2933 341 S.
2980 273 3326 341 LEONEM.
3672 278 3763 339 92

336 412 540 473 nandis
563 413 1005 490 castigandisque
1024 416 1265 474 veterum
1290 418 1337 472 P
1363 414 1428 471 P.
1459 409 1848 472 voluminibus.
1866 412 1985 486 Ipse
2010 415 2068 483 Α
2093 411 2251 473 dium
2278 411 2584 473 adhibitum
2613 410 2679 472 in
2709 411 3091 487 exaggeranda
3116 426 3220 470 sua
3248 426 3379 484 erga
3408 406 3463 468 S.
3514 410 3767 468 Leonem

336 521 574 579 namque
601 505 922 579 quandoque
938 506 1176 563 clariora
1204 507 1382 561 sancti
1421 503 1698 577 pontiﬁcis
1740 503 1856 558 loca
1887 502 1984 558 ob-
2097 512 2151 561 et
2176 503 2719 578 apostolicamsedem
2731 502 3012 561 devotione
3031 503 3313 575 animique
3330 503 3556 573 pietate,
3580 517 3768 574 quam

337 592 1821 668 scuris,mquivocis,falsisqueannohztionibusfwdavit
1838 609 1851 659 ;
1868 592 1987 647 alia
2096 596 2289 650 testari
2315 610 2370 650 se
2396 595 2626 650 simulat
2653 601 2847 650 ornata
2874 593 3109 665 quadam
3139 593 3385 648 oratione
3403 592 3489 646 vel
3504 592 3567 646 in
3583 590 3765 663 hujus

338 684 408 740 ad
418 684 915 756 prorsusviolentas
929 682 1638 754 interpretationesdetorsit
1655 698 1677 743 ;
1700 682 1987 738 veritatem
2096 683 2283 739 laudes
2329 682 2684 749 excurrendo,
2729 683 2813 738 vel
2869 683 3112 738 Leonina
3137 685 3286 753 gesta
3315 684 3478 753 atque
3531 684 3765 736 statuta

337 774 580 845 fallaciis
609 773 863 836 occuluit,
897 773 1179 843 oppressit,
1210 778 1370 842 atque
1393 777 1654 842 perpetuo
1709 774 1985 842 praetextu
2092 789 2218 829 cum
2247 773 2485 828 aliorum
2512 774 2883 843 episcoporum
2902 772 3173 836 doctrina,
3200 772 3426 842 pietate,
3475 769 3764 840 religione

337 863 685 935 antiquitatis
706 860 1055 933 inquirenda:
1083 868 1134 916 et
1162 859 1514 916 illustranda:
1568 875 1633 915 ea
1687 862 1987 930 systemata
2091 862 2520 918 clarissimorum
2552 861 2803 932 operibus
2830 860 2997 917 simul
3025 858 3411 931 comparando,
3442 859 3527 914 vel
3548 860 3611 913 in
3640 874 3765 914 me-

2091 950 2246 1005 dium
2272 951 2497 1005 interim
2541 948 2854 1004 adducenda
2904 947 3272 1021 quarumdam
3312 946 3763 1020 particularium

2090 1038 2424 1112 synodorum
2452 1038 2695 1108 regulas,
2727 1052 2853 1108 qua?
2868 1042 2999 1093 ante
3011 1038 3204 1092 Leonis
3227 1050 3409 1093 aevum
3426 1035 3637 1091 alicubi
3651 1036 3758 1091 ob-

2092 1126 2599 1198 tinuerunt,quibus
2625 1126 2838 1182 subesse
2865 1130 2918 1181 et
2949 1126 3199 1181 insistere
3214 1139 3488 1180 summum
3511 1121 3757 1196 pontiﬁ-

2089 1233 2204 1272 cem
2230 1217 2476 1273 debuisse
2496 1219 2790 1273 asseverat.
2826 1214 2967 1282 Quid
2993 1215 3143 1270 enim
3161 1216 3186 1268 .9
3214 1211 3522 1285 Aliquando
3550 1212 3755 1279 talem,

2091 1310 2411 1376 tantumque
2433 1304 2758 1361 eruditionis
2785 1311 3116 1376 apparatum
3145 1302 3215 1358 ad
3242 1317 3367 1358 suos
3397 1303 3622 1357 lectores
3650 1301 3755 1358 de-

333 1393 520 1449 Alium
544 1393 768 1448 interim
794 1395 977 1448 tamen
996 1408 1052 1448 se
1068 1408 1181 1450 esse
1199 1393 1502 1449 simulavit.
1539 1390 1983 1462 Quandoquidem
2089 1394 2357 1453 lectandos
2399 1394 2723 1457 construxit,
2753 1393 2959 1448 sensim
3011 1406 3211 1462 susque
3258 1390 3428 1462 deque
3485 1391 3757 1461 antiquas

334 1483 399 1537 in
424 1482 542 1536 suis
572 1479 870 1541 scribendis
900 1480 1175 1555 operibus,
1203 1488 1255 1537 et
1281 1482 1344 1536 in
1371 1481 1630 1536 Leoninis
1647 1479 1983 1536 adornandis
2055 1543 2065 1555 _
2088 1484 2343 1540 Ecclesiae
2371 1498 2456 1539 res
2484 1483 2662 1549 vertit,
2681 1481 3043 1554 perturbavit,
3065 1480 3305 1548 miscuit,
3331 1482 3392 1535 ut
3419 1494 3491 1537 ne
3508 1480 3606 1535 vix
3620 1480 3754 1551 qui-

335 1571 575 1643 scriptis,
608 1570 783 1627 multo
797 1570 1094 1641 artiﬁcioso
1113 1578 1312 1629 conatu
1338 1577 1575 1640 ususest,
1596 1571 1977 1640 reverentiam,
2086 1573 2211 1630 dem
2240 1578 2541 1644 appareant
2568 1571 2745 1626 illicia
2764 1570 2962 1642 quibus
2990 1585 3122 1626 usus
3150 1568 3307 1625 estad
3329 1584 3507 1640 prava
3529 1584 3635 1624 sua
3649 1583 3753 1640 sy-

326 1661 612 1733 pietatem,
642 1659 956 1731 cultumque
983 1674 1112 1730 erga
1142 1660 1407 1717 Romanos
1424 1660 1706 1732 pontifices
1741 1663 1792 1714 et
1845 1674 1980 1731 apo-
2080 1663 2317 1733 Qtemata
2364 1658 2708 1719 insinuanda
2750 1663 2912 1730 atque
2935 1657 3209 1731 ﬁrmanda
3226 1674 3249 1719 ,ο
3266 1656 3379 1713 sibi
3410 1658 3553 1727 forte
3585 1657 3754 1712 blan-

330 1746 585 1852 stolicam
604 1747 785 1852 sedem
813 1747 1139 1848 affectando,
1181 1751 1244 1848 ut
1275 1749 1525 1805 incautos
1578 1747 1867 1852 deciperet,
1924 1749 1980 1852 et
2012 1787 2057 1852 Β
2085 1750 2303 1852 diendo,
2329 1767 2390 1806 in
2417 1750 2591 1850 sacris
2617 1752 2669 1804 ct
2698 1748 3081 1852 ecclesiasticis
3124 1748 3313 1852 rebus"
3329 1744 3754 1852 pertractanda

331 1838 530 1895 occulti
561 1836 731 1893 hostis
777 1852 945 1909 quam
998 1837 1302 1908 saepissime
1354 1844 1539 1908 partes
1578 1835 1808 1906 agendo,
1863 1839 1983 1906 post
2012 1833 2057 1852 "
2088 1840 2373 1896 hominum
2395 1840 2638 1911 ingenia,
2668 1845 2721 1894 et
2747 1837 2969 1894 dicendi
2996 1844 3116 1893 arte
3132 1840 3185 1892 et
3194 1833 3586 1909 philosophicis
3613 1850 3753 1890 con-

329 1926 676 1999 splendidum
696 1925 987 1983 verborum
1003 1929 1356 1998 apparatum,
1372 1924 1498 1981 illas
1509 1940 1712 1980 veneno
1731 1939 1981 1996 aspersas
2076 1930 2313 2001 jecturis
2324 1929 2508 2001 potius
2527 1942 2693 1998 quam
2704 1942 2889 1982 rerum
2906 1927 3135 1982 veritate
3146 1929 3198 1981 et
3212 1926 3489 1981 rationum
3504 1923 3756 1997 pondere

326 2016 724 2089 propositiones
754 2021 983 2083 eructat,
1014 2028 1139 2085 quae
1157 2029 1383 2070 erronea
1405 2021 1457 2069 et
1486 2015 1546 2069 in
1572 2014 1825 2070 omnibus
1843 2028 1981 2069 com-
2080 2018 2406 2091 persuaderi
2426 2032 2601 2089 posse.
2627 2016 2816 2085 Qualis
2843 2019 3033 2072 autem
3052 2017 3364 2086 quantaque
3419 2010 3749 2085 diligentia,

329 2105 584 2162 mentitia
608 2103 725 2176 ejus
753 2102 1201 2176 systemata/also
1229 2101 1416 2175 aliquo
1440 2104 1691 2157 veritatis
1709 2102 1981 2159 colorein-
2084 2116 2139 2164 ει
2159 2109 2339 2164 animi
2364 2106 2607 2173 attentio,
2639 2120 2711 2160 ne
2729 2104 3021 2176 deciperer,
3053 2101 3362 2158 adhibenda
3386 2100 3532 2157 mihi
3567 2102 3751 2173 fuerit
3836 2169 3845 2179 η

332 2192 499 2251 duere
521 2208 673 2266 posse
701 2192 1052 2248 arbitrantur
1082 2194 1181 2261 (a).
2086 2198 2149 2253 in
2172 2194 2545 2269 percurrentia
2578 2195 2679 2250 hoc
2696 2194 2932 2267 aliisque
2944 2192 3223 2262 Quesneui
3239 2190 3750 2257 dissertationibus,
3824 2187 3841 2209 ·’

404 2283 466 2339 In
496 2280 606 2339 huc
622 2297 759 2355 ergo
781 2296 975 2339 rerum
988 2280 1321 2336 conditione
1333 2296 1467 2337 eum
1488 2279 1696 2354 ingens
1710 2278 1979 2337 laborum
2084 2300 2242 2343 nemo
2267 2285 2438 2355 facile
2452 2283 2655 2356 poterit
2684 2281 3145 2351 intelligere,nisi
3174 2281 3220 2336 ii
3241 2282 3382 2352 forte
3412 2280 3512 2350 qui
3538 2279 3601 2334 in
3619 2294 3755 2335 con-

332 2388 483 2429 onns
497 2369 763 2428 humeris
779 2369 904 2426 suis
917 2369 1262 2442 impositum
1275 2368 1655 2438 existimaret,
1669 2385 1805 2425 cum
1818 2371 1977 2425 textu
2084 2374 2295 2432 scribes:
2303 2372 2387 2429 dis
2395 2371 2783 2429 eruditissimis
2799 2370 3239 2435 Commentariis,
3253 2367 3325 2424 ad
3344 2368 3749 2424 ecclesiasticas

331 2478 366 2516 a
388 2457 554 2517 falsis
583 2463 641 2516 et
660 2456 1315 2531 corruptislectionibus
1335 2458 1639 2531 purgando
1676 2463 1733 2514 et
1769 2458 1841 2514 ad
1860 2456 1978 2531 pri-
2083 2479 2171 2520 res
2188 2461 2611 2536 pertinentibus,
2657 2475 2746 2517 me
2796 2461 3215 2531 praecesserunt.
3272 2455 3751 2526 Quemadmodum

2082 2553 2379 2609 novissime
2403 2552 2610 2624 factum
2618 2550 2836 2621 fuissea
2864 2547 2934 2602 cl.
2950 2548 3287 2604 viroloanne
3307 2546 3550 2602 Antonio
3571 2548 3751 2601 Bian-

2084 2642 2265 2699 chinii
2290 2646 2497 2696 norunt
2524 2640 2622 2712 qui
2647 2636 2892 2709 ejusdem
2917 2652 3015 2692 sex
3043 2637 3327 2693 volumina
3363 2634 3433 2691 de
3488 2636 3750 2692 Ecclesiae

2077 2734 2342 2803 potestate
2350 2729 2721 2786 aestimarunt.
2738 2728 2789 2782 Is
2800 2727 2947 2782 enim
2974 2726 3031 2780 in
3056 2724 3443 2796 familiaribus
3454 2724 3752 2797 colloquiis

2082 2821 2230 2877 inter
2255 2834 2353 2876 nos
2364 2816 2586 2886 habitis,
2603 2831 2713 2872 non
2722 2815 2891 2872 semel
2912 2818 3131 2870 testatus
3151 2816 3231 2870 est
3242 2813 3421 2870 alium
3437 2828 3752 2887 numquam

2082 2914 2406 2982 scriptorem
2434 2906 2624 2978 legisse
2652 2906 2750 2977 qui
2772 2908 2848 2960 tot
2884 2902 3334 2959 simulationibus
3388 2910 3442 2958 et
3478 2902 3747 2973 artiﬁciis

336 2996 622 3053 Vocatione
646 2993 911 3065 gentium,
958 2993 1304 3065 auctoritates
1354 2992 1494 3048 sedis
1547 2994 1859 3065 apostolicae
1913 2993 1978 3049 de
2082 3000 2327 3054 uteretur
2352 3002 2555 3068 praeter
2585 2993 2974 3062 Quesnellium.
2998 2992 3207 3064 Quippe
3221 2993 3457 3063 quicum
3477 2991 3747 3063 aliquan-

334 3083 543 3149 Gratia,
575 3085 627 3139 et
654 3082 952 3154 Epistolam
980 3080 1051 3136 ad
1074 3080 1487 3149 Demetriadem,
1529 3080 1671 3138 item
1731 3080 1978 3138 Codicem
2018 3157 2045 3159 Γ
2081 3085 2149 3143 do
2171 3102 2227 3143 se
2250 3085 2418 3159 facile
2439 3083 2741 3157 perstringi
2759 3084 2810 3138 et
2829 3081 3091 3153 jugutari
3110 3096 3267 3152 posse
3291 3082 3581 3152 persensit,
3615 3084 3737 3135 sta-

333 3172 617 3229 Canonum
648 3171 902 3228 Ecclesia:
931 3168 1208 3241 Romanae)
1249 3168 1608 3227 eliminando
1632 3187 1646 3239 ;
1682 3186 1872 3243 neque
1892 3173 1974 3227 ta-
2002 3157 2048 3226 Β
2086 3176 2188 3232 tim
2213 3157 2375 3247 quasi
2402 3173 2602 3243 anguis
2630 3170 2889 3237 elibatur,
2913 3176 2966 3226 et
2992 3186 3062 3225 est
3088 3186 3201 3225 una
3219 3168 3292 3225 ad
3311 3169 3428 3225 alia
3448 3169 3535 3225 vel
3552 3170 3749 3242 plures

333 3278 467 3319 men
480 3258 648 3334 plene
661 3276 724 3317 se
744 3264 1198 3317 consecuturum
1220 3263 1479 3332 speraret
1503 3258 1659 3331 quod
1683 3258 1974 3332 cupiebat,
2081 3264 2410 3338 questiones
2434 3260 2804 3333 progrediens,
2828 3275 2959 3315 vera
2985 3259 3210 3315 incertis
3241 3262 3295 3314 et
3315 3259 3616 3331 mquivocis
3645 3259 3749 3314 ad-

330 3366 544 3424 nempe
564 3353 631 3407 ut
654 3365 861 3406 omnes
886 3347 1180 3415 Quesnelli
1200 3351 1513 3404 venenatos
1532 3346 1762 3405 aculeos
1784 3351 1976 3405 retun-
2084 3354 2342 3419 miscuit,-
2373 3359 2425 3407 et
2449 3366 2644 3407 rursus
2661 3349 2806 3421 falsa
2832 3356 2885 3404 et
2914 3363 3144 3405 erronea
3162 3346 3344 3404 dubiis
3364 3349 3417 3403 et
3431 3347 3745 3419 probabili-

331 3440 512 3508 deret,
536 3454 788 3511 quorum
809 3436 1096 3509 plurimos
1115 3439 1173 3491 et
1187 3435 1567 3510 gravissimos
1588 3435 1648 3491 in
1687 3436 1815 3507 ejus
1851 3436 1943 3492 dis
1961 3466 1973 3474 -
2087 3442 2186 3498 bus
2209 3440 2483 3496 interserit
2512 3442 2565 3494 et
2591 3437 2861 3511 implicat,
2893 3444 2954 3493 ut
2980 3437 3052 3494 ad
3071 3437 3184 3495 sibi
3197 3436 3499 3509 praeﬁxum
3517 3452 3745 3509 scopum

333 3526 734 3584 sertationede
766 3526 886 3582 Vita
904 3532 958 3580 et
1003 3524 1175 3581 Rebus
1210 3524 1377 3596 gestis
1414 3526 1610 3581 Leonis
1644 3528 1725 3581 Μ.
1767 3541 1971 3598 super-
2079 3530 2383 3605 perveniat.
2412 3529 2532 3585 Non
2560 3528 2736 3598 igitur
2754 3526 2826 3582 ad
2852 3524 3199 3583 eliminanda
3236 3526 3417 3582 solum
3457 3542 3489 3581 e
3543 3526 3745 3582 Leonis

333 3631 464 3673 esse
482 3614 594 3671 sibi
621 3616 991 3686 persuaserat
1024 3629 1037 3680 ;
1062 3611 1178 3668 huc
1200 3610 1521 3684 praesertim
1560 3612 1978 3670 selectissimas
2086 3619 2347 3693 Operibus
2375 3619 2449 3674 tot
2471 3620 2797 3683 commenta,
2828 3616 3086 3688 fallacias
3115 3621 3277 3688 atque
3304 3630 3505 3685 nugas,
3555 3621 3610 3670 et
3668 3613 3741 3669 ad

336 3702 614 3761 doctrinae
636 3719 753 3759 suae
769 3700 965 3774 copias
989 3703 1319 3757 convertere
1336 3704 1393 3758 et
1410 3699 1629 3773 ingenii
1650 3703 1844 3760 nervis
1887 3704 1976 3759 in-
2084 3706 2376 3766 asserenda
2401 3706 2516 3763 sedi
2538 3705 2851 3777 apostolicae
2879 3720 2983 3760 sua
3012 3705 3264 3774 legitima
3293 3704 3434 3776 jura
3482 3703 3746 3775 sufficere

333 3790 681 3850 tentissimis
703 3793 907 3847 contra
922 3789 1117 3862 ipsum
1136 3788 1193 3844 in
1216 3788 1324 3845 hoc
1336 3790 1803 3848 exercitatiorum
1826 3810 1980 3850 cam-
2079 3800 2295 3873 poterat
2308 3796 2537 3853 illorum
2556 3797 2767 3852 tendum
2780 3792 2996 3849 nudum
3014 3796 3069 3849 et
3080 3793 3359 3849 sincerum
3378 3791 3744 3865 umlequaque

340 3898 414 3954 po
454 3879 774 3952 deprzeliari
814 3878 1085 3935 decrevit.
1119 3878 1227 3935 Sed
1261 3878 1608 3952 audiipsum
1636 3885 1822 3939 :Inter
1850 3884 1980 3941 illas
2085 3888 2153 3943 ab
2182 3885 2433 3943 omnibus
2460 3882 3008 3955 mendis,a2quivocis
3038 3882 3258 3954 etfalsis
3276 3882 3746 3953 interpretationi-

335 3971 743 4028 dissertationes
769 3972 953 4042 fucato
979 3968 1158 4025 colore
1188 3961 1901 4041 ecclesiasticaetraditionis
1929 3978 1982 4030 et
2088 3975 2184 4032 bus
2222 3980 2585 4046 expurgatum
2636 3970 2912 4039 exhibere,
2972 3986 3165 4027 verum
3217 3985 3353 4044 opus
3408 3978 3528 4026 erat
3587 3969 3740 4026 ordi-

335 4054 595 4118 Leoninae
617 4058 880 4115 doctrinm
907 4055 1273 4121 illnstrandze,
1306 4074 1340 4113 a
1360 4058 1649 4114 vachasio
1694 4059 1981 4127 Quesnello
2085 4069 2221 4122 nata
2237 4062 2486 4120 methodo
2501 4061 2766 4133 quasdam
2792 4061 3209 4117 exercitationes
3235 4060 3596 4127 conscribere,
3618 4061 3744 4132 qui-

334 4150 685 4222 conscriptas,
714 4147 1020 4219 principem
1047 4145 1227 4203 locum
1254 4145 1413 4202 habet
1451 4147 1589 4203 illa:
1642 4148 1721 4204 De
1757 4149 1888 4207 Vita
1924 4155 1982 4208 et
2091 4156 2188 4211 bus
2216 4151 2364 4209 haud
2390 4150 2645 4221 exiguem
2701 4149 2888 4205 lumen
2940 4149 3135 4205 Leonis
3181 4149 3367 4218 gestis,
3426 4147 3746 4219 apostolicae

338 4239 532 4296 Rebus
552 4236 733 4311 gestis
756 4237 814 4292 S.
844 4234 1055 4292 Leonis
1076 4234 1292 4309 Magni.
1318 4234 1501 4292 Multis
1518 4235 1812 4308 fraudibus
1830 4241 1983 4296 enim
2085 4241 2227 4299 sedis
2245 4239 2469 4313 juribus
2496 4245 2548 4295 et
2575 4238 2960 4295 ecclesiasticae
2979 4236 3264 4309 regiminis
3285 4238 3545 4309 formwet
3557 4237 3749 4293 ordini

337 4329 516 4398 magis
548 4331 711 4398 atque
737 4326 1055 4382 commentis
1077 4330 1245 4381 totam
1271 4325 1411 4380 hanc
1447 4324 1887 4385 dissertationem
1932 4338 1986 4387 et
2092 4330 2293 4405 afferri
2314 4344 2615 4401 possemus.

337 4420 562 4474 caeteras
590 4416 972 4486 subsequente:
991 4431 1105 4473 esse
1124 4418 1372 4486 refertas,
1396 4415 1493 4471 via:
1522 4416 1832 4486 intelligere
1883 4435 1981 4491 po-
2160 4416 2788 4475 Scilicetenarrandam
2801 4414 2915 4472 sibi
2928 4414 3398 4489 sumpsitearum
3427 4414 3746 4472 haeresium

340 4506 583 4570 tuissem,
614 4504 665 4565 si
692 4505 753 4559 in
780 4503 898 4559 illis
913 4503 1300 4575 percurrendis
1318 4518 1533 4575 semper
1550 4503 1620 4558 ad
1649 4505 1831 4577 ipsum
1861 4511 1988 4565 Leo-
2011 4525 2060 4591 Β
2087 4506 2178 4566 vel
2209 4504 2635 4579 praeoipuarum
2667 4507 2820 4560 certe
2849 4502 3178 4572 historiam,
3214 4518 3341 4577 qua
3358 4512 3604 4576 tempore
3641 4519 3747 4576 quo

339 4595 537 4648 ninum
560 4594 770 4649 textum
796 4607 908 4648 non
926 4606 1319 4663 provocassem,
1366 4594 1427 4646 ut
1455 4607 1643 4648 rerum
1697 4596 1985 4653 veritatem
2092 4597 2147 4653 S.
2180 4597 2282 4653 Leo
2308 4594 2381 4651 ad
2406 4609 2683 4650 summum
2704 4593 3084 4665 pontiﬁcatum
3121 4594 3231 4664 fuit
3285 4601 3622 4665 assumptus,
3672 4591 3744 4649 ad

341 4681 683 4754 inspicerem.
716 4681 781 4735 At
810 4695 937 4734 cum
963 4683 1112 4736 tanto
1141 4679 1376 4749 artiﬁcio
1406 4679 1523 4749 ipse
1550 4682 1637 4737 uti
1676 4683 1864 4754 soleat,
1923 4692 1984 4743 ut
2088 4687 2222 4744 vitae
2246 4683 2420 4757 ipsius
2438 4683 2651 4739 exitum
2676 4697 2847 4752 usque
2872 4681 3161 4739 catholicae
3174 4682 3434 4754 religioni
3458 4682 3578 4737 vim
3596 4682 3748 4737 intu-

339 4771 543 4827 sensim
573 4770 798 4826 lectores
824 4768 993 4823 etiam
1012 4767 1207 4839 probos
1232 4770 1282 4822 et
1310 4768 1537 4840 optimos
1554 4771 1611 4824 in
1629 4786 1835 4843 pravas
1848 4791 1980 4832 suas
2094 4777 2297 4844 lerunt,
2327 4779 2381 4829 et
2407 4770 2751 4829 Occidentem
2761 4773 2921 4843 atque
2938 4770 3213 4828 Orientem
3233 4772 3593 4843 infestarunt.
3611 4772 3748 4827 Pro-

342 4860 560 4929 opiones
583 4857 902 4929 pertrahere
925 4858 1118 4928 possit,
1158 4856 1358 4927 hosque
1412 4857 1605 4913 multis
1640 4862 1985 4933 prwjudiciis
2085 4860 2530 4937 pterea,inquit,
2565 4865 2628 4915 ut
2657 4873 2885 4914 suorum
2898 4875 3193 4923 munerum
3206 4868 3392 4933 partes
3410 4860 3750 4932 impleret,et

342 4944 605 5018 imbuere,
633 4945 939 5019 plurimum
965 4943 1110 5000 mihi
1136 4943 1497 5001 laborandum
1523 4948 1702 5019 fuisse
1743 4968 1988 5023 presens
2096 4950 2480 5009 Christianam
2503 4947 2667 5020 ﬁdem
2693 4948 3013 5019 custodiret,
3043 4964 3204 5007 omne
3226 4947 3564 5007 studtumac
3591 4948 3748 5005 labo-

335 952 537 1006 sensim
547 954 597 1006 et
609 949 960 1021 ubiquestabi
963 950 1005 1005 li
1009 966 1066 1005 re
1102 946 1316 1019 sategit,
1332 963 1458 1020 quae
1468 949 1987 1019 Wetworttmpar-

334 1041 481 1095 tibus
489 1042 694 1111 favent,
729 1043 779 1095 et
797 1054 974 1096 sacrae
991 1039 1375 1094 ecclesiasticae
1395 1035 1728 1093 hierarchiaz
1739 1037 1986 1104 regimen

334 1128 599 1201 dejiciunt
616 1145 638 1190 ,'
665 1143 802 1199 pene
830 1127 1151 1201 quandoque
1171 1129 1341 1182 etiam
1369 1126 1592 1192 abolita,
1641 1131 1739 1180 aut
1789 1124 1985 1180 saltem

336 1218 636 1273 imminuta
664 1218 1030 1272 Romanorum
1044 1216 1368 1287 pontiﬁcum
1395 1230 1523 1269 vera
1544 1216 1596 1269 et
1616 1213 1864 1283 legitima
1885 1214 1982 1285 ju-

335 1305 649 1361 risdictione
676 1320 843 1376 super
863 1319 1046 1360 omnes
1076 1304 1225 1360 alias
1236 1304 1707 1370 Ecclesias,etiam
1722 1302 1979 1359 Orientis.

332 2550 548 2607 stinam
574 2548 964 2623 integritatem
1005 2548 1387 2616 restituendo,
1411 2547 1469 2604 id
1506 2548 1664 2621 quod
1697 2565 1979 2623 synopses

332 2637 896 2704 etiamaQuesnello
911 2637 1175 2694 studiose
1210 2640 1521 2694 temeratus
1561 2637 1858 2711 postulare
1893 2637 1978 2694 af-

331 2728 555 2796 firmat;
577 2731 704 2782 tum
725 2726 989 2798 augendo
1010 2725 1209 2799 aliqua
1218 2725 1609 2800 genuinorum
1632 2742 1873 2799 operum
1891 2742 1979 2782 ao-

331 2816 592 2874 cessione
603 2831 788 2888 eaque
817 2831 945 2888 quae
966 2830 1083 2871 non
1104 2813 1221 2871 nisi
1241 2831 1420 2887 prava
1440 2819 1497 2871 et
1516 2814 1767 2871 subdola
1808 2831 1977 2872 men-

330 2909 390 2963 te
411 2904 568 2963 abeo
600 2902 875 2961 Leoninis
914 2903 1137 2960 inserta
1172 2907 1329 2960 esset
1356 2902 1657 2977 (intelligit
1692 2903 1876 2960 libros
1911 2904 1979 2960 de

345 5032 444 5091 hoc
470 5049 602 5107 opus
632 5033 918 5090 indicabit.
947 5035 1049 5091 Via:
1076 5034 1226 5089 enim
1272 5048 1534 5090 enarrare
1580 5051 1819 5108 possum,
1869 5048 1986 5098 stu-

418 5207 494 5280 (a)
516 5208 579 5285 I_n
603 5210 939 5285 praefatione
950 5210 1094 5285 ipsis
1107 5209 1395 5285 Operibus
1412 5227 1585 5285 praem
1596 5212 1712 5269 isse
1723 5219 1989 5277 eamdem

348 5280 645 5353 querelam
673 5281 756 5338 sic
777 5284 941 5339 eﬂ‘ert
962 5280 993 5340 :—
1004 5280 1232 5338 Tantum
1242 5281 1388 5338 abest
1412 5280 1806 5351 thuesnellus
1821 5292 1987 5348 eccle-

344 5353 584 5437 sigstjcfz
603 5354 971 5437 et‘litterariw
981 5354 1305 5437 reipublicw
1329 5353 1437 5435 bsic
1460 5355 1727 5437 beneﬁcia
1745 5364 1988 5437 consule-

455 5426 546 5493 (ut
573 5423 807 5507 scilicet"
825 5425 1032 5483 Leonis
1049 5423 1280 5507 scriptis
1299 5423 1712 5507 primigeniaAm
1754 5431 1987 5507 integri-

347 5499 529 5572 tatem
568 5501 626 5551 et
661 5496 940 5572 nitorem,
978 5496 1503 5572 quemadmodum'
1528 5499 1828 5568 professus
1875 5496 1986 5572 Est,

350 5566 697 5642 redonaret).
721 5573 783 5625 ut
814 5566 1201 5647 ipsum'potius
1238 5571 1447 5625 textum
1503 5566 1872 5644 compluribus
1929 5566 1989 5633 in

2093 5057 2211 5098 rem
2238 5054 2364 5096 eum
2392 5036 2706 5109 impendere
2732 5039 2973 5110 oportuit
3002 5038 3072 5094 ad
3100 5038 3370 5109 sedandos
3416 5038 3749 5099 siccissimas

2098 5219 2229 5276 locis
2256 5215 2483 5289 gravius
2511 5214 2905 5289 vutngeraverit,
2923 5218 2985 5273 in
2997 5217 3125 5272 aliis
3144 5215 3217 5272 ad
3246 5215 3751 5289 violentasgmnino

2098 5278 2569 5416 int’fjretationes
2620 5278 2944 5369 distorserit,
2993 5291 3049 5371 et
3078 5288 3138 5342 in
3183 5284 3470 5371 nonnullis
3516 5278 3753 5369 denique

2098 5380 2163 5416 eu
2259 5376 2345 5415 em
2373 5372 2560 5412 minus
2584 5356 2849 5413 catholtce
2878 5360 3244 5416 explicavertt
3263 5375 3283 5416 :
3315 5365 3394 5414 ita
3420 5366 3484 5413 ut
3499 5362 3749 5416 eiusstu-

2097 5356 2345 5420 eumdem
2366 5359 2560 5430 minus
2584 5356 2849 5430 catholice
2878 5359 3283 5430 explicaverit;
3315 5361 3394 5414 ita
3420 5366 3484 5413 ut
3499 5359 3620 5430 ejus
3636 5356 3749 5413 stu-

2096 5434 2191 5488 dia
2219 5438 2272 5487 et
2297 5429 2507 5501 labores
2538 5426 2772 5485 nonnisi
2803 5429 2866 5485 in
2887 5426 2959 5485 Sf
2981 5429 3190 5486 Leonis
3219 5426 3537 5501 injuriamf
3573 5430 3754 5485 Eccle-

2096 5507 2197 5561 siae
2222 5500 2654 5573 'catholicsepern
2662 5501 2884 5573 iciemet
2894 5503 2953 5555 in
2972 5500 3402 5559 acatholicorum
3416 5501 3752 5573 praesidium

2097 5580 2259 5649 atque
2287 5570 2532 5645 favorem
2560 5570 3002 5629 redundaverint.
