3914 6232
102 312 165 374 93
485 289 1120 380 SGHOENAMANNI
1159 313 1483 378 NOTITIA
1525 309 2464 382 HlSTORICO-LITTERARIA
2506 317 2586 382 IN
2629 319 2694 384 S.
2737 320 3083 387 LEONEM.
3427 323 3506 387 94

109 449 418 520 tempestates
449 462 574 520 quae
589 448 880 506 diabolica
896 452 1082 522 furore
1099 449 1460 507 debacchante
1479 449 1607 521 ﬁdei
1635 449 1749 504 exi—
1774 447 1833 514 Α
1861 447 2036 504 etiam
2050 450 2120 505 ad
2136 456 2444 509 consuetas
2459 456 2514 509 et
2525 454 2666 510 satis
2681 455 2999 513 familiares
3014 457 3199 513 sancti
3213 457 3505 530 pontiﬁcis

108 539 232 592 tium
263 539 664 609 promovebant,
699 539 917 597 Christi
933 543 1226 610 imperium
1245 545 1296 595 et
1316 541 1614 596 Romanam
1651 540 1748 593 Ec-

109 627 318 682 clesium
347 627 632 693 vexabant,
659 627 728 684 de
759 630 960 701 quibus
988 631 1234 685 omnibus
1252 645 1344 685 eas
1366 631 1618 684 victorias
1638 630 1751 699 ipse

107 733 338 769 summus
360 718 610 788 pontifex
629 721 1099 790 reportavit,un
1136 719 1259 774 divo
1281 721 1440 774 Petro
1482 719 1752 789 hujusque

106 807 486 860 successoribus
510 805 762 860 Christus
782 808 1042 862 Dominus
1069 809 1129 862 in
1160 808 1456 879 Scripturis
1484 808 1750 878 promise-

106 901 210 947 rat.
243 893 421 964 Igitur
448 894 681 949 duobus
712 894 883 950 libris
912 896 976 951 de
1023 897 1470 967 Manichaeorum,
1505 912 1622 951 uno
1681 896 1751 951 de

101 982 676 1050 Prim'llianistarum,
699 983 851 1039 libro
882 1001 998 1040 uno
1029 985 1450 1064 (ie-Pelagiana,
1486 984 1752 1040 librisiti-

103 1071 235 1125 dem
262 1071 487 1126 duobus
509 1071 575 1127 de
603 1074 949 1144 Eutychiana
971 1073 1174 1130 haeresi
1197 1078 1254 1129 et
1274 1074 1540 1141 historia,
1565 1074 1753 1146 copio-

97 1176 228 1215 sum
255 1160 882 1218 sermoneminstituit.
912 1164 991 1218 Ac
1004 1163 1419 1220 Manichmismi
1445 1162 1760 1218 historiam

96 1247 165 1301 ab
186 1264 296 1303 ovo
328 1249 462 1303 inde
489 1254 791 1320 pertexere
829 1251 1022 1321 coepit,
1048 1252 1293 1308 fortasse
1325 1269 1440 1308 non
1473 1269 1541 1307 ex
1564 1251 1752 1324 primo

100 1336 751 1410 consilio.Etenimjam
775 1339 1114 1396 absolutum
1147 1340 1258 1397 sibi
1289 1341 1469 1397 fuisse
1486 1341 1594 1397 hoc
1612 1358 1754 1414 pen-

93 1442 223 1480 sum
261 1425 632 1494 scribit,cum
657 1428 730 1483 ab
756 1429 945 1484 amico
970 1431 1250 1498 monitus,
1272 1429 1552 1486 Belsobrii
1584 1429 1750 1485 libel-

92 1513 217 1568 lum
240 1514 302 1570 in
327 1532 536 1571 manus
553 1523 819 1572 sumeret
841 1516 1135 1590 telamque
1148 1519 1276 1589 jam
1293 1521 1631 1591 praetextam
1654 1520 1752 1574 de-

93 1619 208 1658 nuo
227 1603 341 1658 sibi
365 1605 800 1660 retractandam
831 1605 1346 1678 esseintelligeret.
1382 1607 1527 1662 Hinc
1557 1607 1752 1662 Belso-

93 1691 285 1747 brium
306 1693 497 1765 magis
510 1711 691 1765 quam
709 1693 1090 1759 Quesnellum
1111 1695 1168 1750 in
1191 1695 1463 1752 bislibris
1476 1695 1750 1752 debellat.

91 1778 304 1835 Contra
329 1780 391 1836 in
419 1779 734 1855 Pelagiana
761 1781 1012 1838 historia
1035 1800 1104 1838 ea
1132 1783 1321 1839 solum
1345 1801 1472 1856 qua:
1502 1785 1752 1880 Leonem
1784 1814 1833 1880 Β

94 1868 449 1942 attingerent
504 1870 810 1942 spectavit,
843 1871 1200 1944 omninoque
1231 1873 1288 1928 in
1323 1872 1574 1946 singulis
1626 1891 1754 1946 quae

96 1957 305 2012 Leonis
333 1962 527 2030 partes
558 1959 647 2016 vel
681 1960 919 2032 scriptis
953 1961 1044 2016 vel
1075 1961 1243 2016 factis
1277 1961 1754 2034 fuerint,insigni

103 2044 160 2100 in
186 2045 315 2102 loco
334 2048 514 2119 ponit.
534 2049 670 2104 Jam
696 2065 830 2104 cum
851 2050 1311 2121 satisingenium
1325 2050 1755 2123 consiliumque

98 2132 207 2191 viri
221 2134 380 2192 hisce
401 2137 828 2209 speciminibus
841 2136 1135 2195 declarata
1146 2156 1274 2195 esse
1288 2156 1435 2209 reor,
1478 2141 1550 2196 ad
1564 2140 1754 2214 ipsam

114 2221 366 2296 Operum
397 2226 606 2282 Leonis
638 2226 956 2283 editionem
988 2228 1450 2300 progrediamur.

178 2402 426 2458 1753-55.
453 2405 632 2460 Horme
661 2403 811 2476 apud
827 2405 1120 2476 Josephum
1144 2405 1370 2472 Collini,
1395 2407 1590 2477 in-fol.
1611 2408 1661 2462 Τ.
1682 2408 1752 2463 II.

117 2491 166 2542 S.
188 2490 388 2547 Leonis
409 2493 604 2566 Magni
626 2509 791 2566 papae
818 2493 990 2565 primi
1014 2491 1200 2566 Opera
1222 2495 1422 2550 omnia
1441 2496 1515 2551 ad
1546 2512 1753 2552 manu-

121 2579 350 2650 scriptos
362 2582 588 2637 codices
604 2582 936 2650 emendata,
953 2583 1115 2640 novis
1140 2585 1541 2641 monumentis
1562 2590 1752 2653 aucta,

124 2668 265 2723 notis
290 2673 344 2724 et
372 2671 880 2727 observationibus
928 2673 1208 2728 adornata
1265 2672 1461 2730 studio
1493 2676 1548 2728 F'
1585 2675 1756 2732 PETRI

126 2755 332 2814 Tuosne
356 2763 639 2829 Caecum,
677 2762 1006 2816 Carmelitae.

186 2845 461 2904 Nimirum
486 2850 602 2906 tria
630 2849 732 2905 illa
753 2866 880 2922 quae
904 2849 964 2904 in
995 2850 1215 2906 editore
1247 2851 1556 2923 requirunt
1572 2853 1756 2909 Balle-

128 2932 438 3008 rinii,juxta
454 2939 635 2995 verba
671 2955 876 2996 eorum
907 2956 1085 3009 supra
1112 2941 1414 3012 producta,
1450 2945 1516 2997 ut
1545 2942 1755 2998 editio-

129 3039 248 3079 nem
277 3032 502 3098 prazstet
533 3027 950 3095 emaculatam,
984 3029 1148 3084 novis
1179 3029 1415 3103 scriptis
1448 3036 1682 3088 auctam
1701 3037 1759 3088 et

127 3109 475 3183 illustratam,
494 3118 832 3172 Caceiarius
854 3117 1155 3190 quoquein
1178 3118 1336 3175 hisce
1357 3119 1757 3178 voluminibus

1856 535 2132 608 loquendi
2164 540 2446 597 formulas
2469 542 2606 598 alibi
2625 560 2930 616 expressas
2949 546 3333 613 attendentes,
3355 564 3508 618 quaa-

1858 626 1994 682 dam
2027 634 2299 701 corrupta
2314 629 2440 685 loca
2459 647 2527 686 ex
2556 631 2770 688 alicubi
2798 634 3056 705 repetitis
3080 635 3505 707 supplevimus,

1859 715 2174 772 admonitis
2206 721 2400 774 tamen
2433 721 2650 776 nostris
2681 720 2994 777 lectoribus
3025 723 3096 778 de
3153 724 3348 779 causis
3379 740 3506 796 quea

1861 804 2070 860 Leonis
2093 806 2745 865 obscuraetdii‘ﬁciliora
2767 812 3033 882 quaedam
3057 829 3228 867 sensa
3246 811 3377 869 aliis
3391 830 3510 867 ma-

1859 891 1948 965 gis
1970 894 2294 965 perspicuis
2317 899 2371 950 et
2397 897 2569 951 certis
2593 915 2699 953 nos
2720 899 3006 954 docebant
3036 905 3298 972 oportere
3330 902 3504 956 inter-

1860 983 2096 1053 pretari.
2114 983 2248 1048 Quae
2261 983 2499 1055 quidem
2515 986 2712 1041 omnia
2725 1004 2840 1042 non
2856 989 3312 1060 magisveritatis
3331 1007 3509 1047 causa

1861 1087 2038 1141 quam
2062 1076 2125 1125 ut
2145 1071 2372 1128 artibus
2396 1074 2713 1129 adversarii
2744 1075 2835 1130 sui
2867 1076 3372 1150 Quesnelli,quam
3402 1097 3505 1134 saa-

1868 1159 2110 1230 pissime
2140 1159 2227 1215 vel
2260 1161 2507 1217 Leonem
2541 1164 2894 1232 accusantis,
2928 1168 3030 1220 aut
3070 1165 3128 1220 in
3169 1167 3507 1239 praasidium

1863 1265 2104 1303 suorum
2119 1252 2476 1305 assertorum
2496 1251 2874 1320 traducentis,
2892 1258 3236 1322 occurreret,
3261 1256 3384 1311 ﬁeri
3417 1257 3510 1311 de-

1862 1336 2060 1392 buisse
2074 1336 2582 1409 significat.Hujus
2595 1339 2768 1395 etiam
2784 1357 2962 1397 causa
2973 1359 3032 1397 se
3046 1346 3313 1400 coactum
3329 1343 3508 1402 fuisse

1861 1425 2311 1491 scribit,textum
2327 1427 2592 1482 codicum
2607 1445 2750 1484 mss.
2767 1429 3032 1487 subsidio
3045 1431 3127 1487 ita
3144 1432 3504 1500 restitutum,

1862 1515 2035 1582 notis,
2064 1515 2565 1572 observationibus
2577 1521 2634 1573 et
2647 1519 3190 1589 praemonitionibus
3203 1522 3508 1590 adornare,

1861 1619 1935 1659 ne
1966 1604 2112 1659 forte
2142 1607 2328 1659 totum
2358 1603 2527 1672 illud,
2561 1611 2850 1678 quantum
2883 1612 3058 1674 esset,
3093 1611 3246 1682 quod
3295 1627 3365 1681 ex
3409 1610 3513 1668 illa
3581 1650 3586 1660 ι

1862 1692 2245 1764 castigatione
2267 1693 2567 1765 provenire
2599 1699 2797 1766 posset
2827 1696 3123 1764 utilitatis,
3147 1702 3249 1754 aut
3277 1700 3510 1771 penitus

1863 1781 2145 1849 interiret,
2161 1786 2262 1836 aut
2278 1781 2481 1837 saltem
2496 1782 2905 1852 occultaretur,
2923 1786 3181 1858 adeoque
3204 1787 3515 1845 nonnullo-

1863 1887 1994 1926 rum
2019 1870 2214 1942 opinio
2246 1871 2318 1925 de
2361 1871 2782 1935 Quesnellianze
2814 1874 3084 1930 editionis
3126 1892 3242 1947 prae
3290 1878 3512 1935 caeteris

1864 1959 2138 2015 omnibus
2159 1960 2493 2032 praestantia
2523 1967 2920 2031 maneret,aut
2935 1963 3112 2019 etiam
3132 1968 3277 2020 nota:
3309 1967 3435 2038 ejus
3457 1971 3514 2023 et

1865 2048 2299 2104 observationes
2332 2053 2560 2105 tantum
2601 2051 2831 2124 pondus
2886 2051 3099 2108 habere
3154 2053 3511 2124 viderentur,

1867 2136 2036 2209 quasi
2058 2155 2090 2192 a
2107 2138 2339 2194 nemine
2361 2139 2431 2194 de
2454 2155 2645 2195 errore
2679 2140 2865 2196 notari
2899 2144 3000 2196 aut
3020 2141 3091 2196 de
3109 2141 3362 2198 falsitate
3383 2161 3513 2220 pos-

1865 2231 1996 2281 sent
2017 2226 2300 2282 convinei.
2327 2250 2352 2277 ‹‹
2376 2228 2623 2284 Necesse
2645 2245 2780 2301 ergo
2799 2228 2926 2296 fuit,
2945 2230 3513 2303 inquit,hisceQues-

1866 2315 2134 2371 nellianis
2188 2317 2340 2372 notis
2373 2321 2429 2372 et
2468 2317 2995 2385 observationibus,
3028 2336 3226 2389 novas,
3258 2322 3513 2379 veriores

1864 2408 2040 2476 atque
2073 2405 2261 2478 magis
2293 2405 2639 2481 sinceriores
2671 2423 2982 2478 opponere,
3018 2425 3233 2481 easque
3264 2427 3380 2466 non
3438 2412 3512 2466 ad

1864 2494 2081 2550 calcem
2107 2494 2286 2565 hujus
2313 2495 2824 2566 nostrivoluminis
2844 2514 3156 2565 reservare,
3174 2503 3238 2554 ut
3257 2501 3514 2572 quando-

1864 2599 1977 2655 que
2004 2583 2108 2637 viri
2156 2582 2299 2638 alias
2322 2583 2646 2640 doctissimi
2672 2584 2952 2651 fecerunt,
2973 2587 3074 2642 sed
3107 2589 3344 2646 easdem
3375 2606 3512 2645 con-

1862 2671 2232 2726 venientibus
2253 2671 2482 2744 sibique
2505 2672 2657 2743 aptis
2679 2671 2822 2728 locis
2843 2674 3215 2743 distribuere,
3240 2681 3304 2732 ut
3334 2676 3513 2734 lector

1866 2759 2092 2814 nullum
2125 2776 2365 2831 prorsus
2396 2758 2654 2815 laborem
2687 2760 2746 2814 in
2778 2761 3106 2819 evolvendis
3131 2762 3262 2818 libri
3281 2765 3512 2838 paginis

1865 2849 2110 2912 subiret,
2125 2849 2193 2904 ad
2207 2847 2667 2920 eaintelligenda
2692 2866 2818 2921 quae
2841 2849 2952 2906 hac
2976 2850 3237 2908 Romana
3257 2852 3512 2911 editione

1865 2942 2068 2994 contra
2079 2935 2550 3004 Quesnellianam
2564 2939 3040 3010 conscripsimus.
3057 2941 3202 3006 Quia
3222 2957 3356 2998 vero
3385 2947 3511 2999 tan-

1864 3028 1997 3083 dem
2019 3029 2109 3095 (ut
2125 3023 2473 3094 diximus)in
2487 3042 2728 3081 suarum
2755 3027 3037 3083 falsarum
3049 3029 3510 3102 propositionum

1867 3114 2566 3189 praesidium,Leoninum
2589 3119 2832 3183 textum,
2875 3133 3180 3190 perperam
3212 3123 3268 3174 et
3295 3120 3512 3176 violen-

125 3200 363 3259 etrecisse
382 3205 492 3261 sibi
519 3205 687 3262 visus
703 3223 769 3261 ac
792 3184 1086 3277 pollicitus
1102 3212 1208 3262 est.
1233 3209 1756 3280 Quippcemacula-
1787 3184 1830 3251 (ἶ
1867 3209 1955 3260 ter
2000 3203 2468 3275 interpretatum,
2497 3203 2783 3260 adducere
2809 3207 3128 3274 consuevit,
3161 3206 3509 3265 allaboravi-

124 3291 228 3344 tam
261 3297 312 3347 et
342 3293 756 3367 locupletatam
779 3295 941 3350 dedit
969 3312 1036 3350 ex
1057 3296 1358 3353 codicibus
1379 3298 1632 3355 maxime
1652 3303 1758 3354 Va-

120 3377 329 3452 ticanis,
359 3389 722 3456 quaprOpter
752 3385 1053 3440 Romanam
1078 3385 1358 3457 appellari
1405 3388 1588 3460 cupit,
1622 3387 1754 3443 illu-

116 3471 339 3526 stratam
352 3477 548 3528 autem
567 3478 964 3546 praeterquam
982 3473 1490 3530 exercitationibus
1504 3477 1753 3547 praeviis,

114 3555 163 3609 in
184 3560 333 3615 notis
359 3562 604 3634 iamjam
626 3561 810 3617 textui
837 3561 1140 3632 subjectis,
1165 3580 1291 3635 quae
1324 3580 1456 3618 cum
1490 3565 1605 3620 fere
1635 3583 1754 3621 om-

110 3659 202 3700 nes
216 3654 408 3704 contra
421 3648 722 3714 Quesnelli
739 3649 1228 3722 Opinionesatque
1250 3657 1474 3708 asserta
1497 3653 1755 3726 dirigun-

109 3736 439 3800 tur,idcirco
463 3739 1072 3806 Anti-Qucsnellianam
1103 3757 1217 3796 non
1249 3741 1541 3797 immerito
1583 3759 1752 3798 suam

107 3822 408 3882 editionem
422 3827 632 3882 audire
644 3828 1234 3898 proedicatﬂescissis
1247 3828 1752 3902 igiturlibrisquos

113 3925 248 3967 novo
270 3915 533 3988 exemplo
567 3917 746 3971 Leoni
777 3916 1138 3972 vindicatum
1171 3917 1350 3974 iverat
1378 3917 1748 3987 Quesnellus,

107 4000 338 4059 rescisso
361 4021 600 4076 quoque
633 4005 842 4060 Codice
855 4005 1158 4062 Canonum
1180 4010 1239 4062 et
1251 4007 1749 4066 Constitutionum

106 4089 249 4146 sedis
280 4093 634 4164 apostolica,
655 4095 838 4165 primo
882 4099 1026 4150 tomo
1079 4099 1409 4163 Sermones,
1436 4113 1571 4151 cum
1603 4114 1748 4153 non-

107 4177 270 4234 nullis
293 4180 420 4237 aliis
445 4183 852 4238 monumentis
883 4184 953 4238 de
981 4200 1040 4238 re
1067 4183 1342 4256 liturgica
1362 4201 1431 4239 ex
1452 4185 1673 4240 Missali
1695 4195 1748 4242 et

108 4263 307 4324 Ordine
329 4270 592 4327 Romano
614 4276 672 4326 et
692 4271 899 4328 Codice
917 4272 1381 4328 Sacramentario
1399 4273 1744 4348 desumptis,

109 4355 263 4412 altero
287 4359 578 4432 Epistolas
601 4359 757 4416 solas
783 4361 1124 4432 complexus
1141 4365 1247 4420 est.
1271 4361 1430 4417 Acin
1461 4364 1745 4420 Sermoni-

110 4441 210 4498 bus
237 4449 469 4517 quidem
498 4466 615 4504 non
663 4467 783 4505 una
826 4450 1080 4522 profecto
1115 4449 1337 4506 ratione
1367 4451 1742 4517 Quesnellum

1865 3309 2019 3356 mus,
2042 3296 2106 3348 ut
2127 3292 2184 3346 in
2198 3293 2289 3348 his
2308 3293 2460 3365 typis
2483 3292 2828 3364 majusculis
2845 3293 3283 3352 characteribus
3299 3313 3366 3353 ea
3382 3296 3508 3355 loca

1863 3382 2306 3449 excuderentur,
2331 3399 2457 3454 qua:
2491 3382 2678 3454 magis
2710 3386 2847 3454 apta
2877 3388 3015 3438 sunt
3044 3384 3115 3439 ad
3148 3387 3508 3458 urguendum

1863 3471 2127 3542 ejusdem
2151 3470 2333 3525 nostri
2366 3471 2680 3526 adversarii
2705 3469 3018 3527 falsitatem
3031 3476 3087 3527 et
3109 3473 3179 3528 ad
3201 3476 3511 3534 evertenda

1861 3565 1948 3614 tot
1979 3563 2202 3614 asserta
2219 3559 2417 3615 minus
2434 3559 2736 3628 catholica,
2755 3563 2858 3616 aut
2872 3561 3123 3617 maxime
3140 3561 3512 3635 impudenter

1863 3649 1934 3703 ab
1965 3649 2168 3703 eodem
2201 3649 2642 3719 pronuntiata.»
2675 3649 2806 3705 Jam
2838 3650 2994 3722 quod
3034 3651 3305 3708 ultimam
3329 3653 3508 3726 hujus

1860 3737 2133 3792 editionis
2154 3738 2369 3803 dotem,
2385 3741 2699 3810 augmenta
2721 3737 2778 3792 in
2798 3737 2906 3794 hoc
2929 3743 3086 3794 tomo
3105 3739 3256 3796 facta
3277 3743 3508 3814 attinet,

1860 3824 2058 3898 plures
2080 3825 2139 3881 in
2171 3824 2531 3893 totdiversis,
2557 3831 2700 3898 quot
2730 3843 2907 3881 manu
2939 3828 3226 3896 versabat,
3258 3847 3509 3888 mss.co-

1859 3915 2088 3970 dicibus
2110 3915 2417 3970 Sermones
2439 3914 2646 3971 Leonis
2677 3919 2916 3972 nomine
2933 3916 3244 3989 inscriptos
3265 3918 3504 3988 invenit,

1859 4020 2108 4075 quorum
2123 4002 2220 4058 alii
2237 4003 2446 4075 magis,
2463 4003 2559 4059 alii
2580 4004 2778 4060 minus
2797 4004 3006 4061 sinceri
3022 4005 3389 4074 videbantur,
3405 4007 3504 4063 alii

1857 4093 2166 4148 manifesto
2191 4092 2424 4148 mentiri
2464 4109 2525 4148 se
2545 4092 2654 4148 hoc
2678 4110 2890 4149 nomen
2922 4095 3325 4163 ostendebant,
3357 4098 3412 4149 et
3436 4110 3504 4152 ex

1857 4181 2144 4236 sexcentis
2177 4181 2425 4236 aliorum
2459 4181 2670 4252 pannis
2699 4181 2928 4236 consuti
2959 4186 3142 4251 erant,
3176 4181 3234 4237 in
3285 4183 3502 4254 quibus

1856 4269 2130 4326 omnibus
2144 4269 2249 4324 rite
2262 4272 2317 4325 et
2329 4273 2460 4341 apte
2474 4268 2872 4325 discernendis
2885 4269 3041 4324 haud
3064 4269 3246 4326 levem
3264 4287 3499 4344 operam

1853 4365 1912 4416 et
1932 4357 2265 4431 plusculum
2283 4357 2562 4430 temporis
2584 4357 2856 4430 perdidit,
2874 4375 3174 4432 unumque
3197 4377 3264 4416 ex
3284 4365 3370 4418 tot
3389 4362 3497 4420 im-

1853 4447 2204 4522 pedimentis
2235 4446 2415 4502 fuisse
2445 4447 2842 4519 conqueritur,
2876 4465 2980 4504 cur
3029 4450 3265 4521 opinato
3310 4453 3500 4511 serius

113 4530 363 4604 deseruit,
397 4539 762 4594 restituendo
795 4555 911 4594 non
942 4538 1135 4595 solum
1168 4539 1536 4611 superiorum
1559 4541 1741 4596 edito-
1775 4553 1819 4617 ι)
1854 4538 2006 4593 hanc
2037 4536 2348 4592 editionem
2386 4537 2652 4591 emittere
2698 4537 2971 4609 potuerit.
3005 4539 3242 4595 Addidit
3301 4546 3495 4598 autem

116 4633 232 4676 rum
249 4625 456 4692 ordine,
471 4644 649 4699 quem
675 4627 1017 4684 aveteribus
1038 4644 1271 4700 quoque
1300 4627 1740 4698 Collectoribus,

117 4706 168 4763 in
181 4727 342 4770 manu
361 4717 609 4772 exaratis
626 4715 980 4790 archetypis,
1001 4722 1294 4772 servatum
1317 4718 1670 4786 observaret,
1685 4723 1741 4772 et

122 4812 368 4874 synopses
388 4822 533 4877 quas
555 4804 640 4860 illi
666 4805 1178 4871 concinnaverant,
1195 4807 1294 4861 sed
1329 4811 1484 4861 textu
1518 4807 1738 4878 passim

125 4886 318 4947 admss.
334 4893 1015 4960 fidemimmutato,et,ut
1037 4893 1150 4949 sibi
1165 4894 1402 4966 quidem
1423 4893 1736 4966 persuasit,

131 4981 411 5039 emendato.
437 4985 503 5040 Et
541 4983 698 5057 quod
725 4982 919 5038 varias
943 4982 1217 5038 lectiones
1243 4984 1451 5038 attinet
1481 4983 1539 5038 in
1567 4983 1738 5038 editis

132 5068 173 5117 et
186 5084 302 5125 mss.
317 5070 474 5131 libris
486 5072 918 5148 deprehensas,
934 5088 1227 5143 nusquam
1238 5071 1505 5144 vulgatae
1522 5071 1594 5127 ab
1608 5071 1739 5128 aliis

137 5153 397 5218 editoribus
427 5161 791 5218 subduxisse
815 5164 872 5215 et
903 5159 1360 5216 novasintulisse
1377 5177 1440 5215 se
1459 5160 1734 5227 afﬁrmat,

143 5242 219 5326 nisi
240 5251 342 5306 tum
360 5268 490 5308 cum
512 5251 792 5326 ipsorum
817 5248 1086 5303 codicum
1105 5265 1338 5304 summa
1354 5248 1662 5304 consensio
1680 5253 1737 5304 et

146 5325 336 5395 leonina:
361 5325 648 5400 orationis
701 5337 860 5394 ratio
896 5336 953 5390 id
986 5337 1276 5407 postulare
1305 5336 1615 5406 videretur,
1648 5336 1735 5393 vel

145 5429 307 5492 quando
322 5432 630 5489 manifesto
655 5427 1054 5498 antiquorum
1073 5441 1262 5480 errore
1275 5429 1576 5498 perspecto
1598 5426 1736 5480 duo-

140 5520 400 5580 tumsaltem
420 5523 707 5580 codicum
725 5512 1012 5573 subsidio
1028 5514 1260 5569 easdem
1274 5515 1546 5588 castigari
1562 5530 1734 5586 posse

135 5611 169 5663 et
189 5609 338 5671 debere
367 5610 780 5672 existimaret.
818 5608 890 5657 In
924 5617 1040 5671 qua
1065 5619 1142 5670 re,
1176 5605 1375 5675 inquit,
1409 5601 1732 5676 praesertim

1849 4625 2122 4700 genuinis
2139 4624 2344 4680 Leonis
2357 4625 2758 4694 Sermonibus,
2775 4626 3035 4699 quinque
3057 4644 3234 4684 novos
3255 4646 3323 4686 ex
3345 4629 3498 4686 Vati-

1850 4715 2013 4772 canis
2044 4719 2100 4770 et
2127 4713 2553 4770 Vallicellaneis
2587 4715 2713 4770 cod.
2747 4715 3011 4784 haustos,
3053 4722 3109 4772 et
3139 4722 3494 4789 postremam

1849 4809 2074 4877 partem
2106 4804 2394 4860 sermonis
2423 4805 2493 4859 de
2515 4804 2658 4860 festo
2693 4805 2994 4862 Cathedrze
3016 4807 3075 4861 S.
3108 4807 3283 4877 Petri,
3318 4824 3492 4880 quem

1848 4893 2123 4949 mutilum
2155 4898 2212 4950 et
2243 4893 2645 4965 imperfectum
2666 4893 2894 4965 primus
2925 4895 3292 4968 evulgaverat
3314 4899 3495 4963 Ques-

1848 4981 2060 5038 nellus.
2093 4986 2239 5037 Sunt
2268 4987 2463 5038 autem
2499 4998 2511 5036 :
2548 4985 2590 5037 Ι.
2625 4983 2698 5038 De
2726 4985 3016 5040 Dominica
3063 4985 3491 5057 Rcsurrectioue,

1849 5073 2212 5144 idem,quem
2248 5071 2573 5126 Trombellus
2595 5071 2834 5126 dederat
2854 5073 3023 5143 cujus
3053 5073 3125 5129 de
3157 5073 3495 5133 sinceritate

1845 5160 1973 5230 ejus
1994 5159 2168 5214 dubia
2193 5158 2410 5229 prolixa
2423 5158 2863 5231 prmmonitione
2884 5164 3138 5216 evertere
3160 5166 3357 5217 noster
3376 5167 3496 5218 stu-

1844 5247 1990 5302 duit.
2020 5249 2063 5302 ll
2091 5252 2173 5302 De
2215 5249 2349 5318 festo
2398 5249 2746 5303 Ascensionis
2792 5249 3111 5306 Dominicae.
3167 5251 3262 5316 Ill,
3305 5250 3394 5304 IV.
3427 5252 3494 5306 In

1840 5338 2041 5408 festum
2085 5337 2183 5392 SS.
2231 5338 2476 5408 fratrum
2530 5336 2976 5392 Machaba’orum.
3026 5340 3212 5395 Romae
3269 5337 3490 5394 kalend.

1841 5427 2068 5497 Augusti
2096 5427 2156 5480 in
2191 5426 2427 5481 Ecclesia
2457 5425 2511 5478 S.
2545 5426 2700 5480 Petri
2729 5426 2797 5480 ad
2831 5428 3052 5481 Vincula
3081 5424 3347 5482 celebrari
3364 5425 3494 5477 soli-

1843 5520 1978 5570 tum.
2004 5514 2359 5570 Posteriores
2380 5515 2495 5568 duo
2518 5513 2576 5568 in
2599 5514 2843 5570 vetustis
2864 5515 3031 5569 codd.
3047 5513 3131 5568 vel
3163 5522 3494 5575 anonymos

1839 5603 1928 5659 vel
1954 5603 2063 5659 sub
2084 5601 2393 5675 Augustini
2416 5601 2650 5658 nomine
2667 5602 2923 5669 offendit,
2948 5601 3047 5657 sed
3071 5615 3176 5655 suo
3207 5594 3497 5650 aliorum-
