3914 6232
398 256 478 321 95
816 252 1420 322 SCHOENEMANNI
1465 252 1786 318 NOTITIA
1828 249 2760 319 HISTORICO-LITTERARIA
2801 255 2882 319 IN
2927 256 2992 321 S.
3036 255 3382 323 LEONEM.
3729 255 3806 322 96

401 407 514 468 que
543 392 847 451 doctorum
873 391 1134 450 virorum
1164 395 1298 464 post
1317 407 1560 448 examen
1591 389 1928 446 institutum
1955 404 2044 444 ar-
2071 388 2126 454 Α
2155 388 2426 462 denique,
2443 390 2746 447 monitaac
2763 391 3576 467 marginaliaadjecit,quibus
3592 392 3803 466 partim

398 483 572 540 bitrio
614 477 788 538 LeOni
819 481 1192 554 adjudicavit.
1223 479 1294 536 V.
1327 482 1400 538 De
1438 480 1625 536 Natali
1669 480 1848 535 sancti
1877 477 2046 533 Pauli

397 571 878 644 Apostoli,itidem
901 587 935 626 a
969 571 1261 627 Trombello
1292 574 1575 642 tanquam
1605 569 1757 625 alius
1787 587 1821 624 a
1855 567 2043 640 ponti-

397 663 505 717 ﬁce
549 661 756 717 Leonis
785 660 999 728 editus,
1033 675 1188 714 nunc
1231 663 1426 717 autem
1458 659 1530 714 ad
1562 657 2041 730 antiquissimum

398 751 524 807 cod.
541 750 670 806 Vat.
687 766 850 804 num.
866 748 1007 804 3835
1019 751 1464 821 repraesentatus
1487 752 1543 804 ct
1563 748 1734 803 Leoni
1760 747 1835 802 M.
1861 763 2046 801 asser-

397 845 513 896 tus.
534 837 749 896 Dubios
775 837 982 893 deinde
1000 837 1351 909 Spuriosque
1381 840 1438 890 et
1467 852 1536 891 ex
1559 834 1802 891 diversis
1835 833 2043 890 Leouis

395 927 740 1002 fragmentis
761 926 1195 982 consarcinatos
1217 924 1638 997 appendicibus
1669 922 1960 988 Quesnelli
1989 927 2045 978 et

396 1018 501 1075 PP.
522 1016 946 1083 Maurinorum,
962 1014 1383 1086 quiAugustini
1400 1029 1699 1069 sermones
1713 1011 2040 1078 ediderunt,

396 1123 556 1164 more
582 1104 845 1171 secrevit,
870 1120 934 1158 ac
963 1101 1023 1158 in
1059 1103 1308 1175 primam
1332 1102 1571 1174 quidem
1602 1119 1701 1157 eos
1725 1101 1878 1157 solos
1896 1118 2043 1173 quos

395 1193 688 1261 Quesnelli
719 1190 1108 1265 appendicula
1138 1189 1414 1256 continet,
1435 1190 1744 1262 compegit,
1770 1189 1829 1244 in
1862 1189 2045 1246 altera

394 1302 548 1353 vero,
565 1300 744 1357 quam
758 1299 956 1338 novam
979 1281 1333 1353 appendicem
1355 1279 1674 1351 inscripsit,
1695 1296 1903 1334 novem
1922 1295 2039 1335 ser-

397 1390 600 1430 mones
620 1372 859 1428 mutilos
879 1375 938 1426 et
954 1369 1346 1442 imperfectos,
1361 1368 1570 1424 dubios
1583 1371 1639 1424 et
1656 1367 2040 1439 apocryphos,

396 1463 497 1537 qui
518 1462 576 1518 in
597 1460 776 1518 variis
798 1477 941 1516 mss.
961 1458 1167 1515 Leonis
1188 1474 1400 1513 nomen
1421 1457 1719 1524 gerebant,
1753 1456 2037 1524 exhibuit,

395 1555 806 1625 postremoque
833 1549 954 1605 loco
973 1547 1168 1620 posuit
1183 1549 1528 1604 Breviarium
1551 1549 1741 1601 contra
1756 1547 2042 1604 hwreticos

342 1640 348 1649 ’
392 1645 445 1698 et
499 1641 868 1696 schismaticos
908 1654 942 1692 a
973 1636 1259 1692 Sirmondo
1290 1639 1348 1692 et
1377 1635 1436 1691 in
1485 1636 1628 1690 Bibl.
1663 1635 1776 1690 PP.
1812 1634 2040 1707 pridem

2155 479 2226 535 de
2255 478 2618 536 variantibus
2650 482 2707 535 et
2735 481 3244 538 emendationibus
3280 480 3565 538 rationem
3595 482 3802 546 reddit.

2154 569 2367 640 partim
2394 572 2450 625 et
2463 569 2933 642 frequentissime
2959 570 3197 642 quidem
3220 571 3280 626 in
3298 569 3681 638 Quesnellum
3696 570 3807 644 gla~

2155 657 2316 712 dium
2341 658 2596 731 stringit.
2619 659 2764 716 Nam
2779 660 2984 715 cumin
3008 660 3135 731 ejus
3153 661 3803 734 annetationibus,quas

2155 763 2366 819 magno
2389 747 3061 811 lectorumincommodo
3101 750 3171 804 ad
3205 749 3423 805 calcem
3483 751 3556 806 ab
3591 767 3660 806 eo
3715 767 3800 806 re-

2146 837 2333 907 jectas
2365 836 2546 892 fuisse
2569 840 2783 902 censet,
2817 855 2922 893 nec
2953 854 3146 894 veram
3178 855 3427 911 semper,
3463 855 3569 895 nec
3601 856 3799 896 sanam

2154 925 2479 980 doctrinam
2506 925 2803 981 continere
2834 927 3222 989 observasset,
3255 928 3353 982 sed
3387 943 3568 999 quam
3601 928 3800 1000 saepis-

2153 1013 2300 1068 sime
2320 1014 2603 1082 fraudem,
2633 1002 2912 1082 fallacias,
2937 1013 3151 1070 malam
3181 1016 3356 1070 ﬁdem
3380 1016 3604 1072 sensim
3629 1017 3688 1071 in
3712 1017 3806 1072 iis-

2153 1102 2284 1157 dem
2316 1101 2514 1158 haberi
2543 1103 2874 1168 detexisset,
2903 1120 3001 1159 eas
3032 1121 3236 1160 omnes
3259 1103 3584 1177 (loquimur
3614 1106 3801 1162 verbis

2152 1192 2279 1263 ejus
2309 1192 2786 1247 convenientibus
2808 1192 2932 1248 suis
2953 1192 3096 1249 locis
3128 1194 3198 1248 ad
3223 1194 3482 1249 veritatis
3519 1195 3802 1250 trutinam

2153 1280 2462 1350 revocavit,
2487 1285 2545 1336 et
2574 1281 2940 1352 gravissimis
2973 1282 3300 1338 rationibus
3329 1283 3637 1354 insistens,
3671 1300 3803 1340 eum

2152 1373 2254 1424 aut
2283 1369 2740 1425 hallucinatione
2771 1370 3075 1438 defecisse,
3111 1376 3213 1426 aut
3259 1373 3527 1428 incautos
3560 1372 3803 1429 lectores

2155 1457 2351 1513 fallere
2383 1458 2722 1529 quaesivisse
2753 1459 3196 1515 demonstravit.
3235 1461 3297 1516 In
3330 1478 3446 1532 quo
3506 1461 3801 1534 fungendo

2153 1563 2415 1615 munere,
2436 1549 2759 1618 inquil,non
2775 1563 3007 1620 semper
3019 1549 3803 1617 brevitatistnduimus,cum

2152 1635 2339 1690 multa
2361 1636 2711 1710 quandoque
2738 1640 2794 1692 et
2822 1637 2977 1692 varie
3008 1637 3159 1692 inter
3180 1655 3240 1693 se
3265 1638 3587 1694 admodum
3617 1639 3810 1712 dispa-

391 1729 747 1810 evulgatum,
770 1742 971 1782 recens
995 1730 1188 1781 autem
1213 1726 1271 1780 in
1296 1723 1646 1780 bibliotheca
1679 1724 1781 1779 FF.
1820 1725 2038 1779 Eremi-
2069 1757 2118 1822 B
2150 1729 2275 1779 rata
2295 1724 2688 1795 objicerentur
2709 1742 2835 1797 qua:
2849 1726 3053 1798 paucis
3079 1726 3269 1782 verbis
3291 1727 3805 1802 indicare,eripere

390 1811 584 1874 tarum
606 1816 664 1874 S.
687 1814 1000 1889 Augustini
1032 1813 1250 1869 Patavii
1281 1813 1341 1869 in
1372 1831 1483 1869 ms.
1503 1813 1700 1869 codice
1731 1831 1809 1869 vn
1842 1813 2038 1869 saeculi

391 1907 503 1962 sub
561 1904 769 1962 Leonis
814 1902 1050 1960 nomine
1080 1901 1405 1958 inventum.
1438 1902 1731 1957 Hactenus
1759 1901 1828 1957 de
1856 1904 2040 1972 primo

390 1995 572 2066 hujus
593 1991 862 2049 editionis
890 1996 1050 2048 temo.
1067 1991 1217 2046 Alter
1235 1992 1410 2045 tomus
1430 1988 1720 2061 Epistolas
1751 1989 2038 2060 complec-

391 2084 555 2150 titur,
570 2083 630 2137 in
648 2086 763 2154 qu'o
779 2097 896 2136 non
918 2079 1132 2135 minori
1153 2078 1421 2134 codicum
1444 2095 1588 2134 mss.
1615 2077 1909 2149 imprimis
1936 2077 2044 2133 Va-

391 2169 720 2228 ticanorum
742 2169 981 2240 adjutus
1002 2167 1110 2224 fuit
1123 2166 1356 2234 auxilio,
1372 2171 1711 2237 tantamque
1729 2165 1788 2220 in
1809 2167 1880 2221 iis
1895 2183 2043 2222 mes-

393 2277 519 2317 sem
549 2259 663 2315 sibi
693 2258 900 2314 fecisse
928 2257 1089 2314 visus
1118 2260 1226 2323 est,
1256 2259 1321 2312 ut
1349 2255 1529 2312 libere
1561 2256 1725 2311 fateri
1749 2273 1930 2311 ausus
1966 2255 2043 2311 sit

393 2349 545 2407 hanc
566 2347 880 2404 editionem
901 2363 1142 2418 prorsus
1173 2361 1381 2400 novam
1414 2360 1542 2400 esse
1575 2361 1639 2400 ac
1661 2361 1730 2400 ex
1756 2360 1897 2400 mss.
1929 2346 2043 2400 ﬁde

395 2438 566 2494 unice
597 2436 973 2493 eductam.Et
993 2451 1127 2490 cum
1159 2433 1372 2490 Grazeis
1395 2434 1567 2504 juxta
1609 2449 1786 2505 quam
1818 2433 2041 2488 Latinis

393 2526 693 2584 codicibus
705 2523 1215 2582 mss.bibliotheca
1231 2521 1510 2578 Vaticana
1531 2522 1876 2589 abundaret,
1896 2538 2043 2577 nova

393 2617 660 2692 quedam
673 2613 1261 2670 monumentaGrzeca
1287 2611 1578 2668 oII‘endere
1610 2611 1872 2684 contigit,
1897 2628 2041 2682 quo-

391 2723 524 2763 rum
541 2703 656 2760 alia
667 2704 903 2778 quidem
909 2703 1037 2774 jam
1050 2699 1109 2756 in
1122 2699 1512 2757 Conciliorum
1525 2698 1870 2755 Collectione
1885 2699 2042 2755 edita

392 2794 679 2852 medicam
696 2809 938 2848 manum
961 2789 1260 2862 postulare
1280 2788 1630 2845 videbantur
1653 2806 1666 2856 ;
1693 2787 1828 2857 alia,
1847 2788 2041 2844 Graece

392 2881 920 2956 nusquam,Latine
932 2883 1162 2935 tantum
1177 2877 1463 2951 evulgata,
1481 2877 1538 2933 in
1555 2877 1835 2948 majorem
1855 2877 2036 2933 histo-

393 2972 490 3029 riae
507 2969 910 3029 ecclesiasticas
928 2969 1126 3035 ﬁdem,
1144 2967 1258 3024 alia
1278 2967 1549 3039 denique,
1576 2982 1680 3022 nec
1698 2967 1915 3036 Graece,
1939 2982 2040 3021 nec

394 3061 597 3118 Latine
611 3057 1123 3131 antehac‘cognita,
1138 3061 1421 3130 tanquam
1439 3055 1714 3112 editionis
1728 3073 1844 3110 sua
1869 3071 2038 3112 orna-

2151 1818 2326 1885 atque
2353 1813 2613 1870 refellere
2670 1814 2881 1886 cuique
2914 1831 3155 1888 prorsus
3187 1815 3550 1888 impossibile
3605 1819 3804 1874 crede-

2151 1902 2351 1958 batur.

2224 1993 2592 2047 Restatnunc
2606 1997 2669 2048 ut
2690 2009 2878 2065 pauca
2899 1993 2968 2049 de
2981 1994 3172 2067 operis
3194 1995 3372 2052 totius
3391 1994 3804 2068 descriptione,

2151 2080 2342 2154 specie
2373 2098 2438 2136 ac
2470 2098 2676 2136 norma
2703 2081 3072 2154 adjiciamus.
3108 2083 3367 2157 Singulis
3401 2085 3600 2156 itaque
3632 2083 3808 2145 tomis

2151 2175 2284 2243 post
2331 2166 2760 2227 dedicationem
2809 2172 2992 2244 (prior
3054 2173 3375 2245 inscriptus
3405 2179 3497 2228 est
3526 2174 3813 2230 cardinali

2149 2262 2312 2316 Nerio
2357 2260 2624 2326 Corsinio,
2659 2259 2804 2316 alter
2835 2261 3122 2318 Benedicto
3155 2263 3253 2330 XV,
3284 2263 3349 2316 P.
3381 2261 3461 2332 S.)
3494 2262 3810 2334 subjicitur

2150 2349 2410 2423 praefatio
2435 2348 2491 2403 in
2517 2366 2634 2423 qua
2649 2350 2722 2404 de
2741 2350 3302 2419 editionisconsilio,
3322 2351 3686 2408 editionibus
3707 2369 3808 2407 su-

2151 2438 2498 2510 perioribus,
2517 2437 2575 2493 in
2600 2438 2804 2511 primis
2826 2439 3237 2506 Quesnelliana
3259 2441 3505 2512 ejusque
3528 2440 3804 2497 methodo

2149 2530 2206 2582 et
2238 2526 2408 2582 malis
2429 2527 2676 2594 artibus,
2698 2544 2920 2599 suoque
2943 2528 3194 2600 denique
3207 2528 3405 2584 studio
3436 2532 3494 2584 et
3515 2529 3805 2585 subsidiis

2147 2615 2448 2671 verbosius
2473 2616 2589 2671 fere
2619 2616 2898 2688 disputat,
2919 2620 2974 2674 et
2993 2621 3307 2690 utramque
3333 2616 3523 2673 indice
3557 2634 3706 2673 mss.
3731 2619 3801 2672 li-

2149 2705 2410 2772 brorum,
2430 2705 2647 2776 quibus
2670 2722 2812 2760 usus
2838 2705 2964 2774 fuit,
2999 2705 3236 2763 claudit.
3257 2706 3316 2762 ln
3338 2707 3597 2763 secundo
3618 2711 3802 2772 torno,

2149 2798 2466 2866 antequam
2489 2793 2561 2854 ad
2583 2793 2769 2849 hmcce
2790 2798 3136 2866 argumenta
3157 2796 3404 2862 devenit,
3422 2796 3711 2868 prolixam
3734 2799 3805 2854 de

2148 2881 2244 2948 iis,
2263 2881 2512 2943 maxime
2525 2881 2823 2938 catholicae
2837 2883 3104 2939 Ecclesiae
3119 2884 3422 2954 doctrinis;
3449 2903 3596 2958 quas
3619 2888 3804 2952 Ques-

2148 2969 2340 3026 uellus
2362 2968 2710 3026 labefactare
2733 2971 3617 3040 studuerat,sermocinationem
3631 2992 3806 3032 orsus

2148 3058 2356 3126 est,cui
2371 3058 2463 3112 vix
2475 3063 2606 3130 post
2619 3059 3008 3132 quadraginta
3023 3065 3079 3116 et
3090 3061 3343 3134 amplius
3361 3061 3607 3136 paginas
3626 3064 3807 3120 ﬁnem

393 3154 592 3208 menta
626 3148 878 3220 adjicere
901 3127 1204 3204 constituit
1222 3164 1234 3202 :
1254 3127 1313 3201 ln
1343 3162 1459 3218 quo
1483 3143 1731 3216 negotio,
1759 3143 2038 3215 quoniam
2069 3127 2112 3194 Ο
2154 3127 2774 3220 imponit.Sequuntur
2793 3127 2999 3208 deinde
3015 3127 3809 3225 Sermouum-Ep'istolarum-

390 3233 516 3314 ipse
536 3256 642 3297 nec
659 3238 719 3294 in
740 3236 952 3295 Graecis
970 3235 1353 3309 scriptoribus
1381 3233 1527 3289 satis
1547 3236 1832 3301 versatus,
1856 3232 2040 3288 multo

391 3330 591 3386 minus
605 3327 1052 3400 compendiosas
1066 3341 1245 3380 manu
1260 3325 1629 3379 exaratorum
1643 3321 1928 3377 librorum
1945 3338 2042 3377 no-

389 3405 681 3490 tas-legere
693 3420 1061 3489 posset,usus
1076 3417 1166 3470 est
1177 3429 1352 3484 opera
1365 3411 1520 3466 docti
1533 3411 1842 3481 cujusdam
1859 3410 2040 3466 Graaci

393 3505 705 3578 Raphaelis
735 3503 1047 3576 Yeraazza,
1081 3501 1222 3557 Chio
1282 3499 1536 3566 oriundi,
1572 3498 1892 3571 presbyteri
1929 3499 2039 3555 Ro-

391 3594 574 3662 mani,
599 3591 699 3666 qui
723 3591 1110 3664 quadraginta
1143 3592 1366 3661 septem
1391 3587 1670 3660 epistolas
1690 3587 1915 3644 Graecas
1946 3605 2040 3643 ex-

391 3681 1012 3755 scripsit,easdemque
1038 3679 1110 3734 ad
1133 3677 1247 3734 alia
1266 3676 1622 3749 exemplaria
1650 3676 1863 3732 iterum
1895 3676 2040 3732 rele-

391 3774 605 3846 git,aut
622 3787 756 3826 cum
770 3769 942 3825 editis
957 3767 1055 3823 ubi
1069 3767 1458 3840 suppetebant
1470 3765 1781 3839 diligenter
1792 3765 2042 3821 contulit

391 3861 504 3920 Sed
523 3858 758 3933 singula
796 3857 889 3914 hic
923 3873 1268 3914 enumerare
1281 3871 1396 3911 non
1415 3855 1608 3923 refert;
1629 3854 1880 3911 sufﬁciet
1897 3855 2044 3910 indi-

390 3967 555 4008 casse
570 3951 825 4022 quatuor
843 3945 1139 4020 epistolas,
1159 3945 1331 4018 plane
1355 3961 1554 4010 novas,
1574 3944 1791 4017 quibus
1815 3943 2042 4015 primus

390 4037 940 4106 Quesnellianarum
963 4052 1277 4092 numerum
1301 4035 1394 4090 144
1430 4034 1503 4089 ad
1517 4033 1538 4090 4
1552 4034 1623 4094 [ι5
1640 4032 2037 4106 ampliﬁcavit.

389 4131 540 4186 Sunt
569 4126 680 4184 illae
717 4145 729 4184 :
769 4129 822 4181 1°
849 4143 1004 4181 num.
1033 4127 1103 4180 27
1128 4143 1141 4181 :
1175 4125 1372 4181 Leonis
1395 4123 1464 4179 ad
1496 4123 1847 4179 Theodosium
1878 4125 2044 4194 impe-

389 4225 625 4275 ratorem
670 4217 735 4272 de
799 4215 954 4273 Verbi
1007 4214 1187 4271 divini
1212 4215 1602 4270 Incarnatione
1632 4210 1902 4284 epistola,
1937 4228 2040 4268 seu

391 4308 785 4380 fragmentum
808 4304 1002 4377 potius
1024 4301 1278 4376 epistolae
1296 4302 1673 4359 Gr.Latinum
1689 4318 1756 4356 ex
1768 4301 1894 4356 cod.
1910 4301 2043 4356 Vat-

388 4411 544 4450 num.
586 4394 712 4458 920,
735 4409 786 4462 p.
811 4394 902 4461 74,
927 4397 1162 4447 erutum
1185 4410 1196 4448 :
1226 4393 1286 4444 2ο
1314 4409 1468 4446 num.
1502 4391 1573 4446 85
1602 4409 1620 4446 .'
1645 4390 1723 4444 Ad
1750 4390 2042 4448 lulianum

2148 3253 2217 3292 ve
2257 3239 2661 3293 contentorum
2703 3238 2924 3295 indices
2968 3256 3086 3296 una
3113 3257 3246 3296 cum
3270 3241 3649 3314 syqusibus,
3679 3260 3809 3315 qua:

2150 3325 2461 3398 dupliciter
2477 3327 2618 3382 adeo
2633 3326 2928 3400 impressae
2945 3330 3466 3403 sunt,tandemque
3481 3331 3602 3403 ipse
3614 3335 3812 3388 textus

2150 3415 2305 3471 binis
2327 3414 2615 3472 columnis
2638 3416 2983 3490 impressus,
3002 3419 3096 3473 cui
3129 3422 3276 3474 notae
3326 3419 3385 3475 in
3407 3419 3529 3477 ima
3549 3437 3654 3477 ora
3674 3421 3811 3478 latis

2149 3503 2321 3560 lineis
2338 3505 2640 3578 exscripta:
2655 3506 2881 3562 subsun
2893 3507 3022 3561 t.Ab
3036 3505 3200 3563 initio
3213 3509 3502 3582 cujusque
3516 3511 3812 3567 sermonis

2151 3593 2524 3665 autepistolae
2539 3595 2609 3650 ad
2625 3595 2950 3668 marginem
2966 3595 3175 3652 litteris
3191 3597 3541 3654 minusculis
3553 3599 3812 3656 editione

2149 3686 2204 3737 et
2218 3682 2445 3738 codices
2459 3699 2604 3739 mss.
2620 3701 2687 3740 ex
2706 3684 2920 3756 quibus
2935 3685 3260 3758 desumpta:
3281 3691 3336 3743 et
3361 3687 3658 3761 castigata).
3683 3690 3812 3744 fue-

2149 3771 2287 3838 rint,
2303 3771 2456 3828 sicut
2477 3771 2534 3827 in
2557 3773 2780 3829 caeteris
2803 3773 3226 3847 marginalibus
3245 3781 3592 3849 argumenta
3606 3782 3666 3834 et
3681 3795 3813 3834 sen-

2148 3860 2341 3916 tentia:
2372 3860 2624 3932 potiores
2648 3862 3003 3919 indicantur.
3025 3863 3244 3920 Monita
3260 3865 3348 3920 vel
3370 3865 3811 3924 admonitiones

2151 3949 2322 4005 modo
2336 3949 2791 4022 praemittuntur,
2809 3953 2981 4008 modo
2999 3953 3070 4008 ad
3092 3953 3309 4010 calcem
3323 3954 3609 4026 subjecta,
3625 3956 3810 4012 inter-

2149 4040 2292 4094 dum
2325 4039 2517 4094 media
2547 4039 2699 4095 inter
2728 4041 2944 4112 duo,ad
2969 4059 3096 4115 quae
3129 4043 3421 4114 pertinent
3439 4045 3810 4116 scripta,col-

2150 4126 2340 4182 locata
2370 4131 2528 4182 sunt.
2565 4127 2823 4185 Tandem
2855 4131 3066 4203 cuique
3094 4130 3378 4187 volumini
3400 4130 3576 4188 index
3606 4150 3809 4191 rerum

2149 4219 2206 4271 et
2240 4215 2544 4271 nominum
2574 4218 3043 4274 memorabilium
3080 4221 3224 4276 satis
3263 4221 3535 4293 copiosus
3567 4224 3811 4281 additus

2150 4309 2257 4361 est.
2292 4303 2666 4362 Characteres
2707 4311 2772 4363 ut
2807 4306 3128 4379 plurimum
3169 4310 3402 4366 rotundi
3439 4315 3602 4377 suut,
3632 4329 3812 4384 gran-

2151 4393 2544 4462 diusculi,sed
2564 4395 2684 4468 apti
2714 4396 2965 4452 invicem
2996 4415 3099 4470 pro
3131 4397 3256 4455 loco
3284 4416 3390 4455 suo
3409 4403 3467 4456 et
3494 4400 3809 4468 luculenti,

389 4485 701 4554 episcopum
738 4481 804 4536 de
857 4481 1131 4537 Monuchis
1160 4480 1444 4552 Eutycheti
1497 4478 1906 4536 adurentibus
1929 4494 1949 4540 ,°
1981 4479 2041 4532 3°
2070 4497 2118 4563 D
2150 4486 2207 4540 et
2237 4500 2367 4540 raro
2400 4484 2875 4556 typhothetarum
2903 4485 3046 4543 vitia,
3074 4493 3409 4544 occurrunt,

390 4588 544 4628 num.
573 4570 676 4627 447
703 4585 715 4625 :
743 4568 821 4625 Ad
846 4568 1091 4624 eamdem
1118 4568 1184 4623 de
1202 4568 1443 4640 ejusdem
1457 4571 1647 4623 contra
1667 4565 2042 4637 Eutychianos

391 4660 708 4727 industria;
755 4658 814 4712 4ο
860 4674 1012 4713 num.
1055 4657 1159 4711 426
1189 4675 1206 4710 :
1251 4656 1331 4712 Ad
1369 4658 1686 4713 Anatolium
1737 4658 2046 4728 episcopum

389 4765 554 4822 super
580 4749 752 4804 Attico
771 4763 854 4819 ep.
901 4746 994 4817 Cp.
1023 4761 1036 4800 :
1062 4761 1268 4801 omnes
1300 4761 1370 4802 ex
1401 4745 1599 4802 codice
1629 4763 1740 4801 ms.
1775 4745 2043 4802 Ratisbo-

398 4838 566 4894 neusi
596 4833 937 4895 monasterii
970 4834 1029 4889 S.
1053 4833 1344 4901 Emerani,
1379 4834 1451 4890 de
1481 4851 1598 4906 quo
1630 4835 1783 4891 infra
1813 4832 2044 4889 dicendi

390 4928 553 4984 locus
575 4925 704 4982 erit.
721 4925 836 4980 Has
853 4923 1036 4996 igitur
1055 4921 1199 4979 locis
1221 4923 1433 4980 notatis
1456 4923 1720 4992 inseruit;
1749 4923 1809 4978 in
1822 4922 2047 4978 caeteris

391 5016 660 5088 sequitur
679 5011 972 5079 Quesnelli
995 5012 1282 5081 ordinem,
1309 5011 1676 5085 aliorumque
1695 5012 1767 5068 ad
1791 5013 2042 5067 Leonem

391 5102 684 5177 Epistolis,
704 5101 862 5158 illius
886 5100 1279 5172 more,nullos
1317 5117 1594 5157 numeros
1615 5100 1906 5173 ascripsit.
1937 5099 2041 5172 Sy-

392 5209 608 5266 nopses
631 5208 864 5264 quoque
885 5189 1179 5255 Quesnelli
1202 5190 1461 5259 retinuit,
1481 5206 1549 5246 ea
1582 5189 1816 5246 licentia
1849 5193 1910 5244 ut
1945 5188 2042 5244 ubi

389 5280 663 5338 sensibus
677 5279 887 5336 Leonis
913 5279 1143 5334 easdem
1163 5295 1277 5334 non
1292 5277 1531 5334 omnino
1551 5278 1898 5350 respondere
1928 5276 2042 5332 exi-

390 5369 675 5437 stimaret,
701 5368 1034 5440 castigaret,
1054 5365 1369 5439 suppleret,
1396 5371 1498 5422 aut
1519 5365 1689 5438 plane
1707 5382 1885 5422 novas
1904 5382 2040 5421 con-

391 5459 672 5527 cinnaret,
698 5460 754 5514 et
775 5456 845 5512 ad
878 5453 1092 5511 calcem
1109 5453 1475 5528 singularum
1508 5456 1624 5510 fere
1655 5453 2039 5526 epistolarum

391 5547 705 5606 discrimen
720 5543 1175 5615 interQuesnelli
1187 5544 1360 5601 verba
1374 5560 1597 5618 suaque
1611 5541 2041 5602 notaret.Notas

2221 4573 2253 4628 J
2260 4589 2354 4628 am
2369 4572 2503 4629 side
2521 4574 2739 4630 editore
2752 4576 2800 4646 ej
2811 4592 3000 4648 usque
3012 4577 3236 4634 meritis
3250 4578 3604 4635 sententiam
3619 4581 3812 4654 requi-

2153 4677 2271 4726 ras,
2287 4661 2472 4716 satius
2488 4662 2600 4735 ipsi
2617 4663 2844 4732 fuisset,
2857 4664 3205 4737 putaverim,
3222 4667 3273 4722 si
3296 4666 3446 4723 vires
3469 4667 3810 4725 considera-

2151 4749 2270 4804 tius
2301 4750 2698 4820 ponderasset,
2732 4757 3046 4825 antequam
3076 4754 3190 4811 tale
3221 4772 3369 4827 opus
3410 4755 3809 4813 Leoninarum

2154 4836 2630 4895 lucubrationum
2653 4841 2711 4895 in
2731 4840 3054 4914 primisque
3071 4842 3466 4916 Epistolarum
3486 4843 3808 4902 editionem

2153 4929 2283 4998 post
2306 4926 2703 4995 Quesuellum,
2722 4929 2938 4985 nedum
2961 4936 3162 4987 contra
3179 4931 3580 5002 Quesnellum,
3600 4950 3810 5008 aggre-
3865 4966 3872 4975 ο

2152 5015 2407 5070 deretur.
2439 5016 2746 5074 Enimvero
2777 5019 2905 5076 sine
2935 5019 3056 5076 ulla
3093 5020 3458 5078 haesitatione
3495 5025 3665 5079 tanto
3697 5023 3811 5079 im—

2153 5101 2355 5160 mersit
2384 5121 2446 5160 se
2487 5121 2722 5175 oceano,
2757 5107 2865 5164 etsi
2924 5108 3139 5165 sentire
3189 5109 3396 5166 debeat
3445 5109 3561 5166 sibi
3621 5112 3813 5169 multa

2152 5207 2351 5248 eorum
2377 5208 2503 5264 quae
2523 5193 2581 5250 in
2605 5212 2958 5269 unoquoque
2979 5197 3197 5254 editore
3218 5199 3810 5269 necessaria,nedum

2155 5286 2498 5339 ornamento
2529 5289 2687 5355 sunt,
2714 5287 2938 5343 deesse.
2971 5285 3200 5364 Etenim
3234 5292 3446 5360 prater
3473 5289 3812 5348 doctrinam

2152 5368 2410 5444 aliquam
2434 5372 2492 5428 in
2506 5372 2800 5448 theologia
2819 5374 3122 5448 polemica,
3139 5370 3254 5432 non
3276 5375 3605 5449 elegantem
3621 5379 3811 5458 illam,

2150 5461 2252 5515 sed
2276 5458 2453 5516 talem
2476 5479 2604 5534 quae
2626 5462 2872 5519 fortasse
2895 5462 3120 5518 numeri
3138 5449 3852 5540 examinatoris‘apdstfo’f

2151 5543 2245 5624 ligi
2265 5547 2403 5607 cleri
2423 5550 2668 5610 Romani
2683 5553 2996 5621 sufﬁceret,
3011 5551 3204 5612 omnis
3219 5553 3349 5626 ejus
3371 5554 3648 5626 eruditio,
3659 5573 3813 5630 pra:-
