  <div class='ocr_page' id='page_1' title='image "/cluster/home/n/w/nwhite01/storage/ocr_20150623/54/uva.x000827097/061.png"; bbox 0 0 3914 6232; ppageno 0'>
   <div class='ocr_carea' id='block_1_1' title="bbox 456 391 572 453">
    <p class='ocr_par' dir='ltr' id='par_1_1' title="bbox 456 391 572 453">
     <span class='ocr_line' id='line_1_1' title="bbox 456 391 572 453; baseline -0.009 -1"><span class='ocrx_word' id='word_1_1' title='bbox 456 391 572 453; x_wconf 87' lang='lat'>107</span> 
     </span>
    </p>
   </div>
   <div class='ocr_carea' id='block_1_2' title="bbox 894 385 3412 452">
    <p class='ocr_par' dir='ltr' id='par_1_2' title="bbox 894 385 3412 452">
     <span class='ocr_line' id='line_1_2' title="bbox 894 385 3412 452; baseline -0.001 -2"><span class='ocrx_word' id='word_1_2' title='bbox 894 389 1490 452; x_wconf 86' lang='lat' dir='ltr'>SCHOENEMANNI</span> <span class='ocrx_word' id='word_1_3' title='bbox 1534 390 1853 450; x_wconf 84' lang='lat' dir='ltr'>NOTITIA</span> <span class='ocrx_word' id='word_1_4' title='bbox 1900 386 2815 449; x_wconf 78' lang='lat' dir='ltr'>HlSTORlCO-LITTEBARIA</span> <span class='ocrx_word' id='word_1_5' title='bbox 2858 386 2936 447; x_wconf 88' lang='lat' dir='ltr'>IN</span> <span class='ocrx_word' id='word_1_6' title='bbox 2967 387 3034 448; x_wconf 72' lang='grc' dir='ltr'>ε.</span> <span class='ocrx_word' id='word_1_7' title='bbox 3067 385 3412 449; x_wconf 86' lang='lat' dir='ltr'>LEONEM.</span> 
     </span>
    </p>
   </div>
   <div class='ocr_carea' id='block_1_3' title="bbox 3750 384 3854 445">
    <p class='ocr_par' dir='ltr' id='par_1_3' title="bbox 3750 384 3854 445">
     <span class='ocr_line' id='line_1_3' title="bbox 3750 384 3854 445; baseline -0.01 0"><span class='ocrx_word' id='word_1_8' title='bbox 3750 384 3854 445; x_wconf 82' lang='lat'>108</span> 
     </span>
    </p>
   </div>
   <div class='ocr_carea' id='block_1_4' title="bbox 447 515 3852 594">
    <p class='ocr_par' dir='ltr' id='par_1_4' title="bbox 447 515 3852 594">
     <span class='ocr_line' id='line_1_4' title="bbox 447 515 3852 594; baseline -0.001 -18"><span class='ocrx_word' id='word_1_9' title='bbox 447 520 773 594; x_wconf 84' lang='lat' dir='ltr'>jiciuntur;</span> <span class='ocrx_word' id='word_1_10' title='bbox 802 526 1153 594; x_wconf 88' lang='lat' dir='ltr'>quem,quia</span> <span class='ocrx_word' id='word_1_11' title='bbox 1181 520 1458 578; x_wconf 81' lang='lat' dir='ltr'>beneficio</span> <span class='ocrx_word' id='word_1_12' title='bbox 1494 522 1552 577; x_wconf 89' lang='lat' dir='ltr'>D.</span> <span class='ocrx_word' id='word_1_13' title='bbox 1593 521 1723 578; x_wconf 85' lang='lat' dir='ltr'>Vion</span> <span class='ocrx_word' id='word_1_14' title='bbox 1776 519 2100 577; x_wconf 83' lang='lat' dir='ltr'>d’Heronval</span> <span class='ocrx_word' id='word_1_15' title='bbox 2129 520 2184 588; x_wconf 82' lang='grc' dir='ltr'><strong>Α</strong></span> <span class='ocrx_word' id='word_1_16' title='bbox 2214 517 2487 575; x_wconf 87' lang='lat' dir='ltr'>homilias</span> <span class='ocrx_word' id='word_1_17' title='bbox 2512 518 2572 573; x_wconf 92' lang='lat' dir='ltr'>in</span> <span class='ocrx_word' id='word_1_18' title='bbox 2603 516 2904 574; x_wconf 80' lang='lat' dir='ltr'>nocturnis</span> <span class='ocrx_word' id='word_1_19' title='bbox 2934 516 3149 575; x_wconf 86' lang='lat' dir='ltr'>divinis</span> <span class='ocrx_word' id='word_1_20' title='bbox 3177 516 3388 575; x_wconf 80' lang='lat' dir='ltr'>officiis</span> <span class='ocrx_word' id='word_1_21' title='bbox 3433 515 3772 575; x_wconf 80' lang='lat' dir='ltr'>recitandas</span> <span class='ocrx_word' id='word_1_22' title='bbox 3800 517 3852 571; x_wconf 88' lang='lat' dir='ltr'>in</span> 
     </span>
    </p>
   </div>
   <div class='ocr_carea' id='block_1_5' title="bbox 453 609 2095 683">
    <p class='ocr_par' dir='ltr' id='par_1_5' title="bbox 453 609 2095 683">
     <span class='ocr_line' id='line_1_5' title="bbox 453 609 2095 683; baseline -0.001 -17"><span class='ocrx_word' id='word_1_23' title='bbox 453 613 773 682; x_wconf 84' lang='lat' dir='ltr'>acceperat,</span> <span class='ocrx_word' id='word_1_24' title='bbox 801 609 1268 667; x_wconf 87' lang='lat' dir='ltr'>Herovallianum</span> <span class='ocrx_word' id='word_1_25' title='bbox 1299 609 1627 683; x_wconf 84' lang='lat' dir='ltr'>appellavit,</span> <span class='ocrx_word' id='word_1_26' title='bbox 1661 613 1975 682; x_wconf 79' lang='lat' dir='ltr'>antequam</span> <span class='ocrx_word' id='word_1_27' title='bbox 2008 626 2095 665; x_wconf 90' lang='lat' dir='ltr'>re-</span> 
     </span>
    </p>
   </div>
   <div class='ocr_carea' id='block_1_6' title="bbox 455 697 2096 756">
    <p class='ocr_par' dir='ltr' id='par_1_6' title="bbox 455 697 2096 756">
     <span class='ocr_line' id='line_1_6' title="bbox 455 697 2096 756; baseline 0 -2"><span class='ocrx_word' id='word_1_28' title='bbox 455 697 719 755; x_wconf 88' lang='lat' dir='ltr'>scivisset</span> <span class='ocrx_word' id='word_1_29' title='bbox 746 697 906 754; x_wconf 89' lang='lat' dir='ltr'>illam</span> <span class='ocrx_word' id='word_1_30' title='bbox 958 715 1087 756; x_wconf 89' lang='lat' dir='ltr'>esse</span> <span class='ocrx_word' id='word_1_31' title='bbox 1123 716 1191 755; x_wconf 87' lang='lat' dir='ltr'>ex</span> <span class='ocrx_word' id='word_1_32' title='bbox 1243 698 1391 755; x_wconf 90' lang='lat' dir='ltr'>Bibl.</span> <span class='ocrx_word' id='word_1_33' title='bbox 1438 699 1664 756; x_wconf 79' lang='lat' dir='ltr'>Antonii</span> <span class='ocrx_word' id='word_1_34' title='bbox 1702 702 1880 756; x_wconf 84' lang='lat' dir='ltr'>Faure</span> <span class='ocrx_word' id='word_1_35' title='bbox 1912 699 1977 755; x_wconf 95' lang='lat' dir='ltr'>D.</span> <span class='ocrx_word' id='word_1_36' title='bbox 2010 699 2096 755; x_wconf 92' lang='lat' dir='ltr'>th.</span> 
     </span>
    </p>
   </div>
   <div class='ocr_carea' id='block_1_7' title="bbox 453 785 2103 861">
    <p class='ocr_par' dir='ltr' id='par_1_7' title="bbox 453 785 2103 861">
     <span class='ocr_line' id='line_1_7' title="bbox 453 785 2103 861; baseline 0.001 -19"><span class='ocrx_word' id='word_1_37' title='bbox 453 785 747 844; x_wconf 79' lang='lat' dir='ltr'>facultatis</span> <span class='ocrx_word' id='word_1_38' title='bbox 778 785 960 843; x_wconf 89' lang='lat' dir='ltr'>Paris.</span> <span class='ocrx_word' id='word_1_39' title='bbox 987 786 1403 861; x_wconf 85' lang='lat' dir='ltr'>Eccl.metrop.</span> <span class='ocrx_word' id='word_1_40' title='bbox 1424 788 1729 846; x_wconf 81' lang='lat' dir='ltr'>Remensis</span> <span class='ocrx_word' id='word_1_41' title='bbox 1758 788 2021 846; x_wconf 82' lang='lat' dir='ltr'>canonici</span> <span class='ocrx_word' id='word_1_42' title='bbox 2045 791 2103 845; x_wconf 89' lang='lat' dir='ltr'>et</span> 
     </span>
    </p>
   </div>
   <div class='ocr_carea' id='block_1_8' title="bbox 448 872 1689 951">
    <p class='ocr_par' dir='ltr' id='par_1_8' title="bbox 448 872 1689 951">
     <span class='ocr_line' id='line_1_8' title="bbox 448 872 1689 951; baseline 0.002 -19"><span class='ocrx_word' id='word_1_43' title='bbox 448 872 649 932; x_wconf 88' lang='lat' dir='ltr'>vicarii</span> <span class='ocrx_word' id='word_1_44' title='bbox 679 874 970 948; x_wconf 82' lang='lat' dir='ltr'>generalis</span> <span class='ocrx_word' id='word_1_45' title='bbox 999 876 1256 951; x_wconf 82' lang='lat' dir='ltr'>episcopi</span> <span class='ocrx_word' id='word_1_46' title='bbox 1288 878 1689 935; x_wconf 87' lang='lat' dir='ltr'>Remensium.</span> 
     </span>
    </p>
   </div>
   <div class='ocr_carea' id='block_1_9' title="bbox 520 964 2101 1040">
    <p class='ocr_par' dir='ltr' id='par_1_9' title="bbox 520 964 2101 1040">
     <span class='ocr_line' id='line_1_9' title="bbox 520 964 2101 1040; baseline 0.004 -22"><span class='ocrx_word' id='word_1_47' title='bbox 520 965 575 1018; x_wconf 91' lang='lat'>7.</span> <span class='ocrx_word' id='word_1_48' title='bbox 609 964 955 1033; x_wconf 80' lang='lat' dir='ltr'>Oxoniensis,</span> <span class='ocrx_word' id='word_1_49' title='bbox 988 965 1166 1022; x_wconf 90' lang='lat' dir='ltr'>codex</span> <span class='ocrx_word' id='word_1_50' title='bbox 1193 983 1306 1022; x_wconf 91' lang='lat' dir='ltr'>ms.</span> <span class='ocrx_word' id='word_1_51' title='bbox 1338 967 1399 1021; x_wconf 91' lang='lat' dir='ltr'>in</span> <span class='ocrx_word' id='word_1_52' title='bbox 1440 983 1556 1039; x_wconf 89' lang='lat' dir='ltr'>quo</span> <span class='ocrx_word' id='word_1_53' title='bbox 1602 966 1769 1023; x_wconf 86' lang='lat' dir='ltr'>codex</span> <span class='ocrx_word' id='word_1_54' title='bbox 1792 984 1967 1039; x_wconf 88' lang='lat' dir='ltr'>quem</span> <span class='ocrx_word' id='word_1_55' title='bbox 1998 985 2101 1040; x_wconf 89' lang='lat' dir='ltr'>ap-</span> 
     </span>
    </p>
   </div>
   <div class='ocr_carea' id='block_1_10' title="bbox 452 1051 2105 1126">
    <p class='ocr_par' dir='ltr' id='par_1_10' title="bbox 452 1051 2105 1126">
     <span class='ocr_line' id='line_1_10' title="bbox 452 1051 2105 1126; baseline 0.002 -16"><span class='ocrx_word' id='word_1_56' title='bbox 452 1051 636 1126; x_wconf 82' lang='lat' dir='ltr'>pellat</span> <span class='ocrx_word' id='word_1_57' title='bbox 664 1053 1035 1122; x_wconf 88' lang='lat' dir='ltr'>Quesnellus,</span> <span class='ocrx_word' id='word_1_58' title='bbox 1087 1053 1368 1110; x_wconf 88' lang='lat' dir='ltr'>Canonum</span> <span class='ocrx_word' id='word_1_59' title='bbox 1421 1059 1472 1111; x_wconf 85' lang='lat' dir='ltr'>et</span> <span class='ocrx_word' id='word_1_60' title='bbox 1520 1054 1946 1112; x_wconf 76' lang='lat' dir='ltr'>Consiliatorum</span> <span class='ocrx_word' id='word_1_61' title='bbox 1986 1058 2105 1114; x_wconf 87' lang='lat' dir='ltr'>sedi</span> 
     </span>
    </p>
   </div>
   <div class='ocr_carea' id='block_1_11' title="bbox 454 1141 2101 1217">
    <p class='ocr_par' dir='ltr' id='par_1_11' title="bbox 454 1141 2101 1217">
     <span class='ocr_line' id='line_1_11' title="bbox 454 1141 2101 1217; baseline 0.002 -19"><span class='ocrx_word' id='word_1_62' title='bbox 454 1142 773 1215; x_wconf 68' lang='lat' dir='ltr'>apostolicx</span> <span class='ocrx_word' id='word_1_63' title='bbox 802 1158 937 1198; x_wconf 90' lang='lat' dir='ltr'>cum</span> <span class='ocrx_word' id='word_1_64' title='bbox 966 1141 1144 1198; x_wconf 89' lang='lat' dir='ltr'>variis</span> <span class='ocrx_word' id='word_1_65' title='bbox 1193 1142 1419 1213; x_wconf 89' lang='lat' dir='ltr'>Leonis,</span> <span class='ocrx_word' id='word_1_66' title='bbox 1455 1161 1583 1217; x_wconf 70' lang='lat' dir='ltr'>qua:</span> <span class='ocrx_word' id='word_1_67' title='bbox 1612 1145 1800 1201; x_wconf 89' lang='lat' dir='ltr'>eidem</span> <span class='ocrx_word' id='word_1_68' title='bbox 1832 1152 2101 1202; x_wconf 88' lang='lat' dir='ltr'>annecte-</span> 
     </span>
    </p>
   </div>
   <div class='ocr_carea' id='block_1_12' title="bbox 457 1229 2104 1308">
    <p class='ocr_par' dir='ltr' id='par_1_12' title="bbox 457 1229 2104 1308">
     <span class='ocr_line' id='line_1_12' title="bbox 457 1229 2104 1308; baseline 0.003 -23"><span class='ocrx_word' id='word_1_69' title='bbox 457 1230 693 1298; x_wconf 85' lang='lat' dir='ltr'>bantur,</span> <span class='ocrx_word' id='word_1_70' title='bbox 720 1246 969 1302; x_wconf 90' lang='lat' dir='ltr'>quorum</span> <span class='ocrx_word' id='word_1_71' title='bbox 1002 1229 1255 1286; x_wconf 87' lang='lat' dir='ltr'>indicem</span> <span class='ocrx_word' id='word_1_72' title='bbox 1288 1249 1405 1288; x_wconf 89' lang='lat' dir='ltr'>una</span> <span class='ocrx_word' id='word_1_73' title='bbox 1432 1248 1566 1289; x_wconf 90' lang='lat' dir='ltr'>cum</span> <span class='ocrx_word' id='word_1_74' title='bbox 1597 1235 1931 1308; x_wconf 87' lang='lat' dir='ltr'>apographo</span> <span class='ocrx_word' id='word_1_75' title='bbox 1952 1235 2104 1292; x_wconf 90' lang='lat' dir='ltr'>codi-</span> 
     </span>
    </p>
   </div>
   <div class='ocr_carea' id='block_1_13' title="bbox 459 1317 2105 1390">
    <p class='ocr_par' dir='ltr' id='par_1_13' title="bbox 459 1317 2105 1390">
     <span class='ocr_line' id='line_1_13' title="bbox 459 1317 2105 1390; baseline 0.004 -15"><span class='ocrx_word' id='word_1_76' title='bbox 459 1317 544 1375; x_wconf 88' lang='lat' dir='ltr'>cis</span> <span class='ocrx_word' id='word_1_77' title='bbox 584 1319 657 1376; x_wconf 86' lang='lat' dir='ltr'>ad</span> <span class='ocrx_word' id='word_1_78' title='bbox 689 1320 905 1385; x_wconf 87' lang='lat' dir='ltr'>Quesn.</span> <span class='ocrx_word' id='word_1_79' title='bbox 939 1319 1183 1375; x_wconf 86' lang='lat' dir='ltr'>miserat</span> <span class='ocrx_word' id='word_1_80' title='bbox 1224 1320 1288 1375; x_wconf 93' lang='lat' dir='ltr'>E.</span> <span class='ocrx_word' id='word_1_81' title='bbox 1322 1321 1673 1390; x_wconf 88' lang='lat' dir='ltr'>Bernardus,</span> <span class='ocrx_word' id='word_1_82' title='bbox 1733 1326 2105 1382; x_wconf 66' lang='lat' dir='ltr'>astronomiae</span> 
     </span>
    </p>
   </div>
   <div class='ocr_carea' id='block_1_14' title="bbox 457 1406 2101 1481">
    <p class='ocr_par' dir='ltr' id='par_1_14' title="bbox 457 1406 2101 1481">
     <span class='ocr_line' id='line_1_14' title="bbox 457 1406 2101 1481; baseline 0.005 -19"><span class='ocrx_word' id='word_1_83' title='bbox 457 1409 599 1462; x_wconf 89' lang='lat' dir='ltr'>tunc</span> <span class='ocrx_word' id='word_1_84' title='bbox 628 1406 690 1463; x_wconf 90' lang='lat' dir='ltr'>in</span> <span class='ocrx_word' id='word_1_85' title='bbox 722 1407 982 1464; x_wconf 89' lang='lat' dir='ltr'>academ.</span> <span class='ocrx_word' id='word_1_86' title='bbox 1013 1407 1114 1465; x_wconf 83' lang='lat' dir='ltr'>Ox.</span> <span class='ocrx_word' id='word_1_87' title='bbox 1148 1409 1460 1481; x_wconf 84' lang='lat' dir='ltr'>professor.</span> <span class='ocrx_word' id='word_1_88' title='bbox 1491 1412 1840 1468; x_wconf 84' lang='lat' dir='ltr'>Servabatur</span> <span class='ocrx_word' id='word_1_89' title='bbox 1866 1412 1925 1468; x_wconf 87' lang='lat' dir='ltr'>in</span> <span class='ocrx_word' id='word_1_90' title='bbox 1957 1415 2101 1471; x_wconf 92' lang='lat' dir='ltr'>Bibl.</span> 
     </span>
    </p>
   </div>
   <div class='ocr_carea' id='block_1_15' title="bbox 461 1495 1463 1568">
    <p class='ocr_par' dir='ltr' id='par_1_15' title="bbox 461 1495 1463 1568">
     <span class='ocr_line' id='line_1_15' title="bbox 461 1495 1463 1568; baseline 0.003 -15"><span class='ocrx_word' id='word_1_91' title='bbox 461 1495 563 1553; x_wconf 86' lang='lat' dir='ltr'>0x.</span> <span class='ocrx_word' id='word_1_92' title='bbox 592 1496 814 1566; x_wconf 76' lang='lat' dir='ltr'>collegii</span> <span class='ocrx_word' id='word_1_93' title='bbox 843 1496 1154 1565; x_wconf 83' lang='lat' dir='ltr'>Crielensis,</span> <span class='ocrx_word' id='word_1_94' title='bbox 1187 1515 1245 1553; x_wconf 82' lang='grc' dir='ltr'>η.</span> <span class='ocrx_word' id='word_1_95' title='bbox 1276 1498 1367 1568; x_wconf 89' lang='grc'>91,</span> <span class='ocrx_word' id='word_1_96' title='bbox 1399 1501 1463 1556; x_wconf 89' lang='grc' dir='ltr'>Β.</span> 
     </span>
    </p>
   </div>
   <div class='ocr_carea' id='block_1_16' title="bbox 529 1585 2105 1662">
    <p class='ocr_par' dir='ltr' id='par_1_16' title="bbox 529 1585 2105 1662">
     <span class='ocr_line' id='line_1_16' title="bbox 529 1585 2105 1662; baseline 0.004 -21"><span class='ocrx_word' id='word_1_97' title='bbox 529 1586 583 1641; x_wconf 92' lang='grc'>8.</span> <span class='ocrx_word' id='word_1_98' title='bbox 607 1585 979 1655; x_wconf 82' lang='lat' dir='ltr'>Remigianus.</span> <span class='ocrx_word' id='word_1_99' title='bbox 1013 1587 1194 1643; x_wconf 84' lang='lat' dir='ltr'>codex</span> <span class='ocrx_word' id='word_1_100' title='bbox 1227 1587 1768 1661; x_wconf 87' lang='lat' dir='ltr'>ms.Epistolarum,</span> <span class='ocrx_word' id='word_1_101' title='bbox 1802 1591 1973 1662; x_wconf 82' lang='lat' dir='ltr'>cujus</span> <span class='ocrx_word' id='word_1_102' title='bbox 2004 1608 2105 1647; x_wconf 92' lang='lat' dir='ltr'>no-</span> 
     </span>
    </p>
   </div>
   <div class='ocr_carea' id='block_1_17' title="bbox 457 1674 2105 1753">
    <p class='ocr_par' dir='ltr' id='par_1_17' title="bbox 457 1674 2105 1753">
     <span class='ocr_line' id='line_1_17' title="bbox 457 1674 2105 1753; baseline 0.003 -22"><span class='ocrx_word' id='word_1_103' title='bbox 457 1674 649 1731; x_wconf 89' lang='lat' dir='ltr'>titiam</span> <span class='ocrx_word' id='word_1_104' title='bbox 674 1678 732 1731; x_wconf 93' lang='lat' dir='ltr'>et</span> <span class='ocrx_word' id='word_1_105' title='bbox 758 1675 950 1731; x_wconf 88' lang='lat' dir='ltr'>varias</span> <span class='ocrx_word' id='word_1_106' title='bbox 981 1674 1257 1733; x_wconf 85' lang='lat' dir='ltr'>lectiones</span> <span class='ocrx_word' id='word_1_107' title='bbox 1287 1694 1356 1734; x_wconf 90' lang='lat' dir='ltr'>ex</span> <span class='ocrx_word' id='word_1_108' title='bbox 1394 1677 1542 1733; x_wconf 89' lang='lat' dir='ltr'>Bibl.</span> <span class='ocrx_word' id='word_1_109' title='bbox 1576 1679 1634 1734; x_wconf 91' lang='lat' dir='ltr'>S.</span> <span class='ocrx_word' id='word_1_110' title='bbox 1693 1679 1940 1753; x_wconf 75' lang='lat' dir='ltr'>Remigii</span> <span class='ocrx_word' id='word_1_111' title='bbox 1998 1681 2105 1736; x_wconf 85' lang='lat' dir='ltr'>Ro-</span> 
     </span>
    </p>
   </div>
   <div class='ocr_carea' id='block_1_18' title="bbox 458 1763 2108 1837">
    <p class='ocr_par' dir='ltr' id='par_1_18' title="bbox 458 1763 2108 1837">
     <span class='ocr_line' id='line_1_18' title="bbox 458 1763 2108 1837; baseline 0.003 -17"><span class='ocrx_word' id='word_1_112' title='bbox 458 1763 681 1821; x_wconf 90' lang='lat' dir='ltr'>mensis</span> <span class='ocrx_word' id='word_1_113' title='bbox 712 1763 1187 1837; x_wconf 90' lang='lat' dir='ltr'>suppeditaverat</span> <span class='ocrx_word' id='word_1_114' title='bbox 1214 1765 1280 1821; x_wconf 92' lang='lat' dir='ltr'>D.</span> <span class='ocrx_word' id='word_1_115' title='bbox 1310 1766 1514 1822; x_wconf 88' lang='lat' dir='ltr'>Franc.</span> <span class='ocrx_word' id='word_1_116' title='bbox 1569 1766 1796 1835; x_wconf 89' lang='lat' dir='ltr'>Delfau,</span> <span class='ocrx_word' id='word_1_117' title='bbox 1828 1768 2108 1825; x_wconf 88' lang='lat' dir='ltr'>Benedic-</span> 
     </span>
    </p>
   </div>
   <div class='ocr_carea' id='block_1_19' title="bbox 457 1852 1197 1926">
    <p class='ocr_par' dir='ltr' id='par_1_19' title="bbox 457 1852 1197 1926">
     <span class='ocr_line' id='line_1_19' title="bbox 457 1852 1197 1926; baseline -0.001 -17"><span class='ocrx_word' id='word_1_118' title='bbox 457 1852 620 1909; x_wconf 90' lang='lat' dir='ltr'>tinus</span> <span class='ocrx_word' id='word_1_119' title='bbox 652 1853 1197 1926; x_wconf 87' lang='lat' dir='ltr'>Sangermanensis.</span> 
     </span>
    </p>
   </div>
   <div class='ocr_carea' id='block_1_20' title="bbox 436 1942 2108 2004">
    <p class='ocr_par' dir='ltr' id='par_1_20' title="bbox 436 1942 2108 2004">
     <span class='ocr_line' id='line_1_20' title="bbox 436 1942 2108 2004; baseline 0.005 -8"><span class='ocrx_word' id='word_1_120' title='bbox 436 1951 441 1954; x_wconf 79' lang='lat'><strong>&#39;</strong></span> <span class='ocrx_word' id='word_1_121' title='bbox 529 1942 585 1997; x_wconf 84' lang='lat'>9.</span> <span class='ocrx_word' id='word_1_122' title='bbox 618 1942 899 1998; x_wconf 75' lang='lat' dir='ltr'>Thuanei:</span> <span class='ocrx_word' id='word_1_123' title='bbox 926 1943 983 1997; x_wconf 88' lang='lat'><strong>1°</strong></span> <span class='ocrx_word' id='word_1_124' title='bbox 1010 1943 1191 1998; x_wconf 84' lang='lat' dir='ltr'>codex</span> <span class='ocrx_word' id='word_1_125' title='bbox 1224 1947 1336 1998; x_wconf 77' lang='lat' dir='ltr'>‘ms.</span> <span class='ocrx_word' id='word_1_126' title='bbox 1371 1943 1673 2000; x_wconf 90' lang='lat' dir='ltr'>Canonum</span> <span class='ocrx_word' id='word_1_127' title='bbox 1714 1949 1771 2001; x_wconf 90' lang='lat' dir='ltr'>et</span> <span class='ocrx_word' id='word_1_128' title='bbox 1790 1946 1986 2003; x_wconf 87' lang='lat' dir='ltr'>Const.</span> <span class='ocrx_word' id='word_1_129' title='bbox 2016 1964 2108 2004; x_wconf 88' lang='lat' dir='ltr'>se-</span> 
     </span>
    </p>
   </div>
   <div class='ocr_carea' id='block_1_21' title="bbox 462 2029 2105 2107">
    <p class='ocr_par' dir='ltr' id='par_1_21' title="bbox 462 2029 2105 2107">
     <span class='ocr_line' id='line_1_21' title="bbox 462 2029 2105 2107; baseline 0.004 -21"><span class='ocrx_word' id='word_1_130' title='bbox 462 2029 555 2086; x_wconf 88' lang='lat' dir='ltr'>dis</span> <span class='ocrx_word' id='word_1_131' title='bbox 580 2034 767 2102; x_wconf 88' lang='lat' dir='ltr'>apost.</span> <span class='ocrx_word' id='word_1_132' title='bbox 798 2046 933 2084; x_wconf 90' lang='lat' dir='ltr'>cum</span> <span class='ocrx_word' id='word_1_133' title='bbox 953 2030 1195 2103; x_wconf 82' lang='lat' dir='ltr'>triginta</span> <span class='ocrx_word' id='word_1_134' title='bbox 1210 2031 1922 2107; x_wconf 87' lang='lat' dir='ltr'>tribusLeonisEpistolis,</span> <span class='ocrx_word' id='word_1_135' title='bbox 1952 2054 2105 2092; x_wconf 86' lang='lat' dir='ltr'>num.</span> 
     </span>
    </p>
   </div>
   <div class='ocr_carea' id='block_1_22' title="bbox 467 2117 2110 2199">
    <p class='ocr_par' dir='ltr' id='par_1_22' title="bbox 467 2117 2110 2199">
     <span class='ocr_line' id='line_1_22' title="bbox 467 2117 2110 2199; baseline 0.005 -26"><span class='ocrx_word' id='word_1_136' title='bbox 467 2119 604 2185; x_wconf 88' lang='lat'>129;</span> <span class='ocrx_word' id='word_1_137' title='bbox 634 2120 695 2172; x_wconf 89' lang='lat'>2°</span> <span class='ocrx_word' id='word_1_138' title='bbox 717 2118 894 2174; x_wconf 87' lang='lat' dir='ltr'>codex</span> <span class='ocrx_word' id='word_1_139' title='bbox 926 2134 1037 2174; x_wconf 89' lang='lat' dir='ltr'>ms.</span> <span class='ocrx_word' id='word_1_140' title='bbox 1071 2117 1129 2173; x_wconf 90' lang='lat' dir='ltr'>in</span> <span class='ocrx_word' id='word_1_141' title='bbox 1162 2136 1278 2191; x_wconf 91' lang='lat' dir='ltr'>quo</span> <span class='ocrx_word' id='word_1_142' title='bbox 1307 2119 1505 2192; x_wconf 89' lang='lat' dir='ltr'>plures</span> <span class='ocrx_word' id='word_1_143' title='bbox 1525 2122 1799 2193; x_wconf 78' lang='lat' dir='ltr'>Epistolm</span> <span class='ocrx_word' id='word_1_144' title='bbox 1832 2126 1903 2180; x_wconf 88' lang='lat' dir='ltr'>ad</span> <span class='ocrx_word' id='word_1_145' title='bbox 1936 2142 2110 2199; x_wconf 80' lang='lat' dir='ltr'>syno-</span> 
     </span>
    </p>
   </div>
   <div class='ocr_carea' id='block_1_23' title="bbox 466 2204 2109 2270">
    <p class='ocr_par' dir='ltr' id='par_1_23' title="bbox 466 2204 2109 2270">
     <span class='ocr_line' id='line_1_23' title="bbox 466 2204 2109 2270; baseline 0.005 -9"><span class='ocrx_word' id='word_1_146' title='bbox 466 2207 608 2262; x_wconf 87' lang='lat' dir='ltr'>dum</span> <span class='ocrx_word' id='word_1_147' title='bbox 638 2204 1169 2263; x_wconf 86' lang='lat' dir='ltr'>Chalcedonensem</span> <span class='ocrx_word' id='word_1_148' title='bbox 1218 2212 1277 2264; x_wconf 89' lang='lat' dir='ltr'>et</span> <span class='ocrx_word' id='word_1_149' title='bbox 1332 2209 1403 2264; x_wconf 91' lang='lat' dir='ltr'>ad</span> <span class='ocrx_word' id='word_1_150' title='bbox 1452 2208 1809 2268; x_wconf 82' lang='lat' dir='ltr'>Arelatensis</span> <span class='ocrx_word' id='word_1_151' title='bbox 1839 2213 2109 2270; x_wconf 68' lang='lat' dir='ltr'>Ecclesia:</span> 
     </span>
    </p>
   </div>
   <div class='ocr_carea' id='block_1_24' title="bbox 465 2292 2106 2369">
    <p class='ocr_par' dir='ltr' id='par_1_24' title="bbox 465 2292 2106 2369">
     <span class='ocr_line' id='line_1_24' title="bbox 465 2292 2106 2369; baseline 0.007 -20"><span class='ocrx_word' id='word_1_152' title='bbox 465 2292 769 2368; x_wconf 86' lang='lat' dir='ltr'>privilegia</span> <span class='ocrx_word' id='word_1_153' title='bbox 797 2294 1325 2367; x_wconf 88' lang='lat' dir='ltr'>pertinentes,item</span> <span class='ocrx_word' id='word_1_154' title='bbox 1356 2298 1624 2369; x_wconf 71' lang='lat' dir='ltr'>Epistolas</span> <span class='ocrx_word' id='word_1_155' title='bbox 1658 2299 1911 2357; x_wconf 86' lang='lat' dir='ltr'>Flaviani</span> <span class='ocrx_word' id='word_1_156' title='bbox 1945 2304 2016 2359; x_wconf 88' lang='lat' dir='ltr'>ad</span> <span class='ocrx_word' id='word_1_157' title='bbox 2047 2305 2106 2361; x_wconf 92' lang='lat' dir='ltr'>S.</span> 
     </span>
    </p>
   </div>
   <div class='ocr_carea' id='block_1_25' title="bbox 463 2383 2108 2462">
    <p class='ocr_par' dir='ltr' id='par_1_25' title="bbox 463 2383 2108 2462">
     <span class='ocr_line' id='line_1_25' title="bbox 463 2383 2108 2462; baseline 0.007 -23"><span class='ocrx_word' id='word_1_158' title='bbox 463 2383 713 2440; x_wconf 88' lang='lat' dir='ltr'>Leonem</span> <span class='ocrx_word' id='word_1_159' title='bbox 744 2383 935 2439; x_wconf 89' lang='lat' dir='ltr'>versio</span> <span class='ocrx_word' id='word_1_160' title='bbox 965 2388 1136 2440; x_wconf 88' lang='lat' dir='ltr'>antea</span> <span class='ocrx_word' id='word_1_161' title='bbox 1163 2402 1278 2440; x_wconf 90' lang='lat' dir='ltr'>non</span> <span class='ocrx_word' id='word_1_162' title='bbox 1326 2387 1501 2453; x_wconf 88' lang='lat' dir='ltr'>edita,</span> <span class='ocrx_word' id='word_1_163' title='bbox 1536 2386 1764 2461; x_wconf 89' lang='lat' dir='ltr'>aliaque</span> <span class='ocrx_word' id='word_1_164' title='bbox 1790 2391 2044 2462; x_wconf 87' lang='lat' dir='ltr'>primum</span> <span class='ocrx_word' id='word_1_165' title='bbox 2077 2411 2108 2450; x_wconf 89' lang='lat' dir='ltr'>e</span> 
     </span>
    </p>
   </div>
   <div class='ocr_carea' id='block_1_26' title="bbox 463 2471 2109 2544">
    <p class='ocr_par' dir='ltr' id='par_1_26' title="bbox 463 2471 2109 2544">
     <span class='ocr_line' id='line_1_26' title="bbox 463 2471 2109 2544; baseline 0.006 -16"><span class='ocrx_word' id='word_1_166' title='bbox 463 2471 723 2529; x_wconf 86' lang='lat' dir='ltr'>tenebris</span> <span class='ocrx_word' id='word_1_167' title='bbox 752 2476 936 2541; x_wconf 87' lang='lat' dir='ltr'>eruta,</span> <span class='ocrx_word' id='word_1_168' title='bbox 967 2490 1122 2529; x_wconf 85' lang='lat' dir='ltr'>num.</span> <span class='ocrx_word' id='word_1_169' title='bbox 1153 2475 1292 2544; x_wconf 89' lang='lat'>780;</span> <span class='ocrx_word' id='word_1_170' title='bbox 1319 2475 1380 2530; x_wconf 88' lang='lat'>3°</span> <span class='ocrx_word' id='word_1_171' title='bbox 1399 2475 1575 2531; x_wconf 82' lang='lat' dir='ltr'>codex</span> <span class='ocrx_word' id='word_1_172' title='bbox 1597 2477 2007 2536; x_wconf 89' lang='lat' dir='ltr'>ms.librorum</span> <span class='ocrx_word' id='word_1_173' title='bbox 2038 2481 2109 2538; x_wconf 92' lang='lat' dir='ltr'>de</span> 
     </span>
    </p>
   </div>
   <div class='ocr_carea' id='block_1_27' title="bbox 462 2558 2107 2641">
    <p class='ocr_par' dir='ltr' id='par_1_27' title="bbox 462 2558 2107 2641">
     <span class='ocr_line' id='line_1_27' title="bbox 462 2558 2107 2641; baseline 0.007 -26"><span class='ocrx_word' id='word_1_174' title='bbox 462 2558 780 2619; x_wconf 83' lang='lat' dir='ltr'>Vocatione</span> <span class='ocrx_word' id='word_1_175' title='bbox 804 2561 1070 2618; x_wconf 89' lang='lat' dir='ltr'>omnium</span> <span class='ocrx_word' id='word_1_176' title='bbox 1099 2562 1445 2636; x_wconf 86' lang='lat' dir='ltr'>gentium,et</span> <span class='ocrx_word' id='word_1_177' title='bbox 1464 2562 1687 2638; x_wconf 89' lang='lat' dir='ltr'>aliquot</span> <span class='ocrx_word' id='word_1_178' title='bbox 1717 2568 2107 2641; x_wconf 85' lang='lat' dir='ltr'>Epistolarum</span> 
     </span>
    </p>
   </div>
   <div class='ocr_carea' id='block_1_28' title="bbox 463 2649 2106 2729">
    <p class='ocr_par' dir='ltr' id='par_1_28' title="bbox 463 2649 2106 2729">
     <span class='ocr_line' id='line_1_28' title="bbox 463 2649 2106 2729; baseline 0.005 -22"><span class='ocrx_word' id='word_1_179' title='bbox 463 2650 523 2707; x_wconf 89' lang='lat' dir='ltr'>S.</span> <span class='ocrx_word' id='word_1_180' title='bbox 554 2649 780 2719; x_wconf 83' lang='lat' dir='ltr'>Leonis,</span> <span class='ocrx_word' id='word_1_181' title='bbox 818 2667 974 2707; x_wconf 80' lang='lat' dir='ltr'>num.</span> <span class='ocrx_word' id='word_1_182' title='bbox 1021 2652 1161 2708; x_wconf 83' lang='lat'>729:</span> <span class='ocrx_word' id='word_1_183' title='bbox 1211 2653 1269 2707; x_wconf 86' lang='grc' dir='ltr'>4ο</span> <span class='ocrx_word' id='word_1_184' title='bbox 1312 2654 1491 2710; x_wconf 84' lang='lat' dir='ltr'>codex</span> <span class='ocrx_word' id='word_1_185' title='bbox 1546 2672 1658 2711; x_wconf 89' lang='lat' dir='ltr'>ms.</span> <span class='ocrx_word' id='word_1_186' title='bbox 1716 2655 2106 2729; x_wconf 89' lang='lat' dir='ltr'>plurimarum</span> 
     </span>
    </p>
   </div>
   <div class='ocr_carea' id='block_1_29' title="bbox 459 2738 2107 2817">
    <p class='ocr_par' dir='ltr' id='par_1_29' title="bbox 459 2738 2107 2817">
     <span class='ocr_line' id='line_1_29' title="bbox 459 2738 2107 2817; baseline 0.006 -21"><span class='ocrx_word' id='word_1_187' title='bbox 459 2738 854 2812; x_wconf 88' lang='lat' dir='ltr'>Epistolarum</span> <span class='ocrx_word' id='word_1_188' title='bbox 878 2740 936 2796; x_wconf 92' lang='lat' dir='ltr'>S.</span> <span class='ocrx_word' id='word_1_189' title='bbox 970 2740 1182 2797; x_wconf 91' lang='lat' dir='ltr'>Leonis</span> <span class='ocrx_word' id='word_1_190' title='bbox 1202 2746 1458 2811; x_wconf 89' lang='lat' dir='ltr'>notatus,</span> <span class='ocrx_word' id='word_1_191' title='bbox 1491 2761 1645 2800; x_wconf 85' lang='lat' dir='ltr'>num.</span> <span class='ocrx_word' id='word_1_192' title='bbox 1669 2746 1808 2817; x_wconf 62' lang='lat'>432;</span> <span class='ocrx_word' id='word_1_193' title='bbox 1838 2748 1896 2803; x_wconf 80' lang='lat'>5&#39;</span> <span class='ocrx_word' id='word_1_194' title='bbox 1927 2750 2107 2806; x_wconf 85' lang='lat' dir='ltr'>codex</span> 
     </span>
    </p>
   </div>
   <div class='ocr_carea' id='block_1_30' title="bbox 461 2829 2106 2896">
    <p class='ocr_par' dir='ltr' id='par_1_30' title="bbox 461 2829 2106 2896">
     <span class='ocr_line' id='line_1_30' title="bbox 461 2829 2106 2896; baseline 0.007 -12"><span class='ocrx_word' id='word_1_195' title='bbox 461 2844 574 2885; x_wconf 91' lang='lat' dir='ltr'>ms.</span> <span class='ocrx_word' id='word_1_196' title='bbox 606 2831 906 2895; x_wconf 87' lang='lat' dir='ltr'>Canonum</span> <span class='ocrx_word' id='word_1_197' title='bbox 937 2833 995 2886; x_wconf 91' lang='lat' dir='ltr'>et</span> <span class='ocrx_word' id='word_1_198' title='bbox 1041 2829 1415 2888; x_wconf 88' lang='lat' dir='ltr'>Decretorum</span> <span class='ocrx_word' id='word_1_199' title='bbox 1463 2833 1567 2889; x_wconf 92' lang='lat' dir='ltr'>PP.</span> <span class='ocrx_word' id='word_1_200' title='bbox 1602 2834 1770 2892; x_wconf 83' lang='lat' dir='ltr'>Rom.</span> <span class='ocrx_word' id='word_1_201' title='bbox 1803 2838 2106 2896; x_wconf 89' lang='lat' dir='ltr'>collectore</span> 
     </span>
    </p>
   </div>
   <div class='ocr_carea' id='block_1_31' title="bbox 459 2912 2107 2992">
    <p class='ocr_par' dir='ltr' id='par_1_31' title="bbox 459 2912 2107 2992">
     <span class='ocr_line' id='line_1_31' title="bbox 459 2912 2107 2992; baseline 0.007 -19"><span class='ocrx_word' id='word_1_202' title='bbox 459 2912 736 2991; x_wconf 84' lang='lat' dir='ltr'>Dionysio</span> <span class='ocrx_word' id='word_1_203' title='bbox 760 2918 981 2992; x_wconf 84' lang='lat' dir='ltr'>Exiguo</span> <span class='ocrx_word' id='word_1_204' title='bbox 1007 2937 1020 2988; x_wconf 89' lang='lat'><strong>;</strong></span> <span class='ocrx_word' id='word_1_205' title='bbox 1052 2921 1132 2988; x_wconf 84' lang='lat'>6°,</span> <span class='ocrx_word' id='word_1_206' title='bbox 1162 2921 1241 2983; x_wconf 89' lang='lat'>7°,</span> <span class='ocrx_word' id='word_1_207' title='bbox 1273 2920 1351 2986; x_wconf 88' lang='grc' dir='ltr'>8ο,</span> <span class='ocrx_word' id='word_1_208' title='bbox 1381 2922 1610 2980; x_wconf 92' lang='lat' dir='ltr'>codices</span> <span class='ocrx_word' id='word_1_209' title='bbox 1663 2941 1808 2982; x_wconf 89' lang='lat' dir='ltr'>mss.</span> <span class='ocrx_word' id='word_1_210' title='bbox 1855 2930 1974 2984; x_wconf 89' lang='lat' dir='ltr'>tres</span> <span class='ocrx_word' id='word_1_211' title='bbox 2006 2928 2107 2984; x_wconf 89' lang='lat' dir='ltr'>Isi-</span> 
     </span>
    </p>
   </div>
   <div class='ocr_carea' id='block_1_32' title="bbox 460 3005 2102 3086">
    <p class='ocr_par' dir='ltr' id='par_1_32' title="bbox 460 3005 2102 3086">
     <span class='ocr_line' id='line_1_32' title="bbox 460 3005 2102 3086; baseline 0.008 -25"><span class='ocrx_word' id='word_1_212' title='bbox 460 3005 713 3062; x_wconf 63' lang='lat' dir='ltr'>dorianx</span> <span class='ocrx_word' id='word_1_213' title='bbox 742 3007 1131 3065; x_wconf 75' lang='lat' dir='ltr'>Conciliorum</span> <span class='ocrx_word' id='word_1_214' title='bbox 1161 3012 1216 3065; x_wconf 92' lang='lat' dir='ltr'>et</span> <span class='ocrx_word' id='word_1_215' title='bbox 1249 3009 1680 3082; x_wconf 85' lang='lat' dir='ltr'>pontiﬁciarum</span> <span class='ocrx_word' id='word_1_216' title='bbox 1712 3015 2102 3086; x_wconf 88' lang='lat' dir='ltr'>Epistolarum</span> 
     </span>
    </p>
   </div>
   <div class='ocr_carea' id='block_1_33' title="bbox 460 3093 2101 3178">
    <p class='ocr_par' dir='ltr' id='par_1_33' title="bbox 460 3093 2101 3178">
     <span class='ocr_line' id='line_1_33' title="bbox 460 3093 2101 3178; baseline 0.005 -26"><span class='ocrx_word' id='word_1_217' title='bbox 460 3093 861 3165; x_wconf 87' lang='lat' dir='ltr'>Collectionis;</span> <span class='ocrx_word' id='word_1_218' title='bbox 881 3098 942 3151; x_wconf 87' lang='lat'>9°</span> <span class='ocrx_word' id='word_1_219' title='bbox 971 3098 1151 3154; x_wconf 85' lang='lat' dir='ltr'>codex</span> <span class='ocrx_word' id='word_1_220' title='bbox 1179 3099 1438 3155; x_wconf 90' lang='lat' dir='ltr'>ms.Can.</span> <span class='ocrx_word' id='word_1_221' title='bbox 1472 3105 1529 3155; x_wconf 90' lang='lat' dir='ltr'>et</span> <span class='ocrx_word' id='word_1_222' title='bbox 1556 3101 1929 3159; x_wconf 87' lang='lat' dir='ltr'>Decretorum</span> <span class='ocrx_word' id='word_1_223' title='bbox 1958 3122 2101 3178; x_wconf 90' lang='lat' dir='ltr'>pon-</span> 
     </span>
    </p>
   </div>
   <div class='ocr_carea' id='block_1_34' title="bbox 459 3184 2101 3267">
    <p class='ocr_par' dir='ltr' id='par_1_34' title="bbox 459 3184 2101 3267">
     <span class='ocr_line' id='line_1_34' title="bbox 459 3184 2101 3267; baseline 0.007 -27"><span class='ocrx_word' id='word_1_224' title='bbox 459 3184 685 3241; x_wconf 79' lang='lat' dir='ltr'>tiﬁcum</span> <span class='ocrx_word' id='word_1_225' title='bbox 710 3186 900 3254; x_wconf 82' lang='lat' dir='ltr'>Rom.,</span> <span class='ocrx_word' id='word_1_226' title='bbox 936 3186 1128 3259; x_wconf 90' lang='lat' dir='ltr'>qualis</span> <span class='ocrx_word' id='word_1_227' title='bbox 1158 3188 1349 3244; x_wconf 91' lang='lat' dir='ltr'>editus</span> <span class='ocrx_word' id='word_1_228' title='bbox 1382 3189 1693 3261; x_wconf 68' lang='lat' dir='ltr'>Moguntiae</span> <span class='ocrx_word' id='word_1_229' title='bbox 1726 3208 1779 3246; x_wconf 90' lang='lat' dir='ltr'>a.</span> <span class='ocrx_word' id='word_1_230' title='bbox 1816 3194 1970 3264; x_wconf 85' lang='lat'>1525,</span> <span class='ocrx_word' id='word_1_231' title='bbox 2003 3195 2101 3267; x_wconf 89' lang='lat' dir='ltr'>qui</span> 
     </span>
    </p>
   </div>
   <div class='ocr_carea' id='block_1_35' title="bbox 2209 607 3853 679">
    <p class='ocr_par' dir='ltr' id='par_1_35' title="bbox 2209 607 3853 679">
     <span class='ocr_line' id='line_1_35' title="bbox 2209 607 3853 679; baseline -0.001 -15"><span class='ocrx_word' id='word_1_232' title='bbox 2209 607 2399 664; x_wconf 84' lang='lat' dir='ltr'>Natali</span> <span class='ocrx_word' id='word_1_233' title='bbox 2430 612 2486 663; x_wconf 84' lang='lat' dir='ltr'>S.</span> <span class='ocrx_word' id='word_1_234' title='bbox 2512 607 2741 675; x_wconf 89' lang='lat' dir='ltr'>Leonis,</span> <span class='ocrx_word' id='word_1_235' title='bbox 2791 607 3090 679; x_wconf 89' lang='lat' dir='ltr'>Passione,</span> <span class='ocrx_word' id='word_1_236' title='bbox 3142 607 3611 678; x_wconf 81' lang='lat' dir='ltr'>Resurrsctione,</span> <span class='ocrx_word' id='word_1_237' title='bbox 3643 607 3853 663; x_wconf 85' lang='lat' dir='ltr'>Ascen-</span> 
     </span>
    </p>
   </div>
   <div class='ocr_carea' id='block_1_36' title="bbox 2210 696 3851 769">
    <p class='ocr_par' dir='ltr' id='par_1_36' title="bbox 2210 696 3851 769">
     <span class='ocr_line' id='line_1_36' title="bbox 2210 696 3851 769; baseline -0.001 -17"><span class='ocrx_word' id='word_1_238' title='bbox 2210 696 2375 754; x_wconf 90' lang='lat' dir='ltr'>sione</span> <span class='ocrx_word' id='word_1_239' title='bbox 2406 696 2660 762; x_wconf 89' lang='lat' dir='ltr'>Domini,</span> <span class='ocrx_word' id='word_1_240' title='bbox 2685 700 2745 753; x_wconf 90' lang='lat' dir='ltr'>et</span> <span class='ocrx_word' id='word_1_241' title='bbox 2776 697 3131 766; x_wconf 84' lang='lat' dir='ltr'>Pentecoste,</span> <span class='ocrx_word' id='word_1_242' title='bbox 3162 701 3339 769; x_wconf 88' lang='lat' dir='ltr'>atque</span> <span class='ocrx_word' id='word_1_243' title='bbox 3394 696 3465 753; x_wconf 90' lang='lat' dir='ltr'>de</span> <span class='ocrx_word' id='word_1_244' title='bbox 3521 700 3851 753; x_wconf 87' lang='lat' dir='ltr'>sanctorum</span> 
     </span>
    </p>
   </div>
   <div class='ocr_carea' id='block_1_37' title="bbox 2209 784 3849 859">
    <p class='ocr_par' dir='ltr' id='par_1_37' title="bbox 2209 784 3849 859">
     <span class='ocr_line' id='line_1_37' title="bbox 2209 784 3849 859; baseline -0.001 -17"><span class='ocrx_word' id='word_1_245' title='bbox 2209 784 2604 859; x_wconf 86' lang='lat' dir='ltr'>apostolorum</span> <span class='ocrx_word' id='word_1_246' title='bbox 2628 785 2778 841; x_wconf 93' lang='lat' dir='ltr'>Petri</span> <span class='ocrx_word' id='word_1_247' title='bbox 2811 789 2867 841; x_wconf 90' lang='lat' dir='ltr'>et</span> <span class='ocrx_word' id='word_1_248' title='bbox 2897 784 3059 841; x_wconf 87' lang='lat' dir='ltr'>Pauli</span> <span class='ocrx_word' id='word_1_249' title='bbox 3077 784 3569 842; x_wconf 83' lang='lat' dir='ltr'>solemnitatibus.</span> <span class='ocrx_word' id='word_1_250' title='bbox 3590 784 3849 841; x_wconf 86' lang='lat' dir='ltr'>Scr.cur-</span> 
     </span>
    </p>
   </div>
   <div class='ocr_carea' id='block_1_38' title="bbox 2211 874 3852 943">
    <p class='ocr_par' dir='ltr' id='par_1_38' title="bbox 2211 874 3852 943">
     <span class='ocr_line' id='line_1_38' title="bbox 2211 874 3852 943; baseline 0 -13"><span class='ocrx_word' id='word_1_251' title='bbox 2211 879 2375 932; x_wconf 89' lang='lat' dir='ltr'>rente</span> <span class='ocrx_word' id='word_1_252' title='bbox 2406 892 2537 931; x_wconf 67' lang='lat' dir='ltr'>sane.</span> <span class='ocrx_word' id='word_1_253' title='bbox 2567 892 2691 943; x_wconf 82' lang='lat' dir='ltr'>VIII,</span> <span class='ocrx_word' id='word_1_254' title='bbox 2718 874 2999 931; x_wconf 86' lang='lat' dir='ltr'>Romanis</span> <span class='ocrx_word' id='word_1_255' title='bbox 3028 874 3463 931; x_wconf 76' lang='lat' dir='ltr'>characteribus</span> <span class='ocrx_word' id='word_1_256' title='bbox 3495 874 3555 930; x_wconf 93' lang='lat' dir='ltr'>in</span> <span class='ocrx_word' id='word_1_257' title='bbox 3587 874 3741 933; x_wconf 87' lang='lat' dir='ltr'>duas</span> <span class='ocrx_word' id='word_1_258' title='bbox 3766 890 3852 931; x_wconf 90' lang='lat' dir='ltr'>co-</span> 
     </span>
    </p>
   </div>
   <div class='ocr_carea' id='block_1_39' title="bbox 2209 962 3853 1037">
    <p class='ocr_par' dir='ltr' id='par_1_39' title="bbox 2209 962 3853 1037">
     <span class='ocr_line' id='line_1_39' title="bbox 2209 962 3853 1037; baseline 0.001 -18"><span class='ocrx_word' id='word_1_259' title='bbox 2209 962 2447 1020; x_wconf 90' lang='lat' dir='ltr'>lumnas</span> <span class='ocrx_word' id='word_1_260' title='bbox 2477 962 2987 1036; x_wconf 88' lang='lat' dir='ltr'>distinctis.Hujus</span> <span class='ocrx_word' id='word_1_261' title='bbox 3008 966 3066 1019; x_wconf 90' lang='lat' dir='ltr'>et</span> <span class='ocrx_word' id='word_1_262' title='bbox 3089 963 3394 1036; x_wconf 89' lang='lat' dir='ltr'>sequentis</span> <span class='ocrx_word' id='word_1_263' title='bbox 3413 964 3723 1036; x_wconf 65' lang='lat' dir='ltr'>scriptura:</span> <span class='ocrx_word' id='word_1_264' title='bbox 3743 979 3853 1037; x_wconf 85' lang='lat' dir='ltr'>spe-</span> 
     </span>
    </p>
   </div>
   <div class='ocr_carea' id='block_1_40' title="bbox 2211 1051 3852 1125">
    <p class='ocr_par' dir='ltr' id='par_1_40' title="bbox 2211 1051 3852 1125">
     <span class='ocr_line' id='line_1_40' title="bbox 2211 1051 3852 1125; baseline 0 -17"><span class='ocrx_word' id='word_1_265' title='bbox 2211 1053 2428 1109; x_wconf 90' lang='lat' dir='ltr'>cimina</span> <span class='ocrx_word' id='word_1_266' title='bbox 2456 1070 2565 1109; x_wconf 67' lang='lat' dir='ltr'>aere</span> <span class='ocrx_word' id='word_1_267' title='bbox 2592 1053 2778 1109; x_wconf 89' lang='lat' dir='ltr'>incisa</span> <span class='ocrx_word' id='word_1_268' title='bbox 2804 1051 3111 1125; x_wconf 89' lang='lat' dir='ltr'>proposuit</span> <span class='ocrx_word' id='word_1_269' title='bbox 3140 1051 3468 1110; x_wconf 86' lang='lat' dir='ltr'>Cacoiarius</span> <span class='ocrx_word' id='word_1_270' title='bbox 3517 1053 3577 1108; x_wconf 88' lang='lat' dir='ltr'>in</span> <span class='ocrx_word' id='word_1_271' title='bbox 3610 1053 3728 1110; x_wconf 77' lang='lat' dir='ltr'>fide</span> <span class='ocrx_word' id='word_1_272' title='bbox 3755 1053 3852 1109; x_wconf 86' lang='lat' dir='ltr'>bu-</span> 
     </span>
    </p>
   </div>
   <div class='ocr_carea' id='block_1_41' title="bbox 2203 1141 3271 1214">
    <p class='ocr_par' dir='ltr' id='par_1_41' title="bbox 2203 1141 3271 1214">
     <span class='ocr_line' id='line_1_41' title="bbox 2203 1141 3271 1214; baseline -0.002 -16"><span class='ocrx_word' id='word_1_273' title='bbox 2203 1143 2305 1214; x_wconf 89' lang='lat' dir='ltr'>jus</span> <span class='ocrx_word' id='word_1_274' title='bbox 2339 1159 2638 1211; x_wconf 91' lang='lat' dir='ltr'>recensus,</span> <span class='ocrx_word' id='word_1_275' title='bbox 2673 1142 2813 1198; x_wconf 92' lang='lat' dir='ltr'>tomi</span> <span class='ocrx_word' id='word_1_276' title='bbox 2847 1142 2870 1198; x_wconf 97' lang='grc' dir='ltr'>Ι</span> <span class='ocrx_word' id='word_1_277' title='bbox 2899 1141 3061 1214; x_wconf 68' lang='lat' dir='ltr'>praef.</span> <span class='ocrx_word' id='word_1_278' title='bbox 3087 1158 3147 1214; x_wconf 72' lang='grc' dir='ltr'>ρ.</span> <span class='ocrx_word' id='word_1_279' title='bbox 3181 1142 3271 1197; x_wconf 89' lang='grc'>29.</span> 
     </span>
    </p>
   </div>
   <div class='ocr_carea' id='block_1_42' title="bbox 2280 1230 3853 1304">
    <p class='ocr_par' dir='ltr' id='par_1_42' title="bbox 2280 1230 3853 1304">
     <span class='ocr_line' id='line_1_42' title="bbox 2280 1230 3853 1304; baseline 0.001 -17"><span class='ocrx_word' id='word_1_280' title='bbox 2280 1235 2334 1287; x_wconf 89' lang='grc'>2.</span> <span class='ocrx_word' id='word_1_281' title='bbox 2372 1232 2549 1288; x_wconf 91' lang='lat' dir='ltr'>Codex</span> <span class='ocrx_word' id='word_1_282' title='bbox 2574 1248 2724 1287; x_wconf 85' lang='lat' dir='ltr'>num.</span> <span class='ocrx_word' id='word_1_283' title='bbox 2762 1232 2922 1299; x_wconf 91' lang='lat'>3836,</span> <span class='ocrx_word' id='word_1_284' title='bbox 2957 1230 3138 1287; x_wconf 91' lang='lat' dir='ltr'>altera</span> <span class='ocrx_word' id='word_1_285' title='bbox 3192 1248 3329 1304; x_wconf 88' lang='lat' dir='ltr'>pars</span> <span class='ocrx_word' id='word_1_286' title='bbox 3367 1231 3753 1304; x_wconf 58' lang='lat' dir='ltr'>praecedentis</span> <span class='ocrx_word' id='word_1_287' title='bbox 3782 1232 3853 1288; x_wconf 91' lang='lat' dir='ltr'>le-</span> 
     </span>
    </p>
   </div>
   <div class='ocr_carea' id='block_1_43' title="bbox 2213 1319 3851 1394">
    <p class='ocr_par' dir='ltr' id='par_1_43' title="bbox 2213 1319 3851 1394">
     <span class='ocr_line' id='line_1_43' title="bbox 2213 1319 3851 1394; baseline -0.001 -17"><span class='ocrx_word' id='word_1_288' title='bbox 2213 1320 2503 1386; x_wconf 85' lang='lat' dir='ltr'>ctionarii,</span> <span class='ocrx_word' id='word_1_289' title='bbox 2535 1320 2841 1377; x_wconf 89' lang='lat' dir='ltr'>continens</span> <span class='ocrx_word' id='word_1_290' title='bbox 2871 1321 3184 1377; x_wconf 89' lang='lat' dir='ltr'>Sermones</span> <span class='ocrx_word' id='word_1_291' title='bbox 3232 1320 3290 1375; x_wconf 90' lang='lat' dir='ltr'>in</span> <span class='ocrx_word' id='word_1_292' title='bbox 3320 1319 3469 1377; x_wconf 89' lang='lat' dir='ltr'>festo</span> <span class='ocrx_word' id='word_1_293' title='bbox 3500 1320 3605 1377; x_wconf 90' lang='lat' dir='ltr'>SS.</span> <span class='ocrx_word' id='word_1_294' title='bbox 3641 1325 3851 1394; x_wconf 88' lang='lat' dir='ltr'>septem</span> 
     </span>
    </p>
   </div>
   <div class='ocr_carea' id='block_1_44' title="bbox 2213 1408 3854 1483">
    <p class='ocr_par' dir='ltr' id='par_1_44' title="bbox 2213 1408 3854 1483">
     <span class='ocr_line' id='line_1_44' title="bbox 2213 1408 3854 1483; baseline 0.002 -20"><span class='ocrx_word' id='word_1_295' title='bbox 2213 1409 2462 1465; x_wconf 88' lang='lat' dir='ltr'>fratrum</span> <span class='ocrx_word' id='word_1_296' title='bbox 2481 1408 3357 1478; x_wconf 73' lang='lat' dir='ltr'>Machabmorum,S.Laurentii,</span> <span class='ocrx_word' id='word_1_297' title='bbox 3379 1409 3450 1464; x_wconf 92' lang='lat' dir='ltr'>de</span> <span class='ocrx_word' id='word_1_298' title='bbox 3469 1409 3713 1481; x_wconf 88' lang='lat' dir='ltr'>Jejunio</span> <span class='ocrx_word' id='word_1_299' title='bbox 3736 1427 3854 1483; x_wconf 86' lang='lat' dir='ltr'>sep-</span> 
     </span>
    </p>
   </div>
   <div class='ocr_carea' id='block_1_45' title="bbox 2212 1495 3853 1569">
    <p class='ocr_par' dir='ltr' id='par_1_45' title="bbox 2212 1495 3853 1569">
     <span class='ocr_line' id='line_1_45' title="bbox 2212 1495 3853 1569; baseline 0.001 -17"><span class='ocrx_word' id='word_1_300' title='bbox 2212 1497 2342 1552; x_wconf 91' lang='lat' dir='ltr'>timi</span> <span class='ocrx_word' id='word_1_301' title='bbox 2364 1497 2586 1553; x_wconf 90' lang='lat' dir='ltr'>mensis</span> <span class='ocrx_word' id='word_1_302' title='bbox 2607 1495 2871 1569; x_wconf 89' lang='lat' dir='ltr'>aliasque</span> <span class='ocrx_word' id='word_1_303' title='bbox 2901 1496 3174 1553; x_wconf 87' lang='lat' dir='ltr'>bomilias</span> <span class='ocrx_word' id='word_1_304' title='bbox 3193 1513 3383 1569; x_wconf 83' lang='lat' dir='ltr'>usque</span> <span class='ocrx_word' id='word_1_305' title='bbox 3399 1498 3469 1553; x_wconf 87' lang='lat' dir='ltr'>ad</span> <span class='ocrx_word' id='word_1_306' title='bbox 3492 1498 3853 1554; x_wconf 86' lang='lat' dir='ltr'>Nativitatem</span> 
     </span>
    </p>
   </div>
   <div class='ocr_carea' id='block_1_46' title="bbox 2214 1584 3853 1660">
    <p class='ocr_par' dir='ltr' id='par_1_46' title="bbox 2214 1584 3853 1660">
     <span class='ocr_line' id='line_1_46' title="bbox 2214 1584 3853 1660; baseline 0.002 -19"><span class='ocrx_word' id='word_1_307' title='bbox 2214 1584 2443 1642; x_wconf 90' lang='lat' dir='ltr'>Domini</span> <span class='ocrx_word' id='word_1_308' title='bbox 2466 1585 2987 1653; x_wconf 88' lang='lat' dir='ltr'>recitandas,inter</span> <span class='ocrx_word' id='word_1_309' title='bbox 3015 1601 3163 1658; x_wconf 90' lang='lat' dir='ltr'>quas</span> <span class='ocrx_word' id='word_1_310' title='bbox 3194 1585 3439 1643; x_wconf 88' lang='lat' dir='ltr'>celebris</span> <span class='ocrx_word' id='word_1_311' title='bbox 3469 1587 3577 1660; x_wconf 90' lang='lat' dir='ltr'>Ep.</span> <span class='ocrx_word' id='word_1_312' title='bbox 3610 1587 3776 1645; x_wconf 77' lang='lat' dir='ltr'>XXIV</span> <span class='ocrx_word' id='word_1_313' title='bbox 3792 1589 3853 1644; x_wconf 89' lang='lat' dir='ltr'>ad</span> 
     </span>
    </p>
   </div>
   <div class='ocr_carea' id='block_1_47' title="bbox 2216 1674 3313 1731">
    <p class='ocr_par' dir='ltr' id='par_1_47' title="bbox 2216 1674 3313 1731">
     <span class='ocr_line' id='line_1_47' title="bbox 2216 1674 3313 1731; baseline -0.001 0"><span class='ocrx_word' id='word_1_314' title='bbox 2216 1674 2552 1731; x_wconf 86' lang='lat' dir='ltr'>Flavianum</span> <span class='ocrx_word' id='word_1_315' title='bbox 2585 1675 2657 1730; x_wconf 90' lang='lat' dir='ltr'>de</span> <span class='ocrx_word' id='word_1_316' title='bbox 2688 1674 3090 1731; x_wconf 89' lang='lat' dir='ltr'>Incarnatione</span> <span class='ocrx_word' id='word_1_317' title='bbox 3118 1674 3313 1731; x_wconf 87' lang='lat' dir='ltr'>Verbi.</span> 
     </span>
    </p>
   </div>
   <div class='ocr_carea' id='block_1_48' title="bbox 2284 1763 3855 1837">
    <p class='ocr_par' dir='ltr' id='par_1_48' title="bbox 2284 1763 3855 1837">
     <span class='ocr_line' id='line_1_48' title="bbox 2284 1763 3855 1837; baseline 0.003 -18"><span class='ocrx_word' id='word_1_318' title='bbox 2284 1764 2338 1820; x_wconf 91' lang='lat'>3.</span> <span class='ocrx_word' id='word_1_319' title='bbox 2370 1763 2546 1819; x_wconf 85' lang='lat' dir='ltr'>Codex</span> <span class='ocrx_word' id='word_1_320' title='bbox 2573 1780 2728 1818; x_wconf 85' lang='lat' dir='ltr'>num.</span> <span class='ocrx_word' id='word_1_321' title='bbox 2769 1764 2931 1832; x_wconf 81' lang='lat'>3828,</span> <span class='ocrx_word' id='word_1_322' title='bbox 2963 1779 3375 1837; x_wconf 82' lang='lat' dir='ltr'>pergamenus,</span> <span class='ocrx_word' id='word_1_323' title='bbox 3408 1782 3445 1821; x_wconf 77' lang='grc' dir='ltr'><strong><em>ι</em></strong></span> <span class='ocrx_word' id='word_1_324' title='bbox 3491 1765 3710 1824; x_wconf 82' lang='lat' dir='ltr'>saeculo</span> <span class='ocrx_word' id='word_1_325' title='bbox 3738 1784 3855 1823; x_wconf 83' lang='lat' dir='ltr'>exa-</span> 
     </span>
    </p>
   </div>
   <div class='ocr_carea' id='block_1_49' title="bbox 2216 1851 3853 1924">
    <p class='ocr_par' dir='ltr' id='par_1_49' title="bbox 2216 1851 3853 1924">
     <span class='ocr_line' id='line_1_49' title="bbox 2216 1851 3853 1924; baseline 0.002 -17"><span class='ocrx_word' id='word_1_326' title='bbox 2216 1856 2399 1918; x_wconf 89' lang='lat' dir='ltr'>ratus,</span> <span class='ocrx_word' id='word_1_327' title='bbox 2428 1852 2735 1909; x_wconf 90' lang='lat' dir='ltr'>continens</span> <span class='ocrx_word' id='word_1_328' title='bbox 2767 1851 2988 1924; x_wconf 87' lang='lat' dir='ltr'>aliquot</span> <span class='ocrx_word' id='word_1_329' title='bbox 3016 1853 3329 1910; x_wconf 86' lang='lat' dir='ltr'>Sermones</span> <span class='ocrx_word' id='word_1_330' title='bbox 3361 1854 3574 1912; x_wconf 89' lang='lat' dir='ltr'>Leonis</span> <span class='ocrx_word' id='word_1_331' title='bbox 3605 1856 3667 1911; x_wconf 88' lang='lat' dir='ltr'>in</span> <span class='ocrx_word' id='word_1_332' title='bbox 3696 1856 3853 1912; x_wconf 86' lang='lat' dir='ltr'>variis</span> 
     </span>
    </p>
   </div>
   <div class='ocr_carea' id='block_1_50' title="bbox 2218 1940 2877 1999">
    <p class='ocr_par' dir='ltr' id='par_1_50' title="bbox 2218 1940 2877 1999">
     <span class='ocr_line' id='line_1_50' title="bbox 2218 1940 2877 1999; baseline 0 -3"><span class='ocrx_word' id='word_1_333' title='bbox 2218 1940 2354 1999; x_wconf 89' lang='lat' dir='ltr'>anni</span> <span class='ocrx_word' id='word_1_334' title='bbox 2384 1940 2877 1997; x_wconf 87' lang='lat' dir='ltr'>solemnitatibus.</span> 
     </span>
    </p>
   </div>
   <div class='ocr_carea' id='block_1_51' title="bbox 2290 2031 3854 2107">
    <p class='ocr_par' dir='ltr' id='par_1_51' title="bbox 2290 2031 3854 2107">
     <span class='ocr_line' id='line_1_51' title="bbox 2290 2031 3854 2107; baseline 0.002 -21"><span class='ocrx_word' id='word_1_335' title='bbox 2290 2032 2342 2086; x_wconf 81' lang='grc'>4.</span> <span class='ocrx_word' id='word_1_336' title='bbox 2379 2031 2556 2087; x_wconf 83' lang='lat' dir='ltr'>Codex</span> <span class='ocrx_word' id='word_1_337' title='bbox 2584 2047 2738 2086; x_wconf 81' lang='lat' dir='ltr'>nam.</span> <span class='ocrx_word' id='word_1_338' title='bbox 2778 2031 2932 2097; x_wconf 81' lang='grc'>1195,</span> <span class='ocrx_word' id='word_1_339' title='bbox 2964 2046 3355 2104; x_wconf 84' lang='lat' dir='ltr'>pergamenus</span> <span class='ocrx_word' id='word_1_340' title='bbox 3412 2031 3635 2101; x_wconf 88' lang='lat' dir='ltr'>in-fol.,</span> <span class='ocrx_word' id='word_1_341' title='bbox 3669 2038 3854 2107; x_wconf 68' lang='lat' dir='ltr'>praeter</span> 
     </span>
    </p>
   </div>
   <div class='ocr_carea' id='block_1_52' title="bbox 2218 2117 3853 2191">
    <p class='ocr_par' dir='ltr' id='par_1_52' title="bbox 2218 2117 3853 2191">
     <span class='ocr_line' id='line_1_52' title="bbox 2218 2117 3853 2191; baseline 0.001 -16"><span class='ocrx_word' id='word_1_342' title='bbox 2218 2121 2504 2191; x_wconf 87' lang='lat' dir='ltr'>quasdam</span> <span class='ocrx_word' id='word_1_343' title='bbox 2524 2124 2863 2175; x_wconf 86' lang='lat' dir='ltr'>sanctorum</span> <span class='ocrx_word' id='word_1_344' title='bbox 2885 2117 3362 2188; x_wconf 85' lang='lat' dir='ltr'>homilias,etiam</span> <span class='ocrx_word' id='word_1_345' title='bbox 3386 2120 3602 2178; x_wconf 87' lang='lat' dir='ltr'>Leonis</span> <span class='ocrx_word' id='word_1_346' title='bbox 3625 2121 3853 2178; x_wconf 85' lang='lat' dir='ltr'>nonnul-</span> 
     </span>
    </p>
   </div>
   <div class='ocr_carea' id='block_1_53' title="bbox 2216 2208 3790 2283">
    <p class='ocr_par' dir='ltr' id='par_1_53' title="bbox 2216 2208 3790 2283">
     <span class='ocr_line' id='line_1_53' title="bbox 2216 2208 3790 2283; baseline 0.003 -19"><span class='ocrx_word' id='word_1_347' title='bbox 2216 2208 2304 2264; x_wconf 90' lang='lat' dir='ltr'>las</span> <span class='ocrx_word' id='word_1_348' title='bbox 2334 2210 2659 2266; x_wconf 88' lang='lat' dir='ltr'>continens.</span> <span class='ocrx_word' id='word_1_349' title='bbox 2695 2209 2801 2264; x_wconf 90' lang='lat' dir='ltr'>Scr</span> <span class='ocrx_word' id='word_1_350' title='bbox 2828 2208 2983 2264; x_wconf 88' lang='lat' dir='ltr'>circa</span> <span class='ocrx_word' id='word_1_351' title='bbox 3014 2226 3071 2263; x_wconf 83' lang='lat' dir='ltr'>x1</span> <span class='ocrx_word' id='word_1_352' title='bbox 3103 2225 3232 2265; x_wconf 64' lang='lat' dir='ltr'>saec.</span> <span class='ocrx_word' id='word_1_353' title='bbox 3264 2209 3790 2283; x_wconf 75' lang='lat' dir='ltr'>Cacciario&#39;judice.</span> 
     </span>
    </p>
   </div>
   <div class='ocr_carea' id='block_1_54' title="bbox 2288 2297 3854 2372">
    <p class='ocr_par' dir='ltr' id='par_1_54' title="bbox 2288 2297 3854 2372">
     <span class='ocr_line' id='line_1_54' title="bbox 2288 2297 3854 2372; baseline 0.001 -19"><span class='ocrx_word' id='word_1_354' title='bbox 2288 2300 2341 2353; x_wconf 83' lang='lat'>5.</span> <span class='ocrx_word' id='word_1_355' title='bbox 2377 2297 2554 2353; x_wconf 82' lang='lat' dir='ltr'>Codex</span> <span class='ocrx_word' id='word_1_356' title='bbox 2578 2315 2734 2354; x_wconf 83' lang='lat' dir='ltr'>num.</span> <span class='ocrx_word' id='word_1_357' title='bbox 2776 2299 2927 2352; x_wconf 82' lang='lat'>1267:</span> <span class='ocrx_word' id='word_1_358' title='bbox 2981 2302 3048 2353; x_wconf 89' lang='lat' dir='ltr'>ut</span> <span class='ocrx_word' id='word_1_359' title='bbox 3077 2299 3409 2371; x_wconf 68' lang='lat' dir='ltr'>praecedens</span> <span class='ocrx_word' id='word_1_360' title='bbox 3438 2300 3636 2358; x_wconf 82' lang='lat' dir='ltr'>forma</span> <span class='ocrx_word' id='word_1_361' title='bbox 3666 2299 3854 2372; x_wconf 87' lang='lat' dir='ltr'>majori</span> 
     </span>
    </p>
   </div>
   <div class='ocr_carea' id='block_1_55' title="bbox 2217 2385 3851 2457">
    <p class='ocr_par' dir='ltr' id='par_1_55' title="bbox 2217 2385 3851 2457">
     <span class='ocr_line' id='line_1_55' title="bbox 2217 2385 3851 2457; baseline 0.004 -17"><span class='ocrx_word' id='word_1_362' title='bbox 2217 2385 2277 2441; x_wconf 93' lang='lat' dir='ltr'>in</span> <span class='ocrx_word' id='word_1_363' title='bbox 2308 2386 2539 2442; x_wconf 89' lang='lat' dir='ltr'>duabus</span> <span class='ocrx_word' id='word_1_364' title='bbox 2568 2386 2859 2443; x_wconf 89' lang='lat' dir='ltr'>columnis</span> <span class='ocrx_word' id='word_1_365' title='bbox 2907 2390 3178 2443; x_wconf 84' lang='lat' dir='ltr'>exaratus</span> <span class='ocrx_word' id='word_1_366' title='bbox 3230 2387 3383 2443; x_wconf 88' lang='lat' dir='ltr'>circa</span> <span class='ocrx_word' id='word_1_367' title='bbox 3437 2405 3570 2446; x_wconf 68' lang='lat' dir='ltr'>saec.</span> <span class='ocrx_word' id='word_1_368' title='bbox 3615 2408 3700 2457; x_wconf 76' lang='lat' dir='ltr'>xx,</span> <span class='ocrx_word' id='word_1_369' title='bbox 3728 2399 3851 2446; x_wconf 77' lang='lat' dir='ltr'>cont.</span> 
     </span>
    </p>
   </div>
   <div class='ocr_carea' id='block_1_56' title="bbox 2215 2472 3853 2548">
    <p class='ocr_par' dir='ltr' id='par_1_56' title="bbox 2215 2472 3853 2548">
     <span class='ocr_line' id='line_1_56' title="bbox 2215 2472 3853 2548; baseline 0.005 -20"><span class='ocrx_word' id='word_1_370' title='bbox 2215 2472 2369 2530; x_wconf 91' lang='lat' dir='ltr'>inter</span> <span class='ocrx_word' id='word_1_371' title='bbox 2396 2473 2654 2547; x_wconf 91' lang='lat' dir='ltr'>plurium</span> <span class='ocrx_word' id='word_1_372' title='bbox 2710 2480 2971 2531; x_wconf 89' lang='lat' dir='ltr'>veterum</span> <span class='ocrx_word' id='word_1_373' title='bbox 3026 2475 3133 2531; x_wconf 90' lang='lat' dir='ltr'>PP.</span> <span class='ocrx_word' id='word_1_374' title='bbox 3184 2476 3509 2548; x_wconf 86' lang='lat' dir='ltr'>Sermones,</span> <span class='ocrx_word' id='word_1_375' title='bbox 3551 2479 3853 2536; x_wconf 86' lang='lat' dir='ltr'>nonnullos</span> 
     </span>
    </p>
   </div>
   <div class='ocr_carea' id='block_1_57' title="bbox 2217 2562 3852 2638">
    <p class='ocr_par' dir='ltr' id='par_1_57' title="bbox 2217 2562 3852 2638">
     <span class='ocr_line' id='line_1_57' title="bbox 2217 2562 3852 2638; baseline 0.005 -20"><span class='ocrx_word' id='word_1_376' title='bbox 2217 2562 2427 2620; x_wconf 88' lang='lat' dir='ltr'>Leonis</span> <span class='ocrx_word' id='word_1_377' title='bbox 2458 2563 2532 2619; x_wconf 91' lang='lat' dir='ltr'>M.</span> <span class='ocrx_word' id='word_1_378' title='bbox 2567 2564 2638 2620; x_wconf 90' lang='lat' dir='ltr'>de</span> <span class='ocrx_word' id='word_1_379' title='bbox 2668 2563 2979 2621; x_wconf 87' lang='lat' dir='ltr'>Nativitate</span> <span class='ocrx_word' id='word_1_380' title='bbox 3003 2568 3060 2621; x_wconf 89' lang='lat' dir='ltr'>et</span> <span class='ocrx_word' id='word_1_381' title='bbox 3088 2563 3416 2638; x_wconf 88' lang='lat' dir='ltr'>Epiphania</span> <span class='ocrx_word' id='word_1_382' title='bbox 3446 2571 3503 2623; x_wconf 87' lang='lat' dir='ltr'>et</span> <span class='ocrx_word' id='word_1_383' title='bbox 3548 2567 3627 2624; x_wconf 87' lang='lat' dir='ltr'>de</span> <span class='ocrx_word' id='word_1_384' title='bbox 3659 2573 3716 2625; x_wconf 91' lang='lat' dir='ltr'>S.</span> <span class='ocrx_word' id='word_1_385' title='bbox 3746 2568 3852 2626; x_wconf 83' lang='lat' dir='ltr'>Ste-</span> 
     </span>
    </p>
   </div>
   <div class='ocr_carea' id='block_1_58' title="bbox 2214 2651 2429 2724">
    <p class='ocr_par' dir='ltr' id='par_1_58' title="bbox 2214 2651 2429 2724">
     <span class='ocr_line' id='line_1_58' title="bbox 2214 2651 2429 2724; baseline 0.019 -18"><span class='ocrx_word' id='word_1_386' title='bbox 2214 2651 2429 2724; x_wconf 90' lang='lat' dir='ltr'>phano.</span> 
     </span>
    </p>
   </div>
   <div class='ocr_carea' id='block_1_59' title="bbox 2283 2740 3851 2818">
    <p class='ocr_par' dir='ltr' id='par_1_59' title="bbox 2283 2740 3851 2818">
     <span class='ocr_line' id='line_1_59' title="bbox 2283 2740 3851 2818; baseline 0.004 -22"><span class='ocrx_word' id='word_1_387' title='bbox 2283 2741 2338 2797; x_wconf 88' lang='lat'>6.</span> <span class='ocrx_word' id='word_1_388' title='bbox 2374 2740 2552 2798; x_wconf 85' lang='lat' dir='ltr'>Codex</span> <span class='ocrx_word' id='word_1_389' title='bbox 2608 2759 2761 2798; x_wconf 86' lang='lat' dir='ltr'>num.</span> <span class='ocrx_word' id='word_1_390' title='bbox 2827 2742 3002 2812; x_wconf 88' lang='lat'>1268;</span> <span class='ocrx_word' id='word_1_391' title='bbox 3055 2758 3193 2815; x_wconf 85' lang='lat' dir='ltr'>pars</span> <span class='ocrx_word' id='word_1_392' title='bbox 3246 2740 3430 2800; x_wconf 88' lang='lat' dir='ltr'>altera</span> <span class='ocrx_word' id='word_1_393' title='bbox 3484 2745 3851 2818; x_wconf 65' lang='lat' dir='ltr'>prxcedentis</span> 
     </span>
    </p>
   </div>
   <div class='ocr_carea' id='block_1_60' title="bbox 2213 2829 3849 2905">
    <p class='ocr_par' dir='ltr' id='par_1_60' title="bbox 2213 2829 3849 2905">
     <span class='ocr_line' id='line_1_60' title="bbox 2213 2829 3849 2905; baseline 0.002 -19"><span class='ocrx_word' id='word_1_394' title='bbox 2213 2829 2557 2901; x_wconf 84' lang='lat' dir='ltr'>lectionarii,</span> <span class='ocrx_word' id='word_1_395' title='bbox 2588 2840 2729 2888; x_wconf 80' lang='lat' dir='ltr'>cont.</span> <span class='ocrx_word' id='word_1_396' title='bbox 2764 2832 3076 2889; x_wconf 89' lang='lat' dir='ltr'>Sermones</span> <span class='ocrx_word' id='word_1_397' title='bbox 3107 2831 3577 2905; x_wconf 90' lang='lat' dir='ltr'>quamplurimos</span> <span class='ocrx_word' id='word_1_398' title='bbox 3612 2853 3653 2891; x_wconf 83' lang='lat' dir='ltr'>a</span> <span class='ocrx_word' id='word_1_399' title='bbox 3682 2835 3849 2892; x_wconf 88' lang='lat' dir='ltr'>domi-</span> 
     </span>
    </p>
   </div>
   <div class='ocr_carea' id='block_1_61' title="bbox 2214 2918 3849 2995">
    <p class='ocr_par' dir='ltr' id='par_1_61' title="bbox 2214 2918 3849 2995">
     <span class='ocr_line' id='line_1_61' title="bbox 2214 2918 3849 2995; baseline 0.003 -21"><span class='ocrx_word' id='word_1_400' title='bbox 2214 2918 2345 2974; x_wconf 89' lang='lat' dir='ltr'>nica</span> <span class='ocrx_word' id='word_1_401' title='bbox 2390 2919 2843 2995; x_wconf 68' lang='lat' dir='ltr'>Septuagesimae</span> <span class='ocrx_word' id='word_1_402' title='bbox 2891 2935 3079 2993; x_wconf 89' lang='lat' dir='ltr'>usque</span> <span class='ocrx_word' id='word_1_403' title='bbox 3127 2937 3162 2976; x_wconf 92' lang='lat' dir='ltr'>a</span> <span class='ocrx_word' id='word_1_404' title='bbox 3206 2920 3580 2979; x_wconf 87' lang='lat' dir='ltr'>Nativitatem</span> <span class='ocrx_word' id='word_1_405' title='bbox 3635 2923 3849 2981; x_wconf 88' lang='lat' dir='ltr'>Domini</span> 
     </span>
    </p>
   </div>
   <div class='ocr_carea' id='block_1_62' title="bbox 2212 3006 2511 3082">
    <p class='ocr_par' dir='ltr' id='par_1_62' title="bbox 2212 3006 2511 3082">
     <span class='ocr_line' id='line_1_62' title="bbox 2212 3006 2511 3082; baseline 0.003 -19"><span class='ocrx_word' id='word_1_406' title='bbox 2212 3006 2511 3082; x_wconf 87' lang='lat' dir='ltr'>legendos.</span> 
     </span>
    </p>
   </div>
   <div class='ocr_carea' id='block_1_63' title="bbox 2282 3097 3845 3172">
    <p class='ocr_par' dir='ltr' id='par_1_63' title="bbox 2282 3097 3845 3172">
     <span class='ocr_line' id='line_1_63' title="bbox 2282 3097 3845 3172; baseline 0.003 -20"><span class='ocrx_word' id='word_1_407' title='bbox 2282 3100 2337 3152; x_wconf 84' lang='lat'>7.</span> <span class='ocrx_word' id='word_1_408' title='bbox 2362 3097 2538 3154; x_wconf 86' lang='lat' dir='ltr'>Codex</span> <span class='ocrx_word' id='word_1_409' title='bbox 2564 3115 2718 3155; x_wconf 84' lang='lat' dir='ltr'>num.</span> <span class='ocrx_word' id='word_1_410' title='bbox 2753 3098 2908 3167; x_wconf 88' lang='lat'>1269;</span> <span class='ocrx_word' id='word_1_411' title='bbox 2931 3102 3224 3171; x_wconf 86' lang='lat' dir='ltr'>postrema</span> <span class='ocrx_word' id='word_1_412' title='bbox 3254 3114 3390 3170; x_wconf 89' lang='lat' dir='ltr'>pars</span> <span class='ocrx_word' id='word_1_413' title='bbox 3421 3100 3845 3172; x_wconf 78' lang='lat' dir='ltr'>ejusdem,conl.</span> 
     </span>
    </p>
   </div>
   <div class='ocr_carea' id='block_1_64' title="bbox 2214 3188 3849 3260">
    <p class='ocr_par' dir='ltr' id='par_1_64' title="bbox 2214 3188 3849 3260">
     <span class='ocr_line' id='line_1_64' title="bbox 2214 3188 3849 3260; baseline 0.003 -19"><span class='ocrx_word' id='word_1_414' title='bbox 2214 3190 2420 3258; x_wconf 67' lang='lat' dir='ltr'>praeter</span> <span class='ocrx_word' id='word_1_415' title='bbox 2445 3191 2753 3243; x_wconf 85' lang='lat' dir='ltr'>Sermones</span> <span class='ocrx_word' id='word_1_416' title='bbox 2781 3188 2853 3243; x_wconf 92' lang='lat' dir='ltr'>de</span> <span class='ocrx_word' id='word_1_417' title='bbox 2883 3188 3186 3260; x_wconf 87' lang='lat' dir='ltr'>Tempore,</span> <span class='ocrx_word' id='word_1_418' title='bbox 3220 3188 3511 3245; x_wconf 82' lang='lat' dir='ltr'>orationes</span> <span class='ocrx_word' id='word_1_419' title='bbox 3551 3191 3628 3246; x_wconf 88' lang='lat' dir='ltr'>de</span> <span class='ocrx_word' id='word_1_420' title='bbox 3678 3190 3849 3248; x_wconf 82' lang='lat' dir='ltr'>Natali</span> 
     </span>
    </p>
   </div>
   <div class='ocr_carea' id='block_1_65' title="bbox 460 3268 3850 3349">
    <p class='ocr_par' dir='ltr' id='par_1_65' title="bbox 460 3268 3850 3349">
     <span class='ocr_line' id='line_1_65' title="bbox 460 3268 3850 3349; baseline 0.002 -18"><span class='ocrx_word' id='word_1_421' title='bbox 460 3273 574 3331; x_wconf 82' lang='lat' dir='ltr'>fuit</span> <span class='ocrx_word' id='word_1_422' title='bbox 601 3274 740 3331; x_wconf 89' lang='lat' dir='ltr'>olim</span> <span class='ocrx_word' id='word_1_423' title='bbox 769 3275 994 3334; x_wconf 87' lang='lat' dir='ltr'>Claudii</span> <span class='ocrx_word' id='word_1_424' title='bbox 1024 3277 1267 3332; x_wconf 86' lang='lat' dir='ltr'>Falcheti</span> <span class='ocrx_word' id='word_1_425' title='bbox 1289 3277 1617 3349; x_wconf 81' lang='lat' dir='ltr'>(Fauchet);</span> <span class='ocrx_word' id='word_1_426' title='bbox 1654 3280 1744 3333; x_wconf 89' lang='lat'>10°</span> <span class='ocrx_word' id='word_1_427' title='bbox 1781 3281 1959 3338; x_wconf 86' lang='lat' dir='ltr'>codex</span> <span class='ocrx_word' id='word_1_428' title='bbox 1990 3301 2102 3341; x_wconf 92' lang='lat' dir='ltr'>ms.</span> <span class='ocrx_word' id='word_1_429' title='bbox 2136 3268 2178 3335; x_wconf 87' lang='lat' dir='ltr'>C</span> <span class='ocrx_word' id='word_1_430' title='bbox 2217 3274 2319 3330; x_wconf 86' lang='lat' dir='ltr'>SS.</span> <span class='ocrx_word' id='word_1_431' title='bbox 2355 3274 2754 3348; x_wconf 82' lang='lat' dir='ltr'>apostolorum</span> <span class='ocrx_word' id='word_1_432' title='bbox 2777 3275 2929 3332; x_wconf 78' lang='lat' dir='ltr'>Petri</span> <span class='ocrx_word' id='word_1_433' title='bbox 2960 3279 3017 3332; x_wconf 80' lang='lat' dir='ltr'>et</span> <span class='ocrx_word' id='word_1_434' title='bbox 3036 3274 3222 3343; x_wconf 78' lang='lat' dir='ltr'>Pauli,</span> <span class='ocrx_word' id='word_1_435' title='bbox 3253 3276 3324 3332; x_wconf 82' lang='lat' dir='ltr'>de</span> <span class='ocrx_word' id='word_1_436' title='bbox 3364 3276 3552 3333; x_wconf 80' lang='lat' dir='ltr'>Natali</span> <span class='ocrx_word' id='word_1_437' title='bbox 3587 3279 3691 3335; x_wconf 88' lang='lat' dir='ltr'>SS.</span> <span class='ocrx_word' id='word_1_438' title='bbox 3724 3281 3850 3335; x_wconf 80' lang='lat' dir='ltr'>Lau-</span> 
     </span>
    </p>
   </div>
   <div class='ocr_carea' id='block_1_66' title="bbox 462 3362 1902 3436">
    <p class='ocr_par' dir='ltr' id='par_1_66' title="bbox 462 3362 1902 3436">
     <span class='ocr_line' id='line_1_66' title="bbox 462 3362 1902 3436; baseline 0.006 -19"><span class='ocrx_word' id='word_1_439' title='bbox 462 3362 524 3418; x_wconf 93' lang='lat' dir='ltr'>in</span> <span class='ocrx_word' id='word_1_440' title='bbox 554 3379 670 3435; x_wconf 90' lang='lat' dir='ltr'>quo</span> <span class='ocrx_word' id='word_1_441' title='bbox 699 3380 836 3436; x_wconf 86' lang='lat' dir='ltr'>pars</span> <span class='ocrx_word' id='word_1_442' title='bbox 865 3368 1129 3419; x_wconf 84' lang='lat' dir='ltr'>actorum</span> <span class='ocrx_word' id='word_1_443' title='bbox 1159 3364 1364 3436; x_wconf 82' lang='lat' dir='ltr'>synodi</span> <span class='ocrx_word' id='word_1_444' title='bbox 1394 3364 1902 3426; x_wconf 79' lang='lat' dir='ltr'>Chalcedonensis.</span> 
     </span>
    </p>
   </div>
   <div class='ocr_carea' id='block_1_67' title="bbox 538 3452 2109 3521">
    <p class='ocr_par' dir='ltr' id='par_1_67' title="bbox 538 3452 2109 3521">
     <span class='ocr_line' id='line_1_67' title="bbox 538 3452 2109 3521; baseline 0.006 -14"><span class='ocrx_word' id='word_1_445' title='bbox 538 3452 627 3510; x_wconf 87' lang='lat'>10.</span> <span class='ocrx_word' id='word_1_446' title='bbox 658 3452 1378 3521; x_wconf 64' lang='lat' dir='ltr'>Treco-Pithaeanus,codex</span> <span class='ocrx_word' id='word_1_447' title='bbox 1402 3471 1513 3509; x_wconf 91' lang='lat' dir='ltr'>ms.</span> <span class='ocrx_word' id='word_1_448' title='bbox 1530 3456 1834 3514; x_wconf 91' lang='lat' dir='ltr'>continens</span> <span class='ocrx_word' id='word_1_449' title='bbox 1855 3460 2109 3517; x_wconf 80' lang='lat' dir='ltr'>Consilia</span> 
     </span>
    </p>
   </div>
   <div class='ocr_carea' id='block_1_68' title="bbox 464 3538 2103 3620">
    <p class='ocr_par' dir='ltr' id='par_1_68' title="bbox 464 3538 2103 3620">
     <span class='ocr_line' id='line_1_68' title="bbox 464 3538 2103 3620; baseline 0.009 -27"><span class='ocrx_word' id='word_1_450' title='bbox 464 3539 741 3613; x_wconf 89' lang='lat' dir='ltr'>plurima,</span> <span class='ocrx_word' id='word_1_451' title='bbox 760 3538 1050 3612; x_wconf 88' lang='lat' dir='ltr'>Epistolas</span> <span class='ocrx_word' id='word_1_452' title='bbox 1075 3540 1407 3612; x_wconf 81' lang='lat' dir='ltr'>pontiﬁcias</span> <span class='ocrx_word' id='word_1_453' title='bbox 1419 3545 1855 3620; x_wconf 76' lang='lat' dir='ltr'>przeserlimque</span> <span class='ocrx_word' id='word_1_454' title='bbox 1876 3549 2103 3619; x_wconf 87' lang='lat' dir='ltr'>Leonis,</span> 
     </span>
    </p>
   </div>
   <div class='ocr_carea' id='block_1_69' title="bbox 463 3626 2103 3705">
    <p class='ocr_par' dir='ltr' id='par_1_69' title="bbox 463 3626 2103 3705">
     <span class='ocr_line' id='line_1_69' title="bbox 463 3626 2103 3705; baseline 0.007 -21"><span class='ocrx_word' id='word_1_455' title='bbox 463 3631 521 3684; x_wconf 88' lang='lat' dir='ltr'>et</span> <span class='ocrx_word' id='word_1_456' title='bbox 550 3626 667 3683; x_wconf 88' lang='lat' dir='ltr'>alia</span> <span class='ocrx_word' id='word_1_457' title='bbox 695 3631 1078 3684; x_wconf 87' lang='lat' dir='ltr'>monumenta</span> <span class='ocrx_word' id='word_1_458' title='bbox 1114 3628 1526 3698; x_wconf 87' lang='lat' dir='ltr'>ecclesiastica,</span> <span class='ocrx_word' id='word_1_459' title='bbox 1558 3633 1658 3705; x_wconf 84' lang='lat' dir='ltr'>qui</span> <span class='ocrx_word' id='word_1_460' title='bbox 1689 3632 1828 3691; x_wconf 90' lang='lat' dir='ltr'>olim</span> <span class='ocrx_word' id='word_1_461' title='bbox 1860 3638 1929 3692; x_wconf 91' lang='lat' dir='ltr'>ad</span> <span class='ocrx_word' id='word_1_462' title='bbox 1954 3637 2103 3695; x_wconf 90' lang='lat' dir='ltr'>cele-</span> 
     </span>
    </p>
   </div>
   <div class='ocr_carea' id='block_1_70' title="bbox 439 3716 2105 3795">
    <p class='ocr_par' dir='ltr' id='par_1_70' title="bbox 439 3716 2105 3795">
     <span class='ocr_line' id='line_1_70' title="bbox 439 3716 2105 3795; baseline 0.007 -22"><span class='ocrx_word' id='word_1_463' title='bbox 439 3716 784 3773; x_wconf 83' lang='lat' dir='ltr'>‘berrimum</span> <span class='ocrx_word' id='word_1_464' title='bbox 815 3716 1102 3773; x_wconf 77' lang='lat' dir='ltr'>Pithceum</span> <span class='ocrx_word' id='word_1_465' title='bbox 1126 3718 1499 3790; x_wconf 87' lang='lat' dir='ltr'>pertinuit,ex</span> <span class='ocrx_word' id='word_1_466' title='bbox 1520 3722 1659 3778; x_wconf 88' lang='lat' dir='ltr'>Bibl.</span> <span class='ocrx_word' id='word_1_467' title='bbox 1687 3725 1908 3795; x_wconf 82' lang='lat' dir='ltr'>collegii</span> <span class='ocrx_word' id='word_1_468' title='bbox 1929 3728 2105 3785; x_wconf 87' lang='lat' dir='ltr'>Treca-</span> 
     </span>
    </p>
   </div>
   <div class='ocr_carea' id='block_1_71' title="bbox 457 3805 1737 3880">
    <p class='ocr_par' dir='ltr' id='par_1_71' title="bbox 457 3805 1737 3880">
     <span class='ocr_line' id='line_1_71' title="bbox 457 3805 1737 3880; baseline 0.005 -19"><span class='ocrx_word' id='word_1_469' title='bbox 457 3805 739 3862; x_wconf 77' lang='lat' dir='ltr'>Pithoeani</span> <span class='ocrx_word' id='word_1_470' title='bbox 758 3806 1199 3880; x_wconf 80' lang='lat' dir='ltr'>presbyterorum</span> <span class='ocrx_word' id='word_1_471' title='bbox 1228 3808 1473 3865; x_wconf 71' lang='lat' dir='ltr'>Orator-ii</span> <span class='ocrx_word' id='word_1_472' title='bbox 1497 3811 1561 3865; x_wconf 92' lang='lat' dir='ltr'>D.</span> <span class='ocrx_word' id='word_1_473' title='bbox 1591 3813 1737 3868; x_wconf 77' lang='lat' dir='ltr'>Iesu.</span> 
     </span>
    </p>
   </div>
   <div class='ocr_carea' id='block_1_72' title="bbox 831 3896 1731 3969">
    <p class='ocr_par' dir='ltr' id='par_1_72' title="bbox 831 3896 1731 3969">
     <span class='ocr_line' id='line_1_72' title="bbox 831 3896 1731 3969; baseline 0.003 -16"><span class='ocrx_word' id='word_1_474' title='bbox 831 3896 892 3968; x_wconf 91' lang='lat' dir='ltr'>C)</span> <span class='ocrx_word' id='word_1_475' title='bbox 918 3896 1238 3952; x_wconf 79' lang='lat' dir='ltr'>Sermonum</span> <span class='ocrx_word' id='word_1_476' title='bbox 1267 3905 1319 3952; x_wconf 82' lang='lat' dir='ltr'>et</span> <span class='ocrx_word' id='word_1_477' title='bbox 1342 3898 1731 3969; x_wconf 76' lang='lat' dir='ltr'>Epistolarum.</span> 
     </span>
    </p>
   </div>
   <div class='ocr_carea' id='block_1_73' title="bbox 535 3985 2101 4056">
    <p class='ocr_par' dir='ltr' id='par_1_73' title="bbox 535 3985 2101 4056">
     <span class='ocr_line' id='line_1_73' title="bbox 535 3985 2101 4056; baseline 0.008 -17"><span class='ocrx_word' id='word_1_478' title='bbox 535 3987 581 4041; x_wconf 83' lang='grc' dir='ltr'>ι.</span> <span class='ocrx_word' id='word_1_479' title='bbox 616 3985 1054 4056; x_wconf 83' lang='lat' dir='ltr'>Cisterciensis,i.</span> <span class='ocrx_word' id='word_1_480' title='bbox 1082 3986 1290 4042; x_wconf 91' lang='lat' dir='ltr'>e.Bibl.</span> <span class='ocrx_word' id='word_1_481' title='bbox 1315 3988 1558 4046; x_wconf 71' lang='lat' dir='ltr'>abbalix</span> <span class='ocrx_word' id='word_1_482' title='bbox 1587 3989 1959 4050; x_wconf 82' lang='lat' dir='ltr'>Cisteroiensis</span> <span class='ocrx_word' id='word_1_483' title='bbox 1987 3996 2101 4051; x_wconf 88' lang='lat' dir='ltr'>Pa-</span> 
     </span>
    </p>
   </div>
   <div class='ocr_carea' id='block_1_74' title="bbox 454 4075 2102 4156">
    <p class='ocr_par' dir='ltr' id='par_1_74' title="bbox 454 4075 2102 4156">
     <span class='ocr_line' id='line_1_74' title="bbox 454 4075 2102 4156; baseline 0.005 -25"><span class='ocrx_word' id='word_1_484' title='bbox 454 4075 646 4138; x_wconf 86' lang='lat' dir='ltr'>risiis;</span> <span class='ocrx_word' id='word_1_485' title='bbox 678 4075 858 4131; x_wconf 88' lang='lat' dir='ltr'>codex</span> <span class='ocrx_word' id='word_1_486' title='bbox 887 4091 999 4132; x_wconf 90' lang='lat' dir='ltr'>ms.</span> <span class='ocrx_word' id='word_1_487' title='bbox 1051 4075 1221 4147; x_wconf 91' lang='lat' dir='ltr'>cujus</span> <span class='ocrx_word' id='word_1_488' title='bbox 1278 4075 1532 4133; x_wconf 90' lang='lat' dir='ltr'>indicem</span> <span class='ocrx_word' id='word_1_489' title='bbox 1586 4082 1643 4135; x_wconf 93' lang='lat' dir='ltr'>et</span> <span class='ocrx_word' id='word_1_490' title='bbox 1692 4078 1821 4137; x_wconf 89' lang='lat' dir='ltr'>loca</span> <span class='ocrx_word' id='word_1_491' title='bbox 1877 4082 2102 4156; x_wconf 88' lang='lat' dir='ltr'>aliquot</span> 
     </span>
    </p>
   </div>
   <div class='ocr_carea' id='block_1_75' title="bbox 454 4165 2100 4243">
    <p class='ocr_par' dir='ltr' id='par_1_75' title="bbox 454 4165 2100 4243">
     <span class='ocr_line' id='line_1_75' title="bbox 454 4165 2100 4243; baseline 0.005 -23"><span class='ocrx_word' id='word_1_492' title='bbox 454 4165 986 4222; x_wconf 89' lang='lat' dir='ltr'>communicaverat</span> <span class='ocrx_word' id='word_1_493' title='bbox 1028 4165 1094 4221; x_wconf 94' lang='lat' dir='ltr'>D.</span> <span class='ocrx_word' id='word_1_494' title='bbox 1134 4165 1388 4222; x_wconf 89' lang='lat' dir='ltr'>Jacobus</span> <span class='ocrx_word' id='word_1_495' title='bbox 1419 4166 1490 4223; x_wconf 91' lang='lat' dir='ltr'>de</span> <span class='ocrx_word' id='word_1_496' title='bbox 1548 4168 1802 4243; x_wconf 81' lang='lat' dir='ltr'>Lannoy,</span> <span class='ocrx_word' id='word_1_497' title='bbox 1836 4172 2100 4243; x_wconf 85' lang='lat' dir='ltr'>ejusdem</span> 
     </span>
    </p>
   </div>
   <div class='ocr_carea' id='block_1_76' title="bbox 453 4254 1770 4328">
    <p class='ocr_par' dir='ltr' id='par_1_76' title="bbox 453 4254 1770 4328">
     <span class='ocr_line' id='line_1_76' title="bbox 453 4254 1770 4328; baseline 0.003 -19"><span class='ocrx_word' id='word_1_498' title='bbox 453 4254 700 4310; x_wconf 73' lang='lat' dir='ltr'>abbatiaa</span> <span class='ocrx_word' id='word_1_499' title='bbox 730 4254 1021 4328; x_wconf 87' lang='lat' dir='ltr'>subprior.</span> <span class='ocrx_word' id='word_1_500' title='bbox 1763 4261 1770 4269; x_wconf 82' lang='lat'><strong>&#39;</strong></span> 
     </span>
    </p>
   </div>
   <div class='ocr_carea' id='block_1_77' title="bbox 523 4342 2098 4411">
    <p class='ocr_par' dir='ltr' id='par_1_77' title="bbox 523 4342 2098 4411">
     <span class='ocr_line' id='line_1_77' title="bbox 523 4342 2098 4411; baseline 0.006 -14"><span class='ocrx_word' id='word_1_501' title='bbox 523 4344 577 4397; x_wconf 91' lang='grc'>2.</span> <span class='ocrx_word' id='word_1_502' title='bbox 603 4343 1106 4411; x_wconf 84' lang='lat' dir='ltr'>Claromaricensis,</span> <span class='ocrx_word' id='word_1_503' title='bbox 1140 4344 1178 4400; x_wconf 94' lang='lat' dir='ltr'>i.</span> <span class='ocrx_word' id='word_1_504' title='bbox 1206 4360 1255 4400; x_wconf 93' lang='lat' dir='ltr'>e.</span> <span class='ocrx_word' id='word_1_505' title='bbox 1290 4346 1432 4402; x_wconf 87' lang='lat' dir='ltr'>Bibl.</span> <span class='ocrx_word' id='word_1_506' title='bbox 1466 4349 1789 4403; x_wconf 70' lang='lat' dir='ltr'>monasterii</span> <span class='ocrx_word' id='word_1_507' title='bbox 1817 4342 2098 4407; x_wconf 65' lang='lat' dir='ltr'>Claroina-</span> 
     </span>
    </p>
   </div>
   <div class='ocr_carea' id='block_1_78' title="bbox 453 4432 2096 4509">
    <p class='ocr_par' dir='ltr' id='par_1_78' title="bbox 453 4432 2096 4509">
     <span class='ocr_line' id='line_1_78' title="bbox 453 4432 2096 4509; baseline 0.006 -23"><span class='ocrx_word' id='word_1_508' title='bbox 453 4432 679 4487; x_wconf 84' lang='lat' dir='ltr'>ricensis</span> <span class='ocrx_word' id='word_1_509' title='bbox 708 4448 886 4504; x_wconf 89' lang='lat' dir='ltr'>prope</span> <span class='ocrx_word' id='word_1_510' title='bbox 916 4432 1431 4504; x_wconf 81' lang='lat' dir='ltr'>Audomaropolim;</span> <span class='ocrx_word' id='word_1_511' title='bbox 1456 4436 1636 4490; x_wconf 87' lang='lat' dir='ltr'>codex</span> <span class='ocrx_word' id='word_1_512' title='bbox 1666 4452 1776 4492; x_wconf 88' lang='lat' dir='ltr'>ms.</span> <span class='ocrx_word' id='word_1_513' title='bbox 1811 4438 1979 4509; x_wconf 80' lang='lat' dir='ltr'>cujus</span> <span class='ocrx_word' id='word_1_514' title='bbox 2008 4438 2096 4496; x_wconf 91' lang='lat' dir='ltr'>in-</span> 
     </span>
    </p>
   </div>
   <div class='ocr_carea' id='block_1_79' title="bbox 453 4519 1685 4595">
    <p class='ocr_par' dir='ltr' id='par_1_79' title="bbox 453 4519 1685 4595">
     <span class='ocr_line' id='line_1_79' title="bbox 453 4519 1685 4595; baseline 0.002 -20"><span class='ocrx_word' id='word_1_515' title='bbox 453 4520 642 4576; x_wconf 89' lang='lat' dir='ltr'>dicem</span> <span class='ocrx_word' id='word_1_516' title='bbox 673 4534 776 4591; x_wconf 88' lang='lat' dir='ltr'>per</span> <span class='ocrx_word' id='word_1_517' title='bbox 803 4520 892 4575; x_wconf 87' lang='lat' dir='ltr'>Jo.</span> <span class='ocrx_word' id='word_1_518' title='bbox 926 4519 1332 4576; x_wconf 87' lang='lat' dir='ltr'>Mabillonium</span> <span class='ocrx_word' id='word_1_519' title='bbox 1365 4528 1685 4595; x_wconf 87' lang='lat' dir='ltr'>acceperat.</span> 
     </span>
    </p>
   </div>
   <div class='ocr_carea' id='block_1_80' title="bbox 523 4606 2172 4704">
    <p class='ocr_par' dir='ltr' id='par_1_80' title="bbox 523 4606 2172 4704">
     <span class='ocr_line' id='line_1_80' title="bbox 523 4606 2172 4704; baseline 0.004 -41"><span class='ocrx_word' id='word_1_520' title='bbox 523 4608 577 4663; x_wconf 92' lang='lat'>3.</span> <span class='ocrx_word' id='word_1_521' title='bbox 606 4606 1009 4704; x_wconf 28' lang='lat' dir='ltr'>S.-Ma‘riauilet</span> <span class='ocrx_word' id='word_1_522' title='bbox 1029 4608 1441 4704; x_wconf 64' lang='lat' dir='ltr'>Begaiacensis,</span> <span class='ocrx_word' id='word_1_523' title='bbox 1472 4611 1536 4704; x_wconf 40' lang='grc' dir='ltr'>ἱ.-</span> <span class='ocrx_word' id='word_1_524' title='bbox 1561 4626 1610 4666; x_wconf 91' lang='lat' dir='ltr'>e.</span> <span class='ocrx_word' id='word_1_525' title='bbox 1653 4611 1796 4667; x_wconf 87' lang='lat' dir='ltr'>Bibl.</span> <span class='ocrx_word' id='word_1_526' title='bbox 1826 4623 2095 4672; x_wconf 81' lang='lat' dir='ltr'>monaste-</span> <span class='ocrx_word' id='word_1_527' title='bbox 2126 4637 2172 4704; x_wconf 73' lang='grc' dir='ltr'>Ι)</span> 
     </span>
    </p>
   </div>
   <div class='ocr_carea' id='block_1_81' title="bbox 449 4696 2093 4764">
    <p class='ocr_par' dir='ltr' id='par_1_81' title="bbox 449 4696 2093 4764">
     <span class='ocr_line' id='line_1_81' title="bbox 449 4696 2093 4764; baseline 0.002 -10"><span class='ocrx_word' id='word_1_528' title='bbox 449 4699 530 4754; x_wconf 84' lang='lat' dir='ltr'>rii</span> <span class='ocrx_word' id='word_1_529' title='bbox 557 4697 613 4764; x_wconf 88' lang='lat' dir='ltr'>S,</span> <span class='ocrx_word' id='word_1_530' title='bbox 645 4696 884 4752; x_wconf 79' lang='lat' dir='ltr'>Mariani</span> <span class='ocrx_word' id='word_1_531' title='bbox 911 4696 1392 4752; x_wconf 71' lang='lat' dir='ltr'>Autissiodurensis</span> <span class='ocrx_word' id='word_1_532' title='bbox 1439 4698 1555 4754; x_wconf 88' lang='lat' dir='ltr'>0rd.</span> <span class='ocrx_word' id='word_1_533' title='bbox 1605 4701 2093 4758; x_wconf 75' lang='lat' dir='ltr'>Pnrnwnslraten-</span> 
     </span>
    </p>
   </div>
   <div class='ocr_carea' id='block_1_82' title="bbox 448 4785 2098 4857">
    <p class='ocr_par' dir='ltr' id='par_1_82' title="bbox 448 4785 2098 4857">
     <span class='ocr_line' id='line_1_82' title="bbox 448 4785 2098 4857; baseline 0.004 -14"><span class='ocrx_word' id='word_1_534' title='bbox 448 4786 779 4854; x_wconf 88' lang='lat' dir='ltr'>sis,codices</span> <span class='ocrx_word' id='word_1_535' title='bbox 806 4786 1092 4852; x_wconf 90' lang='lat' dir='ltr'>mss.duo,</span> <span class='ocrx_word' id='word_1_536' title='bbox 1126 4801 1379 4857; x_wconf 87' lang='lat' dir='ltr'>quorum</span> <span class='ocrx_word' id='word_1_537' title='bbox 1409 4785 1652 4845; x_wconf 88' lang='lat' dir='ltr'>collatas</span> <span class='ocrx_word' id='word_1_538' title='bbox 1670 4788 1948 4846; x_wconf 87' lang='lat' dir='ltr'>lectiones</span> <span class='ocrx_word' id='word_1_539' title='bbox 1981 4808 2098 4850; x_wconf 89' lang='lat' dir='ltr'>una</span> 
     </span>
    </p>
   </div>
   <div class='ocr_carea' id='block_1_83' title="bbox 449 4873 2093 4947">
    <p class='ocr_par' dir='ltr' id='par_1_83' title="bbox 449 4873 2093 4947">
     <span class='ocr_line' id='line_1_83' title="bbox 449 4873 2093 4947; baseline 0.003 -16"><span class='ocrx_word' id='word_1_540' title='bbox 449 4890 583 4931; x_wconf 90' lang='lat' dir='ltr'>cum</span> <span class='ocrx_word' id='word_1_541' title='bbox 616 4874 809 4930; x_wconf 89' lang='lat' dir='ltr'>indice</span> <span class='ocrx_word' id='word_1_542' title='bbox 838 4873 1097 4943; x_wconf 88' lang='lat' dir='ltr'>alterius,</span> <span class='ocrx_word' id='word_1_543' title='bbox 1133 4873 1233 4946; x_wconf 90' lang='lat' dir='ltr'>qui</span> <span class='ocrx_word' id='word_1_544' title='bbox 1274 4874 1461 4930; x_wconf 91' lang='lat' dir='ltr'>fuerat</span> <span class='ocrx_word' id='word_1_545' title='bbox 1496 4878 1875 4947; x_wconf 81' lang='lat' dir='ltr'>Regniacensis</span> <span class='ocrx_word' id='word_1_546' title='bbox 1903 4896 2093 4937; x_wconf 81' lang='lat' dir='ltr'>mona-</span> 
     </span>
    </p>
   </div>
   <div class='ocr_carea' id='block_1_84' title="bbox 446 4962 2092 5036">
    <p class='ocr_par' dir='ltr' id='par_1_84' title="bbox 446 4962 2092 5036">
     <span class='ocr_line' id='line_1_84' title="bbox 446 4962 2092 5036; baseline 0.004 -17"><span class='ocrx_word' id='word_1_547' title='bbox 446 4966 603 5020; x_wconf 81' lang='lat' dir='ltr'>sterii</span> <span class='ocrx_word' id='word_1_548' title='bbox 630 4963 918 5036; x_wconf 83' lang='lat' dir='ltr'>excerpsit</span> <span class='ocrx_word' id='word_1_549' title='bbox 944 4967 1003 5020; x_wconf 87' lang='lat' dir='ltr'>et</span> <span class='ocrx_word' id='word_1_550' title='bbox 1031 4964 1102 5020; x_wconf 89' lang='lat' dir='ltr'>ad</span> <span class='ocrx_word' id='word_1_551' title='bbox 1134 4962 1509 5028; x_wconf 90' lang='lat' dir='ltr'>Quesnellum</span> <span class='ocrx_word' id='word_1_552' title='bbox 1534 4966 1696 5021; x_wconf 89' lang='lat' dir='ltr'>misit</span> <span class='ocrx_word' id='word_1_553' title='bbox 1723 4967 2092 5026; x_wconf 88' lang='lat' dir='ltr'>D.Chrestien</span> 
     </span>
    </p>
   </div>
   <div class='ocr_carea' id='block_1_85' title="bbox 447 5051 1576 5110">
    <p class='ocr_par' dir='ltr' id='par_1_85' title="bbox 447 5051 1576 5110">
     <span class='ocr_line' id='line_1_85' title="bbox 447 5051 1576 5110; baseline -0.002 0"><span class='ocrx_word' id='word_1_554' title='bbox 447 5052 602 5110; x_wconf 87' lang='lat' dir='ltr'>Eccl.</span> <span class='ocrx_word' id='word_1_555' title='bbox 636 5052 955 5109; x_wconf 84' lang='lat' dir='ltr'>Autissiod.</span> <span class='ocrx_word' id='word_1_556' title='bbox 989 5069 1118 5109; x_wconf 89' lang='lat' dir='ltr'>can.</span> <span class='ocrx_word' id='word_1_557' title='bbox 1149 5057 1207 5107; x_wconf 89' lang='lat' dir='ltr'>et</span> <span class='ocrx_word' id='word_1_558' title='bbox 1235 5051 1411 5108; x_wconf 90' lang='lat' dir='ltr'>theol.</span> <span class='ocrx_word' id='word_1_559' title='bbox 1448 5052 1576 5109; x_wconf 90' lang='lat' dir='ltr'>Par.</span> 
     </span>
    </p>
   </div>
   <div class='ocr_carea' id='block_1_86' title="bbox 518 5140 2092 5212">
    <p class='ocr_par' dir='ltr' id='par_1_86' title="bbox 518 5140 2092 5212">
     <span class='ocr_line' id='line_1_86' title="bbox 518 5140 2092 5212; baseline 0.003 -14"><span class='ocrx_word' id='word_1_560' title='bbox 518 5143 574 5199; x_wconf 69' lang='lat'>4.</span> <span class='ocrx_word' id='word_1_561' title='bbox 610 5142 933 5208; x_wconf 79' lang='lat' dir='ltr'>Victorinus,</span> <span class='ocrx_word' id='word_1_562' title='bbox 966 5140 1005 5198; x_wconf 92' lang='lat' dir='ltr'>i.</span> <span class='ocrx_word' id='word_1_563' title='bbox 1055 5157 1105 5196; x_wconf 89' lang='lat' dir='ltr'>e.</span> <span class='ocrx_word' id='word_1_564' title='bbox 1149 5141 1295 5196; x_wconf 81' lang='lat' dir='ltr'>Bibl.</span> <span class='ocrx_word' id='word_1_565' title='bbox 1343 5140 1398 5196; x_wconf 90' lang='lat' dir='ltr'>S.</span> <span class='ocrx_word' id='word_1_566' title='bbox 1457 5144 1683 5199; x_wconf 81' lang='lat' dir='ltr'>Victoris</span> <span class='ocrx_word' id='word_1_567' title='bbox 1717 5146 2092 5212; x_wconf 76' lang='lat' dir='ltr'>Parisiensis;</span> 
     </span>
    </p>
   </div>
   <div class='ocr_carea' id='block_1_87' title="bbox 449 5229 2093 5303">
    <p class='ocr_par' dir='ltr' id='par_1_87' title="bbox 449 5229 2093 5303">
     <span class='ocr_line' id='line_1_87' title="bbox 449 5229 2093 5303; baseline 0.003 -15"><span class='ocrx_word' id='word_1_568' title='bbox 449 5232 629 5289; x_wconf 80' lang='lat' dir='ltr'>codex</span> <span class='ocrx_word' id='word_1_569' title='bbox 660 5248 771 5287; x_wconf 90' lang='lat' dir='ltr'>ms.</span> <span class='ocrx_word' id='word_1_570' title='bbox 800 5235 1147 5287; x_wconf 87' lang='lat' dir='ltr'>Sermonum</span> <span class='ocrx_word' id='word_1_571' title='bbox 1177 5235 1235 5287; x_wconf 89' lang='lat' dir='ltr'>et</span> <span class='ocrx_word' id='word_1_572' title='bbox 1262 5229 1655 5303; x_wconf 84' lang='lat' dir='ltr'>Epistolarum</span> <span class='ocrx_word' id='word_1_573' title='bbox 1687 5233 1802 5290; x_wconf 83' lang='lat' dir='ltr'>fere</span> <span class='ocrx_word' id='word_1_574' title='bbox 1827 5236 2093 5293; x_wconf 92' lang='lat' dir='ltr'>omnium</span> 
     </span>
    </p>
   </div>
   <div class='ocr_carea' id='block_1_88' title="bbox 448 5320 772 5380">
    <p class='ocr_par' dir='ltr' id='par_1_88' title="bbox 448 5320 772 5380">
     <span class='ocr_line' id='line_1_88' title="bbox 448 5320 772 5380; baseline -0.012 0"><span class='ocrx_word' id='word_1_575' title='bbox 448 5321 509 5380; x_wconf 86' lang='lat' dir='ltr'>S.</span> <span class='ocrx_word' id='word_1_576' title='bbox 542 5320 772 5378; x_wconf 89' lang='lat' dir='ltr'>Leonis.</span> 
     </span>
    </p>
   </div>
   <div class='ocr_carea' id='block_1_89' title="bbox 930 5409 1609 5468">
    <p class='ocr_par' dir='ltr' id='par_1_89' title="bbox 930 5409 1609 5468">
     <span class='ocr_line' id='line_1_89' title="bbox 930 5409 1609 5468; baseline 0.003 -2"><span class='ocrx_word' id='word_1_577' title='bbox 930 5409 999 5467; x_wconf 93' lang='lat' dir='ltr'>II.</span> <span class='ocrx_word' id='word_1_578' title='bbox 1039 5427 1270 5468; x_wconf 74' lang='lat' dir='ltr'>coorcns</span> <span class='ocrx_word' id='word_1_579' title='bbox 1311 5426 1609 5468; x_wconf 58' lang='lat' dir='ltr'>caecum.</span> 
     </span>
    </p>
   </div>
   <div class='ocr_carea' id='block_1_90' title="bbox 1051 5501 1483 5574">
    <p class='ocr_par' dir='ltr' id='par_1_90' title="bbox 1051 5501 1483 5574">
     <span class='ocr_line' id='line_1_90' title="bbox 1051 5501 1483 5574; baseline -0.005 -18"><span class='ocrx_word' id='word_1_580' title='bbox 1051 5503 1116 5574; x_wconf 88' lang='lat' dir='ltr'>A)</span> <span class='ocrx_word' id='word_1_581' title='bbox 1140 5501 1483 5557; x_wconf 73' lang='lat' dir='ltr'>Ser-manum.</span> 
     </span>
    </p>
   </div>
   <div class='ocr_carea' id='block_1_91' title="bbox 515 5589 2093 5665">
    <p class='ocr_par' dir='ltr' id='par_1_91' title="bbox 515 5589 2093 5665">
     <span class='ocr_line' id='line_1_91' title="bbox 515 5589 2093 5665; baseline 0.001 -17"><span class='ocrx_word' id='word_1_582' title='bbox 515 5595 571 5648; x_wconf 84' lang='lat'><strong>1.</strong></span> <span class='ocrx_word' id='word_1_583' title='bbox 609 5591 874 5648; x_wconf 75' lang='lat' dir='ltr'>Vaticani.</span> <span class='ocrx_word' id='word_1_584' title='bbox 905 5622 974 5634; x_wconf 83' lang='lat'>——-</span> <span class='ocrx_word' id='word_1_585' title='bbox 1010 5589 1241 5647; x_wconf 82' lang='lat' dir='ltr'>1.Code.r</span> <span class='ocrx_word' id='word_1_586' title='bbox 1268 5606 1424 5645; x_wconf 79' lang='lat' dir='ltr'>num.</span> <span class='ocrx_word' id='word_1_587' title='bbox 1456 5589 1617 5646; x_wconf 91' lang='lat'>3835.</span> <span class='ocrx_word' id='word_1_588' title='bbox 1645 5590 1810 5648; x_wconf 90' lang='lat' dir='ltr'>Prior</span> <span class='ocrx_word' id='word_1_589' title='bbox 1829 5608 1966 5665; x_wconf 84' lang='lat' dir='ltr'>pars</span> <span class='ocrx_word' id='word_1_590' title='bbox 1996 5610 2093 5649; x_wconf 88' lang='lat' dir='ltr'>an-</span> 
     </span>
    </p>
   </div>
   <div class='ocr_carea' id='block_1_92' title="bbox 442 5678 2091 5760">
    <p class='ocr_par' dir='ltr' id='par_1_92' title="bbox 442 5678 2091 5760">
     <span class='ocr_line' id='line_1_92' title="bbox 442 5678 2091 5760; baseline 0.001 -19"><span class='ocrx_word' id='word_1_591' title='bbox 442 5678 594 5759; x_wconf 82' lang='lat' dir='ltr'>tiqui</span> <span class='ocrx_word' id='word_1_592' title='bbox 624 5679 957 5757; x_wconf 85' lang='lat' dir='ltr'>pergamcni</span> <span class='ocrx_word' id='word_1_593' title='bbox 992 5678 1335 5754; x_wconf 87' lang='lat' dir='ltr'>lectionarii,</span> <span class='ocrx_word' id='word_1_594' title='bbox 1365 5678 1672 5739; x_wconf 86' lang='lat' dir='ltr'>continens</span> <span class='ocrx_word' id='word_1_595' title='bbox 1712 5681 2091 5760; x_wconf 85' lang='lat' dir='ltr'>quamplures</span> 
     </span>
    </p>
   </div>
   <div class='ocr_carea' id='block_1_93' title="bbox 2215 3363 3850 3440">
    <p class='ocr_par' dir='ltr' id='par_1_93' title="bbox 2215 3363 3850 3440">
     <span class='ocr_line' id='line_1_93' title="bbox 2215 3363 3850 3440; baseline 0.004 -22"><span class='ocrx_word' id='word_1_596' title='bbox 2215 3363 2388 3420; x_wconf 88' lang='lat' dir='ltr'>rentii</span> <span class='ocrx_word' id='word_1_597' title='bbox 2419 3369 2477 3421; x_wconf 90' lang='lat' dir='ltr'>et</span> <span class='ocrx_word' id='word_1_598' title='bbox 2503 3365 2572 3420; x_wconf 90' lang='lat' dir='ltr'>de</span> <span class='ocrx_word' id='word_1_599' title='bbox 2599 3365 2658 3421; x_wconf 92' lang='lat' dir='ltr'>S.</span> <span class='ocrx_word' id='word_1_600' title='bbox 2714 3364 2925 3421; x_wconf 86' lang='lat' dir='ltr'>Leonis</span> <span class='ocrx_word' id='word_1_601' title='bbox 2956 3364 3370 3437; x_wconf 84' lang='lat' dir='ltr'>Assumptione</span> <span class='ocrx_word' id='word_1_602' title='bbox 3427 3365 3499 3421; x_wconf 86' lang='lat' dir='ltr'>ad</span> <span class='ocrx_word' id='word_1_603' title='bbox 3556 3369 3850 3440; x_wconf 77' lang='lat' dir='ltr'>pontiﬁca-</span> 
     </span>
    </p>
   </div>
   <div class='ocr_carea' id='block_1_94' title="bbox 2211 3456 2360 3507">
    <p class='ocr_par' dir='ltr' id='par_1_94' title="bbox 2211 3456 2360 3507">
     <span class='ocr_line' id='line_1_94' title="bbox 2211 3456 2360 3507; baseline -0.013 0"><span class='ocrx_word' id='word_1_604' title='bbox 2211 3456 2360 3507; x_wconf 90' lang='lat' dir='ltr'>tum.</span> 
     </span>
    </p>
   </div>
   <div class='ocr_carea' id='block_1_95' title="bbox 2282 3541 3846 3621">
    <p class='ocr_par' dir='ltr' id='par_1_95' title="bbox 2282 3541 3846 3621">
     <span class='ocr_line' id='line_1_95' title="bbox 2282 3541 3846 3621; baseline 0.005 -25"><span class='ocrx_word' id='word_1_605' title='bbox 2282 3541 2521 3598; x_wconf 88' lang='lat' dir='ltr'>8.Codex</span> <span class='ocrx_word' id='word_1_606' title='bbox 2549 3560 2702 3599; x_wconf 87' lang='lat' dir='ltr'>num.</span> <span class='ocrx_word' id='word_1_607' title='bbox 2738 3544 2895 3612; x_wconf 71' lang='lat'>1270,</span> <span class='ocrx_word' id='word_1_608' title='bbox 2929 3558 3319 3616; x_wconf 83' lang='lat' dir='ltr'>pergamenus</span> <span class='ocrx_word' id='word_1_609' title='bbox 3362 3542 3594 3600; x_wconf 86' lang='lat' dir='ltr'>in-folio</span> <span class='ocrx_word' id='word_1_610' title='bbox 3629 3563 3846 3621; x_wconf 82' lang='lat' dir='ltr'>magno,</span> 
     </span>
    </p>
   </div>
   <div class='ocr_carea' id='block_1_96' title="bbox 2213 3629 3847 3707">
    <p class='ocr_par' dir='ltr' id='par_1_96' title="bbox 2213 3629 3847 3707">
     <span class='ocr_line' id='line_1_96' title="bbox 2213 3629 3847 3707; baseline 0.006 -23"><span class='ocrx_word' id='word_1_611' title='bbox 2213 3629 2272 3685; x_wconf 92' lang='lat' dir='ltr'>in</span> <span class='ocrx_word' id='word_1_612' title='bbox 2302 3647 2418 3703; x_wconf 84' lang='lat' dir='ltr'>quo</span> <span class='ocrx_word' id='word_1_613' title='bbox 2438 3631 2581 3687; x_wconf 89' lang='lat' dir='ltr'>varii</span> <span class='ocrx_word' id='word_1_614' title='bbox 2611 3631 2818 3689; x_wconf 91' lang='lat' dir='ltr'>Leonis</span> <span class='ocrx_word' id='word_1_615' title='bbox 2839 3631 3169 3698; x_wconf 88' lang='lat' dir='ltr'>Sermones,</span> <span class='ocrx_word' id='word_1_616' title='bbox 3200 3631 3528 3689; x_wconf 88' lang='lat' dir='ltr'>Cacciarius</span> <span class='ocrx_word' id='word_1_617' title='bbox 3559 3635 3695 3707; x_wconf 86' lang='lat' dir='ltr'>ejus</span> <span class='ocrx_word' id='word_1_618' title='bbox 3727 3637 3847 3693; x_wconf 88' lang='lat' dir='ltr'>sub-</span> 
     </span>
    </p>
   </div>
   <div class='ocr_carea' id='block_1_97' title="bbox 2211 3718 3844 3793">
    <p class='ocr_par' dir='ltr' id='par_1_97' title="bbox 2211 3718 3844 3793">
     <span class='ocr_line' id='line_1_97' title="bbox 2211 3718 3844 3793; baseline 0.003 -19"><span class='ocrx_word' id='word_1_619' title='bbox 2211 3718 2361 3775; x_wconf 90' lang='lat' dir='ltr'>sidio</span> <span class='ocrx_word' id='word_1_620' title='bbox 2374 3720 2751 3793; x_wconf 89' lang='lat' dir='ltr'>potissimum</span> <span class='ocrx_word' id='word_1_621' title='bbox 2769 3737 3098 3777; x_wconf 87' lang='lat' dir='ltr'>sermonem</span> <span class='ocrx_word' id='word_1_622' title='bbox 3111 3719 3183 3775; x_wconf 92' lang='lat' dir='ltr'>de</span> <span class='ocrx_word' id='word_1_623' title='bbox 3200 3720 3347 3776; x_wconf 87' lang='lat' dir='ltr'>festo</span> <span class='ocrx_word' id='word_1_624' title='bbox 3369 3721 3672 3781; x_wconf 71' lang='lat' dir='ltr'>Cathedra:</span> <span class='ocrx_word' id='word_1_625' title='bbox 3690 3724 3844 3792; x_wconf 84' lang='lat' dir='ltr'>Petri,</span> 
     </span>
    </p>
   </div>
   <div class='ocr_carea' id='block_1_98' title="bbox 2212 3808 3846 3888">
    <p class='ocr_par' dir='ltr' id='par_1_98' title="bbox 2212 3808 3846 3888">
     <span class='ocr_line' id='line_1_98' title="bbox 2212 3808 3846 3888; baseline 0.004 -25"><span class='ocrx_word' id='word_1_626' title='bbox 2212 3824 2386 3880; x_wconf 89' lang='lat' dir='ltr'>quem</span> <span class='ocrx_word' id='word_1_627' title='bbox 2419 3809 2644 3882; x_wconf 89' lang='lat' dir='ltr'>primus</span> <span class='ocrx_word' id='word_1_628' title='bbox 2665 3808 3032 3877; x_wconf 88' lang='lat' dir='ltr'>Quesnellus,</span> <span class='ocrx_word' id='word_1_629' title='bbox 3056 3809 3156 3866; x_wconf 86' lang='lat' dir='ltr'>sed</span> <span class='ocrx_word' id='word_1_630' title='bbox 3189 3809 3465 3865; x_wconf 86' lang='lat' dir='ltr'>mutilum</span> <span class='ocrx_word' id='word_1_631' title='bbox 3497 3816 3556 3868; x_wconf 90' lang='lat' dir='ltr'>et</span> <span class='ocrx_word' id='word_1_632' title='bbox 3584 3813 3846 3888; x_wconf 81' lang='lat' dir='ltr'>imperfe-</span> 
     </span>
    </p>
   </div>
   <div class='ocr_carea' id='block_1_99' title="bbox 2211 3898 3846 3973">
    <p class='ocr_par' dir='ltr' id='par_1_99' title="bbox 2211 3898 3846 3973">
     <span class='ocr_line' id='line_1_99' title="bbox 2211 3898 3846 3973; baseline 0.003 -20"><span class='ocrx_word' id='word_1_633' title='bbox 2211 3902 2392 3967; x_wconf 89' lang='lat' dir='ltr'>ctum,</span> <span class='ocrx_word' id='word_1_634' title='bbox 2425 3898 2742 3973; x_wconf 86' lang='lat' dir='ltr'>evulgarat,</span> <span class='ocrx_word' id='word_1_635' title='bbox 2777 3898 3133 3972; x_wconf 68' lang='lat' dir='ltr'>primigenia:</span> <span class='ocrx_word' id='word_1_636' title='bbox 3183 3898 3507 3972; x_wconf 82' lang='lat' dir='ltr'>integritati</span> <span class='ocrx_word' id='word_1_637' title='bbox 3534 3903 3846 3960; x_wconf 86' lang='lat' dir='ltr'>reddidisse</span> 
     </span>
    </p>
   </div>
   <div class='ocr_carea' id='block_1_100' title="bbox 2208 3990 2474 4043">
    <p class='ocr_par' dir='ltr' id='par_1_100' title="bbox 2208 3990 2474 4043">
     <span class='ocr_line' id='line_1_100' title="bbox 2208 3990 2474 4043; baseline 0.004 -1"><span class='ocrx_word' id='word_1_638' title='bbox 2208 3990 2474 4043; x_wconf 87' lang='lat' dir='ltr'>testatur.</span> 
     </span>
    </p>
   </div>
   <div class='ocr_carea' id='block_1_101' title="bbox 2276 4076 3845 4151">
    <p class='ocr_par' dir='ltr' id='par_1_101' title="bbox 2276 4076 3845 4151">
     <span class='ocr_line' id='line_1_101' title="bbox 2276 4076 3845 4151; baseline 0.003 -21"><span class='ocrx_word' id='word_1_639' title='bbox 2276 4076 2332 4130; x_wconf 88' lang='lat'>9.</span> <span class='ocrx_word' id='word_1_640' title='bbox 2367 4076 2545 4132; x_wconf 82' lang='lat' dir='ltr'>Codex</span> <span class='ocrx_word' id='word_1_641' title='bbox 2573 4094 2731 4132; x_wconf 84' lang='lat' dir='ltr'>num.</span> <span class='ocrx_word' id='word_1_642' title='bbox 2765 4077 2923 4145; x_wconf 88' lang='lat'><strong>1271,</strong></span> <span class='ocrx_word' id='word_1_643' title='bbox 2973 4093 3365 4151; x_wconf 78' lang='lat' dir='ltr'>pergamcnus</span> <span class='ocrx_word' id='word_1_644' title='bbox 3417 4078 3637 4151; x_wconf 89' lang='lat' dir='ltr'>in-fol.,</span> <span class='ocrx_word' id='word_1_645' title='bbox 3671 4078 3845 4137; x_wconf 84' lang='lat' dir='ltr'>varios</span> 
     </span>
    </p>
   </div>
   <div class='ocr_carea' id='block_1_102' title="bbox 2209 4164 3084 4224">
    <p class='ocr_par' dir='ltr' id='par_1_102' title="bbox 2209 4164 3084 4224">
     <span class='ocr_line' id='line_1_102' title="bbox 2209 4164 3084 4224; baseline 0.005 -4"><span class='ocrx_word' id='word_1_646' title='bbox 2209 4165 2418 4221; x_wconf 90' lang='lat' dir='ltr'>Leonis</span> <span class='ocrx_word' id='word_1_647' title='bbox 2449 4169 2757 4221; x_wconf 89' lang='lat' dir='ltr'>Sermones</span> <span class='ocrx_word' id='word_1_648' title='bbox 2787 4164 3084 4224; x_wconf 85' lang='lat' dir='ltr'>exhibens.</span> 
     </span>
    </p>
   </div>
   <div class='ocr_carea' id='block_1_103' title="bbox 2279 4254 3846 4329">
    <p class='ocr_par' dir='ltr' id='par_1_103' title="bbox 2279 4254 3846 4329">
     <span class='ocr_line' id='line_1_103' title="bbox 2279 4254 3846 4329; baseline 0.001 -19"><span class='ocrx_word' id='word_1_649' title='bbox 2279 4254 2366 4310; x_wconf 82' lang='lat' dir='ltr'>lO.</span> <span class='ocrx_word' id='word_1_650' title='bbox 2405 4254 2581 4311; x_wconf 83' lang='lat' dir='ltr'>Codex</span> <span class='ocrx_word' id='word_1_651' title='bbox 2606 4271 2761 4309; x_wconf 83' lang='lat' dir='ltr'>nam.</span> <span class='ocrx_word' id='word_1_652' title='bbox 2795 4256 2947 4324; x_wconf 82' lang='lat' dir='ltr'>l272,</span> <span class='ocrx_word' id='word_1_653' title='bbox 2980 4271 3372 4329; x_wconf 84' lang='lat' dir='ltr'>pergamenus</span> <span class='ocrx_word' id='word_1_654' title='bbox 3401 4256 3461 4311; x_wconf 94' lang='lat' dir='ltr'>in</span> <span class='ocrx_word' id='word_1_655' title='bbox 3492 4263 3724 4329; x_wconf 87' lang='lat' dir='ltr'>quarto,</span> <span class='ocrx_word' id='word_1_656' title='bbox 3757 4274 3846 4314; x_wconf 66' lang='lat' dir='ltr'>sie-</span> 
     </span>
    </p>
   </div>
   <div class='ocr_carea' id='block_1_104' title="bbox 2206 4342 3841 4420">
    <p class='ocr_par' dir='ltr' id='par_1_104' title="bbox 2206 4342 3841 4420">
     <span class='ocr_line' id='line_1_104' title="bbox 2206 4342 3841 4420; baseline 0.002 -22"><span class='ocrx_word' id='word_1_657' title='bbox 2206 4342 2321 4398; x_wconf 90' lang='lat' dir='ltr'>culi</span> <span class='ocrx_word' id='word_1_658' title='bbox 2351 4360 2407 4411; x_wconf 86' lang='lat' dir='ltr'>x,</span> <span class='ocrx_word' id='word_1_659' title='bbox 2440 4347 2584 4399; x_wconf 85' lang='lat' dir='ltr'>cont.</span> <span class='ocrx_word' id='word_1_660' title='bbox 2618 4343 2930 4400; x_wconf 85' lang='lat' dir='ltr'>Sermones</span> <span class='ocrx_word' id='word_1_661' title='bbox 2959 4348 3015 4399; x_wconf 92' lang='lat' dir='ltr'>et</span> <span class='ocrx_word' id='word_1_662' title='bbox 3040 4344 3323 4414; x_wconf 76' lang='lat' dir='ltr'>Homilias</span> <span class='ocrx_word' id='word_1_663' title='bbox 3365 4361 3491 4417; x_wconf 68' lang='lat' dir='ltr'>qua:</span> <span class='ocrx_word' id='word_1_664' title='bbox 3521 4345 3664 4404; x_wconf 91' lang='lat' dir='ltr'>olim</span> <span class='ocrx_word' id='word_1_665' title='bbox 3696 4347 3841 4420; x_wconf 85' lang='lat' dir='ltr'>lege-</span> 
     </span>
    </p>
   </div>
   <div class='ocr_carea' id='block_1_105' title="bbox 2204 4431 3847 4505">
    <p class='ocr_par' dir='ltr' id='par_1_105' title="bbox 2204 4431 3847 4505">
     <span class='ocr_line' id='line_1_105' title="bbox 2204 4431 3847 4505; baseline 0.001 -18"><span class='ocrx_word' id='word_1_666' title='bbox 2204 4431 2493 4490; x_wconf 88' lang='lat' dir='ltr'>banturin</span> <span class='ocrx_word' id='word_1_667' title='bbox 2516 4431 2764 4504; x_wconf 85' lang='lat' dir='ltr'>singulis</span> <span class='ocrx_word' id='word_1_668' title='bbox 2785 4431 3180 4505; x_wconf 69' lang='lat' dir='ltr'>apostolorum</span> <span class='ocrx_word' id='word_1_669' title='bbox 3206 4433 3847 4492; x_wconf 65' lang='lat' dir='ltr'>festivitatibusPrxter</span> 
     </span>
    </p>
   </div>
   <div class='ocr_carea' id='block_1_106' title="bbox 2205 4512 3842 4597">
    <p class='ocr_par' dir='ltr' id='par_1_106' title="bbox 2205 4512 3842 4597">
     <span class='ocr_line' id='line_1_106' title="bbox 2205 4512 3842 4597; baseline 0.002 -22"><span class='ocrx_word' id='word_1_670' title='bbox 2205 4521 2491 4592; x_wconf 88' lang='lat' dir='ltr'>quasdam</span> <span class='ocrx_word' id='word_1_671' title='bbox 2505 4520 2710 4577; x_wconf 91' lang='lat' dir='ltr'>Leonis</span> <span class='ocrx_word' id='word_1_672' title='bbox 2721 4512 3289 4589; x_wconf 88' lang='lat' dir='ltr'>orationes,habebat</span> <span class='ocrx_word' id='word_1_673' title='bbox 3301 4539 3534 4595; x_wconf 90' lang='lat' dir='ltr'>quoque</span> <span class='ocrx_word' id='word_1_674' title='bbox 3545 4525 3842 4597; x_wconf 86' lang='lat' dir='ltr'>antiquum</span> 
     </span>
    </p>
   </div>
   <div class='ocr_carea' id='block_1_107' title="bbox 2205 4609 3844 4681">
    <p class='ocr_par' dir='ltr' id='par_1_107' title="bbox 2205 4609 3844 4681">
     <span class='ocr_line' id='line_1_107' title="bbox 2205 4609 3844 4681; baseline 0 -16"><span class='ocrx_word' id='word_1_675' title='bbox 2205 4609 2519 4681; x_wconf 88' lang='lat' dir='ltr'>quemdam</span> <span class='ocrx_word' id='word_1_676' title='bbox 2545 4609 2737 4665; x_wconf 66' lang='lat' dir='ltr'>Missae</span> <span class='ocrx_word' id='word_1_677' title='bbox 2755 4609 3329 4677; x_wconf 70' lang='lat' dir='ltr'>Canonem,homiliie</span> <span class='ocrx_word' id='word_1_678' title='bbox 3365 4611 3437 4668; x_wconf 91' lang='lat' dir='ltr'>de</span> <span class='ocrx_word' id='word_1_679' title='bbox 3452 4616 3585 4669; x_wconf 92' lang='lat' dir='ltr'>octo</span> <span class='ocrx_word' id='word_1_680' title='bbox 3609 4613 3844 4670; x_wconf 74' lang='lat' dir='ltr'>Beatitu-</span> 
     </span>
    </p>
   </div>
   <div class='ocr_carea' id='block_1_108' title="bbox 2204 4698 3845 4773">
    <p class='ocr_par' dir='ltr' id='par_1_108' title="bbox 2204 4698 3845 4773">
     <span class='ocr_line' id='line_1_108' title="bbox 2204 4698 3845 4773; baseline 0.001 -20"><span class='ocrx_word' id='word_1_681' title='bbox 2204 4698 2440 4754; x_wconf 88' lang='lat' dir='ltr'>dimbus</span> <span class='ocrx_word' id='word_1_682' title='bbox 2454 4699 2816 4770; x_wconf 86' lang='lat' dir='ltr'>adjunctum,</span> <span class='ocrx_word' id='word_1_683' title='bbox 2840 4716 3016 4771; x_wconf 91' lang='lat' dir='ltr'>quem</span> <span class='ocrx_word' id='word_1_684' title='bbox 3045 4698 3341 4773; x_wconf 85' lang='lat' dir='ltr'>integrum</span> <span class='ocrx_word' id='word_1_685' title='bbox 3373 4700 3708 4758; x_wconf 85' lang='lat' dir='ltr'>Cacoiarius</span> <span class='ocrx_word' id='word_1_686' title='bbox 3737 4715 3845 4757; x_wconf 85' lang='lat' dir='ltr'>una</span> 
     </span>
    </p>
   </div>
   <div class='ocr_carea' id='block_1_109' title="bbox 2205 4787 3842 4864">
    <p class='ocr_par' dir='ltr' id='par_1_109' title="bbox 2205 4787 3842 4864">
     <span class='ocr_line' id='line_1_109' title="bbox 2205 4787 3842 4864; baseline 0.002 -21"><span class='ocrx_word' id='word_1_687' title='bbox 2205 4804 2338 4843; x_wconf 91' lang='lat' dir='ltr'>cum</span> <span class='ocrx_word' id='word_1_688' title='bbox 2366 4787 2767 4843; x_wconf 88' lang='lat' dir='ltr'>characterum</span> <span class='ocrx_word' id='word_1_689' title='bbox 2799 4788 3117 4861; x_wconf 89' lang='lat' dir='ltr'>specimine</span> <span class='ocrx_word' id='word_1_690' title='bbox 3144 4788 3256 4862; x_wconf 90' lang='lat' dir='ltr'>ipsi</span> <span class='ocrx_word' id='word_1_691' title='bbox 3286 4789 3551 4862; x_wconf 88' lang='lat' dir='ltr'>subjecto</span> <span class='ocrx_word' id='word_1_692' title='bbox 3562 4808 3730 4864; x_wconf 84' lang='lat' dir='ltr'>pagg.</span> <span class='ocrx_word' id='word_1_693' title='bbox 3748 4791 3842 4846; x_wconf 75' lang='grc'>297</span> 
     </span>
    </p>
   </div>
   <div class='ocr_carea' id='block_1_110' title="bbox 2203 4866 2993 4943">
    <p class='ocr_par' dir='ltr' id='par_1_110' title="bbox 2203 4866 2993 4943">
     <span class='ocr_line' id='line_1_110' title="bbox 2203 4866 2993 4943; baseline 0.001 -12"><span class='ocrx_word' id='word_1_694' title='bbox 2203 4866 2328 4943; x_wconf 82' lang='grc' dir='ltr'>3Ὀιι,</span> <span class='ocrx_word' id='word_1_695' title='bbox 2364 4884 2402 4930; x_wconf 83' lang='lat' dir='ltr'>t.</span> <span class='ocrx_word' id='word_1_696' title='bbox 2438 4877 2478 4939; x_wconf 84' lang='grc' dir='ltr'>Ι.</span> <span class='ocrx_word' id='word_1_697' title='bbox 2515 4875 2719 4930; x_wconf 83' lang='lat' dir='ltr'>excudi</span> <span class='ocrx_word' id='word_1_698' title='bbox 2750 4877 2993 4932; x_wconf 88' lang='lat' dir='ltr'>curavit.</span> 
     </span>
    </p>
   </div>
   <div class='ocr_carea' id='block_1_111' title="bbox 2276 4964 3842 5043">
    <p class='ocr_par' dir='ltr' id='par_1_111' title="bbox 2276 4964 3842 5043">
     <span class='ocr_line' id='line_1_111' title="bbox 2276 4964 3842 5043; baseline 0.001 -24"><span class='ocrx_word' id='word_1_699' title='bbox 2276 4965 2362 5020; x_wconf 87' lang='lat' dir='ltr'>1l.</span> <span class='ocrx_word' id='word_1_700' title='bbox 2395 4964 2572 5021; x_wconf 81' lang='lat' dir='ltr'>Codex</span> <span class='ocrx_word' id='word_1_701' title='bbox 2598 4981 2752 5019; x_wconf 83' lang='lat' dir='ltr'>num.</span> <span class='ocrx_word' id='word_1_702' title='bbox 2786 4965 3184 5034; x_wconf 69' lang='lat' dir='ltr'>4222,in-folio</span> <span class='ocrx_word' id='word_1_703' title='bbox 3215 4983 3428 5041; x_wconf 85' lang='lat' dir='ltr'>magno</span> <span class='ocrx_word' id='word_1_704' title='bbox 3453 4965 3842 5043; x_wconf 82' lang='lat' dir='ltr'>Langobardi-</span> 
     </span>
    </p>
   </div>
   <div class='ocr_carea' id='block_1_112' title="bbox 2202 5053 3841 5130">
    <p class='ocr_par' dir='ltr' id='par_1_112' title="bbox 2202 5053 3841 5130">
     <span class='ocr_line' id='line_1_112' title="bbox 2202 5053 3841 5130; baseline 0.002 -22"><span class='ocrx_word' id='word_1_705' title='bbox 2202 5053 2285 5109; x_wconf 90' lang='lat' dir='ltr'>cis</span> <span class='ocrx_word' id='word_1_706' title='bbox 2316 5053 2750 5109; x_wconf 86' lang='lat' dir='ltr'>characteribus</span> <span class='ocrx_word' id='word_1_707' title='bbox 2781 5059 3073 5127; x_wconf 84' lang='lat' dir='ltr'>exaratus,</span> <span class='ocrx_word' id='word_1_708' title='bbox 3106 5072 3238 5112; x_wconf 70' lang='lat' dir='ltr'>saec.</span> <span class='ocrx_word' id='word_1_709' title='bbox 3270 5073 3350 5125; x_wconf 69' lang='grc' dir='ltr'>ιχ,</span> <span class='ocrx_word' id='word_1_710' title='bbox 3381 5060 3527 5113; x_wconf 81' lang='lat' dir='ltr'>cont.</span> <span class='ocrx_word' id='word_1_711' title='bbox 3562 5058 3841 5130; x_wconf 86' lang='lat' dir='ltr'>quosdam</span> 
     </span>
    </p>
   </div>
   <div class='ocr_carea' id='block_1_113' title="bbox 2203 5142 3840 5204">
    <p class='ocr_par' dir='ltr' id='par_1_113' title="bbox 2203 5142 3840 5204">
     <span class='ocr_line' id='line_1_113' title="bbox 2203 5142 3840 5204; baseline 0.001 -6"><span class='ocrx_word' id='word_1_712' title='bbox 2203 5142 2411 5198; x_wconf 86' lang='lat' dir='ltr'>Leonis</span> <span class='ocrx_word' id='word_1_713' title='bbox 2441 5143 2751 5199; x_wconf 88' lang='lat' dir='ltr'>Sermones</span> <span class='ocrx_word' id='word_1_714' title='bbox 2807 5144 3132 5200; x_wconf 88' lang='lat' dir='ltr'>secundum</span> <span class='ocrx_word' id='word_1_715' title='bbox 3179 5143 3318 5201; x_wconf 90' lang='lat' dir='ltr'>anni</span> <span class='ocrx_word' id='word_1_716' title='bbox 3368 5144 3495 5202; x_wconf 91' lang='lat' dir='ltr'>dies</span> <span class='ocrx_word' id='word_1_717' title='bbox 3544 5146 3728 5204; x_wconf 87' lang='lat' dir='ltr'>festos</span> <span class='ocrx_word' id='word_1_718' title='bbox 3768 5143 3840 5200; x_wconf 90' lang='lat' dir='ltr'>le-</span> 
     </span>
    </p>
   </div>
   <div class='ocr_carea' id='block_1_114' title="bbox 2201 5232 2443 5306">
    <p class='ocr_par' dir='ltr' id='par_1_114' title="bbox 2201 5232 2443 5306">
     <span class='ocr_line' id='line_1_114' title="bbox 2201 5232 2443 5306; baseline -0.008 -18"><span class='ocrx_word' id='word_1_719' title='bbox 2201 5232 2443 5306; x_wconf 83' lang='lat' dir='ltr'>gendos.</span> 
     </span>
    </p>
   </div>
   <div class='ocr_carea' id='block_1_115' title="bbox 2279 5320 3842 5388">
    <p class='ocr_par' dir='ltr' id='par_1_115' title="bbox 2279 5320 3842 5388">
     <span class='ocr_line' id='line_1_115' title="bbox 2279 5320 3842 5388; baseline 0 -13"><span class='ocrx_word' id='word_1_720' title='bbox 2279 5324 2360 5375; x_wconf 85' lang='grc'>12.</span> <span class='ocrx_word' id='word_1_721' title='bbox 2397 5320 2574 5376; x_wconf 87' lang='lat' dir='ltr'>Codex</span> <span class='ocrx_word' id='word_1_722' title='bbox 2596 5338 2748 5376; x_wconf 80' lang='lat' dir='ltr'>nam.</span> <span class='ocrx_word' id='word_1_723' title='bbox 2797 5320 2962 5388; x_wconf 70' lang='lat' dir='ltr'>515i,</span> <span class='ocrx_word' id='word_1_724' title='bbox 3014 5338 3146 5377; x_wconf 69' lang='lat' dir='ltr'>saec.</span> <span class='ocrx_word' id='word_1_725' title='bbox 3195 5338 3278 5377; x_wconf 84' lang='lat' dir='ltr'>xu</span> <span class='ocrx_word' id='word_1_726' title='bbox 3324 5322 3606 5380; x_wconf 83' lang='lat' dir='ltr'>Romanis</span> <span class='ocrx_word' id='word_1_727' title='bbox 3652 5321 3842 5380; x_wconf 82' lang='lat' dir='ltr'>chara-</span> 
     </span>
    </p>
   </div>
   <div class='ocr_carea' id='block_1_116' title="bbox 2200 5409 3818 5482">
    <p class='ocr_par' dir='ltr' id='par_1_116' title="bbox 2200 5409 3818 5482">
     <span class='ocr_line' id='line_1_116' title="bbox 2200 5409 3818 5482; baseline 0.001 -17"><span class='ocrx_word' id='word_1_728' title='bbox 2200 5409 2455 5466; x_wconf 90' lang='lat' dir='ltr'>cteribus</span> <span class='ocrx_word' id='word_1_729' title='bbox 2485 5410 2761 5482; x_wconf 87' lang='lat' dir='ltr'>scriptus,</span> <span class='ocrx_word' id='word_1_730' title='bbox 2789 5418 2931 5466; x_wconf 78' lang='lat' dir='ltr'>cont.</span> <span class='ocrx_word' id='word_1_731' title='bbox 2953 5410 3163 5468; x_wconf 88' lang='lat' dir='ltr'>Leonis</span> <span class='ocrx_word' id='word_1_732' title='bbox 3195 5411 3507 5468; x_wconf 90' lang='lat' dir='ltr'>Sermones</span> <span class='ocrx_word' id='word_1_733' title='bbox 3536 5413 3610 5470; x_wconf 90' lang='lat' dir='ltr'>de</span> <span class='ocrx_word' id='word_1_734' title='bbox 3638 5410 3818 5470; x_wconf 80' lang='lat' dir='ltr'>solem</span> 
     </span>
    </p>
   </div>
   <div class='ocr_carea' id='block_1_117' title="bbox 2201 5498 3839 5575">
    <p class='ocr_par' dir='ltr' id='par_1_117' title="bbox 2201 5498 3839 5575">
     <span class='ocr_line' id='line_1_117' title="bbox 2201 5498 3839 5575; baseline 0.001 -22"><span class='ocrx_word' id='word_1_735' title='bbox 2201 5499 2381 5555; x_wconf 85' lang='lat' dir='ltr'>nitate</span> <span class='ocrx_word' id='word_1_736' title='bbox 2411 5498 2663 5565; x_wconf 83' lang='lat' dir='ltr'>Paschae,</span> <span class='ocrx_word' id='word_1_737' title='bbox 2695 5499 3063 5557; x_wconf 86' lang='lat' dir='ltr'>Pentecostes</span> <span class='ocrx_word' id='word_1_738' title='bbox 3093 5504 3151 5557; x_wconf 90' lang='lat' dir='ltr'>et</span> <span class='ocrx_word' id='word_1_739' title='bbox 3174 5500 3246 5556; x_wconf 92' lang='lat' dir='ltr'>de</span> <span class='ocrx_word' id='word_1_740' title='bbox 3284 5498 3451 5556; x_wconf 88' lang='lat' dir='ltr'>festis</span> <span class='ocrx_word' id='word_1_741' title='bbox 3482 5500 3587 5558; x_wconf 90' lang='lat' dir='ltr'>SS.</span> <span class='ocrx_word' id='word_1_742' title='bbox 3619 5503 3839 5575; x_wconf 86' lang='lat' dir='ltr'>aposto-</span> 
     </span>
    </p>
   </div>
   <div class='ocr_carea' id='block_1_118' title="bbox 2198 5586 2873 5645">
    <p class='ocr_par' dir='ltr' id='par_1_118' title="bbox 2198 5586 2873 5645">
     <span class='ocr_line' id='line_1_118' title="bbox 2198 5586 2873 5645; baseline 0 -2"><span class='ocrx_word' id='word_1_743' title='bbox 2198 5586 2390 5645; x_wconf 92' lang='lat' dir='ltr'>lorum</span> <span class='ocrx_word' id='word_1_744' title='bbox 2422 5586 2574 5643; x_wconf 89' lang='lat' dir='ltr'>Petri</span> <span class='ocrx_word' id='word_1_745' title='bbox 2603 5592 2661 5644; x_wconf 88' lang='lat' dir='ltr'>et</span> <span class='ocrx_word' id='word_1_746' title='bbox 2689 5587 2873 5643; x_wconf 87' lang='lat' dir='ltr'>Pauli.</span> 
     </span>
    </p>
   </div>
   <div class='ocr_carea' id='block_1_119' title="bbox 2267 5673 3839 5757">
    <p class='ocr_par' dir='ltr' id='par_1_119' title="bbox 2267 5673 3839 5757">
     <span class='ocr_line' id='line_1_119' title="bbox 2267 5673 3839 5757; baseline 0.001 -19"><span class='ocrx_word' id='word_1_747' title='bbox 2267 5680 2356 5738; x_wconf 80' lang='lat'>13.</span> <span class='ocrx_word' id='word_1_748' title='bbox 2382 5676 2562 5737; x_wconf 80' lang='lat' dir='ltr'>Codex</span> <span class='ocrx_word' id='word_1_749' title='bbox 2610 5694 2765 5736; x_wconf 81' lang='lat' dir='ltr'>num.</span> <span class='ocrx_word' id='word_1_750' title='bbox 2813 5679 2976 5751; x_wconf 61' lang='lat'>61:50,</span> <span class='ocrx_word' id='word_1_751' title='bbox 3034 5693 3447 5757; x_wconf 78' lang='lat' dir='ltr'>pergamenus,</span> <span class='ocrx_word' id='word_1_752' title='bbox 3493 5693 3581 5741; x_wconf 81' lang='lat' dir='ltr'>xu</span> <span class='ocrx_word' id='word_1_753' title='bbox 3630 5673 3839 5749; x_wconf 66' lang='lat' dir='ltr'>seculi.</span> 
     </span>
    </p>
   </div>
  </div>
