3914 6232
34 372 35 383 Ν
94 419 179 481 109
484 419 1087 485 scaoaNEMANNi
1131 421 1451 484 NOTITIA
1494 420 2412 489 HISTORICO-LITTERARIA
2452 430 2528 490 IN
2560 430 2623 490 s.
2658 427 3002 491 LEONEM.

3328 424 3447 489 110

90 558 197 609 mni.
224 541 486 610 bomilias
516 553 580 609 in
610 554 916 610 nocturnis
935 554 1141 609 ofﬁciis
1164 553 1694 620 recitandas,inter-
1720 553 1776 621 Α
1808 560 2022 623 menta,
2056 559 2156 615 sed
2189 563 2244 615 et
2273 559 2405 617 illas
2442 561 2729 633 Epistolas
2777 577 2904 633 quae
2938 561 3051 615 Leo
3078 558 3139 614 in
3168 557 3331 615 illius
3352 576 3447 633 sy-

90 659 177 714 que
200 659 291 698 eas
316 641 514 715 plures
542 642 760 699 Leonis
790 647 848 699 et
874 642 1035 699 illam
1083 643 1143 698 in
1187 643 1335 699 festo
1392 642 1689 699 Cathedrze

90 731 208 786 Petri
233 731 442 803 pariter
466 748 533 787 ac
562 731 625 787 in
658 730 953 796 Quesnelli
992 730 1294 787 codicibus
1324 729 1613 787 mutilam.

144 821 215 876 14.
244 820 414 877 Codex
442 838 595 876 num.
646 820 810 889 6451,
834 820 1180 893 praecedenti
1229 837 1345 876 non
1377 819 1686 889 absimilis,

92 909 252 965 eodem
277 926 403 966 szec.
436 912 493 965 et
516 910 855 966 charactere
886 908 1160 982 scriptus,
1193 913 1338 965 cont.
1358 925 1688 966 sermonem

90 998 281 1055 tertium
309 999 379 1055 de
408 998 715 1067 Paschate,
749 1014 864 1071 quo
895 997 1227 1054 Cacciarius
1258 998 1516 1071 primum
1546 999 1687 1054 Leo-

93 1103 194 1143 nem
220 1087 506 1144 mactavit.
874 1104 879 1109 ·

142 1177 213 1232 45.
238 1176 415 1234 Codex
438 1194 597 1232 num.
628 1177 774 1232 5442
818 1176 1053 1232 duobus
1083 1175 1548 1248 praecedentibus
1578 1176 1690 1231 for-

90 1282 177 1330 ma,
204 1266 395 1339 ﬁgura,
427 1265 642 1322 saeculo
671 1270 730 1321 et
786 1265 1122 1322 charactere
1171 1265 1509 1337 persimilis,
1543 1270 1685 1321 cont.

89 1354 253 1410 Leonis
279 1355 586 1411 Sermones
616 1353 690 1409 de
718 1353 1197 1428 Quadragesima,
1223 1370 1358 1409 cum
1390 1353 1520 1410 aliis
1549 1371 1690 1411 non-

88 1443 229 1497 nullis
252 1444 318 1498 ad
347 1432 583 1499 Domini
613 1442 957 1498 Passionem
990 1441 1441 1515 pertinentibus.

140 1533 209 1587 16.
238 1531 406 1588 Codex
426 1549 584 1587 num.
615 1532 780 1598 6454,
814 1530 1028 1588 similis
1073 1531 1264 1586 tribus
1313 1532 1686 1604 praecedenti-

87 1622 171 1677 bus
194 1623 245 1677 in
272 1638 379 1694 quo
410 1625 622 1694 praeter
652 1619 799 1676 alios
830 1621 1072 1676 Patrum
1121 1637 1443 1687 sermones,
1476 1620 1687 1677 Leonis

86 1711 275 1766 nomine
297 1715 423 1766 tum
449 1709 654 1782 plures
684 1725 754 1765 ex
789 1707 1064 1781 vulgatis,
1090 1714 1223 1763 tum
1271 1707 1370 1764 alii
1419 1708 1687 1765 nonnulli

88 1800 431 1868 occurrebant,
468 1814 621 1872 quos
650 1796 751 1854 ille
800 1801 1105 1870 tamquam
1137 1796 1354 1854 dubius
1381 1797 1441 1852 in
1476 1814 1687 1870 appen-

87 1890 231 1946 dicem
256 1888 467 1961 rejecit.

136 1978 192 2034 II.
222 1975 754 2034 Vaticano-Palatini
778 1975 1064 2040 num.4l;2,
1101 1974 1223 2041 443,
1257 1975 1596 2030 Lectionum
1628 1978 1684 2030 et

87 2068 416 2124 Homiliarum
430 2064 654 2123 SS.PP.
677 2063 812 2121 libri
831 2065 947 2119 duo
969 2063 1281 2127 chartacei,
1302 2067 1445 2120 cont.
1475 2080 1683 2136 quam-

87 2156 239 2230 plures
259 2157 564 2213 Sermones
583 2154 815 2221 Leonis,
836 2169 1088 2225 quorum
1120 2151 1384 2208 nonnulli
1413 2152 1607 2208 mutili
1628 2156 1687 2208 et

86 2246 370 2320 imperfecti,
399 2242 833 2301 accommodati
864 2243 936 2298 ad
954 2259 1128 2298 usum
1151 2239 1404 2312 alicujus
1427 2241 1683 2314 particu-

87 2334 192 2392 laris
213 2334 481 2393 Ecclesiae.
516 2332 827 2406 Scriptura
864 2335 989 2387 erat
1043 2330 1411 2399 Germanica,
1441 2330 1500 2386 in
1532 2330 1681 2386 duas

90 2424 334 2482 columnas
362 2424 648 2481 distincta
676 2424 735 2477 et
762 2421 917 2476 notis
965 2418 1419 2492 compendiariis
1449 2418 1680 2475 difﬁcil-

89 2508 207 2569 limis
230 2514 443 2584 rel'erta,
478 2526 662 2584 quem
696 2524 759 2566 se
790 2509 988 2581 ipsum
1016 2507 1210 2581 legere
1240 2507 1571 2581 nequivisse
1602 2506 1682 2562 fa-

246 2690 620 2747 l'a.’licellanus
632 2684 1076 2752 vetustusliber,
1099 2689 1240 2740 cont.
1262 2684 1455 2741 varios
1472 2684 1680 2741 Leonis

90 2780 355 2848 Sermones,
383 2796 561 2853 quem
587 2777 721 2850 ipse
758 2779 956 2831 tamen
1005 2773 1332 2831 Cacciarius
1363 2791 1479 2829 non
1509 2773 1676 2842 vidit,

88 2869 163 2924 sed
187 2886 215 2925 ει
238 2876 289 2925 Ρ.
313 2871 417 2927 los.
441 2864 784 2923 Btanchinio
826 2880 961 2919 cum
1014 2861 1187 2918 editis
1216 2861 1327 2917 fuit
1355 2866 1591 2918 exactus
1621 2866 1679 2918 et

89 2958 274 3030 quidam
297 2972 595 3015 sermones
627 2954 765 3010 inde
821 2951 1092 3024 exscripti
1149 2954 1309 3019 sunt,
1342 2951 1414 3007 de
1461 2952 1677 3023 quibus

88 3046 182 3105 suis
203 3047 283 3103 ille
306 3046 442 3103 locis
472 3047 704 3102 monet.

139 3136 211 3191 IV.
239 3137 542 3203 Chisianus,
597 3133 783 3189 codex
829 3129 1123 3203 quondam
1184 3145 1253 3184 ex
1289 3127 1419 3184 Vat.
1443 3128 1675 3184 archivo

88 3225 368 3298 exscriptus,
420 3231 563 3282 com.
629 3219 823 3276 varios
872 3217 1079 3274 Leonis
1136 3217 1467 3278 Sermones.
1525 3216 1679 3273 inter

1801 645 1937 701 nodi
1967 648 2258 719 generalis
2287 650 2791 707 confirmationem
2824 647 3190 720 conscripsit.

1870 735 1956 789 12.
1991 735 2169 793 Codex
2196 755 2352 793 num.
2388 738 2546 808 1322,
2583 737 3056 810 antiquissimus,
3090 739 3153 793 ut
3199 752 3269 792 ex
3305 735 3444 793 cha-

1798 827 2088 879 racterum
2121 826 2461 899 specimine,
2487 828 2642 899 quod
2663 827 2993 883 Cacciarius
3012 842 3146 901 pag.
3180 826 3251 882 65
3275 826 3443 897 prxf.

1797 910 1869 965 ad
1900 912 1999 967 t.II
2030 912 2228 969 incudi
2262 914 2782 988 curavit,apparet;
2815 920 2960 972 cont.
2992 930 3198 972 omnes
3227 917 3285 971 et
3323 912 3444 971 sin-

1796 998 1966 1071 gulas
1985 1000 2379 1059 Ghalcedonen
2389 1004 2472 1060 sis
2493 1005 2698 1078 synodi
2713 1004 3145 1078 actiones,quas
3165 1004 3319 1060 inter
3348 1019 3450 1059 no-

1796 1091 1881 1143 tat
1892 1087 2221 1156 Cacciarius
2233 1090 2292 1146 ill
2301 1108 2396 1146 am
2411 1109 2536 1164 quas
2549 1091 3176 1148 adDomniAntiocheni
3187 1090 3446 1164 episcopi

1798 1193 2035 1234 causam
2068 1179 2643 1253 pertinet,quamque
2662 1180 2840 1237 veluti
2871 1180 3448 1254 supposititiam,eta

1798 1265 2336 1341 Latinoimpostore
2358 1270 2668 1326 conﬁctam
2691 1269 3037 1336 Quesnellus
3066 1268 3445 1341 rejiciendam

1796 1370 1927 1410 esse
1960 1357 2227 1425 censuit;
2261 1361 2388 1413 tum
2419 1359 2560 1430 quia
2591 1359 2676 1431 (ut
2722 1359 2848 1431 ipse
2897 1357 3201 1431 aiebat),in
3232 1357 3446 1414 Graecis

1796 1443 2227 1515 exemplaribus
2258 1463 2372 1501 non
2405 1446 2771 1520 legitur,tum
2796 1446 3012 1519 quiaex
3039 1446 3211 1503 unico
3224 1445 3445 1502 nullius

1797 1532 2162 1588 auctoritatis
2193 1533 2636 1606 antiquitatisve
2658 1536 2855 1590 codice
2878 1535 3179 1591 chartaceo
3192 1535 3444 1607 abigno-

1795 1618 1871 1675 tis
1902 1620 2269 1677 scholaribus
2302 1622 2357 1676 in
2384 1622 2575 1679 lucem
2597 1623 2887 1696 prodiisse
2909 1623 3447 1680 affirmatur.Habet

1796 1712 1994 1764 autem
2022 1710 2211 1766 varias
2240 1709 2334 1765 hic
2365 1712 2544 1767 codex
2591 1712 2662 1768 ad
2695 1713 2963 1768 eamdem
2992 1712 3280 1784 synodum
3311 1728 3445 1785 per-

1794 1796 2047 1854 tinentes
2078 1798 2374 1870 epistolas.

1868 1887 1955 1941 13.
1990 1886 2169 1943 Codex
2194 1905 2349 1943 num.
2380 1889 2538 1958 1342,
2555 1905 3112 1962 pergamenus,saac.
3142 1887 3443 1946 leabente

1793 1974 2189 2031 autineuntex
2202 1975 2477 2048 scriptus.
2493 1977 2908 2034 Characterum
2927 1977 3174 2033 formam
3192 1981 3249 2033 et
3273 1981 3441 2035 notas

1792 2063 2123 2120 Cacciarius
2145 2065 2385 2134 ibidem,
2420 2066 2518 2121 ubi
2561 2067 2959 2139 praecedentis,
2987 2065 3235 2123 exscribi
3265 2066 3438 2137 fecit;

1791 2161 1931 2208 cont.
1969 2152 2271 2226 antiquam
2304 2157 2604 2211 Canonum
2635 2154 3044 2212 Collectionem
3075 2171 3210 2211 cum
3237 2156 3441 2211 sexde-

1791 2241 1905 2297 cim
1936 2242 2143 2298 Leonis
2175 2242 2467 2316 Epistolis,
2513 2260 2765 2317 quarum
2809 2245 3002 2317 prima
3025 2244 3097 2300 ad
3130 2244 3438 2301 Rusticum

1788 2330 2247 2388 Narbonensem.

1862 2421 1950 2475 14.
1985 2420 2162 2477 Cede):
2189 2438 2344 2476 num.
2381 2422 2539 2491 1328,
2593 2439 3004 2496 pergamenus,
3056 2421 3258 2478 in-fol.
3302 2439 3434 2478 saec.

1789 2508 2019 2565 circiter
2046 2513 2292 2577 xu,cont.
2318 2514 2447 2566 acta
2478 2510 2706 2567 concilii
2728 2511 2869 2568 sexti
2897 2511 3185 2584 generalis
3209 2515 3266 2568 et
3296 2529 3439 2584 pras-

1787 2600 1878 2653 ter
1905 2598 2384 2671 Epp.fragmenta
2416 2599 2474 2654 in
2492 2598 2700 2656 iisdem
2723 2599 3088 2656 occurrentia
3106 2600 3251 2657 alias
3264 2617 3437 2674 quas-

1789 2687 1925 2742 dam
1958 2686 2169 2742 Leonis
2227 2686 2515 2759 Epistolas
2564 2704 2699 2744 cum
2758 2688 3113 2760 quibusdam
3158 2687 3431 2748 Chalced.

1787 2792 1950 2831 conc.
1983 2775 2149 2831 actis.
3054 2784 3057 2789 '

1859 2866 1946 2920 15.
1979 2864 2160 2922 Codex
2186 2881 2338 2920 num.
2375 2866 2533 2932 1337,
2557 2882 2968 2939 pergamenus,
3001 2881 3112 2921 scr.
3137 2868 3273 2921 ante
3297 2881 3427 2922 smc.

1785 2972 1864 3024 χι,
1889 2957 2043 3010 cont.
2079 2953 2323 3010 Conone:
2351 2954 2690 3011 diversorum
2717 2954 3075 3011 conciliorum
3100 2957 3153 3011 et
3178 2955 3433 3027 epistolas

1785 3043 2076 3099 decretales
2100 3044 2351 3115 plurium
2370 3060 2712 3100 summorum
2730 3043 3289 3116 pontiﬁcumlncipit
3309 3042 3433 3099 Col-

1784 3132 1955 3188 lectio
1987 3150 2021 3188 a
2051 3131 2298 3188 Nicamis
2329 3131 3012 3205 Canonibus,omnesque
3037 3133 3427 3188 Leoninarum

1784 3221 1929 3294 Epp.
1962 3219 2342 3276 decretalium
2389 3219 2594 3277 titulos
2636 3238 2772 3277 cum
2801 3220 3011 3277 iisdem
3040 3221 3186 3293 Epp.
3217 3237 3428 3293 reprae-

90 3328 201 3384 quos
223 3291 325 3371 tres
350 3291 415 3370 ex
440 3313 519 3368 iis
550 3326 708 3385 quos
740 3306 935 3380 Chrys.
967 3306 1320 3363 Trombellius
1348 3310 1392 3361 t.
1422 3307 1492 3373 II,
1524 3310 1674 3379 part.
1708 3291 1751 3358 C
1782 3291 1997 3366 salutat.

88 3403 454 3459 idnecdotomm
484 3401 725 3475 primus
754 3395 1021 3454 omnium
1052 3395 1375 3451 adornavit.

594 3488 663 3562 Β)
695 3487 1084 3560 Epistolarum.

704 3576 761 3648 a)
792 3575 1001 3632 Latini.

136 3670 176 3725 1.
206 3671 443 3726 Vaticani.
478 3701 546 3711 —
578 3668 637 3723 4.
678 3665 862 3723 Codex
897 3681 1049 3719 num.
1100 3664 1227 3729 541,
1285 3678 1676 3735 pergamenns

88 3754 234 3813 in-l‘ol.
258 3776 474 3833 magno,
504 3754 694 3813 variis
740 3751 988 3825 picturis
1030 3768 1171 3806 auro
1229 3754 1286 3806 et
1332 3750 1516 3807 minio
1541 3751 1675 3806 dili-

87 3850 241 3914 genter
262 3847 403 3904 circa
419 3848 520 3903 xui
552 3861 692 3902 saec.
727 3845 1122 3913 ornatus,quo
1145 3839 1419 3895 Nicolaus
1448 3840 1497 3894 V
1527 3857 1679 3912 papa

90 3935 323 4006 utebatur,
352 3945 488 3993 cont.
517 3949 733 3992 omnes
763 3929 972 3987 Leonis
1009 3926 1299 3999 Epistolas
1334 3928 1394 3983 in
1425 3926 1677 4000 vulgatis

84 4024 187 4080 ante
208 4024 657 4088 Quesnellianam
684 4021 1079 4076 occurrentes.

134 4114 177 4165 2.
205 4113 359 4170 Codex
383 4132 537 4170 nam.
566 4114 702 4175 542,
753 4123 1141 4181 pergamenus
1184 4106 1508 4179 in-quarto,
1543 4123 1672 4163 saec.

86 4212 180 4266 ml,
205 4203 414 4258 easdem
446 4201 765 4259 continens
794 4195 1104 4269 Epistolas.

137 4287 180 4349 3.
204 4289 254 4357 4,
278 4292 327 4357 5,
353 4292 403 4358 6,
427 4294 480 4347 7.
515 4289 742 4347 Codices
772 4301 927 4340 num.
945 4285 1050 4339 443
1082 4283 1442 4350 547,similes
1473 4300 1677 4339 omnes

90 4371 425 4434 Characterum
449 4372 1064 4447 forma,Epistolarum
1085 4371 1422 4428 collectione
1438 4375 1495 4427 et
1510 4376 1678 4428 aetate

91 4465 504 4529 praecedentibus.
537 4464 758 4523 Nullus
787 4462 946 4518 enim
979 4464 1112 4516 ante
1143 4478 1223 4516 xu
1254 4477 1384 4516 saec.
1408 4465 1677 4516 exaratos

92 4548 188 4603 fuit.
215 4553 555 4612 Lectionibus
587 4561 792 4610 tamen
821 4550 974 4606 inter
1002 4566 1066 4605 se
1095 4549 1461 4605 differebant.

1856 3400 1942 3453 16.
1979 3398 2157 3454 Codex
2192 3415 2350 3454 num.
2411 3399 2570 3466 1338,
2625 3399 3024 3456 collectionem
3081 3397 3426 3471 praecedenti

1784 3487 2167 3553 similem,sed
2198 3489 2405 3555 serius,
2427 3505 2557 3544 saec.
2591 3506 2713 3558 xm,
2746 3492 3063 3557 exaratam,
3096 3486 3424 3543 continens.

1785 3577 2064 3633 Recenset
2090 3581 2285 3632 autem
2319 3577 2468 3633 inter
2496 3578 2781 3634 Leoninos
2801 3581 3061 3634 Canones
3090 3577 3265 3634 etiam
3294 3575 3428 3649 Epi-

1785 3666 1995 3722 stolam
2029 3666 2101 3720 ad
2130 3666 2299 3722 Afros
2329 3667 2668 3722 Mauritanae
2690 3667 2999 3740 provinciae
3020 3666 3079 3722 in
3111 3683 3291 3723 causa
3319 3666 3429 3721 Lu-

1784 3753 1962 3829 picini
1993 3754 2485 3827 episc.scriptam,
2519 3772 2698 3828 quam
2731 3754 3076 3823 Quesnellus
3105 3753 3430 3829 suppositi-

1782 3844 1926 3901 tiam
1957 3843 2149 3898 dicere
2180 3860 2360 3900 ausus
2390 3843 2518 3899 fuit.

1862 3934 1943 3988 t7.
1978 3931 2154 3988 Codex
2180 3949 2335 3988 man.
2370 3933 2529 4002 4340,
2562 3949 3249 4006 pergamenus,saac.xm,
3280 3940 3425 3987 cont.

1782 4020 1990 4077 Isidori
2021 4020 2427 4077 Collectionem
2449 4026 2507 4077 et
2527 4021 2585 4076 in
2610 4038 2677 4077 ea
2699 4039 2902 4078 omnes
2924 4020 3282 4093 Epp.Leonis
3300 4036 3426 4091 quae

1782 4110 1841 4164 in
1874 4109 2048 4166 editis
2067 4110 2702 4179 Surii,Lovaniensium
2718 4114 2775 4165 et
2795 4109 3426 4182 Raynaldioccurrunt.

1785 4199 1904 4254 Hac
1926 4197 2273 4255 Collectione
2329 4199 2651 4271 saepissime
2699 4214 2762 4254 se
2810 4214 2984 4253 usum
3023 4213 3151 4253 esse
3180 4199 3432 4252 testatur

1785 4286 2135 4355 Cacciarius,
2170 4288 2322 4358 quod
2356 4288 2509 4343 inter
2557 4285 2904 4342 recentiores
2962 4284 3149 4359 magis
3180 4283 3429 4358 castiga-

1785 4380 1907 4432 tam
1939 4374 2441 4446 deprehendisset.

1856 4466 1944 4519 48.
1982 4463 2157 4519 Codex
2185 4481 2339 4520 num.
2374 4464 2669 4531 154l,saec.
2702 4481 2780 4531 x1,
2815 4463 3131 4537 adiligenti
3162 4468 3219 4520 et
3246 4465 3432 4538 perito

1788 4552 2133 4608 amanuensi
2166 4552 2442 4625 scriptus,
2473 4561 2622 4610 cont.
2661 4557 2869 4626 praeter
2898 4554 3262 4610 diversorum
3293 4571 3434 4612 con-

144 4637 188 4693 8.
211 4640 363 4699 Codex
386 4661 535 4701 num.
591 4643 726 4707 630,
761 4655 1153 4713 pergamenus
1183 4638 1412 4694 in-folio
1441 4655 1679 4712 magno,
1707 4657 1755 4721 Ι)
1786 4641 2153 4698 cil.Canones
2182 4646 2240 4697 et
2269 4640 2526 4714 plurium
2551 4643 2718 4698 Rom.
2751 4642 2979 4715 pontiﬁ'.
3001 4643 3146 4716 Epp.
3181 4644 3434 4716 quadra-

95 4726 247 4782 seculi
280 4731 383 4789 fere
408 4750 530 4801 xm,
560 4735 712 4789 cont.
748 4727 953 4785 Isidori
992 4727 1329 4783 Mercatoris
1386 4726 1677 4783 collectio-

94 4825 195 4870 nem
218 4816 338 4875 Can.
364 4825 419 4879 et
444 4823 592 4894 Epp.
624 4817 858 4892 pontill‘,
891 4816 1083 4883 Rom.,
1114 4814 1267 4872 inter
1295 4832 1444 4887 quas
1469 4815 1681 4872 XXXIX

94 4898 271 4961 leonis.

144 4988 187 5045 9.
212 4992 369 5052 Codex
409 5015 562 5054 num.
606 4996 743 5064 631,
774 4992 1174 5050 collectionem
1233 4992 1484 5049 similem
1536 5010 1679 5066 prae-

98 5078 271 5138 cedenti
298 5086 586 5155 exhibens,
621 5084 860 5142 labente
886 5099 1019 5139 saec.
1050 5099 1130 5137 xu
1174 5082 1547 5154 exscriptam,
1578 5082 1680 5139 sed

99 5164 301 5241 quinque
326 5178 548 5231 tantum
582 5173 795 5230 Leonis
825 5169 1132 5244 Epistolas.

150 5256 219 5310 10.
247 5258 405 5318 Codex
429 5281 584 5319 num.
620 5263 777 5330 1319,
809 5262 1127 5333 in-quarto,
1165 5258 1363 5315 saeculi
1406 5276 1504 5326 xu,
1536 5262 1677 5315 cont.

101 5344 193 5396 ἱιεθιο
213 5362 321 5418 syri.
349 5350 613 5408 Chalced.
664 5366 801 5406 cum
856 5346 1038 5403 variis
1070 5347 1281 5402 Leonis
1310 5345 1588 5418 Epistolis
1617 5346 1679 5401 in

103 5424 373 5504 Eutychetis
397 5445 452 5496 et
477 5438 983 5513 Eutychianorum
1009 5451 1186 5492 causa
1213 5436 1484 5492 exaratis.

154 5518 224 5574 41.
252 5524 416 5582 Codex
440 5528 766 5594 num.t32l,
798 5523 1039 5582 in-folio
1068 5541 1262 5596 parvo,
1297 5540 1429 5580 saec.
1457 5523 1687 5579 circiter

104 5618 181 5674 ιη,
196 5623 315 5670 cant.
334 5613 503 5675 libros
518 5616 777 5674 Facundi
792 5612 1232 5671 Hermianensis
1243 5629 1346 5685 pro
1365 5629 1494 5686 syn.
1516 5611 1686 5668 Chal-

104 5693 219 5769 σαι..
243 5698 400 5781 inque
438 5705 512 5768 iis
539 5723 662 5767 non
705 5703 902 5767 solum
931 5699 1091 5760 varia
1116 5701 1260 5779 Epp.
1295 5699 1503 5760 Leonis
1532 5700 1689 5779 frag-

1787 4731 1953 4804 ginta
1981 4747 2159 4785 unam
2192 4730 2498 4787 Leoninas.

1862 4818 1946 4875 19.
1984 4818 2162 4874 Codex
2187 4836 2341 4875 num.
2375 4820 2535 4885 4343,
2569 4836 2699 4876 saec.
2731 4837 2809 4875 xu.
2851 4819 3256 4876 Collectionem
3288 4837 3435 4893 pras-

1792 4907 2017 4964 cedenti
2051 4907 2223 4979 plane
2253 4907 2507 4964 similem
2536 4909 2866 4965 continens.

1858 4998 1949 5051 20.
1984 4996 2163 5053 Codex
2189 4998 2510 5067 num.1344,
2526 4997 2987 5069 praecedentibus
3007 4996 3237 5053 duobus
3251 4998 3440 5055 forma

1788 5089 1846 5140 et
1865 5084 2196 5142 charactere
2226 5103 2467 5159 prorsus
2496 5086 2879 5154 similis,cont.
2914 5088 3041 5141 acta
3059 5085 3329 5142 Chalced.
3349 5104 3440 5160 sy-

1790 5173 1927 5229 nodi
1959 5190 2093 5229 cum
2126 5174 2336 5231 Leonis
2367 5175 2508 5246 Epp.
2542 5175 2612 5230 ad
2640 5175 2906 5231 eamdem
2939 5174 3361 5246 spectantibus.

1857 5262 1947 5316 21.
1977 5261 2154 5318 Codex
2180 5279 2334 5318 num.
2378 5265 2536 5330 4345,
2570 5279 2790 5331 saac.x1,
2820 5261 3144 5334 inscriptus
3188 5261 3439 5318 Collectio

1792 5348 2088 5417 Cresconii,
2121 5367 2248 5422 quae
2278 5351 2420 5407 olim
2450 5351 2780 5423 pertinebat
2808 5351 2878 5406 ad
2911 5349 3137 5406 celebre
3165 5352 3437 5405 monaste-

1790 5439 1940 5492 rium
1970 5438 2023 5493 S.
2054 5438 2380 5495 Columbani
2407 5439 2473 5495 de
2501 5441 2689 5508 Bobio,
2720 5448 2863 5496 cont.
2882 5436 3196 5495 nonnullas
3229 5433 3436 5491 Leonis

1791 5525 2101 5597 Epistolas.

1862 5616 1953 5671 22.
1990 5615 2167 5673 Codex
2190 5617 2534 5682 num.1353,
2586 5618 2852 5685 szec.x11,
2908 5612 3127 5686 optime
3156 5606 3432 5680 scriptus,

1797 5710 1937 5766 cont.
1968 5703 2168 5783 plures
2197 5705 2404 5768 Leonis
2422 5703 2736 5782 Epistolas.
