3914 6232
411 317 568 401 ἠδ

1222 336 1609 405 VETERUM
1648 334 1977 401 PATRUM
2019 333 2506 400 TESTIMONIA
2547 336 2651 400 DE
2695 336 2761 400 S.
2805 336 3087 402 LEONE.

3750 335 3858 400 116

818 583 1379 671 VETEBUM
1432 576 1894 667 PA'I‘llUM
1955 575 2645 665 TESTIMONIA
2701 579 2849 665 DE
2909 579 2997 668 S.
3059 577 3481 668 LEONE.

1941 735 2367 747 —————-

452 817 695 891 Epistola
713 818 938 891 Joannis
972 817 1223 891 Cassiani
1241 814 1844 891 presbyteriulibrorum
1870 825 2099 891 sitorum
2127 810 2181 876 Α
2212 813 2386 865 tanta
2418 810 2588 866 nobis
2619 827 2737 867 non
2781 811 3294 884 respondentibus,
3347 813 3585 870 etiamsi
3632 829 3742 888 ego
3767 831 3857 887 per

525 889 618 1015 diu
638 890 1022 971 Incamatimze
1070 885 1273 943 Christi
1322 885 1513 942 castra
1539 885 1843 940 Nestorium
1872 885 2098 937 Nunca-

525 977 560 1015 υ
621 976 762 1015 orza.

519 976 762 1033 patorza.

410 1073 420 1081 ’
520 1083 821 1141 Absolutis
850 1085 1076 1140 dudum
1102 1082 1488 1140 Callationum
1517 1074 2101 1152 Spiritaliumlibellis

454 1189 633 1230 sensu
666 1173 856 1246 magis
910 1189 1086 1245 quam
1130 1187 1400 1228 sermone
1431 1169 1762 1242 insignibus
1794 1166 1956 1239 (quia
1980 1164 2096 1220 alto

363 1315 371 1321 .
455 1266 792 1318 sanctorum
814 1262 1072 1317 virorum
1102 1260 1303 1316 sensui
1336 1275 1526 1315 sermo
1557 1260 1767 1313 nostra
1790 1253 2095 1327 imperitia

459 1350 652 1423 impar
662 1349 815 1422 fuit),
830 1350 1233 1423 cogitaram,et
1244 1346 1665 1420 propemodum
1680 1344 2101 1400 constitueram

459 1443 595 1513 post
623 1438 791 1495 illum
844 1439 1083 1511 prodita
1138 1438 1382 1494 inscitia
1431 1436 1740 1509 pudorem,
1792 1433 1877 1488 ita
1914 1447 2008 1487 me
2039 1431 2100 1486 in

459 1531 631 1600 portu
683 1528 898 1584 silentii
949 1527 1251 1593 collocare,
1301 1529 1367 1581 ut
1408 1539 1768 1594 excusarem,
1815 1524 2102 1593 quantum

458 1616 521 1672 in
541 1634 636 1673 me
655 1621 827 1685 esset,
859 1633 963 1690 per
982 1614 1398 1673 taciturnitatis
1428 1612 1862 1680 verecundiam,
1895 1609 2100 1682 loqua-

457 1706 651 1763 citatis
671 1707 995 1762 audaciam.
1024 1707 1136 1763 Sed
1160 1704 1349 1761 vicisti
1378 1701 1743 1777 prOpositum
1771 1716 1836 1756 ac
1868 1702 2101 1756 senten-

456 1795 602 1852 tiam
633 1811 824 1852 meam
854 1795 1157 1851 laudabilii
1186 1794 1381 1850 studio
1414 1797 1471 1849 et
1501 1788 1987 1863 imperiosissimo
2021 1786 2101 1842 af-

459 1884 615 1942 fectu
661 1889 784 1953 tuo,
837 1885 920 1940 mi
966 1885 1097 1950 Leo,
1144 1882 1474 1939 veneranda
1520 1882 1627 1948 [AL
1660 1879 1741 1936 mi
1783 1880 1893 1934 Leo
1925 1892 2103 1932 vene-

460 1974 663 2045 rande]
684 1990 751 2030 ac
772 1973 1149 2045 suspicienda
1175 1970 1430 2026 charitas
1461 1969 1889 2035 mea,Romana
1905 1964 2102 2022 Eccle-

463 2061 562 2118 sia
584 2078 648 2116 ac
661 2061 841 2117 divini
865 2059 1178 2116 ministerii
1199 2060 1401 2126 decus,
1432 2058 1760 2130 producens
1792 2071 1885 2111 me
1903 2071 1971 2110 ex
1999 2052 2101 2109 illo

2210 899 2549 955 obedientia
2579 899 2808 955 veniam
2827 901 2977 956 bene
2997 917 3194 973 pareo,
3219 905 3282 957 tu
3302 905 3502 958 tamen
3535 920 3647 976 per
3675 905 3858 960 incon-

2209 987 2589 1043 siderantiam
2612 988 2821 1059 judicii
2866 989 3020 1044 male
3050 988 3373 1062 imperasse
3401 991 3688 1048 videaris.

2212 1092 2583 1168 Theodoretus,
2615 1095 2893 1166 cpiscOpus
2920 1096 3194 1168 Cyr-ensis,
3227 1097 3285 1152 in
3308 1099 3543 1168 epistola
3580 1099 3657 1155 ad
3680 1099 3854 1155 Abun-

2280 1165 2434 1220 dium
2451 1165 2932 1238 episcopum,apud
2951 1169 3257 1223 Baronium
3268 1165 3361 1224 an}
3387 1171 3516 1235 450,
3541 1187 3606 1226 η.
3628 1171 3723 1226 33.

2282 1253 2553 1325 Legimus
2584 1271 2711 1326 qua
2742 1254 2825 1327 (S.
2861 1256 2994 1327 Leo)
3027 1256 3098 1311 ad
3122 1260 3336 1313 sancta
3358 1259 3618 1315 etbeata
3646 1277 3854 1318 memo-

2210 1341 2307 1397 ria
2338 1342 2675 1399 Flavianum
2706 1344 2945 1415 scripsit
2972 1362 2985 1409 ;
3018 1349 3076 1399 et
3103 1345 3324 1418 gratias
3344 1347 3583 1420 egimus
3610 1349 3847 1406 Domino

2211 1436 2410 1487 nostro
2442 1431 2871 1488 humanissimo
2898 1433 3034 1497 Deo,
3067 1435 3222 1505 quod
3254 1436 3610 1494 advocatum
3644 1444 3701 1495 et
3732 1456 3851 1512 pro-

2211 1523 2598 1592 pugnatorem
2627 1521 2888 1577 veritatis
2908 1520 3264 1579 invenimus.
3291 1524 3395 1581 His
3424 1529 3483 1581 et
3513 1543 3626 1600 ego
3658 1527 3854 1584 litteris

2211 1609 2505 1665 consensi.
2541 1651 2554 1664 .
2592 1651 2606 1664 .
2633 1650 2645 1663 .
2680 1609 2774 1665 cui
2805 1609 2981 1665 etiam
3016 1611 3371 1684 subscripsi;
3404 1618 3463 1670 et
3490 1631 3563 1671 ex
3595 1616 3708 1673 boc
3736 1634 3852 1689 pro-

2209 1697 2342 1754 bavi
2364 1697 2521 1769 quod
2543 1697 2775 1772 regulas
2796 1696 3168 1771 apostolicae,
3183 1699 3294 1758 hoc
3314 1705 3554 1760 estvera
3564 1705 3850 1779 dogmata,

2211 1803 2447 1859 sequor.

2210 1896 2276 1950 In
2303 1893 2533 1969 concilio
2551 1893 2975 1969 Cbalcedoaensi
2992 1904 3096 1952 act.
3145 1900 3201 1960 2,
3217 1903 3339 1969 post
3366 1902 3659 1957 recitatum
3677 1904 3851 1959 Leonis

2280 1966 2565 2036 epistolam
2577 1962 2670 2035 28,
2694 1966 2765 2021 ad
2784 1967 3131 2034 Flavianum,
3146 1962 3338 2025 Patres
3354 1972 3755 2030 clamauerunt.

2283 2054 2487 2110 Petrus
2518 2071 2621 2127 per
2669 2055 2921 2112 Leonem
2968 2056 3050 2113 ita
3088 2056 3322 2116 locutus
3364 2067 3471 2117 est.
3508 2104 3525 2118 .
3561 2104 3576 2118 .
3614 2106 3631 2120 .
3678 2064 3769 2119 Pie
3801 2068 3849 2119 et

460 2148 845 2233 prameditati
867 2148 1087 2205 silentii
1118 2165 1350 2205 recessu
1381 2147 1439 2202 in
1464 2145 1767 2237 publicum
1787 2142 2103 2237 formidaa-
2130 2170 2180 2237 Β
2210 2159 2340 2199 vere
2362 2143 2471 2199 Leo
2498 2143 2717 2200 docuit.

463 2239 726 2311 dumque
758 2236 1038 2310 juditium
1075 2255 1090 2305 ;
1124 2241 1182 2293 et
1211 2253 1359 2292 nova
1388 2236 1588 2292 subire
1617 2233 1778 2306 cogis
1808 2232 2001 2288 adhuc
2031 2232 2098 2287 de

2266 2249 2361 2305 lem
2387 2250 2683 2305 concilium
2711 2252 2773 2305 in
2800 2253 3069 2308 relatione
3097 2254 3169 2309 ad
3188 2255 3544 2314 Pulcheriam
3556 2259 3707 2317 edita
3734 2269 3845 2317 tom.

465 2325 775 2401 prateritis
800 2326 1242 2382 erubescentem
1266 2340 1549 2397 :eumque
1567 2322 1743 2379 etiam
1774 2320 2102 2377 minoribus

463 2415 657 2488 impar
687 2415 919 2482 fuerim,
958 2432 1061 2486 par
1089 2412 1412 2485 majoribus
1441 2430 1476 2468 a
1505 2416 1560 2467 te
1607 2427 1736 2467 esse
1766 2407 2100 2480 compellor.

2533 2321 2606 2376 IV
2636 2322 2840 2378 Concil.
2879 2326 3004 2380 Ven.
3051 2325 3181 2382 edit.
3209 2344 3340 2399 pag.
3375 2330 3535 2386 1354.

2286 2409 2402 2482 Ipsi
2435 2425 2610 2466 naves
2636 2427 2775 2467 suas
2796 2411 2857 2466 in
2879 2428 3057 2470 cursu
3071 2415 3351 2487 repetiero
3382 2423 3662 2489 rectores,
3699 2420 3846 2477 (“iri-

463 2506 584 2579 Ego
615 2504 772 2561 enim
802 2520 875 2559 ne
903 2503 962 2558 in
990 2502 1105 2559 illis
1134 2502 1372 2573 quidem
1405 2499 1704 2571 opusculis
1753 2497 1971 2570 quibus
2002 2512 2106 2569 per
2215 2502 2306 2554 sto
2336 2498 2408 2554 ad
2432 2497 2883 2571 intelligentiam
2905 2518 3179 2574 prospere
3195 2503 3506 2577 dirigente,
3536 2510 3647 2581 qui
3678 2514 3848 2565 osten-

463 2592 744 2668 Ingenioli
776 2592 959 2649 nostri
990 2588 1449 2648 oblatiunculam
1480 2588 1725 2646 Domino
1755 2583 2102 2643 sacriﬁcavi-
2213 2586 2299 2642 dit
2326 2586 2387 2643 in
2421 2587 2609 2644 Leone
2641 2588 2894 2646 mirabili
2925 2590 3227 2649 veritatem
3252 2611 3267 2662 ;
3299 2593 3402 2665 qui
3431 2595 3845 2672 sicutsapiente

465 2699 622 2749 mus,
653 2681 848 2738 moliri
891 2680 1114 2752 aliquid
1163 2682 1266 2735 aut
1290 2693 1573 2750 usurpare
1612 2679 1953 2743 tentassem,
1988 2672 2104 2730 nisi
2215 2675 2399 2745 Petro,
2432 2675 2513 2731 ita
2542 2679 2601 2732 et
2627 2676 2741 2733 isto
2766 2678 2954 2734 utitur
2981 2684 3287 2739 assertore.

463 2769 777 2867 episcopali
799 2774 1027 2867 tractus
1052 2768 1318 2867 imperio.
1346 2766 1756 2867 Crevititaque
1778 2781 1880 2867 per
1898 2767 1956 2867 te
1986 2762 2105 2867 ciris
2212 2784 2361 2839 Idm
2387 2783 2684 2867 concilium
2704 2784 2767 2867 iri
2792 2785 3124 2867 allocutione
3152 2787 3223 2867 ad
3251 2788 3596 2867 Marciamim
3625 2795 3840 2867 impera-

463 2857 644 2916 nostri
675 2861 734 2914 et
762 2858 895 2931 styli
917 2858 1193 2931 dignitas.
1224 2856 1372 2912 Nam
1399 2855 1499 2928 qui
1522 2854 1677 2926 jussi
1699 2858 1873 2910 antea
1892 2852 1963 2908 de
1990 2852 2105 2908 Do—
2523 2862 2717 2922 torem,
2747 2863 2874 2911 tom.
2910 2856 2985 2912 IV
3012 2857 3217 2914 Concil.
3245 2876 3374 2932 pag.
3409 2863 3549 2919 1758

464 2947 700 3004 mimicis
727 2947 941 3003 studiis
969 2945 1149 3002 locuti
1180 2961 1414 3013 sumus,
1446 2960 1602 2998 nunc
1633 2943 1691 2998 id
1724 2940 1908 3014 exigis
1940 2944 2006 2995 ut
2034 2940 2105 2996 de
2283 2940 2977 3016 Nobisimpenetrabilem
2992 2947 3840 3025 omnierrorepropugnatorem

463 3035 596 3108 ipsa
616 3034 1020 3091 Incarnatione
1045 3033 1270 3090 Domini
1293 3050 1358 3089 ac
1381 3033 1683 3103 majestate
1695 3030 1963 3087 dicamus
1987 3046 2000 3084 :
2026 3028 2108 3084 ita
2214 3030 2369 3086 Deus
2392 3031 2661 3102 providit,
2695 3035 2754 3088 et
2785 3033 3060 3090 Romana
3085 3035 3353 3093 Ecclesia
3373 3055 3587 3112 papam
3602 3043 3676 3098 ad
3690 3043 3841 3098 vicio-

467 3123 568 3196 qui
599 3123 763 3195 prius
793 3122 852 3178 in
885 3126 1087 3178 sancta
1116 3121 1320 3194 templi
1350 3120 1509 3177 velut
1538 3136 1640 3192 per
1681 3117 2105 3174 sacerdotalem
2214 3118 2362 3174 riam
2396 3121 2761 3192 praparavit,
2789 3126 2847 3178 et
2873 3123 3159 3180 doctrinis
3184 3141 3319 3181 eum
3350 3144 3455 3200 per
3481 3132 3683 3187 omnia
3709 3130 3841 3187 veri-

422 3228 431 3234 '
465 3228 710 3268 manum
740 3211 1058 3267 introducti
1107 3227 1338 3277 sumus,
1390 3225 1546 3265 nunc
1587 3208 1766 3262 ductu
1798 3210 1899 3261 tuo
1930 3208 2108 3276 atque
2215 3207 2358 3262 tatis
2388 3208 2740 3282 astringens,
2774 3215 2835 3266 ut
2881 3213 3383 3283 quemadmodum
3425 3216 3653 3288 Petrus,
3684 3224 3741 3276 et
3762 3218 3841 3274 hic

393 3358 399 3363 ί
466 3299 733 3357 subsidio
744 3299 912 3372 quasi
934 3300 991 3354 in
1008 3303 1345 3354 sanctorum
1359 3299 1970 3367 sanctapenetramus.
1990 3293 2109 3347 Ma-

468 3403 623 3461 gnus
652 3388 859 3455 honor,
894 3388 997 3443 sed
1027 3385 1356 3459 periculosa
1385 3383 1716 3458 progressio
1737 3381 1850 3455 [AL
1885 3381 2105 3454 profes-

469 3475 613 3549 sio]:
638 3475 779 3547 quia
796 3475 1048 3531 obtineri
1078 3491 1378 3531 sacrorum
1410 3471 1797 3545 penetralium
1829 3487 1895 3526 ac
1925 3469 2106 3526 divini
2142 3535 2179 3549 Α
2215 3490 2471 3544 Leontius

465 3535 689 3635 praemii
719 3562 919 3636 palma
937 3579 1053 3617 non
1075 3566 1286 3635 potest,
1319 3535 1433 3617 nisi
1449 3561 1615 3617 hoste
1645 3562 1938 3631 superato.
1971 3556 2100 3613 Exi-
2137 3535 2180 3603 C

465 3650 557 3724 gis
582 3651 781 3723 itaque
815 3666 881 3706 ac
892 3650 1071 3723 jubes
1087 3650 1400 3706 adversum
1423 3652 1715 3705 recentem
1739 3646 2008 3702 haeresim
2035 3660 2101 3700 ac

2217 3294 2427 3350 affectu
2446 3296 2788 3355 ferventiore
2818 3300 3141 3366 decertans,
3176 3307 3500 3371 omnemad
3524 3310 3705 3365 Deum
3720 3324 3842 3363 sen-

2217 3398 2348 3437 sum
2365 3382 2928 3460 intelligentiamque
2949 3390 3250 3462 perducat.

2570 3491 2782 3574 iscopus
2815 3496 3155 3552 Arelatensis
3182 3499 3244 3553 in
3266 3501 3497 3574 epistola
3525 3503 3839 3561 adHilarum

2283 3576 2491 3632 papam
2517 3570 2713 3618 Leonis
2740 3580 3117 3636 successorem,
3150 3570 3360 3625 tom.'V
3389 3573 3595 3631 Concil.
3622 3576 3777 3649 p.63.

2283 3649 2444 3714 Quod
2459 3649 2712 3706 Leonem
2726 3652 3172 3712 sanctissimum
3185 3659 3672 3729 pradecessorem
3686 3669 3837 3720 tuum

465 3755 677 3796 novum
706 3739 842 3795 ﬁdei
858 3739 1087 3795 hostem
1114 3754 1417 3795 conserere
1439 3734 1760 3793 imbecilles
1785 3748 2017 3801 manus,
2046 3737 2104 3789 et
2210 3752 2369 3792 mors
2420 3736 2750 3807 abstulerit,
2799 3746 3003 3799 contra
3050 3743 3301 3803 haereses
3344 3748 3760 3823 invigilantem,
3787 3754 3837 3807 et

460 3831 662 3885 contra
691 3828 949 3902 pestiferi
980 3827 1266 3901 serpentis
1308 3843 1509 3900 graves
1548 3826 1746 3881 hiatus
1783 3828 2002 3896 aperto,
2036 3826 2103 3877 ut

458 3917 644 3987 aiunt,
693 3933 792 3974 ore
839 3916 1159 3973 consistere
1202 3934 1215 3973 :
1248 3916 1471 3972 scilicet
1510 3918 1577 3970 ut
1600 3912 2005 3985 insurgentem
2038 3910 2097 3964 in

453 4005 743 4064 Ecclesiae
771 4007 871 4063 Dei
904 4005 1163 4062 sinuosis
1191 4005 1476 4061 tractibus
1507 4004 1818 4058 draconem
1844 4000 1933 4055 vis
1962 4016 2096 4072 pro-

454 4096 687 4168 phetica
714 4100 770 4153 et
800 4094 1091 4153 sermonis
1140 4092 1456 4167 evangelici
1503 4091 1701 4147 divina
1748 4089 1954 4154 virtus,
2006 4104 2100 4143 me

453 4185 622 4256 quasi
638 4184 1019 4253 incantatore,
1033 4184 1341 4255 irrumpat.
1367 4180 1545 4236 Pareo
1562 4176 1947 4235 obsecrationi
1965 4181 2094 4244 tua,

452 4289 624 4344 parco
647 4273 938 4345 jussioni;
973 4271 1126 4328 malo
1159 4271 1315 4328 enim
1346 4271 1418 4325 de
1450 4285 1542 4325 me
1590 4267 1717 4341 ipso
1758 4266 1885 4335 tibi,
1919 4282 2096 4338 quam

451 4360 599 4414 mihi
631 4362 886 4427 credere,
931 4360 1184 4416 maxime
1231 4358 1371 4432 quia
1424 4358 1483 4413 id
1534 4362 1730 4413 tecum
1759 4371 1926 4411 amor
1954 4355 2095 4410 Jesu

450 4446 666 4503 Christi
700 4449 931 4504 Domini
964 4448 1078 4504 mei
1110 4448 1391 4520 pracipit,
1424 4446 1523 4518 qui
1549 4446 1659 4501 hoc
1690 4444 1889 4516 ipsum
1919 4442 2095 4499 etiam

450 4534 510 4589 in
540 4539 597 4590 te
617 4535 808 4607 jubet.
844 4536 1121 4607 Superest
1170 4540 1236 4591 ut
1270 4537 1542 4591 effectum
1572 4532 1842 4605 imperati
1878 4531 2095 4603 negotii

450 4623 523 4678 ab
544 4623 671 4696 ipso
694 4622 954 4695 postules
979 4640 1078 4694 per
1097 4640 1272 4695 quem
1288 4623 1610 4695 imperasti.
1646 4623 1775 4677 Tua
1800 4620 1954 4677 enim
1966 4620 2094 4691 jam

447 4710 543 4767 hic
572 4711 761 4783 magis
813 4728 992 4766 causa
1033 4727 1212 4782 quam
1246 4727 1378 4766 mea
1408 4712 1671 4777 vertitur,
1702 4715 1872 4765 tuum
1905 4707 2095 4780 magis

437 4797 730 4870 judicium
744 4815 919 4871 quam
936 4814 1134 4854 meum
1149 4799 1296 4854 ofﬁci
1309 4815 1404 4853 um
1420 4798 1898 4871 periclitatur.Me
1912 4796 2093 4867 enim,

2209 3823 2413 3880 lolium
2446 3825 2504 3880 in
2530 3843 2669 3900 agro
2689 3830 2943 3898 Domini,
2964 3831 3078 3888 heu
3103 3832 3116 3888 ι
3137 3834 3318 3892 nimis
3337 3837 3699 3897 fructiﬁcans
3726 3856 3834 3896 era-

2209 3913 2522 3982 dicantem,
2557 3915 2847 3973 dolemus.

2206 4019 2525 4092 Simplicius
2551 4040 2699 4096 papa
2729 4026 2788 4080 in
2813 4029 3052 4154 ﬁlo‘lla
3066 4031 3420 4174 gdgléeoncm
3451 4035 3832 4109 imperatorem,

2278 4181 2390 4236 Leo
2422 4198 2572 4254 papa
2602 4182 2685 4239 ita
2732 4184 2902 4256 plene
2931 4192 3107 4262 atque
3136 4190 3391 4250 dilucide
3421 4201 3834 4253 sacramentum

2206 4268 2520 4324 Dominica
2550 4269 2976 4332 incarnationis
3005 4281 3300 4351 exposuit.
3319 4287 3388 4338 ut
3417 4301 3535 4340 non
3567 4285 3733 4342 modo
3755 4300 3837 4338 ca-

2206 4356 2484 4425 tholicus,
2517 4360 2617 4415 sed
2641 4376 2712 4416 ne
2755 4362 3127 4424 Christianus
3149 4370 3389 4441 quidem
3414 4373 3604 4430 valeat
3634 4388 3834 4430 nuncu-

2207 4444 2352 4517 pari,
2386 4446 2655 4519 quisquis
2678 4448 2799 4506 iIlic
2842 4454 2923 4524 (id
2952 4455 3113 4511 estin
3145 4457 3357 4515 Leonis
3370 4462 3656 4533 epistolis)
3685 4466 3739 4518 et
3764 4476 3838 4515 re-

2204 4533 2558 4606 demptionis
2581 4552 2701 4593 sua
2721 4555 2930 4598 causas
2954 4560 3070 4600 non
3093 4545 3391 4605 evidenter
3406 4556 3703 4623 agnoscat.

2207 4637 2453 4731 Gelasias
2477 4658 2622 4731 papa
2642 4646 2713 4731 in
2738 4648 2944 4731 synodo
2974 4652 3331 4731 _Romaaa.‘70
3358 4658 3749 4731 episcoporum,
3786 4656 3835 4707 ἰη

2344 4711 2563 4801 decreto
2586 4714 2653 4769 de
2678 4711 3008 4791 apocryphis
3029 4722 3207 4793 libris,
3232 4727 3364 4781 tom.
3384 4711 3467 4783 ’νς

2277 4799 2597 4871 Epistolam
2623 4806 3026 4881 (suscipimus)
3047 4814 3107 4867 Β.
3134 4813 3343 4871 Leonis
3363 4799 3528 4889 papa
3550 4818 3621 4875 ad
3644 4813 3836 4875 Flavia-

444 4886 563 4943 sive
596 4903 702 4960 par
735 4886 846 4943 sim
882 4891 984 4942 tuo
1009 4886 1273 4959 imperio,
1307 4886 1552 4942 sivenon
1567 4888 1700 4955 sim,
1735 4884 2096 4959 ipsaaliqua-
2125 4902 2173 4966 D
2208 4903 2351 4942 num
2399 4889 2502 4944 CP.
2555 4891 2895 4966 episcopum
2949 4898 3327 4970 destinatam,
3363 4884 3460 4961 vde-
3498 4907 3666 4979 cujus
3694 4905 3831 4959 textu

443 4979 618 5032 tenus
642 4975 984 5032 obedientia
1015 4975 1162 5031 ratio
1206 4979 1381 5046 atque
1428 4975 1781 5032 humilitatis
1812 4977 2084 5041 excusat;

441 5062 557 5119 nisi
582 5064 738 5136 quod
786 5063 896 5119 hoc
942 5062 1078 5136 plus
1118 5063 1311 5119 meriti
1342 5068 1428 5119 est
1459 5064 1518 5118 in
1545 5064 1825 5136 obsequio
1857 5078 2006 5130 meo,
2039 5061 2086 5118 si

2204 4974 2499 5046 quispiam
2532 4977 2581 5033 si
2613 4996 2801 5053 usque
2852 4985 2925 5039 ad
2979 5002 3165 5043 unum
3215 4989 3335 5046 iota
3363 4974 3758 5065 disputaverit,
3785 4991 3830 5044 ei

2204 5078 2319 5156 non
2349 5080 2477 5156 eam
2510 5066 2569 5121 in
2601 5070 2879 5129 omnibus
2926 5076 3337 5135 venerabiliter
3374 5083 3693 5156 acceperit,
3710 5094 3829 5137 ana-

440 5151 641 5207 minus
671 5156 762 5208 est
791 5152 850 5206 in
896 5152 1305 5224 possibilitate.
1361 5151 1549 5208 Facile
1579 5152 1736 5207 enim
1772 5149 2091 5222 cujuslibet
2201 5150 2404 5208 thema
2430 5153 2525 5209 sit.

430 5238 686 5312 jussioni
720 5257 789 5297 ex
809 5240 1584 5296 abundantiasatisl’acimus
1610 5240 1796 5297 :illius
1827 5239 2088 5296 ofﬁcium
2201 5260 2514 5317 ονίεηιαιεδ

434 5330 657 5403 grande
678 5332 769 5386 est
785 5333 844 5386 et
873 5328 1159 5396 mirabile,
1186 5329 1285 5402 qui
1310 5329 1657 5386 etiamidem
1674 5329 1735 5384 in
1748 5332 1878 5385 voto
1909 5327 2087 5383 habet

434 5417 669 5491 quodin
695 5418 921 5476 viribus
942 5434 1057 5473 non
1089 5418 1283 5474 habet.
1306 5419 1431 5474 Tua
1459 5435 1595 5491 ergo
1626 5417 1747 5473 hac
1767 5434 1880 5485 res,
1913 5420 2082 5472 tuum

2555 5264 2800 5334 episcopi
2844 5270 2911 5349 in,
2950 5272 3181 5349 epistola
3210 5274 3283 5349 ad
3329 5276 3715 5349 Symmachum
3741 5290 3828 5349 Ρα-

2688 5353 2846 5410 Ρανη,
2894 5348 3021 5399 tom.
3058 5343 3190 5417 Vp.
3227 5347 3351 5403 436.

2269 5419 2377 5484 Qui
2430 5425 2731 5493 praecessit
2759 5427 3186 5490 beatitudinem
3217 5438 3408 5506 tuam,
3441 5438 3594 5496 inter
3624 5439 3833 5496 sanctos

434 5508 757 5582 negotium,
787 5508 873 5565 tui
905 5507 1148 5581 pudoris
1179 5524 1328 5581 opus
1358 5514 1481 5564 est:
1515 5525 1616 5563 ora
1645 5510 1703 5562 et
1741 5507 1982 5594 obsecra
2011 5522 2084 5561 ne
2196 5508 2574 5583 constitutus,
2630 5514 2743 5570 Leo
2798 5517 3300 5594 archiepiscopus,
3333 5526 3406 5582 ad
3435 5527 3683 5584 Attilam
3716 5536 3829 5582 hinc

432 5597 726 5669 imperitia
758 5615 889 5654 mea
918 5595 1280 5670 periclitetur
1309 5595 1515 5653 electio
1539 5600 1674 5663 tua;
1725 5599 1782 5651 et
1821 5593 2081 5666 opinioni
2193 5612 2459 5655 erronem
2489 5601 2807 5661 barbarum
2848 5623 2951 5678 per
2993 5626 3055 5666 se
3083 5593 3315 5671 currere
3357 5632 3474 5672 non
3506 5616 3674 5681 duxit
3699 5609 3830 5682 indi.
