3914 6232
402 324 524 395 819
1229 335 1647 400 PREFATIO
1691 340 1771 400 IN
1817 336 2238 402 SERMONES
2283 340 2346 403 S.
2396 341 2676 405 LEONIS
2720 343 2997 409 MAGNI.
3724 351 3848 413 120

1829 496 2061 555 CAPUT
2098 498 2391 557 PRIMUM

1260 587 1336 642 De
1363 587 1717 644 Lectionariis
1744 603 1895 657 mss.,
1922 588 2104 659 primo
2129 590 2282 661 fonte
2315 605 2627 646 sermonum
2654 591 2712 647 5.
2744 593 2957 651 Leonis.

411 705 420 715 '
543 685 653 778 5'4.
687 705 763 759 De
793 700 1288 759 Lectionariorum
1321 702 1669 773 antiquitate
1699 707 1754 758 et
1781 702 2137 775 praestantia.
2180 705 2409 769 Quanta
2437 704 2830 764 sollicitudine
2870 709 2977 766 hos
3018 711 3245 768 codices
3276 712 3731 785 quaesierimus.

483 838 536 894 2.
573 834 934 893 Lectionaria
955 833 1299 906 antiquioris
1327 834 1571 906 originis
1603 850 1729 890 esse
1743 833 1950 891 solent.
1969 835 2177 892 Paucis
2206 837 2363 892 enim
2397 839 2581 894 sancti
2604 840 2849 914 contigit
2878 845 3032 916 quod
3062 845 3163 901 SS.
3195 847 3434 915 Zenoni,
3466 848 3842 917 Gaudentio,

423 929 481 983 et
510 926 674 983 Petro
700 924 1148 998 Chrysologo,ut
1168 939 1510 978 sermonum
1541 922 1906 979 collectiones
1938 925 2277 980 auctoribus
2306 927 2559 998 mquales
2585 928 2673 985 vel
2688 931 2855 1002 quasi
2885 933 3137 1005 aequales
3159 936 3229 991 ad
3264 953 3371 993 nos
3399 953 3593 1010 usque
3630 953 3842 1010 perve-

397 1015 639 1087 derint:
669 1016 846 1087 idque
878 1012 948 1068 iis
981 1013 1125 1068 forte
1155 1012 1368 1069 accidit
1398 1029 1648 1084 quorum
1679 1030 1979 1068 sermones
2006 1014 2063 1068 in
2098 1014 2459 1074 Lectionaria
2490 1016 2954 1092 haudquaquam
2999 1023 3272 1092 traducti,
3319 1025 3369 1081 si
3418 1025 3842 1098 peculiaribus

410 1105 852 1167 collectionibus
882 1118 998 1157 non
1030 1101 1279 1157 fuissent
1310 1101 1604 1167 custoditi,
1637 1101 1968 1173 periissent.
2000 1105 2071 1157 At
2102 1119 2235 1157 cum
2264 1120 2379 1158 non
2412 1104 2597 1161 multo
2610 1112 2741 1179 post
2764 1110 3019 1165 auctoris
3047 1116 3295 1169 mortem
3316 1130 3627 1171 sermones
3650 1119 3839 1171 tanta

398 1194 772 1261 auctoritatis
803 1209 867 1249 ac
887 1190 1239 1247 celebritatis
1270 1192 1451 1258 fuere,
1477 1194 1541 1246 ut
1569 1191 1724 1262 apud
1742 1190 2043 1246 universas
2064 1190 2179 1247 fere
2198 1190 2487 1248 Ecclesias
2511 1193 2569 1249 in
2598 1196 2959 1254 Lectionaria
2974 1199 3329 1269 relati,inter
3356 1204 3552 1259 ofﬁcia
3579 1204 3838 1277 publica

407 1289 779 1362 legerentur:
814 1287 954 1338 tunc
979 1280 1067 1337 vel
1102 1280 1273 1336 nulla:
1305 1279 1674 1336 collectiones
1702 1278 1990 1347 factm,vel
2022 1280 2071 1335 si
2094 1296 2223 1353 quae
2258 1280 2419 1337 facta:
2436 1282 2690 1356 fuerunt,
2707 1285 2927 1342 sensim
2946 1289 3169 1361 periere
3202 1309 3215 1347 :
3249 1308 3384 1348 cum
3402 1292 3561 1349 enim
3584 1299 3831 1364 Omnes,

409 1381 512 1435 aut
542 1377 657 1432 fere
679 1387 881 1429 omnes
911 1386 1209 1426 sermones
1240 1370 1299 1424 in
1333 1367 1721 1424 Ecclesiarum
1751 1367 1919 1424 libris
1942 1373 2333 1434 servarentur,
2352 1369 2563 1427 horum
2577 1372 2975 1432 collectionem
3008 1379 3326 1452 separatim
3348 1382 3696 1439 describere
3730 1399 3835 1439 su-

397 1448 697 1542 perﬂuum
715 1461 1042 1516 videbatur.
1076 1459 1159 1513 Ita
1178 1457 1487 1532 Augustini
1519 1473 1841 1526 sermones,
1874 1474 1998 1525 seu,
2032 1458 2117 1514 uti
2174 1459 2559 1530 vocabuntur,
2592 1466 2896 1533 tractatus,
2945 1465 3005 1522 in
3033 1448 3382 1526 bibliotheca
3425 1470 3833 1544 Hispanensis

403 1552 671 1613 Ecclesiae
702 1550 899 1622 aliqua
928 1547 1192 1634 fortassis
1210 1547 1357 1603 serie
1370 1546 1685 1619 dispositos
1697 1547 1958 1635 extitisse
1973 1547 2271 1604 Possidius
2285 1549 2637 1606 subindicat.
2664 1552 2726 1607 In
2754 1554 3066 1628 Augustini
3088 1558 3243 1613 enim
3256 1558 3391 1615 Vita
3419 1576 3469 1615 c.
3492 1561 3561 1617 18
3575 1562 3836 1635 perinde

398 1645 653 1719 loquens
675 1643 747 1698 de
766 1624 1111 1696 tractatibus
1141 1654 1207 1692 ac
1238 1637 1309 1693 de
1338 1637 1561 1693 caeteris
1591 1640 1647 1691 S.
1681 1634 1935 1692 doctoris
1966 1636 2403 1709 operibus,qua3
2425 1655 2566 1694 sane
2596 1640 2655 1695 in
2687 1624 2982 1701 distinctis
3011 1646 3310 1704 codicibus
3355 1624 3831 1709 continebantur

404 1734 669 1793 omnium
700 1727 1019 1787 indiculum
1055 1743 1117 1783 se
1146 1726 1469 1799 subjecisse
1499 1726 1847 1793 afﬁrmat,ut
1875 1725 1983 1780 sibi
2011 1727 2234 1796 quisque
2262 1728 2496 1783 voluerit
2526 1729 2595 1783 ad
2628 1729 2911 1801 legendum
2937 1738 2991 1789 et
3016 1738 3439 1807 cognoscendum
3461 1741 3663 1812 eligat,
3700 1746 3755 1797 ei
3778 1742 3834 1796 id

402 1825 473 1897 ad
497 1818 906 1879 describendum
935 1817 1016 1871 vel
1047 1816 1111 1871 de
1143 1815 1466 1871 bibliotheca
1496 1816 1857 1886 Hipponensis
1889 1814 2137 1870 Ecclesiae
2162 1819 2329 1886 petat,
2385 1818 2483 1873 ubi
2538 1821 2914 1878 emendationi
2971 1827 3112 1896 forte
3166 1829 3506 1900 exemplaria
3561 1834 3835 1903 ροιενιιηι

398 1892 663 1979 inveniri,
688 1909 775 1964 vel
803 1905 948 1962 unde
976 1905 1231 1972 voluerit,
1266 1905 1535 1975 inquirat,
1564 1910 1615 1959 et
1648 1905 1869 1958 inventa
1897 1903 2182 1961 describat.
2208 1905 2626 1963 Vetustissima
2655 1913 2851 1966 tamen
2893 1892 3182 1983 ejusmodi
3203 1892 3574 1991 exemplaria.
3592 1922 3831 1978 deside-

400 2007 626 2062 rantur.
660 1999 806 2054 Tres
835 1993 993 2051 enim
1015 1992 1374 2065 antiquiores
1396 2009 1523 2064 quze
1555 1996 1873 2064 supersunt
1918 1992 2287 2050 collectiones
2320 2012 2658 2053 sermonum
2698 2002 2754 2053 S.
2791 2002 3101 2073 Augustini
3151 2004 3217 2059 de
3247 2008 3447 2063 Verbis
3474 2009 3732 2081 Domini,
3762 2012 3827 2067 de

394 2091 583 2150 Verbis
615 2085 881 2158 Apostoli,
905 2082 1322 2139 ethomiliarum
1354 2082 1777 2154 quinquaginta,
1810 2085 1876 2136 ut
1905 2082 2291 2138 observarunt
2319 2084 2646 2141 doctissimi
2679 2086 2876 2144 Patres
2906 2090 3155 2146 Maurini
3180 2093 3237 2147 in
3260 2096 3563 2167 praefatad
3578 2102 3821 2157 tomum

396 2179 613 2252 V,licet
640 2176 699 2232 in
724 2190 869 2230 mss.
904 2171 1368 2242 octingentorum
1398 2186 1686 2226 annorum
1701 2169 2023 2243 etamplius
2037 2171 2545 2243 reperiantur,non
2559 2177 2756 2232 tamen
2782 2179 3109 2250 Augustino
3131 2182 3384 2255 aequales
3405 2187 3561 2243 credi
3588 2197 3827 2261 queunt

394 2285 514 2326 non
545 2264 738 2322 solum
767 2261 907 2334 quia
933 2276 1134 2317 earum
1166 2257 1464 2315 Possidius
1494 2276 1608 2314 non
1640 2258 1927 2326 meminit,
1962 2259 2062 2315 sed
2087 2262 2409 2332 praesertim
2438 2263 2577 2335 quia
2605 2267 2995 2339 supposititiis
3019 2286 3137 2326 non
3168 2276 3387 2330 carent.
3421 2274 3486 2331 In
3503 2257 3819 2335 Lac—tigna-

395 2357 505 2425 ria,
538 2352 818 2410 nimirum
844 2350 972 2421 ejus
1003 2364 1304 2404 sermones
1335 2347 1588 2420 sparsim
1620 2346 1894 2414 traducti,
1925 2346 2333 2405 collectionum
2381 2351 2900 2411 dcscribendarum
2924 2355 3183 2415 laborem
3214 2361 3528 2420 sustulere.
3560 2366 3650 2423 Ex
3681 2369 3817 2424 Lec-

394 2442 644 2503 tionaris
675 2443 868 2495 autem
899 2440 1018 2493 tres
1050 2439 1383 2495 memoratae
1414 2436 1783 2493 collectiones
1814 2436 2102 2509 posterius
2134 2437 2368 2494 fuerunt
2398 2439 2655 2513 digestae,
2685 2459 2750 2498 ac
2782 2444 3057 2518 deinceps
3096 2447 3193 2502 alii
3224 2465 3525 2509 sermones
3556 2471 3634 2511 ex
3685 2457 3818 2513 aliis

393 2529 751 2592 Lectionaris
781 2526 1055 2599 descripti
1087 2525 1533 2599 Augustinianis
1561 2525 1770 2598 adjecti
1801 2526 2037 2581 fuerunt
2064 2525 2123 2581 in
2149 2526 2505 2584 editionibus
2529 2546 2655 2602 quae
2678 2531 2926 2588 subinde
2943 2541 3377 2608 apparuerunt;
3412 2557 3517 2597 nec
3558 2528 3816 2603 deerunt

399 2622 501 2706 qui
523 2619 668 2676 alios
700 2616 962 2689 ejusdem
993 2614 1249 2670 doctoris
1279 2631 1578 2670 sermones
1608 2630 1677 2669 ex
1708 2613 1918 2669 iisdem
1948 2614 2232 2672 fontibux
2262 2616 2524 2672 derivare
2556 2622 2791 2690 queant,
2845 2620 3016 2678 sicuti
3075 2641 3181 2682 nos
3218 2625 3424 2699 viginti
3464 2633 3521 2687 et
3545 2638 3814 2711 amplius

396 2702 682 2788 genuinos
712 2706 772 2762 in
802 2703 1113 2762 Anecdotis
1144 2702 1533 2760 Miscellaneis
1563 2702 1878 2775 aliquando
1910 2703 2126 2759 edituri
2153 2721 2384 2762 sumus.

458 2801 515 2857 3.
546 2795 749 2855 Simile
777 2793 1079 2868 quidpiam
1111 2793 1170 2850 S.
1204 2792 1410 2849 Leonis
1441 2792 1815 2849 sermonibus
1831 2792 2115 2849 accidisse
2134 2792 2509 2850 arbitramur.
2544 2795 2708 2852 Hunc
2729 2802 2999 2855 sanctum
3014 2801 3349 2873 pontificem
3382 2806 3568 2867 multo
3596 2812 3802 2869 studio

388 2888 694 2947 sermones
724 2884 1084 2950 lucubrasse,
1115 2885 1173 2937 et
1227 2886 1501 2939 accurata
1529 2898 1731 2937 eorum
1751 2881 2016 2954 exempla
2045 2882 2200 2954 apud
2219 2899 2281 2938 se
2307 2883 2621 2940 retinuisse
2652 2884 2799 2941 illud
2838 2886 3055 2944 indicio
3088 2897 3195 2959 est,
3230 2895 3387 2965 quod
3421 2895 3482 2952 in
3509 2898 3641 2955 suis
3655 2901 3797 2975 dog-

390 2974 622 3033 maticis
652 2971 936 3046 epistolis,
970 2987 1099 3042 quae
1130 2970 1203 3026 ob
1234 2970 1550 3026 sublimem
1574 2969 1988 3043 difﬁcilemque
2001 2969 2443 3043 explicationem
2475 2973 2815 3044 dogmatum
2829 2976 2900 3032 de
2929 2976 3145 3050 quibus
3161 2980 3455 3055 disseruit,
3477 2969 3804 3048 maxima};

390 3080 507 3121 non
536 3068 658 3118 tam
689 3060 1113 3117 sententiarum
1145 3075 1320 3131 quam
1351 3060 1660 3114 verborum
1689 3058 2020 3114 cautionem
2043 3061 2100 3113 et
2138 3056 2428 3115 delectum
2478 3060 2844 3132 ﬂagitabant,
2879 3067 3145 3137 quaedam
3177 3086 3247 3125 ex
3277 3076 3654 3135 sermonibus
3688 3098 3801 3136 non

388 3152 600 3224 exigua
621 3151 944 3223 fragmenta
974 3147 1304 3204 inseruerit.
1327 3148 1457 3203 Hmc
1487 3150 1682 3202 autem
1714 3163 2054 3202 sermonum
2084 3149 2449 3220 autographa
2478 3150 2833 3224 exemplaria
2863 3153 2924 3210 in
2954 3156 3184 3214 archivo
3217 3162 3536 3232 apostolico
3567 3167 3802 3226 diutius

387 3240 574 3296 fuisse
601 3237 913 3303 custodita,
945 3236 1213 3292 dubitare
1235 3254 1349 3292 non
1384 3236 1536 3291 licet.
1569 3235 1716 3290 Cum
1755 3251 1889 3290 vero
1912 3252 2014 3307 pro
2058 3236 2401 3325 auctoritate
2431 3255 2497 3293 ac
2527 3239 2860 3298 celebritate
2890 3246 3144 3302 auctoris
3181 3252 3239 3303 et
3259 3266 3400 3305 cura
3422 3255 3712 3325 peculiari
3744 3260 3798 3314 in

390 3325 1097 3385 sermonibuslucubrand
1110 3325 1159 3379 is
1174 3324 1435 3398 hi,paulo
1453 3327 1585 3396 post
1602 3321 1810 3378 Leonis
1831 3323 2078 3391 obitum,
2099 3324 2159 3378 in
2175 3325 2552 3383 Lectionariis
2565 3328 2961 3389 Romanarum
2974 3334 3363 3394 Ecclesiarum
3378 3321 3532 3399 inter
3547 3343 3799 3403 aliorum

387 3419 725 3475 sanctorum
756 3429 1056 3470 sermones
1081 3413 1329 3469 fuissent
1358 3411 1714 3484 transcripti,
1748 3415 1805 3467 et
1823 3411 2032 3467 exinde
2060 3413 2418 3470 transissent
2457 3416 2517 3470 in
2572 3416 2797 3476 similes
2850 3421 3078 3481 codices
3124 3424 3375 3485 aliarum
3408 3430 3800 3492 Ecclesiarum

381 3504 564 3561 totius
593 3499 960 3563 Occidentis;
992 3499 1131 3555 hinc
1154 3500 1373 3555 factum
1406 3499 1515 3556 fuit
1543 3504 1609 3556 ut
1627 3500 1965 3556 eorumdcm
1997 3517 2334 3557 sermonum
2366 3503 2424 3558 in
2461 3504 2658 3578 aliquo
2705 3515 2971 3582 separato
3014 3511 3308 3574 volumine
3336 3517 3800 3594 colligendorum

383 3608 527 3647 cura
556 3589 881 3661 antiquitus
911 3588 1179 3644 defuerit.
1204 3591 1392 3655 Quare
1423 3588 1569 3644 nihil
1602 3589 1817 3644 mirum
1841 3590 1890 3644 si
1908 3589 2267 3658 Gennadius,
2286 3592 2386 3664 qui
2440 3602 2727 3652 memorat
2757 3614 3056 3657 sermones
3075 3606 3132 3658 S.
3164 3604 3400 3662 Maximi
3419 3588 3803 3672 Taurinensis

379 3678 443 3736 in
475 3680 682 3746 Leone,
716 3693 766 3733 c.
796 3678 887 3745 70,
921 3675 1145 3749 nullam
1176 3679 1440 3749 ejusdem
1472 3694 1812 3734 sermonum
1839 3678 2196 3734 mentionem
2241 3679 2378 3735 facit
2409 3697 2423 3734 :
2459 3681 2717 3754 aliquam
2762 3688 2919 3765 enim
2974 3689 3212 3769 Maximi
3251 3709 3593 3756 sermonum
3637 3708 3797 3759 vetu-

378 3767 706 3824 stissimam
738 3764 1388 3835 collectionem,nullam
1420 3769 1614 3823 autem
1640 3766 1849 3822 Leonis
1880 3766 2126 3836 invenit,
2162 3784 2265 3825 nec
2289 3769 2360 3824 ad
2395 3770 2471 3825 Le
2484 3764 2836 3851 ctionariain
2868 3764 3187 3849 quashujus
3214 3796 3519 3843 sermones
3550 3791 3799 3849 traducti

376 3857 609 3915 fuerant
636 3854 837 3912 oculos
868 3870 933 3910 ac
960 3858 1218 3910 mentem
1249 3855 1520 3912 intendit.
3032 3890 3037 3891 ν
3414 3860 3418 3867 ’

446 3948 499 4003 li.
534 3947 743 4002 Fontes
765 3943 947 4018 igitur
974 3944 1321 4000 vetustiores
1353 3945 1655 4017 exquibus
1688 3945 1892 4001 Leonis
1922 3961 2225 4002 sermones
2256 3947 2328 4002 ad
2370 3964 2477 4004 nos
2518 3960 2925 4021 pervenerunt,
2958 3960 3098 4012 sunt
3127 3959 3373 4032 antiqua
3402 3962 3788 4023 Lectionaria.

368 4037 452 4090 Ex
483 4035 575 4090 his
606 4050 749 4090 sane
777 4049 876 4089 eos
908 4030 1235 4102 allegarunt
1264 4033 1398 4088 noni
1431 4032 1629 4088 saeculi
1675 4032 2009 4105 scriptores,
2060 4033 2411 4094 Hincmarus
2455 4037 2781 4110 Remensis,
2823 4042 3128 4118 Remigius
3179 4030 3611 4124 Lugdunensis,
3657 4056 3795 4112 Pru-

370 4123 606 4180 dentius
635 4122 1050 4189 Tricassimus,
1082 4137 1147 4176 ac
1178 4122 1501 4194 praesertim
1536 4121 1756 4178 Florus.
1789 4126 1845 4178 Is
1875 4122 2178 4192 nimirum,
2214 4124 2314 4196 qui
2362 4127 2421 4180 in
2474 4143 2619 4184 mss.
2671 4129 3042 4190 collectaneis
3084 4136 3155 4192 ad
3188 4121 3349 4193 Pauli
3385 4121 3693 4214 epistolas,
3735 4145 3787 4201 in

367 4211 678 4269 Carthusia
707 4209 912 4284 Majori
936 4209 1567 4284 custoditis,integrum
1599 4212 1850 4267 duarum
1882 4215 1938 4267 et
1959 4211 2263 4285 sexaginta
2291 4213 2620 4287 ingentium
2634 4218 3045 4289 columnarum
3069 4222 3311 4293 librum,
3335 4209 3791 4301 compendiariis

368 4301 525 4356 notis
549 4300 857 4371 scriptum,
902 4316 973 4354 ex
1018 4299 1229 4355 Leonis
1286 4299 1639 4356 testimoniis
1699 4299 1964 4373 digessit,
2022 4316 2364 4358 sermonum
2414 4303 2742 4377 fragmenta
2771 4325 2840 4363 ex
2890 4311 3268 4370 Lectionariis
3310 4299 3792 4378 manifestissime

370 4389 681 4460 excerpsit,
711 4388 897 4443 utitur
926 4386 1083 4444 enim
1111 4388 1320 4444 iisdem
1352 4389 1555 4445 ordine
1586 4405 1654 4445 ac
1686 4388 1872 4444 titulis
1903 4405 2050 4461 quos
2083 4388 2141 4444 in
2176 4390 2557 4449 Lectionariis
2578 4393 2831 4451 basilica:
2853 4397 2911 4453 S.
2938 4399 3090 4455 Petri
3122 4401 3482 4461 invenimus.
3507 4409 3659 4465 Ante
3687 4410 3791 4468 hos

365 4490 574 4531 omnes
604 4473 814 4530 iisdem
849 4476 1226 4531 Lectionariis
1266 4493 1410 4532 usus
1441 4481 1529 4534 est
1560 4476 1776 4533 Paulus
1813 4477 2099 4535 Diaconus
2131 4476 2192 4533 in
2223 4477 2583 4551 Homiliario,
2625 4483 2685 4539 in
2721 4501 2836 4557 quo
2869 4485 3067 4559 plures
3100 4489 3311 4548 Leonis
3340 4508 3650 4553 sermones
3685 4514 3786 4572 pro

324 4606 333 4615 .
363 4564 648 4620 festorum
678 4560 903 4616 ratione
931 4562 1262 4635 descripsit.

430 4649 486 4705 5.
522 4648 725 4703 Plures
745 4647 804 4703 id
835 4664 1022 4720 genus
1053 4653 1110 4705 et
1139 4653 1657 4722 praestantissimos
1689 4653 1938 4719 codices,
1964 4654 2063 4726 qui
2108 4655 2397 4712 diversam
2450 4658 2740 4732 originem
2792 4665 3108 4735 praeferunt
3136 4666 3348 4736 videre,
3387 4674 3446 4727 et
3485 4674 3784 4732 consulere

356 4735 525 4793 licuit
554 4737 612 4792 in
643 4735 1015 4793 bibliothecis
1047 4738 1324 4819 Romanis
1354 4741 1651 4809 Vaticana,
1685 4742 1941 4798 basilica:
1971 4742 2034 4798 S.
2063 4743 2238 4810 Petri,
2272 4744 3054 4825 Vallicellana,etChigiana,
3075 4755 3135 4810 in
3149 4735 3386 4814 Venetis
3415 4758 3474 4815 S.
3504 4759 3706 4829 Marci,
3729 4770 3782 4821 et

357 4825 417 4882 S.
452 4825 712 4898 Gregorii
742 4825 1003 4898 Majoris,
1027 4826 1086 4882 in
1118 4827 1408 4884 Patavinis
1439 4832 1863 4887 monachorum
1894 4833 1953 4888 S.
1979 4832 2248 4900 Justinae,
2285 4837 2757 4894 conventualium
2809 4841 2866 4896 S.
2900 4844 3157 4915 Antonii,
3205 4850 3263 4902 et
3321 4825 3778 4909 eremitanorum

353 4914 456 4970 SS.
486 4913 735 4987 Philippi
766 4919 822 4970 et
850 4915 1071 4983 Jacobi,
1107 4915 1163 5004 in
1198 4916 1547 4975 Vercellensi
1571 4920 2145 4993 Eusebianacapituli
2170 4922 2614 4992 cathedralis,in
2650 4927 2831 5001 Regia
2862 4913 3230 5003 Taurinensi,
3260 4934 3319 4991 in
3355 4935 3781 5004 Padilironensi

352 5001 758 5060 Casinensium
789 5009 845 5059 S.
873 5003 1188 5072 Benedicti,
1218 5004 1276 5060 in
1312 5006 1683 5079 Bergomensi
1716 5010 1775 5065 S.
1818 5009 2129 5066 Alexandri
2160 5012 2218 5066 in“
2250 5012 2555 5083 Columna,
2588 5032 2653 5071 ac
2668 5018 2906 5075 tandem
2939 5020 2998 5076 in
3031 5001 3232 5078 nostra
3274 5024 3587 5097 capitulari
3607 5001 3780 5088 Vero;

349 5090 630 5146 nensi.Ex
648 5090 736 5147 his
755 5108 897 5147 mss.
910 5095 969 5146 ut
982 5097 1113 5163 pote
1126 5091 1558 5164 antiquioribus
1574 5113 1912 5153 sermonum
1930 5099 2186 5155 fontibus
2202 5099 2499 5171 lectiones,
2523 5120 2622 5159 seu
2645 5103 2960 5161 lectionum
2977 5090 3370 5168 correctiones
3399 5112 3778 5184 potissimum

347 5178 647 5234 sumendae
678 5184 866 5235 erunt.
901 5179 1269 5249 Quesnellus,
1301 5181 1400 5253 qui
1424 5181 1632 5239 horum
1665 5185 1932 5241 codicum
1962 5188 2359 5259 praestantiam
2392 5195 2449 5247 et
2470 5192 2866 5266 antiquiorem
2892 5195 3183 5268 originem
3213 5178 3572 5272 supra-mss.
3608 5202 3778 5260 colle-

346 5266 568 5324 ctiones
589 5267 1001 5341 deprehendit(
1009 5273 1074 5324 ut
1098 5272 1257 5340 patet
1270 5286 1336 5325 ex
1365 5270 1495 5342 ejus
1517 5272 1853 5345 praefatione
1868 5276 2145 5345 generali,
2171 5283 2306 5336 ante
2328 5281 2630 5353 medium),
2652 5278 2712 5334 in
2728 5266 3054 5340 recolendis
3076 5266 3450 5346 sermonibus
3474 5290 3775 5350 Lectiona-

341 5354 447 5412 riis
478 5354 802 5428 plurimum
828 5356 1207 5413 deferendum
1240 5358 1508 5431 agnovit:
1544 5377 1609 5415 ac
1639 5361 1939 5433 praecipuae
1965 5376 2170 5416 eorum
2202 5364 2666 5433 emendationes,
2693 5383 2841 5438 quas
2873 5369 2933 5425 in
2964 5374 3186 5429 textum
3212 5374 3464 5446 induxit,
3499 5375 3596 5434 his
3627 5396 3771 5451 mss;

341 5442 647 5501 debentur.
680 5449 747 5502 At
768 5447 825 5503 id
859 5447 1216 5503 incommodi
1246 5448 1304 5503 in
1336 5449 1628 5520 ejusmodi
1661 5449 1825 5506 libris
1854 5453 2147 5522 expertus,
2181 5453 2321 5521 quod
2338 5469 2447 5508 non
2488 5471 2674 5509 omnes
2701 5458 3016 5517 contineant
3044 5478 3340 5531 sernwnes,
3390 5442 3529 5521 eihi
3554 5442 3772 5538 quidem

336 5530 571 5604 aliquos,
593 5534 697 5590 illi
727 5537 866 5592 alios
880 5552 982 5609 pro
1006 5535 1220 5591 diverso
1240 5537 1607 5593 Ecclesiarum
1636 5554 1800 5605 more,
1828 5554 2067 5611 quarum
2091 5543 2220 5595 usui
2245 5540 2507 5614 descripti
2533 5548 2662 5599 sunt
2681 5560 2703 5605 ,'
2736 5544 2869 5603 adeo
2899 5551 2958 5602 ut
2981 5549 3249 5608 immensa
3260 5530 3630 5623 “innumera
3656 5557 3773 5629 ριε.

336 5636 570 5694 rumque
602 5626 900 5682 evolvenda
932 5626 1162 5681 tibisint
1186 5626 1553 5698 volumina,ut.
1579 5644 1778 5700 paucos
1808 5629 2019 5700 aliquos
2032 5644 2306 5687 sermones
2327 5631 2398 5687 ad
2424 5631 2554 5689 illos
2572 5632 2777 5691 codices
2806 5648 3085 5697 recenseas
3118 5639 3233 5708 :id,
3263 5626 3769 5716 inquam,=incom-
