3914 6232
399 362 515 430 123
1224 352 1640 426 PREFATIO
1682 359 1763 423 IN
1807 357 1945 423 SER

2278 358 2335 422 Β.
2384 357 2667 423 LEONIS
2710 356 2986 425 MAGNI.
3704 355 3824 420 128

396 498 675 558 Tractalus
702 505 892 558 contra
919 494 1530 571 Eutychianos,habitus
1560 496 1621 552 in
1643 492 1841 568 templo
1867 492 1922 551 S.
1955 490 2390 552 Anastasiach
2413 509 2605 551 sermo
2621 498 2825 552 contra
2843 493 3233 570 Eutychianos
3263 508 3401 552 cum
3431 494 3821 550 conservatus

393 590 571 647 fuerit
596 591 654 647 in
687 607 830 646 mss.
862 586 1301 645 collectionibus
1330 587 1390 643 S.
1422 585 1649 654 Leonis,
1678 601 1825 658 quae,
1858 588 1925 641 ut
1952 584 2341 651 videbimus,e
2374 583 2747 640 Lectionariis
2767 584 3256 655 dimanant,haud
3288 582 3634 640 dubitamus
3667 580 3814 653 quin

391 678 450 738 in
478 678 676 752 aliquo
704 677 1061 735 Lectionario
1090 676 1237 732 libro
1269 675 1655 743 contineatur,
1690 690 1863 747 quem
1886 673 2173 730 hactenus
2206 672 2458 746 reperire
2484 673 2654 730 nobis
2685 691 2800 730 non
2834 674 3091 748 contigit.

464 770 550 826 40.
585 770 647 826 Id
677 769 871 842 ipsum
904 771 1097 823 autem
1132 766 1245 822 dici
1278 783 1393 821 non
1428 782 1600 838 posse
1630 764 1927 820 credimus
1958 764 2146 836 quoad
2183 763 2329 819 alios
2379 767 2497 819 tres
2546 780 2870 830 sermones,
2901 762 3174 820 videlicet
3204 762 3479 836 quintum
3526 761 3599 818 de
3629 758 3811 816 natali

390 876 573 931 papae,
605 860 829 913 sextum
863 856 934 910 de
963 854 1241 922 collectis,
1275 857 1331 909 et
1357 869 1577 909 nonum
1610 853 1680 908 de
1697 852 1925 924 jejunio
1955 850 2167 907 decimi
2194 852 2437 918 mensis,
2468 852 2567 923 qui
2595 868 2663 906 ex
2693 869 2802 907 ms.
2836 851 3050 907 Nicloai
3086 851 3255 907 Fabri
3287 849 3427 906 editi
3459 852 3617 905 sunt.
3647 848 3810 905 Sicut

387 946 542 1003 enim
572 947 784 1002 desunt
812 944 872 999 in
901 942 1341 999 collectionibus
1363 957 1703 997 sermonum
1734 941 1792 995 S.
1812 940 2169 1012 Leonis,qua:
2199 955 2230 995 e
2261 939 2636 996 Lectionariis
2658 939 3102 1008 manarunt;ita
3123 939 3183 995 in
3210 936 3805 994 nullis.Lectionariis

388 1035 655 1092 inventos
676 1039 777 1090 aut
807 1018 1188 1088 inve'niendos
1220 1030 1621 1086 censemus.ln
1651 1046 1769 1084 uno
1798 1028 1978 1102 igitur
2006 1030 2203 1085 codice
2232 1028 2450 1084 Nicolai
2485 1028 2652 1084 Fabri
2681 1028 2787 1085 bos
2819 1033 2938 1084 tres
2970 1045 3271 1084 sermones
3311 1027 3597 1084 contineri
3649 1031 3812 1100 puta-

387 1142 543 1193 mus,
577 1123 693 1179 nisi
721 1120 990 1178 fortassis
1010 1120 1161 1176 alius
1183 1118 1396 1174 similis
1418 1118 1733 1190 aliquando
1754 1119 2012 1190 prodeat.
2047 1119 2148 1174 Hic
2170 1123 2367 1174 autem
2390 1118 2557 1173 Fabri
2577 1118 2775 1189 codex,
2800 1118 2900 1191 qui
2923 1117 2982 1173 in
3012 1117 3431 1174 bibliothecam
3451 1116 3813 1173 Thuaneam

386 1211 680 1281 Quesnelli
710 1214 878 1265 aetate
907 1207 1399 1275 transierat,unde
1428 1206 1760 1262 Thuaneeus
1787 1207 1858 1262 ab
1890 1208 2090 1263 eodem
2125 1206 2469 1279 appellatur,
2518 1210 2718 1279 postea
2758 1224 2893 1263 vero
2936 1207 2995 1262 in
3045 1206 3460 1278 Colbertinam,
3511 1210 3808 1279 postremo

386 1308 584 1358 autem
616 1300 675 1355 in
706 1297 945 1371 Regiam
972 1296 1359 1352 Parisiensem
1395 1294 1851 1367 migravit,varia
1872 1296 2108 1351 Patrum
2132 1294 2414 1367 opuscula
2431 1296 2916 1353 continet.Dehoc
2944 1296 3071 1353 fuse
3097 1297 3218 1370 agit
3237 1295 3455 1369 Joseph
3476 1294 3807 1351 Antelmius

385 1390 529 1446 diss.
560 1391 614 1444 6.
648 1389 724 1444 De
750 1388 893 1443 veris
923 1386 1175 1458 operibus
1200 1384 1298 1441 SS.
1332 1386 1522 1440 Leonis
1550 1393 1601 1441 et
1627 1386 1885 1457 Prosperi
1915 1402 1973 1439 n.
2030 1386 2063 1440 4
2109 1389 2167 1441 et
2214 1402 2662 1458 seqq.,eumque
2709 1390 2844 1442 ante
2888 1403 3072 1443 annos
3125 1389 3451 1459 nongentos
3503 1388 3807 1441 exaratum

385 1476 727 1544 Mabillonii,
756 1475 989 1543 Baluzii,
1024 1474 1388 1546 aliorumque
1418 1473 1738 1546 peritorum
1764 1473 1988 1545 judicio
2020 1475 2453 1530 testatur.lnter
2481 1474 2843 1531 diversorum
2876 1475 3112 1530 Patrum
3136 1472 3420 1547 opuscula
3441 1477 3559 1529 tres
3579 1472 3805 1529 laudati

383 1566 591 1624 Leonis
620 1581 919 1622 sermones
949 1563 1382 1628 describuntur,
1417 1578 1667 1635 quorum
1700 1562 1928 1635 primus
1959 1562 2197 1618 omnino
2245 1579 2484 1618 erronee
2526 1563 2805 1636 Prospero
2851 1563 3132 1619 tribuitur
3178 1564 3285 1618 hoc
3338 1562 3508 1619 titulo
3557 1580 3571 1618 :
3602 1564 3809 1635 Incipit

380 1673 557 1714 sermo
584 1655 838 1727 Prosperi
864 1653 930 1709 de
955 1654 1140 1708 natale
1163 1667 1359 1724 papae;
1390 1650 1488 1707 alii
1522 1655 1717 1707 autem
1751 1651 1867 1705 duo
1899 1667 2199 1706 sermones
2222 1650 2304 1706 sic
2336 1651 2773 1707 inscribuntur:
2807 1653 3007 1724 Incipit
3050 1652 3116 1708 de
3156 1653 3509 1708 collectarum
3554 1650 3671 1719 die,
3705 1655 3762 1708 et
3789 1670 3808 1707 :

380 1747 577 1819 Incipit
601 1745 669 1801 de
694 1744 901 1800 mensis
927 1742 1125 1799 decimi
1143 1741 1603 1814 jeiunio.0mnes
1633 1740 1741 1797 hos
1773 1757 2072 1797 sermones
2104 1740 2314 1796 Leonis
2336 1740 2626 1814 esse,styli
2650 1741 2794 1796 ratio
2815 1758 2880 1796 ac
2903 1741 3233 1815 argumenti
3258 1740 3805 1815 sententiarumque

378 1832 760 1892 consonantia
787 1848 919 1888 cum
951 1830 1081 1887 aliis
1110 1830 1450 1886 eorumdem
1482 1828 1787 1885 titulorum
1819 1829 2189 1884 sermonibus
2223 1828 2394 1901 plane
2415 1828 2686 1885 Leoninis
2716 1829 2955 1886 omnino
2987 1827 3564 1886 evincunt.Nicolaus
3595 1830 3802 1899 Faber,

379 1925 480 1998 qui
510 1924 707 1996 ipsum
738 1921 995 1977 codicem
1019 1918 1439 1992 possidebat,in
1471 1917 1717 1990 epistola
1741 1919 1813 1973 ad
1834 1918 2106 1975 Vossium
2129 1915 2505 1990 praepositum
2528 1919 2931 1991 Tungrensem
2955 1918 3252 1991 opusculis
3274 1918 3499 1975 inserta
3517 1918 3629 1974 hoc
3654 1918 3805 1974 idem

379 2011 647 2087 pervidit.
675 2011 754 2066 De
783 2009 973 2081 primo
1002 2007 1159 2064 enim
1192 2006 1587 2078 sermone,qui
1621 2007 1969 2079 Prosperum
2001 2007 2251 2079 praefert,
2285 2006 2478 2080 inquit
2510 2025 2523 2063 :
2559 2010 2675 2081 Qui
2720 2010 2980 2079 Prospero
3038 2009 3354 2077 ascribitur,
3403 2007 3652 2080 ejusdem
3703 2023 3807 2064 esse

379 2102 617 2158 auctoris
647 2116 771 2154 cum
799 2098 1052 2168 reliquis,
1085 2103 1404 2168 argumento
1431 2100 1561 2151 sunt
1603 2095 1744 2151 mihi
1789 2096 2111 2163 similitudo,
2146 2104 2196 2152 et
2225 2096 2365 2168 quod
2414 2099 2603 2151 auctor
2644 2098 2815 2169 ipsius
2861 2096 2926 2152 de
2966 2112 3023 2153 se
3070 2098 3214 2152 velut
3255 2098 3517 2168 pontiﬁce
3565 2097 3805 2153 Romano

382 2189 905 2262 loquitur.Quamvis
935 2187 1083 2241 enim
1106 2202 1270 2256 opera
1297 2187 1554 2257 Prosperi
1584 2202 1743 2241 usum
1770 2186 1942 2256 fuisse
1968 2188 2031 2241 B.
2065 2187 2292 2242 Leonem
2322 2186 2529 2253 dicunt,
2560 2202 2717 2241 nemo
2767 2194 2949 2243 tamen
2996 2185 3137 2241 mihi
3176 2185 3507 2259 persuadeat
3551 2186 3802 2243 disertis-

378 2282 582 2334 simum
604 2276 919 2349 pontiﬁcem
947 2275 1134 2330 aliena
1163 2275 1323 2329 verba
1354 2274 1734 2339 emendicasse,
1766 2282 1818 2329 et
1838 2290 1941 2345 pro
1968 2276 2088 2331 suis
2116 2274 2187 2329 ad
2211 2276 2477 2347 populum
2496 2276 3073 2347 pronuntiasse.ldem
3104 2274 3567 2348 Antelmius,qui
3596 2276 3663 2332 in
3687 2276 3807 2331 lau-

381 2369 518 2425 data
547 2365 953 2423 dissertatione
983 2380 1097 2419 non
1128 2366 1248 2418 tam
1279 2363 1387 2419 hos
1417 2368 1534 2420 tres
1565 2380 1743 2436 quam
1777 2380 1981 2419 omnes
2012 2363 2222 2419 Leonis
2254 2381 2555 2421 sermones
2583 2365 2864 2437 Prospero
2888 2363 3086 2438 aliqua
3104 2364 3329 2421 ratione
3350 2381 3616 2421 asserere
3638 2366 3797 2421 visus

382 2456 892 2527 fuerat,hujusque
903 2452 1122 2508 codicis
1153 2452 1593 2524 inscriptionem
1627 2452 2230 2525 ingesserat,mentcm
2258 2470 2425 2508 suam
2450 2453 2705 2526 apertius
2726 2453 3022 2526 explicans
3044 2454 3103 2509 in
3122 2454 3370 2527 epistola
3391 2454 3659 2510 secunda
3680 2453 3802 2510 Gal-

378 2545 487 2603 lice
516 2544 733 2618 scripta
765 2543 859 2599 die
884 2544 915 2597 4
942 2541 1284 2597 Novembris
1314 2559 1408 2597 an.
1446 2541 1602 2595 1689.
1636 2558 1801 2596 num.
1834 2542 1905 2596 35
1933 2544 1990 2597 et
2017 2542 2105 2607 40,
2139 2540 2441 2605 communi
2485 2541 2783 2597 sententiae
2831 2558 2949 2613 qua
2996 2542 3173 2598 Leoni
3224 2544 3590 2611 tribuuntur,
3625 2558 3795 2600 suum

380 2651 613 2710 quoque
640 2631 931 2689 calculum
963 2629 1376 2686 addidit.Unde
1407 2647 1538 2685 vero
1570 2634 1688 2686 tres
1720 2629 1779 2686 hi
1810 2630 2017 2687 Leonis
2048 2646 2348 2687 sermones
2381 2629 2490 2685 hoc
2521 2647 2638 2686 uno
2669 2631 2727 2685 in
2760 2630 3085 2703 codice,qui
3108 2630 3254 2686 nihil
3286 2636 3570 2705 praeterea
3597 2630 3796 2688 Leoni-

376 2742 520 2781 num
547 2724 740 2790 habet,
776 2719 1218 2795 reperiantur,et
1246 2735 1351 2774 cur
1380 2718 1607 2791 primus
1637 2719 1845 2775 saltem
1882 2719 2145 2793 Prosperi
2173 2736 2386 2776 nomen
2417 2718 2707 2787 exhibeat,
2741 2719 2874 2791 quis
2907 2719 3127 2776 divinet
3161 2736 3173 2775 :
3207 2719 3361 2775 Num
3391 2721 3666 2794 Prosper,
3700 2720 3797 2793 qui

377 2814 549 2872 Leoni
577 2812 823 2868 intimus
854 2809 984 2877 fuit,
1016 2812 1075 2865 et
1103 2808 1174 2864 ab
1204 2808 1403 2864 Adone
1436 2807 1699 2865 notarius
1728 2810 1856 2881 ejus
1886 2808 2233 2876 dicitur,hos
2266 2807 2579 2881 separatim
2613 2825 2720 2865 sua
2748 2825 2926 2863 manu
2960 2807 3368 2880 descripserat,
3393 2826 3461 2865 ac
3492 2809 3553 2864 in
3583 2808 3798 2865 Gallias

376 2904 634 2971 miserat,
669 2901 769 2958 ubi
800 2897 1121 2956 conservati
1151 2897 1323 2954 nobis
1352 2897 1613 2966 fuerunt;
1647 2899 1874 2972 primus
1923 2902 2121 2954 autem
2166 2898 2544 2954 amanuensis
2593 2898 2693 2970 qui
2725 2914 2824 2954 eos
2857 2897 3045 2954 codici
3092 2898 3435 2967 inseruit,ex
3463 2897 3796 2955 charactere

375 2992 488 3050 sibi
519 2995 656 3047 uoto
684 2989 1105 3061 exscriptorum
1138 2986 1274 3043 fecit
1302 2986 1638 3043 auctorem?
1668 2986 1868 3044 Simile
1900 2987 2207 3060 quidpiam
2240 2986 2501 3060 epistolis
2532 2986 2759 3045 accidit.
2794 2986 3062 3059 Quinque
3094 2987 3251 3043 enim
3296 2987 3508 3044 Leonis
3538 2986 3789 3060 epistolas

373 3081 526 3138 inter
553 3078 699 3136 alias
729 3077 976 3134 aliorum
1001 3080 1347 3132 conservatas
1374 3077 1545 3133 nobis
1573 3077 1809 3133 fuerunt
1830 3076 1888 3132 in
1921 3075 2061 3133 solis
2081 3075 2513 3150 exemplaribus
2534 3093 2674 3134 mss.
2686 3076 3046 3133 collectionis
3062 3075 3448 3133 Avellanade
3464 3092 3581 3149 qua
3605 3076 3791 3133 fusius

376 3175 582 3244 agetur
610 3168 669 3224 in
700 3165 1035 3241 praefatione
1066 3165 1136 3221 ad
1163 3165 1441 3239 epistolas
1471 3166 1710 3235 Leonis;
1744 3170 1802 3222 et
1832 3165 1969 3221 solas
2001 3165 2239 3238 quidem
2269 3165 2380 3223 illas
2414 3169 2674 3239 quinque
2702 3164 2962 3237 epistola:
2995 3182 3065 3221 ex
3092 3165 3368 3221 omnibus
3400 3164 3699 3222 Leominis
3728 3165 3782 3220 in

374 3260 576 3316 cadem
607 3255 946 3314 collectione
976 3252 1544 3311 inveniuntur.Sicut
1574 3258 1769 3310 autem
1801 3254 2066 3327 ignotum
2097 3258 2185 3309 est
2215 3257 2503 3326 quatenus
2534 3254 2620 3309 his
2650 3253 2927 3327 epistolae,
2956 3271 3083 3328 quae
3114 3253 3173 3309 in
3206 3253 3488 3310 omnibus
3525 3252 3659 3310 aliis
3680 3252 3789 3310 col-

372 3344 721 3404 lectionibus
750 3344 985 3413 desunt,
1013 3343 1329 3415 separatim
1360 3342 1670 3418 migrarint
1697 3343 1757 3398 in
1788 3358 1916 3399 eam
1948 3341 2376 3412 collectionem;
2407 3342 2488 3400 ita
2520 3360 2637 3416 qua
2663 3343 2886 3400 ratione
2914 3347 3035 3401 tres
3062 3343 3150 3399 illi
3176 3360 3480 3402 sermones
3519 3343 3578 3401 in
3624 3342 3790 3401 Fabri

374 3434 631 3493 codicem
656 3430 940 3498 venerint,
973 3430 1131 3487 latet.

448 3521 613 3578 ll.Ut
638 3524 837 3576 autem
870 3519 941 3575 ad
961 3517 1354 3575 Lectionarios
1384 3518 1612 3575 codices
1642 3520 2239 3589 revertamur,horum
2260 3521 2631 3578 incommoda
2650 3521 2996 3588 Quesnellus
3018 3521 3079 3579 in
3102 3521 3438 3596 pretatione
3459 3537 3789 3588 recensens,

374 3609 682 3685 peregrina
709 3607 1109 3664 additamenta
1140 3604 1514 3679 potissimum
1544 3612 1729 3680 urget.
1758 3608 1912 3677 Cum,
1945 3609 2331 3682 inquit,iidem
2356 3613 2529 3667 variis
2548 3613 2897 3684 propriisque
2940 3611 3182 3668 locorum
3221 3610 3661 3667 solemnitatibus
3706 3625 3790 3666 ac-

373 3697 697 3758 commodati
722 3698 1003 3768 sint,s.2pe
1031 3697 1236 3768 saepius
1260 3698 1580 3769 peregrinis
1609 3698 1932 3768 quibusdam
1956 3698 2423 3767 additamentis,et
2445 3700 2512 3755 ab
2542 3701 2779 3756 auctoris
2807 3707 2986 3757 mente
3012 3702 3245 3772 'prorsus
3272 3700 3497 3766 alienis,
3530 3700 3792 3755 auctiores

375 3789 666 3856 habentur,
699 3785 895 3858 quibus
922 3800 1336 3857 nonnumquam
1364 3784 1735 3841 discemendis
1766 3788 1862 3842 vix
1887 3788 2151 3860 sufﬁcias.
2180 3788 2400 3860 Insigne
2427 3787 2745 3860 hujusmodi
2770 3789 3085 3860 exemplum
3131 3788 3291 3843 habes
3335 3790 3397 3844 in
3442 3803 3694 3845 sermone
3731 3785 3787 3841 41

377 3875 571 3948 (nobis
600 3876 690 3947 42)
719 3875 818 3947 qui
842 3880 1071 3946 quartus
1098 3877 1178 3929 est
1203 3873 1270 3929 de
1297 3872 1967 3948 Quadragesima.Aliqua
1998 3874 2397 3932 additamenta
2424 3876 2485 3931 in
2506 3875 2862 3948 quibusdam
2886 3875 3451 3944 Lectionariis,sicut
3474 3876 3655 3932 etiam
3676 3873 3793 3948 qui-

374 3966 513 4021 dam
544 3963 932 4035 saltus,atque
963 3960 1361 4017 mutilationes
1390 3978 1835 4034 nonnumquam
1868 3964 2307 4038 contingunt.At
2333 3980 2480 4037 saepe
2507 3965 2708 4037 saepius
2740 3964 2799 4020 id
2831 3964 3059 4021 evenire
3079 3964 3285 4021 saltem
3306 3964 3367 4021 in
3380 3964 3791 4038 Leone,plures

374 4054 511 4111 licet
538 4051 961 4110 contulerimus
992 4050 1051 4106 id
1078 4066 1264 4124 genus
1292 4048 1886 4118 libros,t‘alsissimum
1916 4052 2155 4109 est.Imo
2185 4052 2477 4124 ejusmodi
2507 4052 2943 4126 defectus,quos
2972 4053 3032 4108 in
3063 4052 3487 4127 posterioribus
3508 4051 3791 4109 collectio-

378 4142 552 4199 nibus
585 4139 949 4213 frequentius
978 4138 1496 4213 deprehendimus,
1528 4155 1598 4195 ex
1627 4139 2002 4197 Lectionariis
2035 4140 2278 4198 feliciter
2307 4141 2635 4198 deteximus
2663 4145 2720 4198 et
2750 4141 3220 4211 emendavimus;
3255 4142 3408 4198 sicut
3436 4140 3597 4198 idem
3623 4142 3793 4207 Ques-

378 4230 569 4287 nellus
598 4247 667 4286 ex
696 4229 956 4303 quinque
986 4228 1361 4286 Lectionariis
1392 4225 1636 4285 sustulit
1663 4229 2130 4286 additamentum
2160 4230 2448 4287 sermonis
2467 4230 2587 4287 ide
2607 4230 3247 4304 Quadragesima,quod
3270 4247 3339 4287 ex
3368 4230 3791 4303 posterioribus

378 4317 816 4375 collectionibus
848 4317 1121 4374 Leoninis
1152 4316 1211 4372 in
1245 4318 1531 4374 editiones
1559 4317 1860 4391 irepserat.
1892 4319 2058 4385 Quod
2081 4335 2251 4391 porro
2280 4319 2437 4375 idem
2471 4317 2818 4385 Quesnellus
2843 4318 3112 4391 queritur
3142 4319 3212 4375 de
3242 4317 3653 4391 frequentibus
3670 4333 3792 4372 ma-

379 4406 528 4463 culis
557 4410 613 4462 et
643 4406 873 4462 mendis
902 4407 1117 4479 quibus
1150 4405 1523 4464 librariorum
1573 4406 1693 4462 sive
1740 4406 1967 4463 incuria
2016 4407 2137 4464 sive
2188 4406 2519 4480 ignorantia
2546 4405 2837 4478 ejusmodi
2869 4405 3000 4464 libri
3040 4406 3341 4475 vitiantur,
3370 4422 3682 4462 commune
3710 4407 3794 4460 est

379 4493 657 4551 omnibus
687 4510 831 4550 mss.
865 4494 1164 4551 codicibus
1195 4512 1208 4549 ε
1243 4497 1343 4552 sed
1378 4495 1475 4551 alii
1509 4495 1641 4552 aliis
1666 4495 2352 4569 corriguntur,nobisque
2387 4494 2653 4552 nonnulli
2676 4495 2904 4552 codices
2933 4495 3166 4569 optima
3195 4498 3342 4551 notae
3375 4510 3442 4551 ac
3472 4493 3790 4568 praesertim
3832 4530 3836 4535 -

380 4598 524 4639 mss.
553 4580 807 4639 basilicas
838 4581 897 4637 S.
931 4581 1082 4638 Petri
1112 4582 1365 4639 maximo
1395 4584 1734 4655 adjumento
1756 4584 1938 4653 fuere,
1970 4583 2185 4657 quibus
2215 4584 2535 4657 quingenta
2566 4582 2798 4640 circiter
2826 4582 2952 4640 loca
2980 4583 3197 4641 saniori
3224 4581 3462 4640 lectioni
3493 4583 3794 4640 restituere

381 4674 487 4729 aut
513 4670 827 4726 emendare
846 4668 1032 4725 licuit.

451 4759 541 4817 l2.
572 4760 900 4831 Antequam
931 4775 966 4814 a
994 4757 1367 4815 Lectionariis
1394 4759 1469 4815 ad
1500 4759 1871 4817 collectiones
1897 4765 2291 4829 transeamus,
2324 4760 2649 4817 notandum
2681 4764 2772 4817 est
2806 4760 3163 4834 praecipuum
3206 4761 3360 4818 inter
3412 4756 3791 4819 Lectionarios

378 4848 561 4906 libros
591 4843 929 4904 discrimen.
962 4846 1088 4904 Non
1119 4846 1309 4904 solum
1341 4849 1496 4904 enim
1525 4848 1623 4905 alii
1656 4848 1875 4922 plures,
1904 4849 2001 4907 alii
2034 4851 2338 4924 pauciores
2382 4850 2589 4907 Leonis
2640 4866 2941 4907 sermones
2971 4851 3044 4907 ad
3072 4851 3337 4908 eamdem
3367 4849 3791 4909 solemnitatem

382 4936 739 5011 pertinentes
770 4937 1112 5010 prtel'erunt;
1145 4935 1243 4993 alii
1266 4937 1463 5005 unius,
1497 4937 1596 4993 alii
1625 4937 1868 4995 alterius
1898 4937 2227 4995 festivitatis
2258 4954 2560 4995 sermones
2590 4937 3171 5011 praetermittuntzsed
3201 4939 3342 4996 ordo
3367 4939 3547 4996 etiam
3569 4954 3792 4997 eorum-

380 5025 517 5082 dem
544 5040 883 5081 sermonum
913 5025 973 5082 in
998 5025 1246 5082 diversis
1275 5025 1657 5082 Lectionariis
1686 5027 1950 5084 diversus
1971 5025 2359 5098 est.Exemplo
2379 5025 2501 5083 sint
2518 5026 2841 5100 insigniora
2864 5027 3229 5084 Lectionaria
3249 5027 3513 5085 Romana
3531 5027 3792 5086 basilica-

382 5129 514 5171 rum
545 5112 605 5169 S.
639 5113 792 5169 Petri
822 5131 888 5171 ac
916 5115 1016 5172 SS.
1051 5113 1304 5187 Philippi
1331 5118 1390 5170 et
1417 5113 1639 5171 Jacobi.
1673 5121 1736 5172 In
1768 5115 2146 5173 Lectionariis
2177 5117 2236 5173 S.
2266 5115 2415 5172 Petri
2447 5132 2771 5189 sermones,
2803 5132 2872 5173 ex
2917 5133 3031 5191 gr.,
3080 5116 3152 5173 de
3197 5115 3475 5173 Passione
3505 5116 3790 5175 diversum

383 5200 648 5257 ordinem
677 5200 897 5258 habent
925 5220 993 5258 ac
1021 5202 1081 5258 in
1111 5201 1390 5258 Vaticano
1420 5203 1563 5259 3835
1593 5203 1846 5261 basilica:
1876 5205 2238 5279 SS.Philippi
2271 5209 2329 5261 et
2355 5203 2557 5262 Jacobi
2592 5222 2605 5262 :
2637 5221 2707 5262 ex
2736 5221 2851 5278 quo
2873 5221 3007 5262 cum
3037 5203 3185 5262 alter
3212 5202 3361 5261 liber
3388 5205 3462 5261 ab
3484 5204 3665 5262 altero
3686 5219 3791 5260 non

382 5288 1182 5362 prodierit,verisimillimum
1212 5296 1301 5348 est
1328 5292 1435 5348 hos
1467 5293 1847 5365 perantiquos
1883 5295 2273 5350 Lectionarios
2302 5293 2532 5350 codices
2563 5293 2857 5351 Romanos
2887 5310 2958 5350 ex
2983 5292 3365 5367 autographis
3392 5293 3670 5350 S.Leonis
3689 5307 3795 5348 ser-

384 5377 661 5435 monibus
687 5378 917 5436 diverso
947 5379 1151 5437 ordine
1180 5380 1436 5453 primum
1467 5380 1778 5453 descriptis
1798 5384 2088 5456 profectos
2110 5382 2527 5440 fuisse.Varius
2558 5399 2693 5439 vero
2722 5383 2863 5440 ordo
2894 5382 2995 5455 qui
3024 5382 3085 5437 in
3106 5381 3239 5438 aliis
3269 5380 3647 5437 Lectionariis
3668 5378 3795 5436 alia-

382 5483 514 5523 rum
544 5466 939 5525 Ecclesiarum
970 5469 1443 5543 deprehenditur,
1477 5485 1547 5525 ex
1579 5469 1948 5528 librariorum
1978 5471 2221 5529 arbitrio
2252 5471 2554 5527 dimanare
2601 5470 2811 5543 potuit.
2858 5471 2939 5527 De
2988 5468 3385 5543 supposititiis
3431 5467 3795 5526 sermonibus

384 5556 485 5629 qui
515 5555 575 5612 in
609 5558 985 5615 Lectionariis
1014 5558 1157 5633 (non
1186 5562 1383 5615 tamen
1421 5558 1700 5616 Romanis
1728 5559 1901 5632 paulo
1931 5565 2066 5618 ante
2092 5559 2373 5632 laudatis)
2405 5559 2626 5633 passim
2658 5559 2833 5617 Leoni
2863 5560 3227 5627 tribuuntur,
3260 5557 3318 5614 in
3352 5557 3690 5631 praefatione
3728 5553 3793 5611 ad

384 5645 766 5719 appendicem
796 5647 1062 5708 dicemus
1093 5665 1210 5707 non
1236 5664 1443 5723 pauca.
