3914 6232
154 323 254 401 125
979 325 1393 393 PREFA'I‘IO
1433 324 1516 390 IN
1562 324 1980 390 SERMONES
2025 326 2092 392 S.
2135 322 2420 391 LEONIS
2459 323 2738 392 MAGNI.
3443 330 3566 394 128

439 562 530 615 De
560 570 707 611 mss.
741 553 1164 621 collectionibus,
1198 551 1372 608 altero
1410 551 1559 622 fonte
1580 459 1909 606 δενὲιῗνῗιῗηῖ
1924 460 2224 619 SI.II.eonis,
2259 568 2324 607 ac
2351 551 2417 608 de
2443 567 2627 609 eorum
2658 551 3007 611 distinctione
3029 556 3081 611 et
3108 570 3232 611 usu.

164 667 243 728 si.
267 664 653 727 Manuscriptm
701 673 1026 711 sermonum.
1055 659 1105 710 S.
1145 658 1337 709 Leonis
1366 657 1705 731 collectiones
1733 658 2150 731 nonuexcedunt
2200 658 2456 731 smculum
2484 673 2555 709 xr.
2584 660 2988 725 Distinguendaa
3016 662 3267 724 invicem,
3296 666 3349 715 et
3375 664 3557 715 cautio

1397 721 1454 769 in
1474 733 1656 769 earum
1687 720 1961 771 codicibus
1986 720 2314 772 adhibenda.

212 828 288 885 l3.
316 825 578 883 Nuncad
600 821 985 880 collectiones
1014 835 1375 876 sermonum.
1394 819 1454 874 S.
1488 817 1696 874 Leonis
1708 819 2077 876 accedamus.
2096 819 2289 875 Prima
2310 837 2437 892 quae
2464 820 2634 877 nobis
2654 821 3557 881 occurritharumcollectionum

158 917 286 991 apud
313 915 647 988 scriptores
683 911 927 981 mentio,
957 927 1070 965 non
1102 913 1191 965 est
1210 908 1465 965 anterior
1481 906 1692 963 saeculo
1711 907 2172 981 x1.Micrologus,
2193 910 2263 965 de
2277 908 3241 978 EcclesiasticisObservationibus,
3257 930 3307 969 c.
3325 916 3415 982 25,
3439 932 3557 971 non

158 1006 321 1062 solum
350 1003 572 1061 Leonis
606 1017 921 1058 sermones
943 999 1215 1056 collectos
1243 997 1437 1053 innuit
1456 998 1513 1052 in
1533 996 1748 1066 codice,
1769 1014 1945 1070 quem
1969 998 2172 1053 librum
2201 998 2527 1054 Sermonum
2561 998 2834 1071 appellat,
2877 1000 2977 1055 sed
3001 1001 3354 1072 probaturus
3372 1006 3561 1076 quarti

157 1095 305 1150 mensi
320 1094 621 1167 jejunium
652 1091 888 1147 nonnisi
914 1086 1247 1144 hebdomada
1274 1088 1609 1142 Pentecostes
1636 1086 1968 1173 celebratum
2011 1087 2201 1157 fuisse,
2238 1085 2484 1142 lectores
2515 1088 2587 1142 ad
2620 1088 2894 1143 eumdem
2927 1088 3140 1145 librum
3172 1089 3557 1148 evolvendum

158 1182 379 1239 remittit
417 1180 550 1236 haec
587 1180 823 1236 addens
848 1196 862 1234 :
893 1179 1073 1249 Neque
1100 1176 1198 1231 hoc
1228 1179 1445 1231 tantum
1472 1176 1531 1229 in
1560 1190 1669 1229 uno
1697 1190 1962 1239 sermone,
1978 1174 2071 1229 sed
2094 1176 2158 1230 in
2174 1176 2448 1247 pluribus,
2472 1192 2602 1247 quos
2629 1176 2694 1231 de
2716 1178 3021 1233 Pentecoste
3052 1179 3111 1233 in
3139 1179 3373 1236 diversis
3395 1183 3561 1237 annis

155 1274 320 1343 [θείω
345 1271 564 1340 legitur
584 1286 606 1323 :
642 1267 787 1339 quod
835 1268 999 1321 illum
1031 1265 1404 1336 subterfugere
1442 1279 1556 1319 non
1579 1264 1797 1334 poterit,
1846 1264 2170 1335 quicumque
2197 1264 2440 1319 eumdem
2488 1266 2696 1330 librum
2724 1265 3022 1334 diligenter
3042 1268 3351 1339 perlegerit.
3404 1270 3561 1327 Inter

156 1360 357 1417 codices
372 1375 531 1432 quos
550 1356 905 1414 Desiderius
927 1355 1109 1409 abbas
1129 1353 1349 1409 montis
1369 1352 1587 1417 Casini,
1604 1354 1808 1424 postea
1829 1351 2129 1406 Romanus
2150 1352 2409 1423 pontifex
2425 1352 3106 1417 VictorIII,bibliothecae
3127 1357 3256 1428 ejus
3277 1363 3567 1416 monaste-

157 1449 213 1505 rii
240 1447 485 1516 addidit,
518 1462 692 1501 unus
714 1461 849 1499 cum
869 1441 1043 1498 titulo
1070 1442 1351 1498 Sermones
1380 1442 1572 1496 Leonis
1600 1454 1760 1512 papae
1780 1443 2141 1495 memoratur
2170 1455 2204 1495 a
2226 1440 2414 1495 Leone
2438 1439 2732 1496 Hostiensi
2755 1440 2814 1495 in
2836 1440 3121 1499 Chronico
3136 1444 3435 1503 Casinensi
3458 1446 3560 1503 lib.

157 1548 285 1601 Iu,c.
305 1536 394 1591 63.
426 1534 685 1590 Primus
706 1532 1187 1603 interscriptores
1208 1530 1279 1586 de
1298 1529 1441 1585 viris
1461 1528 1793 1584 illustribus
1817 1544 1918 1583 seu
1935 1528 2006 1584 de
2021 1526 2406 1599 scriptoribus
2426 1527 2966 1601 ecclesiasticis.qui
2990 1547 3328 1589 sermonum
3356 1535 3565 1592 Leonis

158 1624 557 1689 meminerunt,
583 1626 1022 1693 estauonymus
1038 1617 1394 1674 Mellicensis
1417 1621 1622 1673 auctor
1638 1633 1695 1672 χι
1725 1615 1942 1681 seaculi,
1969 1632 2144 1688 quem
2168 1615 2332 1687 prius
2353 1616 2537 1672 edidit
2557 1616 2619 1671 P.
2644 1617 2771 1682 Pez,
2804 1616 2937 1673 dein
2949 1618 3222 1677 Albertus
3242 1622 3563 1682 Fabricius.

156 1711 235 1769 Sic
261 1718 457 1769 autem
481 1711 682 1777 ille,c.
698 1713 734 1764 7
760 1728 773 1765 :
806 1711 909 1765 Leo
939 1724 1173 1780 magnus
1191 1707 1516 1779 apostolicus
1536 1705 1870 1761 declamator
1887 1707 2134 1776 egregius
2151 1706 2280 1776 fuit,
2304 1705 2403 1775 qui
2428 1705 2586 1760 verbo
2612 1709 2666 1761 et
2705 1707 2952 1777 exemplo
2972 1708 3285 1765 christiana
3307 1713 3569 1784 religioni

155 1802 441 1871 plurimum
465 1801 720 1872 profuit.
744 1800 917 1854 Porro
936 1812 1249 1852 sermonum
1271 1796 1428 1851 illius
1458 1796 1698 1849 incertus
1721 1802 2091 1858 estnumerus,
2108 1808 2341 1863 quorum
2356 1800 2535 1848 tamen
2556 1792 2623 1848 de
2636 1793 2882 1849 Adventu
2897 1796 3135 1863 Domini,
3161 1797 3226 1853 de
3252 1800 3563 1869 Nativz'tate,

156 1889 211 1944 de
231 1890 612 1963 Apparitione,
647 1888 715 1944 de
742 1889 982 1960 Jejunio,
1013 1886 1078 1941 de
1100 1886 1379 1954 Passione,
1402 1883 1469 1939 de
1494 1892 1680 1938 sancto
1698 1884 2004 1939 Pentecoste
2029 1882 2267 1954 plurimi
2296 1881 2587 1937 habentur.
2620 1884 2683 1938 In
2726 1891 3039 1939 sanctorum
3058 1902 3267 1957 quoque
3293 1890 3570 1946 natalitiis

158 1981 390 2035 nonnulli
420 1980 614 2036 habiti
645 1978 1026 2033 inveniuntur.
1058 1974 1207 2030 Dum
1229 1989 1358 2029 eam
1383 1972 1562 2028 ferme
1576 1986 1919 2027 sermonum
1939 1971 2172 2038 seriem,
2194 1970 2393 2043 quain
2420 1970 3081 2043 collectionibusexstat,
3097 1981 3381 2043 recenset,
3394 1978 3570 2036 colle-

160 2066 359 2123 ctiones
386 2067 668 2123 indicare
695 2064 948 2120 videtur.
981 2063 1133 2119 Dum
1166 2066 1362 2117 autem
1394 2062 1663 2116 incertum
1691 2060 1951 2116 afﬁrmat
1975 2076 2310 2128 numerum,
2343 2060 2403 2115 in
2436 2059 2801 2116 Lectionaria
2814 2060 3027 2133 potius,
3052 2079 3179 2135 qua:
3202 2063 3430 2122 diverso
3462 2084 3569 2124 nu-

167 2171 308 2211 mero
336 2172 656 2213 sermones
684 2153 1006 2220 continent,
1023 2149 1347 2206 intendisse
1368 2149 1523 2205 credi
1548 2152 1759 2222 potest.
1793 2150 1921 2205 Haec
1952 2148 2288 2220 antiquiora
2313 2154 2452 2205 sunt
2480 2148 2835 2217 testimonia,
2859 2166 2987 2221 quae
3009 2168 3113 2223 pro
3130 2151 3569 2214 collectionibus

164 2259 482 2301 sermonum
517 2243 747 2302 Leonis
778 2242 969 2299 afferri
991 2244 1236 2313 queunt,
1268 2240 1424 2312 quod
1455 2241 1544 2294 est
1571 2239 1863 2308 ejusmodi
1897 2236 2266 2294 collectiones
2296 2237 2656 2310 antiquiores
2688 2237 2873 2294 multo
2904 2255 3019 2294 non
3051 2239 3253 2297 fuisse.

225 2334 303 2388 14.
329 2333 502 2389 Enim
532 2349 682 2389 vero
713 2332 868 2387 inter
882 2328 1263 2402 quamplures
1295 2345 1439 2383 mss.
1471 2326 1655 2382 libros
1673 2344 2011 2383 sermonum
2037 2325 2260 2395 Leonis,
2280 2344 2430 2399 quos
2458 2326 2518 2382 in
2540 2327 2717 2382 variis
2738 2325 3105 2385 bibliothecis
3134 2328 3411 2399 vidimus,
3434 2332 3569 2388 nul-

170 2417 276 2475 lum
303 2423 564 2493 reperire
594 2419 769 2476 licuit
796 2418 898 2491 qui
927 2436 985 2474 χι
1006 2416 1287 2473 saeculum
1318 2416 1578 2485 excedat,
1610 2431 1742 2470 cum
1767 2432 1883 2471 non
1906 2433 2092 2488 pauca
2116 2414 2479 2471 Lectionaria
2504 2415 2711 2471 Leonis
2732 2430 3031 2473 sermones
3052 2415 3386 2475 exhibentia
3403 2423 3567 2476 vetu-

170 2507 350 2566 stiones
374 2510 571 2566 aetatis
590 2505 1179 2579 deprehenderimus.
1204 2504 1266 2559 Id
1296 2508 1494 2560 autem
1516 2503 1778 2560 evenisse
1804 2504 2121 2573 credimus,
2152 2519 2218 2558 eo
2238 2502 2395 2575 quod
2416 2502 2572 2558 circa
2592 2502 2872 2559 saeculum
2894 2520 2950 2559 x1
2968 2503 3026 2560 S.
3051 2506 3344 2577 pontiﬁcis
3373 2525 3567 2567 sermo

171 2612 259 2652 nes
284 2596 472 2671 colligi
495 2600 830 2670 coeperunt.
852 2596 1004 2651 Sane
1033 2594 1297 2667 quinque
1319 2591 1688 2649 collectiones
1718 2592 1958 2649 diversae
1995 2590 2238 2664 originis
2273 2591 2426 2648 nacti
2449 2608 2516 2646 su
2527 2608 2934 2663 mus,quurum
2956 2594 3300 2651 vetustiores
3317 2598 3389 2653 ad
3411 2597 3567 2655 idem

175 2683 424 2743 seculum
440 2686 812 2742 referuntur.
838 2684 899 2739 E.
924 2682 1305 2738 Lectionariis
1325 2685 1519 2737 autem
1543 2685 1790 2755 sumptae
1809 2682 2065 2750 fuerunt,
2089 2696 2202 2735 non
2230 2679 2419 2735 solum
2445 2680 2600 2752 quod
2624 2678 2920 2751 antiquior
2938 2680 3198 2739 collectio
3210 2684 3381 2741 nulla
3411 2685 3568 2743 inve-

175 2770 311 2827 nitur
336 2790 403 2830 ex
431 2790 556 2846 qua
586 2771 843 2830 exscribi
866 2770 1182 2843 potuerint,
1200 2786 1403 2826 verum
1421 2769 1597 2825 etiam
1612 2768 1751 2841 quia
1764 2784 2104 2825 sermonum
2130 2784 2395 2838 numero,
2413 2767 2638 2837 ordine,
2654 2766 2743 2822 vel
2761 2766 2966 2823 saltem
2988 2767 3198 2840 titulis,
3213 2788 3279 2828 ac
3291 2777 3569 2845 praeterea

174 2860 325 2916 variis
352 2860 719 2918 lectionibus
749 2859 1047 2926 differunt,
1079 2863 1253 2932 prout
1280 2874 1349 2913 ex
1380 2858 1759 2914 Lectionariis
1790 2857 1972 2913 simili
2003 2857 2228 2912 ratione
2255 2856 2501 2912 diversis
2532 2854 2816 2928 originem
2850 2856 3100 2912 ducunt.

236 2947 312 3003 45.
339 2949 678 3006 Plurimum
708 2965 846 3004 vero
876 2948 1118 3004 interest
1137 2945 1509 3019 singularum
1535 2946 1851 3002 discrimen
1905 2950 2105 3001 notare
2136 2962 2314 3018 quam
2363 2943 2845 3017 diligentissime;
2878 2944 3015 3002 hinc
3058 2947 3215 3003 enim
3246 2964 3362 3005 non
3394 2953 3567 3009 modo

184 3037 380 3106 patebit
390 3039 632 3095 diversa
649 3037 993 3094 earumdem
1010 3037 1193 3110 origo,
1209 3036 1310 3091 sed
1333 3035 1529 3091 cautio
1549 3036 1728 3091 etiam
1750 3036 1807 3091 in
1824 3052 1934 3091 usu
1949 3033 2240 3106 ejusmodi
2262 3034 2795 3107 manuscriptorum
2810 3034 3140 3092 adhibenda
3163 3044 3565 3111 cognoscetur.

182 3123 306 3181 Uubi
319 3128 602 3183 nimirum
616 3126 823 3199 plures
835 3126 1098 3197 ejusdem
1114 3124 1473 3181 collectionis
1486 3123 1859 3180 inveniantur
1871 3124 2262 3185 codices.cum
2276 3123 2346 3177 ab
2358 3123 2560 3178 eodem
2574 3122 2761 3195 primo
2775 3124 3087 3197 exemplari
3104 3127 3567 3201 proﬁciscantur,

184 3214 371 3271 eadem
404 3216 520 3272 fere
552 3214 843 3271 lectiones
861 3218 1165 3269 occurrent
1190 3213 1250 3269 in
1273 3213 1571 3280 omnibus,
1599 3212 1742 3269 solis
1762 3213 2059 3269 erroribus
2076 3218 2179 3269 aut
2208 3210 2532 3268 arbitrariis
2550 3210 2924 3268 librariorum
2969 3215 3425 3274 correctionibus
3464 3235 3568 3276 ex-

182 3302 374 3373 ceptis;
406 3304 552 3361 adeo
586 3308 655 3359 ut
687 3302 791 3375 qui
820 3318 1006 3357 unum
1056 3300 1314 3357 codicem
1344 3301 1525 3358 unius
1575 3301 1935 3359 collectionis
1976 3300 2309 3368 contulerit,
2344 3316 2547 3355 omnes
2601 3299 2957 3373 plerumque
2976 3302 3305 3360 contulerit.
3339 3307 3421 3362 Ex
3452 3324 3567 3381 quo

183 3386 303 3445 illud
331 3392 589 3448 maxime
620 3390 1211 3447 animadvertendum
1233 3388 1518 3463 sequitur,
1547 3390 1765 3447 frustra
1794 3395 1859 3446 ut
1887 3390 2208 3463 plurimum
2240 3387 2479 3462 allegari
2517 3389 2824 3445 duodecim
2869 3395 2973 3446 aut
2999 3388 3204 3464 viginti
3233 3394 3483 3466 codices,
3513 3398 3567 3454 si

183 3476 334 3537 unius
359 3481 753 3553 ejusdemque
784 3476 1141 3535 collectionis
1161 3495 1366 3535 omnes
1396 3478 1551 3535 sint:
1585 3480 1702 3535 duo
1733 3478 2024 3551 siquidem
2052 3478 2141 3534 vel
2172 3478 2284 3535 tria
2299 3477 2653 3551 exemplaria
2668 3477 3030 3535 diversarum
3055 3478 3465 3541 collectionum
3485 3486 3559 3543 ad

183 3564 410 3639 aliquam
439 3569 760 3627 lectionem
794 3568 1167 3624 statuendam
1198 3566 1331 3640 plus
1360 3567 1605 3640 probare
1638 3567 1829 3624 solent
1860 3584 2040 3640 quam
2069 3572 2305 3624 centum
2339 3567 2537 3624 unius.

1475 3669 1500 3726 §
1532 3666 1594 3715 II.
1625 3667 1698 3716 De
1727 3666 1901 3729 prima
1929 3664 2261 3715 collectione.

246 3744 320 3800 16.
347 3746 614 3803 Primam
646 3742 1046 3801 collectionem
1076 3742 1242 3800 illam
1274 3744 1571 3801 credimus
1601 3762 1729 3817 quas
1748 3744 2108 3817 reperiturin
2131 3744 2326 3801 codice
2356 3745 2803 3802 membranaceo
2825 3746 3021 3803 saeculi
3050 3765 3128 3817 χι,
3162 3766 3319 3806 nunc
3340 3749 3569 3825 signato

187 3846 327 3887 num.
358 3836 458 3890 126
486 3832 864 3891 bibliothecas
885 3831 1242 3902 Casinensis,
1276 3849 1411 3889 cum
1441 3833 1612 3889 titulo
1636 3852 1649 3890 :
1669 3835 1865 3890 Leonis
1881 3835 2056 3907 pri-mi
2074 3848 2232 3906 papae
2247 3849 2375 3905 pars
2396 3835 2604 3906 prima,
2630 3850 2922 3891 sermones.
2955 3835 3057 3891 Hic
3077 3835 3175 3893 ille
3202 3837 3358 3894 idem
3390 3840 3569 3897 codex

185 3917 383 3978 videtur
407 3920 920 3996 quem,Desiderio
949 3921 1159 3977 abbate
1188 3920 1867 3996 pracipiente,szeculox1
1898 3927 2271 3995 compactum
2292 3921 2597 3978 innuimus
2626 3922 3190 3995 testimoniojLeonis
3212 3926 3572 3998 Hostiensis,

190 4007 273 4078 qui
297 4026 450 4079 sane,
480 4026 627 4069 cum
658 4008 913 4065 alterum
939 4025 1172 4082 quoque
1200 4009 1417 4066 librum
1446 4010 1825 4083 epistolarum
1857 4026 1982 4080 seu,
2016 4010 2102 4067 uti
2132 4014 2317 4077 vocat,
2352 4013 2657 4083 Registrum
2684 4013 2897 4079 Leonis,
2932 4011 3007 4067 ab
3036 4012 3238 4068 eodem
3267 4013 3479 4071 abbate
3508 4016 3568 4073 in

188 4096 362 4155 eadem
383 4097 748 4156 bibliotheca
776 4097 1034 4170 positum
1065 4098 1279 4168 tradat,
1312 4099 1456 4172 quid
1478 4098 1799 4156 contineret
1819 4100 2079 4155 secunda
2107 4117 2263 4171 pars,
2292 4116 2421 4172 quae
2448 4117 2604 4155 nunc
2619 4100 3004 4167 desideratur,
3039 4100 3181 4155 satis
3197 4099 3569 4175 indigitat.In

189 4180 285 4241 hoc
311 4189 498 4246 codice
513 4187 637 4246 XCI
661 4203 964 4244 sermones
988 4186 1287 4261 leguntur,
1315 4188 1468 4244 inter
1487 4205 1635 4261 quos
1658 4206 1812 4245 unus
1832 4189 1923 4245 bis
1941 4188 2309 4256 describitur,
2346 4188 2492 4243 alter
2505 4188 2721 4243 dubius
2750 4192 2860 4257 est,
2877 4188 3078 4243 decem
3094 4204 3229 4244 vero
3255 4190 3572 4263 suppositi-

187 4269 244 4325 tii
275 4280 418 4344 sunt,
448 4295 518 4334 ac
551 4280 868 4349 propterea
894 4279 1118 4332 restant
1135 4275 1347 4332 sinceri
1378 4280 1435 4333 et
1454 4277 1593 4333 certi
1625 4294 1925 4334 sermones
1950 4276 2186 4333 LXXIX.
2221 4278 2433 4349 Ipsam,
2454 4292 2795 4331 sermonum
2824 4274 3033 4332 seriem
3065 4277 3393 4349 appendere
3403 4279 3571 4351 juve-

190 4358 269 4429 rit,
294 4368 353 4419 ut
377 4371 724 4422 ceterarum
756 4363 1167 4421 collectionum
1198 4364 1522 4422 discrimen
1554 4366 1784 4425 facilius
1815 4368 2161 4424 innotescat.

561 4497 633 4536 ns
670 4495 903 4536 assumo
943 4496 1147 4537 MENSIS
1188 4497 1406 4537 nncxm.
1838 4489 1890 4555 Α
1920 4485 1975 4538 9.
2010 4482 2337 4555 Festivitatis
2364 4480 2664 4555 hodiernae.
2696 4484 2885 4555 Serm1
2913 4480 3142 4537 XXVII.

194 4560 235 4638 ξ.
262 4563 315 4621 Si
338 4568 591 4638 ﬁdeliter.
623 4568 690 4624 In
722 4572 924 4624 nostra
952 4568 1206 4626 editione
1237 4585 1430 4626 sermo
1462 4570 1582 4627 XII.

1361 4586 1430 4626 no
1462 4570 1582 4627 x11.
1838 4551 1890 4555 “
1925 4555 2010 4638 49-
2043 4553 2277 4638 ἔδρεμέ
2297 4551 2721 4638 relegisse»
2748 4551 2907 4608 XXX-

190 4634 239 4687 2.
262 4623 549 4697 nunc;
575 4623 1001 4696 Sérm.’xvtll.

1464 4623 1580 4627 ~——'
1923 4626 2010 4680 11,
2043 4624 2266 4680 Excedit
2297 4623 2678 4697 Serm._XXX-

196 4702 240 4758 3.
262 4693 765 4769 nauigiis;
789 4693 998 4768 sese;
1018 4711 1160 4767 XIX.
1928 4698 2011 4751 12-
2043 4697 2185 4769 Dum
2211 4711 2440 4769 semper:
2473 4695 2659 4769 Serm-
2693 4693 2944 4769 XXVIII-

196 4774 239 4829 t.
264 4765 1156 4839 SubliﬁitBL'séfmo'xvijwr
1928 4769 2016 4822 13.
2049 4765 2334 4839 Quamvis,
2356 4766 2718 4839 dilectissimi.
2752 4768 2937 4823 Serm.
2970 4765 3133 4823 XXV.

195 4844 240 4922 ξ.
265 4838 615 4922 ευιιηοειίεἰε.
646 4838 853 4909 Sermo
881 4853 1052 4909 XVII.

1930 4840 2011 4922 !é-
2046 4838 2266 4922 ἕειηρςξν
2292 4838 2529 4922 quidem
2568 4838 2755 4922 Serm-
2787 4839 2977 4922 XM:

195 4916 239 4997 ρ.
266 4908 714 4997 ραᾳᾱνέὰήρονίδζ
748 4923 952 4997 Sermo
978 4908 1191 4997 XIII.“
1364 4996 1369 4997 ν

1925 4911 2013 4997 ἕὲυ
2048 4908 2316 4997 Qui?“
2346 4909 2588 4997 quidem:
2622 4908 3037 4997 serissim-

194 4981 319 5067 7.ln
346 4981 572 5051 Domino
617 5010 773 5067 agro.
824 4995 1027 5067 sermo
1073 4995 1233 5065 XIV;
1282 4996 1375 5052 cui
1414 4997 1628 5067 eodem
1678 5013 1813 5054 con-
2045 4982 2298 5067 ξςψυαιον
2317 4984 2711 5067 ,νξθδίθνβθτωο
2998 5052 3057 5067 ..
3286 5053 3301 5067 .
3451 5056 3463 5067 .
3512 5052 3525 5064 .

256 5064 394 5121 textu
422 5067 480 5122 in
515 5083 631 5122 ms.
655 5052 1002 5122 hunectitur
1042 5052 1235 5123 sermo
1285 5052 1802 5125 editionisﬁnostru

2046 5054 2185 5126 Nota
2230 5052 2467 5126 quidem.
2510 5052 2699 5126 Serm.
2734 5053 2949 5126 __XXIII.
2998 5052 3158 5126 Idem
3201 5053 3344 5110 ordo
3381 5056 3472 5110 est
3509 5052 3568 5108 in

254 5133 362 5202 XV.
390 5137 488 5209 qui
533 5137 781 5194 inscribi
825 5122 1129 5209 debuisset
1178 5136 1398 5209 inihac
1428 5122 1575 5195 serie
1604 5122 1800 5198 Bisi-iii}

1630 5122 1815 5198 έξδίιῇλξ)
1932 5122 2455 5209 mlaudato'codice
2491 5124 2588 5209 1.07
2619 5122 2966 5209 basilicas-.8.
2999 5124 3176 5181 Petri.

254 5194 491 5291 Ψένῖιῆ
517 5214 577 5265 et
599 5209 812 5291 incipit
839 5208 1195 5291 Conﬁdenter.
1232 5208 1397 5264 Hunc
1419 5194 1703 5266 eumdem
1721 5194 1800 5291 or:

2020 5196 2377 5291 .1355?€i'3‘.ez
2390 5196 3278 5291 είνῗίζίὲἱζῗδέέυίέίὲιξτέἱΒῖδεὶθῖξίίὲ
3291 5194 3566 5291 ἀξῗτξέἓξῗξ

254 5273 429 5349 dinem
460 5265 597 5336 cum
628 5265 836 5336 eadem
858 5265 1075 5334 unione
1103 5280 1352 5335 duorum
1376 5265 1800 5337 sermonum‘de

2023 5270 2200 5349 εει-σῳ
2228 5265 2423 5349 Leoni.
2457 5265 3061 5349 perpgrqmuaffictus,
3104 5270 3195 5323 est
3243 5265 3303 5320 S.
3337 5265 3569 5318 Maximi

258 5335 659 5428 prehendimus
690 5350 751 5406 in
784 5366 898 5405 ms.
930 5349 1288 5408 Lectionario
1320 5335 1804 5410 basilicai‘SfPe;

1548 5335 1815 5410 έέέξηΡέζ
1997 5336 2379 5394 Taurinensis
2411 5335 2634 5392 hom—2
2664 5337 2735 5393 de
2766 5337 3094 5395 Nativitate.

255 5418 321 5472 tri
346 5421 462 5479 107.
626 5456 635 5464 -
2399 5450 2471 5490 ns
2508 5449 2818 5490 EPIPHANIA
2857 5451 3086 5490 nasum.

353 5525 419 5566 π
454 5528 669 5568 κΑτΑιε
706 5525 922 5567 DOMINI
959 5525 1163 5565 NOS'I'RI
1198 5526 1337 5566 «ΙΙ-’380
1378 5528 1624 5569 CHRISTI.

1229 5527 1337 5566 ESU
1378 5528 1624 5569 CHRISTI-
1930 5534 2015 5590 19.
2050 5534 2345 5590 Celebrato.
2376 5532 2560 5588 Serm.
2592 5530 2775 5587 XXXI.

203 5588 244 5643 3-
272 5593 587 5658 Exsultemus
615 5603 678 5657 in
708 5599 967 5657 Domino.
1001 5596 1186 5655 Serm.
1220 5599 1386 5667 XXII,
1926 5588 2016 5661 2οξ
2047 5588 2287 5661 eadem
2314 5605 2376 5659 in
2404 5604 2639 5660 Domino
2670 5603 2856 5659 Serm.
2883 5597 3103 5657 XXXII.
