3914 6232
349 396 464 464 131
1171 406 1588 471 ΡΒΑΞΡΑΤΙΟ
1628 408 1711 470 ΙΝ
1752 408 1895 472 SER

2241 416 2275 472 ἱ.
2322 411 2601 479 LEONIS
2645 414 2918 481 MAGNI.
3646 425 3787 487 132

417 537 701 593 Postremi
731 537 991 611 quinque
1012 556 1332 608 sermones,
1357 542 1455 613 qui
1479 541 1692 598 desunt
1712 541 1769 597 in
1794 542 1983 613 prima
2010 543 2530 616 collectione,extra
2547 549 2840 624 propriam
2864 553 3064 609 sedem
3087 555 3260 627 positi
3280 552 3449 625 sunt;
3472 573 3627 613 nam
3653 559 3791 630 pri-

345 641 481 681 mus
511 624 882 682 collocandus
894 630 1015 683 erat
1030 626 1182 683 inter
1193 644 1490 685 sermones
1519 629 1590 685 de
1603 629 2080 703 Quadragesima,
2104 636 2169 688 ut
2188 633 2245 688 in
2268 634 2644 693 Lectionariis
2666 641 2723 694 et
2743 624 3164 710 posterioribus
3179 624 3638 703 collectionibus
3654 624 3783 703 lea-

342 713 546 783 betur;
570 715 865 770 secundus
886 714 957 769 de
977 715 1320 772 Machabzeis
1343 719 1476 773 ante
1498 734 1800 775 sermones
1817 720 1889 775 de
1907 720 1966 776 S.
1995 720 2305 778 Laurentio
2327 726 2678 783 statuendus
2698 732 2848 795 erat;
2869 729 3057 786 ceteri
3076 736 3271 788 autem
3292 736 3412 789 tres
3433 734 3508 789 de
3517 735 3782 808 jejunio

341 802 562 859 mensis
588 802 820 875 septimi
843 802 1151 874 adjiciendi
1176 808 1338 860 erant
1357 804 1487 861 aliis
1509 821 1610 862 sex
1631 807 1897 878 ejusdem
1915 806 2069 864 tituli
2088 811 2481 881 sermonibus,
2497 831 2530 870 a
2547 819 2794 871 num.72
2815 819 3087 890 usquead
3105 823 3195 891 77,
3213 821 3488 894 superius
3510 802 3782 897 proprio

337 891 465 949 loco
494 890 822 964 descriptis.
845 891 908 946 Id
939 895 1131 948 autem
1166 892 1360 965 palam
1394 895 1532 951 facit
1559 894 1710 951 hanc
1740 896 2139 954 collectionem
2162 900 2353 972 prima
2383 920 2524 958 cura
2547 902 2916 962 lucubratam
2941 908 3120 965 fuisse
3147 890 3306 967 exiis
3324 910 3494 969 libris
3510 890 3777 970 Lectio-

336 980 517 1037 uariis
548 980 647 1053 qui
674 979 765 1036 bis
791 980 1162 1036 sermonibus
1189 982 1495 1037 carebant:
1528 986 1731 1055 postea
1747 1000 1883 1041 vero
1902 985 1963 1041 in
1984 985 2309 1046 collectoris
2337 1007 2549 1048 manus
2570 993 2797 1051 venisse
2822 994 2967 1052 alios
2987 996 3296 1071 libros,qui
3318 1016 3453 1056 cum
3474 1000 3597 1058 bos
3624 1019 3773 1060 ser-

335 1085 540 1126 mones
569 1069 923 1142 praaferrent,
956 1084 1055 1124 eos
1085 1067 1147 1123 in
1180 1069 1295 1124 ﬁne
1323 1069 1687 1141 adjiciendos
1717 1071 1958 1144 putavit.

405 1158 494 1215 19.
527 1159 592 1213 In
620 1157 731 1213 hac
760 1155 1099 1213 collectione
1132 1157 1511 1213 inveniuntur
1524 1174 1728 1215 omnes
1753 1160 1993 1232 genuini
2025 1164 2234 1221 Leonis
2255 1182 2554 1225 sermones
2576 1171 2676 1242 qui
2709 1175 2942 1229 exstant
2961 1173 3022 1229 in
3043 1174 3382 1233 collectione
3403 1176 3634 1250 prima,
3665 1196 3778 1237 ex-

333 1251 500 1320 cepto
531 1262 706 1303 serm.
739 1247 796 1311 2,
829 1245 900 1300 de
929 1244 1109 1301 natali
1142 1261 1325 1318 papas,
1355 1246 1682 1341 quiincipit
1699 1249 2114 1307 Honorabile—m:
2146 1256 2204 1309 at
2232 1253 2538 1312 duodecim
2570 1257 2715 1315 alios
2745 1276 3056 1333 germanos
3086 1244 3519 1338 complectitur,
3555 1244 3677 1341 qui
3709 1269 3772 1326 in

332 1334 637 1394 Casinensi
666 1333 1092 1391 desiderantur.
1114 1335 1390 1401 Quamvis
1412 1334 1608 1407 plures
1631 1336 1804 1393 alieni
1829 1355 2129 1397 sermones
2161 1342 2220 1397 in
2254 1342 2346 1400 his
2368 1345 2598 1402 duabus
2609 1347 3049 1407 collectionibus
3071 1333 3244 1409 Leoni
3268 1333 3773 1432 tribuantu.r,qui

330 1427 391 1483 in
411 1425 604 1482 tribus
617 1422 994 1496 sequentibus
1009 1440 1122 1478 non
1135 1422 1477 1480 inveniuntu
1487 1443 1533 1494 r,
1555 1429 1708 1481 unde
1722 1426 1829 1482 hoc
1843 1428 2076 1485 nomine
2088 1429 2205 1487 illis
2217 1436 2631 1506 postponendm
2650 1437 2697 1492 si
2707 1441 2800 1506 nt;
2833 1455 2967 1494 cum
2978 1443 3173 1497 tamen
3187 1441 3461 1500 lectiones
3473 1445 3661 1518 pleru
3672 1422 3769 1504 tn-

332 1530 446 1588 que
467 1512 734 1569 meliores
757 1511 1141 1584 praeseferant,
1167 1511 1421 1568 multum
1442 1530 1546 1586 per
1570 1530 1631 1570 se
1653 1515 1974 1573 editoribus
1996 1517 2279 1588 utiliores,
2297 1539 2361 1577 ac
2385 1523 2571 1595 pluris
2588 1526 2942 1583 aestimandae
2961 1533 3117 1585 sunt.
3144 1532 3204 1585 In
3224 1548 3335 1588 ms.
3358 1534 3450 1589 21.
3473 1511 3769 1593 basilicae

329 1606 390 1662 S.
423 1602 598 1669 Petri,
621 1603 753 1679 post
773 1604 1007 1655 centum
1040 1617 1339 1657 sermones
1360 1601 1643 1659 hactenus
1665 1603 1974 1673 indicatos,
1997 1611 2229 1664 exstant
2247 1611 2515 1681 quaedam
2536 1617 2591 1667 S.
2612 1614 2879 1687 Cypriani
2902 1633 3105 1690 opera:
3139 1618 3261 1676 haec
3298 1625 3496 1678 autem
3523 1626 3771 1699 excipit

328 1690 576 1767 epistola
593 1694 649 1746 S.
678 1688 889 1746 Leonis
909 1689 979 1744 ad
1005 1690 1254 1747 Leonem
1280 1692 1612 1787 Augustum
1638 1694 1759 1787 16-53
1784 1710 1912 1767 quae
1934 1695 1994 1751 in
2022 1697 2382 1787 Lectionario
2404 1700 2781 1760 Vallicellano
2808 1706 2881 1759 26
2915 1688 3135 1762 inserta
3162 1711 3272 1775 est,
3315 1713 3373 1765 et
3417 1710 3561 1767 dein
3600 1688 3767 1787 qlia-

323 1778 648 1839 tuordecim
679 1775 775 1834 alii
809 1793 1110 1833 sermones
1141 1778 1479 1834 subdantur
1501 1779 1628 1836 sine
1658 1779 1778 1838 ullo
1809 1784 2065 1840 auctoris
2095 1786 2351 1857 nomine,
2379 1788 2481 1861 qui
2504 1789 2624 1848 fere
2655 1792 2714 1847 in
2746 1794 3066 1866 appendice
3080 1796 3513 1870 Augustiniana
3537 1775 3766 1861 redeu-

324 1874 545 1928 sentur.
575 1868 637 1922 In
659 1865 855 1922 codice
884 1869 1083 1921 autem
1115 1866 1430 1924 Barberino
1445 1869 1516 1924 88
1537 1868 1659 1925 haec
1679 1887 2020 1928 sermonum
2044 1874 2263 1931 additio
2286 1874 2655 1935 subnectit‘ur
2691 1865 2925 1938 centum
2956 1865 3329 1944 sermonibus
3364 1892 3763 1961 memoratis,

323 1962 406 2016 ita
425 1963 491 2015 ut
509 1956 776 2028 ejusdem
802 1954 1004 2010 Leonis
1023 1955 1203 2044 videri
1238 1955 1443 2044 possit.
1462 1959 1533 2012 At
1553 1958 1719 2014 deest
1735 1960 1972 2016 omnino
1993 1960 2053 2016 in
2080 1979 2192 2019 ms.
2212 1964 2591 2023 Casanatensi
2613 1968 2679 2024 G.
2707 1969 2855 2036 [117,
2879 1970 3034 2026 unde
3056 1987 3163 2028 nec
3197 1972 3369 2044 primi
3399 1954 3765 2039 collectoris

322 2065 470 2121 opus
486 2061 637 2110 esse,
660 2059 767 2098 nec
795 2042 866 2097 ad
898 2042 1047 2097 hanc
1077 2041 1474 2100 collectionem
1507 2050 1770 2118 spectare
1799 2050 2189 2121 cognoscitur.
2237 2056 2445 2111 Petrus
2477 2055 2712 2113 Mallius
2741 2075 2822 2114 xu
2852 2058 3048 2115 saeculi
3079 2041 3348 2135 scriptor,
3381 2064 3442 2119 in
3477 2066 3765 2127 Historia

320 2135 600 2193 basillicas
621 2132 680 2187 S.
704 2129 855 2186 Petri
879 2147 912 2184 a
932 2129 1314 2230 Bollandisjis
1329 2131 1488 2230 edita
1506 2137 1649 2189 tom.
1680 2135 1754 2190 VI
1773 2137 1900 2192 Act.
1932 2137 2030 2193 SS.
2055 2144 2203 2210 part.
2229 2158 2290 2209 η,
2312 2158 2447 2198 cum
2465 2160 2589 2216 cap.
2618 2145 2673 2215 3,
2701 2162 2862 2203 num.
2878 2148 2968 2214 37,
2992 2129 3350 2208 mentionem
3372 2152 3517 2210 facit
3537 2160 3763 2230 cujus-

320 2227 457 2281 dam
479 2218 832 2278 collectionis
853 2233 1191 2312 sermonum
1214 2219 1271 2275 S.
1291 2219 1518 2312 Leonis,
1544 2239 1669 2312 quae
1691 2224 2033 2312 praeferebat
2051 2226 2226 2284 etiam
2248 2229 2556 2302 epistolam
2579 2234 2651 2289 ad
2676 2234 3017 2292 Flavianum
3040 2255 3053 2306 ;
3076 2242 3204 2295 tum
3221 2257 3354 2299 vero
3373 2257 3425 2298 c.
3456 2244 3518 2312 7,
3542 2218 3749 2305 n.'i3i

319 2314 532 2386 allegat
560 2323 892 2366 sermonem
913 2304 1162 2361 laudatae
1197 2308 1559 2380 appendicis,
1582 2310 1895 2383 inquiens:
1929 2318 2024 2370 Est
2046 2323 2098 2372 et
2121 2318 2424 2389 castellum,
2451 2322 2592 2391 quod
2619 2324 2729 2393 fuit
2755 2328 3021 2381 memoria
3042 2304 3329 2386 Hadriani
3350 2304 3568 2405 impera.
3574 2339 3633 2392 tu
3691 2304 3704 2351 .
3734 2384 3751 2410 ’

315 2405 459 2460 sicut
486 2401 688 2470 legitur
715 2398 777 2453 in
800 2410 1047 2452 sermone
1073 2396 1128 2451 S.
1160 2398 1351 2452 Leonis
1373 2414 1540 2469 papae
1558 2399 1623 2455 de
1646 2402 1945 2472 festivitate
1973 2404 2027 2459 S.
2060 2406 2253 2469 Petri;
2284 2407 2459 2464 refert
2490 2415 2685 2466 autem
2716 2412 3120 2472 testimonium
3139 2433 3207 2472 ex
3223 2396 3499 2478 sermone
3524 2396 3755 2485 13130:

316 2494 462 2549 data:
480 2484 786 2563 appen'lici
815 2484 1053 2552 inserto,
1079 2501 1255 2557 quem
1277 2485 1334 2542 in
1356 2487 1676 2560 appendice
1694 2493 1894 2547 nostra
1922 2493 2183 2551 edemus.
2208 2495 2513 2568 Respicere
2529 2497 2759 2556 videtur
2786 2501 3143 2562 collectionis
3172 2515 3510 2568 memorata:
3531 2531 3752 2576 exem-

315 2581 501 2656 plum,
535 2577 695 2651 quod
720 2575 780 2631 in
807 2573 1040 2630 archivo
1072 2572 1325 2630 basilicae
1350 2578 1406 2630 S.
1434 2575 1583 2633 Petri
1615 2582 1900 2637 servatur.

1492 2721 1517 2777 §
1546 2719 1629 2772 IV.
1661 2721 1736 2770 De
1764 2721 1934 2773 tribus
1964 2724 2077 2775 aliis
2106 2725 2529 2779 collectionibus.

377 2853 467 2908 20.
499 2846 753 2906 Tertiam
786 2840 1183 2932 collectionem
1203 2840 1569 2932 appellamus
1590 2860 1720 2901 eam
1751 2862 1879 2919 quae
1896 2848 2161 2905 exstabat
2187 2850 2247 2906 in
2280 2868 2391 2908 ms.
2416 2854 2572 2910 unde
2593 2855 2785 2928 prima
2803 2858 2983 2915 editio
3007 2864 3266 2919 Romana
3295 2881 3330 2920 a
3350 2866 3590 2928 Joanne
3614 2876 3745 2932 An-

308 2944 448 2999 drea
477 2938 748 3011 episcopo
778 2931 1058 2988 Aleriensi
1079 2933 1315 3003 sumpta
1337 2931 1466 2987 fuit.
1499 2933 1660 2989 Hanc
1682 2951 1790 2990 nos
1815 2935 2144 2994 invenimus
2175 2939 2235 2994 in
2261 2939 2539 2999 Vaticano
2571 2961 2682 3001 ms.
2707 2947 2830 3015 545,
2857 2948 2957 3020 qui
2989 2950 3144 3007 solos
3166 2952 3372 3010 Leonis
3413 2974 3744 3022 sermones

313 3028 591 3086 continet.
615 3023 698 3079 Ad
720 3021 872 3076 hanc
888 3018 1153 3075 eamdem
1175 3017 1572 3075 collectionem
1591 3021 1880 3093 pertinere
1911 3025 2206 3082 credimus
2227 3027 2482 3085 codicem
2507 3017 2953 3108 Bononiensein,
2977 3039 3150 3110 cujus
3168 3040 3462 3100 variantes
3486 3052 3740 3110 notatas

308 3115 642 3175 invenimus
662 3111 720 3166 in
745 3126 856 3163 ms.
879 3107 1363 3175 Barberin03528,
1383 3107 1471 3163 ba
1488 3109 1642 3165 enim
1666 3126 1800 3165 cum
1823 3109 2172 3171 lectionibus
2185 3115 2386 3188 prima:
2404 3120 2677 3177 editionis
2699 3123 2814 3180 fere
2836 3107 3204 3184 conveniunt.
3228 3131 3500 3190 Continet
3519 3142 3739 3198 autem

308 3206 428 3263 hinc
447 3199 708 3261 collectio
722 3195 926 3253 Leonis
948 3212 1247 3252 sermones
1262 3196 1665 3265 XCIll,omnes
1686 3198 1964 3266 sinceros,
1986 3200 2181 3258 nullos
2205 3204 2568 3275 ascititios,si
2597 3226 2780 3265 unum
2800 3213 2871 3267 de
2883 3213 3230 3273 Machabazis
3251 3220 3735 3298 excipias,quem

304 3297 365 3352 in
388 3290 706 3367 appendice
724 3285 1051 3359 Augustino
1064 3284 1515 3390 vindic'abirnus.
1539 3285 1920 3390 sermonibus
1941 3288 2013 3389 de
2033 3290 2463 3390 NataliDomini
2482 3298 2781 3368 praemittit
2797 3302 3106 3374 epistolam
3119 3307 3190 3362 ad
3210 3284 3732 3390 Flavianus]:un

303 3385 458 3442 hanc
480 3393 711 3452 quoque
730 3372 1132 3429 collectionem
1155 3388 1223 3427 ex
1243 3371 1627 3476 Lectionariis
1656 3374 1972 3433 derivatam
1996 3377 2210 3435 innuit.
2234 3381 2456 3439 Desunt
2476 3401 2543 3441 ex
2570 3386 2813 3467 sinceris
2830 3371 2965 3447 tres
3010 3393 3117 3449 soli
3148 3411 3474 3469 sermones,
3654 3424 3731 3465 ex

306 3490 420 3531 ms.
441 3464 659 3526 Nicolai
691 3460 861 3519 Fabri
882 3459 1021 3516 editi
1050 3464 1207 3564 sunt.
1241 3459 1393 3515 Ordo
1424 3464 1619 3516 autem
1642 3479 1980 3562 sermonum
2001 3466 2170 3524 XCIII
2195 3468 2349 3525 idem
2371 3477 2462 3528 est
2481 3490 2548 3529 ac
2578 3474 2638 3530 in
2660 3460 2912 3550 vulgatis
2945 3459 3472 3560 communioribus,
3494 3459 3729 3564 q‘uihi—s

305 3561 497 3619 tribus
519 3551 892 3612 sermonibus
922 3551 1139 3613 carent,
1169 3546 1279 3602 hac
1316 3564 1434 3604 una
1464 3550 1816 3623 exceptione,
1853 3555 2009 3626 quod
2032 3573 2224 3613 sermo
2244 3558 2305 3614 5|
2336 3558 2394 3615 in
2426 3546 2805 3636 Evangelium
2835 3567 3089 3625 Matthaei
3121 3588 3170 3628 c.
3192 3590 3308 3630 xvu
3349 3546 3728 3641 describitur

303 3630 458 3708 inter
487 3656 784 3703 sermones
811 3638 884 3693 de
912 3635 1388 3707 Quadragesima,
1417 3638 1501 3693 uti
1532 3639 1591 3694 in
1614 3639 1888 3697 omnibus
1906 3643 2283 3702 Lectionariis
2305 3644 2530 3720 positus
2551 3659 2639 3709 est
2658 3654 2900 3713 sabbato
2924 3664 3176 3730 quatuor
3194 3665 3534 3738 temporum
3558 3673 3727 3738 Qua-

302 3734 667 3812 dragesimm,
699 3727 840 3786 editi
872 3729 1065 3782 autem
1097 3724 1155 3780 in
1188 3724 1369 3780 alium
1400 3725 1593 3783 locum
1623 3729 2068 3788 transtulerunt.
2938 3724 2975 3752 -.

370 3827 464 3885 2|.
494 3823 627 3880 Haec
654 3815 936 3878 collectio,
988 3816 1193 3885 praeter
1222 3812 1485 3871 ordinem
1522 3817 1595 3872 ab
1625 3817 2014 3876 anterioribus
2051 3819 2224 3897 longe
2253 3824 2569 3896 diversum,
2604 3830 2751 3887 duos
2783 3850 3082 3894 sermones
3113 3838 3173 3894 in
3206 3839 3418 3898 iisdem
3450 3846 3724 3907 omissos

297 3915 551 3982 exhibet,
575 3922 763 3967 unum
781 3906 852 3961 de
883 3900 1162 3969 collectis,
1187 3902 1279 3957 cui
1307 3901 1539 3960 initium
1560 3906 1759 3962 Notum
1787 3907 1953 3975 vobis,
1983 3908 2040 3963 in
2069 3915 2268 3968 nostra
2288 3914 2543 3973 editione
2561 3935 2735 3975 serm.
2754 3920 2888 3991 Vll;
2922 3923 3167 3981 alterum
3194 3934 3398 3986 contra
3433 3931 3721 3995 haeresim

294 4002 653 4081 Ευιγοὶιθιίε,
676 3995 776 4071 qni
799 3991 1004 4066 ίηθίΡίί
1022 3991 1693 4094 δίφξρενίξρηξτηᾼξςὼὶε
1713 4012 1888 4094 serm.
1908 3998 2093 4094 XCYI.
2118 3999 2346 4059 Titulos
2367 4008 2563 4062 autem
2579 4024 2918 4066 sermonum
2940 4013 3264 4085 peculiares
3279 3991 3723 4094 habet,qui1—)—l—1;

291 4080 423 4154 tam,
448 4096 519 4152 ab
536 4089 707 4150 editis
727 4101 901 4161 quam
935 4099 969 4137 a
997 4080 1221 4138 caeteris
1242 4080 1680 4140 collectionibus
1701 4086 1953 4143 maxime
1974 4086 2336 4163 discrepans,
2360 4094 2512 4151 sicut
2536 4099 2593 4151 et
2614 4096 2672 4152 in
2694 4080 3044 4158 lectionibus
3066 4121 3215 4177 saepe
3240 4106 3407 4165 valde
3433 4080 3720 4170 dissimi-

290 4184 467 4250 libus,
492 4182 673 4240 alium
691 4175 930 4235 omnino
953 4172 1170 4228 fontem
1194 4170 1561 4243 apertissime
1579 4174 1793 4245 prodit.
1817 4174 2043 4232 Titulos
2060 4176 2321 4237 diversos
2343 4181 2630 4242 indicasse
2660 4186 2932 4244 sufﬁciat.
2957 4170 3277 4250 Duodecim
3298 4213 3611 4259 sermones
3647 4204 3721 4261 de

291 4272 718 4344 Quadragesima
737 4266 889 4322 hanc
909 4259 1263 4356 peculiarem
1282 4259 1625 4356 divisionem
1644 4266 1701 4318 et
1722 4262 1829 4319 hos
1850 4264 2052 4356 titulos
2080 4269 2424 4339 praeferunt:
2457 4272 2716 4336 Quatuor
2740 4275 2915 4348 primi
2940 4278 3342 4338 inscribuntur
3359 4284 3425 4341 de
3454 4259 3715 4356 Quadra;

288 4362 525 4433 gesima;
557 4357 822 4431 quintus,
843 4351 909 4406 de
928 4350 1144 4422 jejunio
1171 4349 1645 4421 Quadragesimalz
1674 4367 1851 4408 sermo
1886 4355 1951 4414 V;
1992 4358 2209 4424 sextus,
2256 4360 2545 4431 septimus
2567 4366 2623 4417 et
2652 4370 2911 4434 octavus,
2944 4367 3009 4423 de
3038 4370 3294 4428 Passione
3320 4381 3372 4429 et
3404 4349 3709 4436 Resurrec-

292 4452 439 4507 tione
465 4447 686 4504 Domini
712 4457 893 4500 sermo
920 4442 962 4506 I,
994 4440 1045 4495 II
1071 4443 1121 4494 et
1146 4440 1252 4501 III;
1282 4455 1491 4507 nonus,
1520 4438 1786 4496 decimus
1817 4446 1877 4496 et
1905 4442 2271 4516 undecimus,
2316 4447 2381 4503 de
2409 4450 2556 4504 Festo
2575 4452 2826 4522 paschali
2851 4470 3049 4522 sermo,
3074 4458 3118 4526 I,
3152 4460 3203 4514 II
3232 4468 3283 4516 et
3311 4461 3391 4518 III
3413 4480 3435 4527 ,·
3466 4465 3705 4525 duode-

291 4538 482 4596 cimus
503 4540 720 4601 autem,
745 4529 1084 4587 dePassione
1111 4528 1334 4582 Domini
1349 4542 1524 4583 sermo
1548 4532 1798 4598 quartus.
1823 4530 1964 4586 Dein
1989 4532 2252 4602 subjecto
2278 4550 2548 4593 sermone
2569 4537 2628 4593 in
2650 4540 3023 4614 Evangelium
3042 4545 3297 4603 Matthezi
3314 4566 3364 4605 c.
3397 4567 3535 4621 ινιτ,
3570 4572 3705 4613 ser-

286 4642 491 4684 mones
512 4624 580 4680 49
605 4619 824 4694 vulgati
849 4618 915 4673 de
935 4617 1190 4672 Passione
1209 4619 1266 4670 et
1287 4615 1403 4671 duo
1428 4620 1740 4687 sequentes
1759 4617 1825 4673 de
1844 4619 2269 4676 Resurreelione.
2292 4625 2631 4681 continuata
2652 4645 3030 4687 numerorum
3055 4635 3203 4691 serie
3224 4636 3308 4691 sic
3329 4615 3695 4713 efferuntur;

285 4714 519 4771 Primus
563 4713 627 4768 In
657 4712 1007 4765 Parascevem
1047 4704 1268 4758 Domini
1304 4704 1371 4759 de
1400 4707 1660 4761 Passione
1694 4722 1868 4762 sermo
1906 4709 2156 4778 pn‘mus;
2191 4709 2452 4783 quinque
2502 4721 2835 4788 sequentes,
2858 4719 2925 4775 de
2951 4722 3212 4780 Passione
3239 4726 3462 4783 Domini
3489 4730 3559 4798 II,
3595 4704 3694 4800 III,

279 4806 370 4876 IV,
407 4805 447 4862 V
483 4805 535 4860 et
583 4802 680 4862 VI;
728 4793 1035 4885 septimus,
1196 4792 1408 4885 Pascha
1454 4794 1677 4885 Domini
1725 4810 1901 4885 sermo
1950 4798 2213 4868 septimus
2232 4814 2255 4861 ;
2302 4799 2399 4855 alii
2448 4808 2700 4874 quatuor
2746 4805 2813 4862 de
2857 4808 3120 4868 Passione
3172 4813 3300 4883 VIII,
3332 4800 3417 4885 IX,
3449 4818 3493 4873 X
3604 4791 3693 4877 XI:

282 4890 483 4949 Ceteri
526 4887 665 4946 editi
694 4888 824 4942 octo
879 4882 950 4938 de
993 4878 1271 4935 Passione
1300 4883 1358 4936 et
1386 4881 1614 4952 primus
1642 4882 1714 4937 de
1745 4882 2185 4942 Resurrectione
2214 4885 2325 4942 hac
2356 4888 2733 4964 inscriptione
2774 4902 3210 4967 praenotantur:
3244 4878 3319 4959 De
3340 4878 3613 4966 Passione
3642 4918 3697 4966 et

279 4980 689 5039 Resurrectione
742 4972 968 5031 Domini
1020 4970 1136 5036 XII,
1187 4969 1320 5063 XIII,
1379 4970 1506 5037 XIV,
1537 4972 1640 5039 XV,
1685 4971 1810 5041 XVI,
1844 4973 1994 5040 XVII,
2044 4974 2225 5042 XVIII,
2284 4977 2393 5032 XIX
2415 4981 2467 5033 et
2495 4980 2594 5036 XX.
2654 4982 2915 5041 Tandem
2965 4994 3296 5059 postremus
3353 5010 3574 5063 sermo,
3624 4997 3699 5054 de

278 5069 692 5128 Resurrectione
718 5062 940 5120 Domini
966 5074 1142 5114 sermo
1172 5058 1298 5113 XXI.

347 5159 438 5213 22.
471 5156 618 5213 Cum
640 5170 775 5211 vero
797 5148 987 5224 quoad
1014 5147 1166 5203 hanc
1186 5145 1584 5203 collectionem
1610 5148 1701 5204 usi
1718 5148 1904 5206 simus
1923 5150 2397 5223 frequentissime
2427 5157 2686 5231 exemplo
2709 5160 2910 5233 primae
2932 5163 3205 5224 Romanas
3222 5168 3521 5241 editionis,
3555 5190 3691 5247 quae

277 5245 583 5305 rarissima
608 5246 716 5310 est,
748 5244 806 5297 et
826 5234 1136 5304 Quesnello
1170 5234 1518 5335 ignotal'uit,
1553 5235 1625 5292 de
1655 5235 1761 5292 hac
1792 5254 1905 5335 non
1939 5238 2084 5335 nihil
2119 5241 2436 5300 dicendum
2467 5245 2711 5305 videtur.
2738 5249 2839 5308 Illo
2867 5252 3103 5324 quidem
3127 5256 3187 5313 in
3220 5234 3693 5335 praefatione‘ge-

277 5334 481 5405 nerali,
506 5351 563 5390 n.
596 5335 650 5401 2,
673 5327 848 5387 veluti
876 5327 1127 5400 primam
1158 5323 1418 5381 traduxit
1445 5341 1786 5380 sermonum
1814 5326 2132 5386 editionem
2163 5332 2444 5390 Venetam
2477 5354 2571 5392 an.
2603 5340 2758 5405 1485,
2783 5323 2909 5413 quae
2930 5323 3535 5406 Joannem-Andream
3569 5323 3691 5423 epi-

275 5440 519 5498 scopum
549 5418 903 5479 Aleriensem
923 5419 1221 5472 auctorem
1239 5414 1495 5512 priet'ert,
1520 5413 1903 5512 eamdemque
1919 5415 2154 5512 alicubi,
2171 5422 2282 5512 sed
2303 5423 2602 5482 rarissime
2624 5427 2682 5483 in
2706 5428 3069 5488 variantibus
3090 5434 3381 5493 adhibuit.
3406 5438 3519 5494 Sed
3542 5413 3689 5512 pre-

272 5517 539 5587 terquam
573 5509 726 5584 quod
760 5509 946 5564 exstat
977 5504 1091 5561 alia
1115 5503 1289 5561 editio
1320 5502 1538 5558 Veneta
1565 5502 1732 5558 Lucae
1764 5502 1966 5560 Veneti
2016 5522 2115 5563 an.
2159 5509 2316 5573 1482,
2352 5516 2612 5585 utraeque
2638 5514 2726 5569 has
2776 5516 3062 5576 editiones
3094 5538 3310 5579 recusas
3343 5502 3583 5582 fuerunt
3611 5542 3684 5583 ex

273 5601 556 5665 Romana,
582 5613 761 5673 quam
791 5594 1066 5652 laudatus
1096 5592 1405 5666 episcopus
1425 5606 1501 5683 ex
1525 5590 1807 5683 vaticano
1831 5592 2033 5683 codice
2061 5593 2256 5652 Romae
2288 5598 2641 5672 vulgaverat,
2664 5608 2723 5659 et
2753 5603 2929 5661 Paulo
2948 5606 2994 5661 II
3021 5607 3281 5666 Romano
3303 5613 3565 5683 pontiﬁci
3589 5614 3685 5669 in-

274 5689 610 5768 loripserat.
642 5685 752 5761 Qui
779 5682 1229 5766 typographioos
1256 5678 1511 5744 Annales
1538 5678 1792 5753 edidere,
1831 5680 1981 5743 hanc
2010 5683 2326 5746 editionem
2359 5687 2685 5753 Romanam
2713 5692 3019 5774 assignant
3046 5713 3142 5756 an.
3175 5678 3335 5773 1470,
3368 5704 3426 5761 et
3454 5701 3518 5766 in
3545 5703 3683 5779 ejus
