3914 6232
140 359 233 420 133
1017 366 1430 428 PRIEFATIO
1474 366 1549 426 ΙΝ
1599 366 1686 427 SE

2064 367 2129 426 S.
2175 367 2456 428 LEONIS
2502 364 2777 428 MAGNI.
3482 371 3605 430 134

152 492 278 551 calce
297 495 415 570 legi
437 502 794 556 testantur
815 517 1024 556 versus
1047 501 1256 572 Aspicis
1287 499 1527 555 illustres
1547 503 1679 564 etc.,
1700 498 1799 570 qui
1824 498 2316 572 typographorum
2345 499 2402 554 in
2425 499 2649 555 aedibus
2669 499 2901 556 familiai
2925 501 3187 560 Maxima:
3208 504 3602 568 laborantium

161 586 370 642 nomina
394 589 720 644 referunt.
745 591 887 654 Quo
919 594 1110 644 autem
1143 588 1522 643 fundamento
1555 587 1677 644 haec
1708 588 2074 652 tradiderint,
2109 587 2266 643 latet.
2300 588 2424 643 Non
2457 588 2648 644 solum
2678 590 2835 645 enim
2877 593 3034 647 omni
3067 596 3346 668 temporis
3375 597 3605 672 locique

173 677 554 744 notatione,ae
589 679 974 734 memoratis
1004 678 1265 734 versibus
1296 683 1493 733 carent
1522 678 1637 732 duo
1669 693 1795 748 qua:
1827 677 2334 733 eminentissimus
2363 677 2678 734 cardinalis
2701 679 2977 743 Quirinus
2999 683 3144 738 vidit
3172 687 3300 754 ejus
3331 687 3604 744 editionis

185 766 530 840 exemplaria,
552 785 785 823 verum
821 768 1000 823 etiam
1031 765 1132 822 illa
1162 767 1272 822 tria
1304 784 1430 838 quas
1459 766 1904 838 nobismetipsis
1933 765 2126 821 videre
2156 765 2420 838 contigit,
2446 785 2628 822 unum
2658 769 2851 824 Romae
2881 772 3034 842 apud
3067 773 3602 832 enimentissimum

192 856 570 921 Passioneum,
608 857 885 912 alterum
918 855 1152 912 Veronae
1184 855 1241 910 in
1274 854 1625 910 bibliotheca
1669 853 2037 922 Muselliana,
2063 855 2302 910 tertium
2333 854 2390 909 in
2423 855 2706 912 suliurbio
2747 857 3056 914 Veronensi
3095 863 3248 932 apud
3293 867 3606 922 canonicos

203 947 588 1004 Lateranenses
619 954 682 1000 S.
712 945 1006 1001 Leonardi
1038 947 1301 1015 emptum
1335 945 1395 999 in
1428 944 1564 1000 Urbe
1592 961 1625 998 a
1654 941 2030 998 celeberrimo
2059 945 2182 998 viro
2204 943 2367 999 Celso
2395 943 2622 1000 Maffeio
2653 962 2798 1002 anno
2832 948 2988 1014 1472,
3017 955 3082 1003 ut
3113 949 3169 1004 in
3204 955 3606 1026 manuscripta

202 1037 435 1107 ejusdem
457 1035 676 1091 Maﬂ‘eii
703 1034 1005 1090 notatione
1029 1033 1298 1089 traditur.
1318 1033 1381 1088 In
1407 1032 1671 1104 catalogo
1695 1032 1930 1103 quidem
1954 1031 2236 1087 librorum
2263 1032 2358 1103 qui
2384 1049 2416 1086 a
2432 1034 2691 1088 Conrado
2711 1035 3080 1108 Sweynheim
3105 1046 3159 1094 et
3180 1041 3433 1098 Arnoldo
3457 1044 3602 1098 Pan-

200 1129 343 1180 nartz
359 1125 665 1181 Germanis
687 1122 1076 1197 typographis
1099 1122 1157 1178 in
1181 1123 1403 1178 aedibus
1425 1120 1810 1177 Maximorum
1835 1123 2064 1176 fuerant
2094 1120 2366 1192 impressi
2390 1139 2577 1194 usque
2598 1123 2671 1178 ad
2692 1123 2846 1179 diem
2871 1128 2937 1179 20
2965 1127 3155 1182 Martii
3180 1146 3276 1184 an.
3304 1131 3462 1201 1472,
3485 1137 3540 1188 et
3571 1149 3605 1188 a

197 1213 513 1286 supradicto
537 1212 834 1269 Aleriensi
857 1216 1236 1268 recensentur
1256 1209 1421 1266 initio
1442 1210 1584 1265 tomi
1605 1210 1652 1264 V
1673 1209 1926 1282 Operum
1944 1209 2165 1264 Nicolai
2185 1211 2254 1264 de
2278 1211 2451 1281 Lyra;
2476 1210 2535 1264 in
2554 1209 2683 1277 hoc,
2704 1211 2968 1283 inquam,
2989 1215 3252 1288 catalogo
3273 1219 3603 1276 referuntur

191 1304 305 1358 Divi
333 1304 514 1360 Leonis
539 1320 704 1376 papae
737 1302 1042 1368 Sermones,
1070 1306 1126 1356 et
1152 1304 1430 1356 notantur
1448 1299 1605 1354 edita
1634 1300 1978 1371 exemplaria
2007 1316 2240 1366 CCLxxv,
2267 1316 2380 1371 quo
2405 1301 2620 1355 factum
2649 1306 2737 1356 est
2762 1306 2827 1357 ut
2848 1304 3149 1360 rarissima
3172 1306 3247 1360 sit.
3266 1307 3387 1363 haec
3417 1309 3608 1380 prima

195 1391 390 1461 editio,
411 1409 540 1448 cum
570 1397 697 1447 tam
730 1407 921 1463 pauca
951 1388 1304 1462 exemplaria
1334 1388 1624 1461 impressa
1656 1388 1890 1444 fuerint.
1920 1389 2065 1442 Ante
2087 1404 2307 1442 annum
2329 1405 2464 1443 vero
2493 1390 2649 1454 1472,
2673 1390 2828 1462 typis
2856 1393 3186 1461 subjectum
3214 1396 3392 1452 fuisse
3424 1396 3610 1469 liquet

193 1498 257 1535 ex
283 1480 598 1536 Aleriensis
629 1478 882 1552 epistola
910 1479 980 1534 ad
1013 1477 1258 1532 Paulum
1292 1478 1358 1545 II,
1394 1477 1493 1548 qui
1527 1494 1869 1549 supremum
1900 1477 2054 1532 diem
2089 1476 2233 1531 obiit
2260 1493 2340 1530 xu
2374 1475 2484 1530 kal.
2520 1478 2766 1549 Augusti
2799 1497 2894 1534 an.
2930 1483 3062 1536 1471
3099 1483 3196 1553 (a).

258 1571 347 1623 23.
381 1570 593 1634 Quarta
613 1567 879 1624 collectio
903 1566 1262 1638 frequentior
1283 1565 1341 1621 in
1367 1582 1509 1621 mss.
1535 1565 1807 1621 occurrit.
1832 1566 2078 1620 Eosdem
2103 1569 2297 1620 autem
2319 1565 2557 1620 omnino
2579 1581 2878 1622 sermones
2902 1569 3104 1624 eodem
3129 1573 3330 1628 ordine
3352 1575 3605 1645 praefert,

195 1663 256 1712 ut
285 1659 344 1713 iu
377 1659 647 1714 anteriori
672 1657 930 1712 vidimus
957 1673 968 1712 :
995 1656 1180 1712 titulis
1201 1660 1416 1722 autem,
1443 1655 1543 1726 qui
1567 1655 1740 1710 iidem
1765 1659 1904 1710 sunt
1924 1672 1989 1709 ac
2014 1655 2069 1708 in
2092 1654 2366 1725 vulgatis,
2390 1655 2462 1708 ab
2485 1653 2584 1709 illa
2604 1655 2915 1728 discrepat,
2939 1675 3003 1712 ac
3028 1665 3301 1729 praeterea
3326 1664 3608 1719 varianti-

194 1746 304 1801 bus
326 1764 430 1802 nee
451 1747 720 1814 modicis,
744 1763 850 1801 nec
874 1745 1366 1818 infrequentibus,
1385 1761 1510 1816 quae
1534 1744 1771 1800 diversae
1797 1743 2028 1816 origini,
2055 1761 2167 1799 non
2186 1743 2558 1798 librariorum
2581 1742 2770 1814 lapsui
2793 1745 2879 1800 vel
2903 1746 3140 1803 arbitrio
3162 1748 3339 1804 tribui
3361 1757 3604 1823 queunt.

194 1834 459 1908 Plerique
479 1836 710 1892 codices
733 1851 1023 1890 annexam
1045 1834 1265 1890 habent
1285 1832 1667 1906 epistolarum
1695 1832 2119 1899 collectionem,
2145 1837 2200 1888 et
2230 1831 2337 1887 hac
2369 1832 2439 1887 de
2468 1849 2644 1887 causa
2669 1834 2947 1888 omittunt
2978 1836 3128 1890 inter
3155 1853 3454 1896 sermones
3485 1841 3608 1913 epi-

195 1923 408 1980 stolam
437 1925 506 1980 ad
539 1924 907 1993 Flavianum,
932 1941 1064 1978 cum
1096 1923 1156 1977 in
1188 1922 1450 1995 epistolis
1481 1939 1587 1978 suo
1614 1921 1736 1977 loco
1767 1925 2037 1993 ponatur.
2064 1920 2362 1990 Ejusmodi
2386 1926 2582 1975 autem
2614 1928 2753 1976 sunt
2782 1927 2898 1978 tres
2929 1940 3071 1978 mss.
3096 1925 3250 1980 Vatt.
3274 1929 3400 1998 541,
3423 1929 3528 1984 546
3554 1928 3648 1984 et‘

195 2012 334 2077 547-,
357 2012 476 2067 Vat.
503 2011 754 2067 Urbinas
774 2014 876 2079 65;
901 2028 1056 2067 unus
1081 2010 1367 2083 Angelicze
1391 2009 1778 2064 Eremitarum
1811 2010 1868 2064 S.
1894 2008 2238 2081 Augustini;
2273 2007 2424 2063 alius
2446 2008 2700 2063 Venetus
2739 2010 2795 2064 S.
2818 2010 2994 2066 Marci
3025 2013 3127 2080 79;
3179 2018 3236 2068 et
3285 2015 3610 2072 Fesulanus

197 2101 606 2156 canonicorum
641 2101 1147 2156 Lateranensium.
1176 2101 1331 2154 Hanc
1363 2099 1626 2154 eamdem
1655 2098 2052 2154 collectionem
2079 2115 2212 2154 eum
2236 2096 2480 2170 epistola
2511 2097 2581 2152 ad
2619 2098 2974 2165 Flavianum,
3000 2102 3100 2156 sed
3124 2102 3249 2158 sine
3271 2103 3608 2161 collectione

200 2189 596 2260 epistolarum,
630 2190 968 2245 invenimus
1027 2190 1085 2243 in
1145 2187 1525 2260 ms._Justino's
1576 2186 1850 2242 Patavine
1883 2186 2307 2253 Casinensium,
2339 2202 2442 2241 nec
2491 2203 2606 2240 non
2666 2186 2724 2241 in
2781 2186 2894 2242 alio
2918 2188 3133 2245 Veneto
3184 2193 3606 2249 monachorum

201 2258 257 2330 Si
287 2278 504 2350 Georgii
538 2277 804 2349 majoris.
830 2276 1070 2332 Nullum
1098 2258 1396 2348 exemplar
1423 2275 1634 2330 seculo
1664 2293 1757 2331 xiv
1788 2275 2075 2330 vetustius
2108 2274 2358 2346 reperire
2391 2274 2573 2343 licuit,
2608 2277 2763 2329 unde
2787 2277 3184 2335 coilectiouem
3216 2281 3382 2338 valde
3412 2300 3611 2339 recen-

201 2372 320 2422 tem
352 2366 699 2440 colligimus.
724 2365 1004 2422 Omnium
1035 2369 1187 2421 certe
1216 2363 1600 2420 vitiosissima
1629 2368 1718 2420 est
1750 2381 1763 2419 :
1798 2379 2051 2434 cumque
2077 2380 2145 2418 ex
2174 2363 2370 2418 codice
2400 2363 2580 2435 hujus
2615 2363 2976 2422 collectionis
3007 2370 3275 2439 profectae
3309 2371 3615 2428 videantur

203 2454 443 2528 vulgatae
471 2456 756 2512 editiones
787 2471 1128 2510 sermonum
1160 2470 1262 2526 per
1291 2470 1390 2509 eos
1417 2453 1519 2525 qui
1541 2450 1857 2508 Aleriensis
1879 2451 2194 2507 editionem
2222 2452 2587 2524 ignorarunt,
2612 2452 2756 2507 nihil
2780 2454 2996 2511 mirum
3019 2456 3068 2512 si
3091 2457 3361 2530 pluribus
3382 2461 3612 2518 mendis

211 2549 265 2598 et
289 2545 567 2618 corruptis
600 2544 956 2601 lectionibus
983 2547 1263 2599 scateant.

276 2635 649 2701 24.0uintam
684 2632 1090 2690 collectionem
1122 2648 1462 2688 sermonum
1493 2631 1565 2686 ab
1597 2628 2348 2703 epistolarum'collectione
2382 2630 2439 2685 in
2470 2631 2632 2687 nullo
2658 2631 2856 2688 codice
2884 2639 3214 2706 separatam
3257 2635 3611 2719 invenimus.

209 2721 368 2778 Sicut
395 2729 580 2779 autem
629 2721 1015 2795 epistolarum
1067 2720 1329 2778 collectio
1359 2738 1485 2793 qua:
1515 2719 1652 2776 huic
1691 2720 2034 2792 adjungitur
2051 2718 2279 2774 diversa
2306 2724 2395 2776 est
2425 2737 2458 2774 a
2487 2721 2823 2777 collectione
2854 2723 3234 2795 epistolarum
3288 2744 3416 2799 qua
3475 2718 3609 2790 cum

217 2817 415 2882 quarta
442 2812 776 2869 collectione
808 2829 1147 2868 sermonum
1179 2811 1548 2882 copulantur,
1574 2810 1655 2864 ita
1685 2810 1860 2865 etiam
1909 2825 2246 2864 sermonum
2277 2808 2538 2864 collectio
2565 2810 2805 2881 aliquot,
2833 2812 2941 2868 etsi
2980 2815 3184 2885 paucis
3214 2821 3274 2871 at
3301 2819 3616 2892 exploratis

215 2899 655 2969 cbaracteribus,
679 2899 1087 2973 distinguitur,
1113 2905 1170 2956 et
1197 2900 1486 2954 diversam
1520 2899 1805 2971 originem
1845 2898 2081 2970 promit.
2103 2897 2267 2952 Mitto
2290 2897 2688 2970 discrepantes
2710 2899 3238 2974 lectiones,quibus
3269 2907 3377 2963 etsi
3411 2909 3618 2966 melior

221 2991 299 3046 sit
329 2992 436 3048 hac
461 3009 634 3065 quam
667 2991 796 3045 dum
825 2989 1103 3044 lecliones
1132 2989 1545 3060 praecedentes,
1572 2989 1772 3059 prima:
1813 2992 2008 3042 tamen
2032 2987 2376 3042 etsecunda:
2400 2987 2837 3044 collectionibus
2859 2991 3024 3046 facile
3056 2994 3226 3049 cedit.
3253 2996 3615 3070 Praecipuum

213 3081 513 3138 discrimen
536 3086 624 3138 est
647 3081 706 3134 in
736 3079 970 3135 duobus
993 3077 1386 3134 sermonibus.
1412 3079 1759 3132 Exsultemus
1793 3077 1864 3132 de
1897 3077 1998 3133 SS.
2034 3076 2198 3132 Petro
2226 3081 2281 3130 et
2312 3076 2512 3144 Paulo,
2545 3081 2602 3132 et
2631 3080 2867 3146 Gratias,
2900 3081 3263 3152 dilectissimi,
3284 3085 3354 3143 de
3384 3088 3616 3151 Macha.

217 3170 372 3238 bzeis,
401 3171 494 3242 qui
526 3173 583 3226 in
615 3170 727 3226 hac
788 3168 1128 3224 collectione
1183 3171 1320 3235 noni
1342 3167 1654 3240 leguntur:
1680 3166 1907 3238 primus
1965 3169 2159 3221 autem
2189 3165 2246 3220 in
2280 3171 2536 3237 quatuor
2563 3169 3041 3227 antecedentibus
3069 3171 3303 3246 legitur,
3327 3181 3620 3235 secundus

217 3274 349 3315 vero
374 3265 550 3316 exstat
578 3260 638 3314 in
672 3257 953 3325 secunda,
983 3258 1152 3312 tertia
1181 3262 1238 3312 et
1269 3261 1497 3327 quarta.
1522 3255 1674 3311 Ordo
1707 3259 1902 3311 autem
1934 3255 1992 3310 in
2025 3255 2245 3310 caeteris
2278 3255 2647 3311 sermonibus
2685 3255 2840 3313 idem
2872 3265 2960 3315 est
2992 3277 3056 3315 ac
3088 3261 3145 3315 in
3178 3263 3620 3323 collectionibus

219 3350 383 3405 tertia
409 3356 462 3405 et
489 3354 721 3421 quarta,
745 3347 853 3402 hoc
884 3364 1001 3402 uno
1035 3345 1396 3409 discrimine,
1421 3345 1572 3416 quod
1611 3349 1741 3416 post
1771 3361 2070 3400 sermones
2105 3345 2177 3398 de
2197 3345 2422 3415 jejunio
2454 3345 2822 3402 Pentecostes
2873 3347 3124 3404 habetur
3152 3353 3354 3408 ordine
3387 3353 3618 3412 inverso

220 3439 462 3508 primum
483 3441 543 3494 In
563 3439 766 3494 octavis
791 3437 1178 3508 apostolorum,
1202 3435 1550 3504 Religiosum,
1571 3449 1744 3488 serm.
1768 3432 2061 3501 LXXXIV;
2087 3433 2219 3487 dein
2243 3435 2302 3488 In.
2323 3435 2506 3488 natali
2522 3437 2888 3506 apostolorum
2909 3439 3060 3495 Petri
3077 3444 3128 3495 et
3147 3443 3334 3509 Pauli,
3362 3444 3620 3502 Omnium

216 3526 443 3596 qualem,
475 3543 652 3584 serm.
687 3525 952 3589 LXXXII,
985 3523 1084 3594 qui
1118 3523 1258 3578 ordo
1290 3523 1499 3576 horum
1533 3538 1874 3577 sermonum
1909 3526 1996 3575 est
2025 3521 2083 3576 in
2118 3520 2451 3577 collectione
2482 3525 2534 3578 2.
2567 3524 2638 3578 At
2667 3525 2882 3582 rectius
2911 3526 2970 3581 in
3003 3528 3172 3584 tertia
3201 3535 3258 3586 et
3289 3537 3500 3604 quarta
3529 3534 3616 3590 in-

213 3620 364 3670 serto
390 3632 655 3672 sermone
686 3615 1056 3677 Exsullemus,
1093 3612 1412 3666 elici-untur
1442 3611 1523 3665 sic
1557 3626 1570 3665 :
1603 3612 1666 3665 In
1700 3611 1880 3666 natali
1909 3610 2002 3665 SS.
2036 3611 2402 3681 apostolorum
2449 3615 2603 3668 Petri
2630 3622 2680 3669 et
2708 3616 2876 3670 Pauli
2907 3633 3084 3673 serm.
3118 3619 3172 3687 I;
3211 3621 3468 3678 Omnium
3496 3627 3618 3696 qui-

211 3701 350 3771 dem,
371 3721 540 3760 serm.
562 3703 632 3769 Il,
657 3703 1010 3757 Exsultemus
1041 3705 1097 3755 et
1122 3702 1184 3755 In
1206 3701 1404 3755 octavis
1425 3699 1792 3770 apostolorum
1809 3700 1962 3754 Petri
1987 3706 2037 3754 et
2054 3699 2240 3764 Pauli,
2264 3700 2610 3770 Religiosum.
2638 3702 2766 3758 Haec
2786 3703 3066 3774 collectio,
3092 3724 3218 3778 quae
3241 3714 3331 3765 est
3352 3712 3617 3767 omnium

211 3791 536 3863 purissima,
562 3808 697 3848 cum
731 3790 875 3846 nihil
913 3788 1283 3844 subdititium
1318 3787 1628 3856 contineat,
1655 3787 1947 3843 invenitur
1975 3786 2033 3842 in
2066 3787 2196 3842 Vat.
2227 3789 2331 3842 544
2363 3789 2558 3844 saeculi
2591 3789 2820 3847 circiter
2848 3811 2947 3861 xu,
2981 3794 3040 3849 in
3072 3795 3197 3852 Vat.
3221 3797 3450 3870 Reginae
3473 3801 3616 3856 Sue-

211 3879 306 3934 tiaa
338 3882 429 3936 l39
457 3880 649 3937 saeculi
680 3898 803 3947 xm,
835 3878 924 3934 vel
957 3896 1072 3945 xiv,
1101 3882 1158 3934 et
1185 3877 1244 3932 in
1278 3894 1395 3932 uno
1426 3881 1716 3932 Caesenate
1749 3875 2040 3932 Minorum
2073 3875 2554 3933 Conventualium
2603 3883 2658 3933 S.
2694 3880 2987 3938 Francisci
3020 3885 3216 3940 seaculi
3247 3904 3338 3954 xv,
3365 3904 3470 3944 nec
3502 3905 3616 3945 non

211 3967 274 4023 in
309 3970 610 4038 Victorino,
643 3987 818 4042 quem
851 3967 1200 4033 Quesnellus
1229 3965 1520 4022 adhibuit.

1029 4070 1052 4126 §
1083 4066 1141 4114 V.
1177 4066 1248 4113 De
1281 4065 1383 4114 alia
1414 4078 1510 4113 ms.
1543 4064 1828 4113 Oxonieusi
1860 4062 2167 4113 collectione
2198 4078 2228 4112 a
2256 4064 2532 4121 Quesnello
2564 4067 2799 4117 laudata.

288 4147 480 4204 25.1163
509 4153 648 4203 sunt
676 4146 1048 4202 collectiones
1081 4161 1226 4216 quas
1257 4143 1533 4199 vidimus.
1561 4145 1735 4200 Porro
1762 4142 2107 4208 Quesnellus
2139 4145 2399 4199 codicem
2421 4145 2806 4202 Oxoniensem
2842 4147 3038 4204 saeculi
3069 4166 3146 4218 x1,
3170 4150 3255 4206 vel
3289 4169 3388 4209 xu.
3420 4153 3623 4212 laudat

225 4235 443 4292 dissert.
471 4238 556 4304 12,
578 4253 706 4308 cap.
733 4239 786 4300 2,
817 4235 875 4289 in
910 4251 1024 4306 quo
1056 4233 1320 4289 collectio
1349 4233 1612 4304 quaedam
1635 4250 1974 4289 sermonum
1999 4233 2206 4289 Leonis
2229 4251 2345 4288 una
2366 4250 2497 4288 cum
2522 4236 2786 4305 ejusdem
2813 4237 3075 4308 epistolis
3104 4241 3456 4310 continetur,
3475 4246 3618 4303 adeo

226 4330 289 4378 ut
316 4325 486 4396 primo
516 4325 734 4381 intuitu
765 4323 920 4380 credi
955 4322 1142 4395 possit
1163 4319 1442 4377 alterutra
1466 4339 1533 4376 ex
1555 4322 1785 4378 duabus
1814 4321 2128 4394 postremis
2158 4321 2600 4377 collectionibus
2622 4339 2750 4395 quae
2774 4342 3072 4382 sermones
3105 4335 3160 4384 et
3176 4330 3452 4402 epistolas
3475 4351 3622 4407 pon-

227 4411 347 4468 ﬁcis
367 4415 638 4487 jungunt.
664 4413 775 4469 Sed
808 4412 986 4468 aliam
1010 4411 1249 4466 omnino
1272 4427 1400 4466 esse
1422 4427 1597 4482 quam
1626 4410 1909 4467 hactenus
1939 4409 2198 4466 invenire
2220 4411 2613 4482 nequivimus,
2640 4412 2748 4468 hoc
2768 4413 3059 4478 Quesnelli
3084 4418 3366 4476 indicium
3389 4424 3627 4483 demon-

230 4506 382 4556 strat.
407 4504 679 4574 Epistolis,
712 4501 928 4573 inquit,
952 4503 1176 4558 inserta:
1203 4504 1329 4554 sunt
1355 4502 1762 4556 constitutiones
1795 4502 2188 4571 imperatorum
2227 4500 2505 4555 Theodosii
2533 4505 2584 4555 et
2616 4502 2990 4560 Valentiniani
3020 4507 3272 4565 adversus
3297 4512 3626 4574 Manichwos

230 4596 278 4644 et
301 4599 471 4646 contra
502 4592 777 4647 Hilarium
807 4590 1192 4645 Arelatensem.
1213 4588 1563 4644 Sermonibus
1591 4589 1961 4661 subjiciuntur
1989 4589 2109 4644 duae
2153 4589 2388 4660 epistola:
2419 4593 2658 4646 I’rolerii
2687 4593 3127 4665 Alexandrini,et
3157 4601 3486 4661 Paschasini
3513 4606 3627 4678 Ly-

232 4677 455 4734 libzlani
482 4680 550 4734 ad
580 4681 810 4736 Leonem
838 4687 1106 4746 nostrum,
1138 4682 1189 4732 et
1221 4679 1332 4733 alia
1362 4679 1592 4732 nonulla
1623 4678 1694 4733 ad
1719 4680 1889 4734 vitam
1919 4678 1974 4735 S.
1999 4681 2283 4750 pontiﬁcis
2327 4680 2639 4736 attinentia.
2673 4683 2833 4736 Sicut
2870 4688 3064 4741 autem
3095 4688 3474 4760 epistolarum
3507 4677 3625 4751 col-

233 4764 384 4823 lectio
409 4785 535 4824 cum
568 4768 911 4824 memoratis
943 4766 1358 4844 additamenptis
1380 4765 1590 4822 nullibi
1614 4784 1647 4822 a
1667 4767 1836 4823 nobis
1861 4767 2095 4824 inventa
2125 4768 2255 4834 fuit,
2279 4767 2359 4823 ita
2389 4768 2651 4826 collectio
2683 4787 3042 4840 sermonum,
3069 4792 3136 4832 ex
3159 4777 3433 4838 indicatis
3454 4784 3627 4839 addi-

234 4854 488 4926 tionibus,
512 4857 586 4913 ab
605 4857 885 4912 omnibus
907 4873 1054 4928 quas
1081 4855 1337 4911 vidimus
1358 4855 1670 4928 discrepat.
1700 4855 1972 4930 Displicet
1993 4855 2368 4922 Quesnellum
2393 4859 2740 4914 exactiorem
2763 4860 2942 4934 hujus
2965 4863 3322 4924 collectionis
3347 4870 3616 4929 notitiam

297 5000 364 5069 (α)
392 4999 516 5081 ΙΙὶο,⁸
545 5001 601 5054 in
637 5001 851 5082 fingitis
883 4998 1259 5082 tpm‘osuoﬂll
1291 4998 1571 5082 annexis,‘
1585 4998 2480 5082 _Ballerfi‘niiladdendanindicant
2512 5002 2818 5082 sequentia
2837 5021 2898 5082 _:_«
2920 5005 3031 5082 _His_
3059 5006 3117 5063 in
3152 5011 3343 5082 prima
3373 5012 3625 5070 editione

303 5071 575 5152 ascriptis,
598 5072 714 5152 a_P.
740 5071 964 5152 Montio
987 5069 1435 5152 bibliothecario
1466 5071 1524 5124 S.
1550 5069 1742 5152 Marias
1773 5071 2103 5152 Gnratiarum
2254 5069 2704 5152 Praedicatorfum
2728 5075 3036 5152 Mediolani
3062 5069 3266 5152 moniti
3299 5084 3540 5152 fuimus,
3564 5069 3624 5142 in

236 5085 432 5196 peracri
479 5085 575 5134 tis,
598 5089 632 5126 a
653 5085 714 5126 Ρ.
740 5085 964 5126 mentio
994 5085 1435 5125 munemecano
1466 5085 1524 5124 δ.
1551 5085 1742 5124 marite
1773 5085 2103 5126 uratiarum
2129 5085 2231 5126 ΒΡ.
2254 5085 2704 5128 ιήθσιοαιοιιυω
2728 5085 3036 5133 Mediolani
3062 5085 3266 5136 moniti
3299 5085 3540 5152 fuimus,
3564 5085 3624 5142 in

236 5089 568 5236 ,ίδιίοίέῗεοα
585 5143 862 5236 sesese
887 5140 1139 5236 σξξὲξὶεὲξὲ
1167 5139 2070 5236 1'3YfPi’i.?§?EPlE¥E.‘3ﬂmi‘1$
2092 5143 2795 5236 εςὲίξρηῑεῖεξιξξιάἐὲῖίξεξρ
2813 5149 2981 5236 9m“
3000 5151 3162 5233 .celce
3184 5152 3460 5236 leguntur
3478 5173 3624 5236 ρςεε-

234 5221 312 5270 ter
336 5214 472 5270 anni
492 5211 864 5291 putationem
899 5211 1142 5291 indicati
1167 5211 1622 5291 versusAAspicis’
1647 5213 1906 5291 illustres,
1940 5219 2071 5291 etc,
2095 5215 2178 5268 uti
2211 5214 2269 5268 in
2301 5215 2628 5291 Annalibus
2670 5211 3102 5291 typographicis
3132 5211 3274 5279 editi
3304 5231 3460 5282 sunt.
3479 5211 3624 5282 Ἰ-Ιεέο

235 5295 409 5343 autem
431 5285 615 5364 _editio
644 5285 913 5364 omnium
945 5283 1250 5364 rarissima
1279 5283 1473 5338 diﬂ'ert
1518 5283 1591 5338 ab
1622 5300 1690 5338 ea
1720 5285 1936 5364 pariter
1989 5285 2250 5364 Romana
2279 5287 2448 5364 cujus
2478 5283 2763 5364 quinque-7
2790 5283 3144 5364 exemplaria
3198 5296 3623 5353 recensuimus.

232 5359 338 5414 Non
366 5357 554 5429 solum
586 5357 742 5429 enim
773 5356 890 5429 ista
933 5355 1218 5426 posterior
1245 5371 1448 5410 versus
1489 5360 1841 5429 memoratos
1874 5356 2127 5429 annique
2158 5355 2512 5413 notationem
2546 5355 2794 5429 ignorat,
2817 5355 3018 5418 verum
3067 5365 3241 5420 etiam
3274 5366 3333 5420 in
3367 5366 3536 5423 lineis
3565 5371 3624 5423 et

236 5428 462 5512 singulis
495 5428 724 5512 paginis
747 5425 1074 5512 discrepat;
1109 5442 1174 5480 ac
1208 5432 1484 5497 praeterea
1512 5426 1673 5508 prior
1701 5425 1803 5481 illa
1833 5432 1988 5509 caret
2017 5425 2366 5512 iisquatuor
2386 5425 2598 5512 Leonis
2615 5431 2897 5512 epistolis,
2917 5434 3130 5505 quibus
3160 5435 3416 5490 secunda
3438 5436 3625 5512 ditata

237 5497 342 5564 fuit,
364 5497 510 5555 Cum
537 5497 680 5580 vero
700 5499 828 5580 haec
862 5497 1045 5579 altera
1075 5497 1724 5580 quanirecpgnovimus
1746 5515 1776 5552 e
1795 5497 1991 5580 prima
2021 5497 2273 5580 editione
2303 5501 2540 5580 omnino
2565 5497 3060 5580 fueritexpre'ssa,
3081 5519 3338 5580 eumque
3358 5505 3624 5580 codicem

237 5573 421 5652 referat
449 5587 621 5652 quem
651 5569 971 5652 Aleriensis
988 5568 1060 5652 in
1092 5567 1272 5643 priori
1305 5567 1556 5626 editione
1575 5567 1868 5642 exhibuit;
1895 5569 2273 5647 allegationes
2297 5572 2498 5648 prima:
2529 5567 2992 5650 editionisfquas
3019 5567 3077 5636 in
3108 5567 3258 5632 notis
3289 5573 3624 5652 attulimus,

237 5641 560 5721 corrigendae
588 5658 706 5703 non
737 5646 903 5704 sunt.
925 5661 950 5694 ι
988 5641 1146 5702 Emr.
