3914 6232
357 308 471 379 135
1169 318 1589 381 PR/EFATIO
1634 319 1710 378 ΙΝ
1757 315 2177 380 SERMONES
2225 319 2289 380 S.
2338 318 2620 380 LEONlS
2666 316 2941 380 MAG-Nl.
3648 314 3768 403 136

353 466 469 507 non
491 449 752 519 dedisse;
776 466 845 507 ex
863 449 1065 507 ordine
1086 450 1242 507 enim
1269 455 1325 506 et
1345 450 1665 523 quantitate
1688 464 2025 506 sermonum
2051 449 2299 520 speciale
2316 450 2386 505 de
2407 450 2608 506 eadem
2623 448 2914 522 judicium
2937 448 3087 506 ferre
3100 463 3434 523 possemus.
3452 446 3621 503 Hunc
3644 451 3771 503 tan-

351 542 476 595 tum
500 537 862 612 peculiarum
880 537 1116 594 titulum
1138 554 1205 594 ex
1225 539 1425 595 eodem
1445 538 1640 594 codice
1662 537 1863 592 recitat
1881 537 1939 591 in
1958 537 2362 594 observatione
2383 538 2452 593 ad
2480 537 2735 610 primum
2756 553 3108 603 sermonem,
3125 552 3303 609 quam
3326 535 3646 609 praemissae
3668 532 3770 590 ad-

352 627 661 685 monitioni
695 628 1071 684 inseruimus.
1096 629 1155 682 In
1186 630 1406 683 nomine
1434 628 1534 682 Dei
1560 628 1783 682 summi.
1808 627 2085 698 Incipiunt
2113 629 2378 682 tractatus
2407 641 2536 698 quos
2567 644 2602 681 a
2624 626 2713 681 die
2740 625 3107 682 ordinationis
3134 640 3255 683 sua?
3294 640 3397 697 per
3440 624 3772 680 continuum

351 718 786 790 quinquennium
816 716 1154 771 beatissimus
1177 732 1325 787 papa
1354 716 1458 771 Deo
1489 715 1633 770 dixit
1655 714 1725 769 ad
1754 715 2032 787 populum.
2060 715 2143 770 Ex
2172 713 2265 771 his
2295 720 2495 770 autem
2525 715 2717 771 verbis
2738 714 2929 787 colligi
2953 731 3122 787 posse
3147 713 3396 771 credidit
3415 710 3770 779 Quesnellus

349 806 501 863 hanc
529 821 865 861 sermonum
899 803 1295 860 collectionem
1322 805 1581 861 derivare
1607 820 1676 860 ex
1694 802 1957 875 exemplo
1979 803 2338 861 collectionis
2368 804 2576 860 Leonis
2596 820 2713 861 evo
2740 808 3007 860 exaratis.
3026 803 3223 876 Inquit
3253 802 3410 858 enim
3444 820 3457 858 :
3482 803 3641 858 Totus
3669 816 3766 856 ve-

346 898 600 961 tustatem
628 895 802 966 spirat
831 894 1023 949 titulus
1056 895 1172 961 iste,
1196 893 1511 966 indicatque
1538 909 1829 961 sermones,
1849 909 1946 948 seu
1974 897 2233 949 tractatus
2254 893 2401 964 (quae
2430 910 2533 949 v0.7:
2558 895 2747 950 Leonis
2770 909 2880 955 aevo
2907 892 3253 964 familiaris),
3270 891 3568 962 descriptos
3587 891 3769 961 fuisse

344 1001 415 1042 ex
441 983 622 1040 codice
645 983 918 1054 pontiﬁcis
947 983 1111 1038 istius
1140 990 1301 1039 aetate
1330 986 1578 1039 exarata.
1603 982 1737 1038 Cum
1765 996 1914 1037 enim
1938 997 2008 1037 ex
2040 982 2172 1052 ipsis
2198 983 2536 1037 sermonibus
2562 982 2723 1037 nulla
2752 982 2960 1037 indicia
2984 970 3250 1052 prodeant
3272 980 3470 1052 quibus
3499 985 3770 1051 appareat

344 1087 446 1146 quo
476 1073 700 1147 quisque
729 1086 875 1127 anno
903 1070 1080 1126 dictus
1110 1072 1300 1142 fuerit,
1333 1072 1537 1142 oportet
1565 1073 1629 1124 ut
1657 1071 1843 1124 statim
1884 1071 2001 1142 fere
2024 1072 2143 1140 post
2172 1070 2608 1140 quinquennium
2633 1069 2773 1125 illud
2802 1069 3130 1140 descriptum
3171 1071 3244 1125 sit
3285 1071 3531 1140 primum
3560 1066 3767 1123 codicis

342 1163 503 1218 istius
534 1161 837 1232 exemplar.
868 1159 992 1214 Vox
1017 1159 1254 1231 quidem
1289 1163 1551 1214 tractatus
1579 1175 1683 1231 pro
1715 1158 2088 1215 sermonibus
2139 1163 2425 1232 usurpata
2453 1158 2865 1230 antiquitatem
2916 1156 3164 1226 redolet;
3197 1165 3256 1213 at
3282 1157 3333 1212 si
3362 1157 3543 1213 codex
3570 1155 3768 1211 editos

342 1265 645 1309 sermones
667 1249 946 1315 continet,
968 1247 1181 1304 titulus
1203 1247 1303 1319 qui
1326 1247 1433 1303 hos
1455 1248 1645 1320 primo
1666 1246 2069 1319 quinquennio
2094 1247 2467 1320 pontiﬁcatus
2491 1245 2700 1302 Leonis
2720 1246 2945 1310 tribuit,
2969 1244 3027 1301 id
3049 1249 3139 1301 est
3159 1246 3311 1302 inter
3333 1260 3554 1301 annum
3577 1244 3687 1299 440
3708 1247 3769 1299 et

341 1340 467 1407 445,
491 1339 870 1395 manifestum
897 1352 1152 1393 errorem
1186 1337 1399 1408 prodit.
1424 1337 1651 1392 Etenim
1685 1352 1985 1392 sermones
2015 1352 2221 1392 novem
2251 1336 2322 1391 de
2343 1336 2570 1407 jejunio
2603 1334 2822 1390 mensis
2853 1333 3085 1404 decimi,
3111 1334 3311 1390 decem
3341 1335 3413 1390 de
3442 1331 3768 1397 Nativitate

341 1427 594 1495 Domini,
627 1431 753 1483 octo
785 1427 855 1481 de
886 1425 1232 1498 Epiphania,
1256 1441 1437 1481 unum
1470 1428 1527 1480 et
1553 1424 1784 1498 viginti,
1805 1423 1895 1481 vel
1928 1423 2135 1480 saltem
2169 1425 2369 1480 decem
2392 1429 2448 1480 et
2476 1440 2685 1481 novem
2716 1424 2787 1480 de
2806 1423 3084 1481 Passione
3114 1422 3369 1492 Domini,
3392 1440 3462 1479 ex
3484 1422 3620 1495 ipsa
3637 1438 3770 1479 ser-

341 1532 606 1586 monum,
625 1516 726 1589 qui
748 1513 993 1572 diversis
1016 1514 1185 1570 annis
1217 1513 1442 1571 recitati
1466 1515 1721 1584 fuerunt,
1745 1513 2178 1586 computatione
2198 1512 2667 1586 quinquennium
2692 1513 3011 1580 excedunt;
3036 1511 3539 1585 quemadmodum
3564 1514 3767 1567 trans-

342 1610 585 1664 currunt
605 1605 779 1662 etiam
800 1603 1067 1661 nonnulli
1092 1621 1393 1659 sermones
1416 1604 1486 1659 de
1507 1602 1789 1670 collectis,
1814 1604 1898 1658 uti
1921 1620 1990 1659 ex
2009 1619 2297 1659 annorum
2321 1602 2757 1659 characteribus
2781 1602 2840 1657 in
2865 1602 3075 1659 iisdem
3103 1600 3379 1657 indicatis
3396 1600 3603 1674 liquet.
3626 1599 3767 1655 Ser-

341 1713 545 1753 mones
558 1699 794 1750 octavus
809 1694 878 1749 de
909 1691 1241 1758 Nativitate,
1265 1696 1322 1749 et
1352 1698 1553 1748 sextus
1575 1693 1646 1746 de
1669 1692 1897 1764 jejunio
1929 1691 2161 1763 septimi
2187 1692 2431 1759 mensis,
2453 1690 2774 1763 Eutychem
2794 1690 2975 1747 veluti
2998 1690 3335 1747 haereticum
3354 1706 3627 1763 expresse
3649 1706 3763 1744 no-

339 1786 585 1855 minant,
606 1782 761 1856 quod
793 1779 918 1837 ﬁeri
948 1780 1151 1837 debuit
1180 1780 1355 1837 citius
1385 1798 1521 1837 ann.
1548 1780 1671 1848 449,
1701 1780 1788 1836 vel
1820 1780 2018 1852 potius
2046 1779 2348 1852 aliquanto
2374 1785 2543 1852 post:
2573 1781 2682 1836 hoc
2713 1780 2870 1836 enim
2900 1798 3051 1837 anno
3073 1797 3328 1836 errorem
3352 1779 3599 1853 quidem.
3626 1780 3763 1850 ejus

339 1876 455 1932 Leo
482 1870 915 1939 condemnavit;
940 1871 1040 1926 sed
1063 1886 1199 1925 cum
1218 1869 1533 1942 Eutychem
1566 1860 1889 1925 cerrectum
1924 1869 1996 1924 iri
2034 1873 2314 1942 speraret,
2341 1886 2604 1941 personis
2633 1869 2961 1943 pepercisse
2990 1868 3237 1926 videtur.
3262 1869 3464 1925 Sermo
3493 1867 3565 1924 de
3596 1872 3762 1923 octa-

338 1964 426 2020 vis
457 1960 876 2036 apostolorum,
897 1960 998 2031 qui
1032 1963 1165 2031 post
1195 1959 1579 2031 direptionem
1610 1959 1883 2015 Romanae
1918 1957 2078 2015 urbis
2110 1957 2347 2014 habitus
2377 1958 2506 2025 fuit,
2532 1964 2664 2030 post
2693 1977 2787 2015 an.
2813 1959 2917 2014 445
2947 1957 3213 2015 collocari
3237 1958 3427 2014 debet.
3445 1957 3764 2014 Tractatus

339 2056 545 2109 contra
562 2048 838 2106 haeresim
873 2047 1210 2119 Eutychetis
1248 2048 1440 2116 (nobis
1471 2064 1662 2104 sermo
1688 2047 1873 2120 XCVI)
1907 2046 2185 2103 recitatus
2216 2046 2327 2102 fuit
2355 2046 2414 2103 in
2448 2047 2688 2103 basilica
2719 2048 2776 2104 S.
2808 2046 3128 2103 Anastasize
3161 2050 3293 2119 post
3321 2046 3564 2103 Proterii
3596 2063 3761 2102 mor-

339 2143 482 2208 tem,
516 2154 643 2210 que;
699 2134 907 2191 incidit
950 2135 1006 2189 in
1040 2150 1264 2190 annum
1295 2136 1417 2190 457.
1445 2135 1523 2190 Ex
1553 2134 1645 2190 his
1676 2134 1857 2208 igitur
1884 2134 2268 2191 confirmatur
2297 2135 2452 2207 quod
2489 2133 2657 2191 initio
2689 2133 3025 2202 statuimus,
3060 2134 3291 2191 nullum
3320 2150 3631 2208 superesse
3659 2150 3763 2209 co_-

340 2227 528 2284 dicem
561 2220 661 2299 qui
691 2222 1091 2280 collectionem
1125 2222 1332 2279 Leonis
1363 2227 1529 2279 aetate
1554 2227 1847 2279 exaratam
1880 2218 2194 2280 contineat.

1528 2347 1558 2410 §
1584 2347 1669 2397 VI.
1705 2349 1774 2397 De
1806 2347 2113 2399 Homiliario
2145 2349 2289 2399 Pauli
2320 2348 2558 2400 Diaconi.

351 2516 373 2531 ο
410 2452 499 2507 26.
534 2450 737 2506 Restat
765 2450 830 2503 ut
857 2447 928 2503 de
957 2447 1281 2502 Homiliario
1312 2447 1601 2503 Doctorum
1630 2445 1915 2502 nonnulla
1942 2446 2230 2516 dicamus,
2260 2448 2367 2504 hoc
2415 2447 2573 2504 enim
2621 2446 2840 2520 pariter
2864 2445 3044 2503 veluti
3076 2445 3273 2502 codice
3302 2446 3588 2502 utendum
3621 2444 3758 2501 erit.

343 2540 532 2612 Hujus
556 2536 879 2594 Homiliarii
902 2539 1103 2591 auctor
1129 2539 1218 2592 est
1237 2535 1455 2591 Paulus
1476 2534 1788 2602 Diaconus,
1812 2534 1909 2607 qui
1934 2536 2109 2607 jussu
2133 2535 2317 2592 Caroli
2341 2535 2537 2608 Magni
2558 2535 2751 2592 varias
2774 2534 3013 2590 Patrum
3042 2533 3321 2590 homilias
3344 2550 3450 2605 pro
3469 2534 3755 2590 festorum

339 2629 562 2685 ratione
590 2624 825 2697 collegit
869 2628 1114 2680 exeunte
1161 2623 1373 2680 saeculo
1400 2641 1521 2679 vm.
1556 2624 1618 2680 Id
1651 2622 1837 2695 liquet
1865 2639 1934 2679 ex
1964 2625 2301 2697 praefatione
2344 2625 2609 2696 ejusdem
2641 2623 2827 2680 Caroli
2877 2624 3109 2696 praeﬁxa
3156 2623 3479 2680 rarissimas
3496 2623 3752 2680 editioni

337 2715 595 2790 Spirensi
615 2732 710 2771 an.
730 2714 888 2780 1582,
916 2717 972 2767 et
995 2729 1029 2767 a
1050 2712 1388 2768 Mabillonio
1417 2729 1622 2769 recusa
1653 2717 1794 2768 tom.
1824 2713 2275 2769 [Analeetorum
2313 2730 2443 2787 pag.
2467 2716 2556 2770 25.
2583 2712 2792 2770 Leonis
2824 2729 3123 2769 sermones
3149 2713 3261 2781 XX,
3292 2712 3510 2769 ibidem
3541 2712 3753 2768 inserti

336 2805 631 2878 leguntur;
652 2802 780 2863 Haec
810 2804 1003 2857 autem
1037 2800 1297 2856 collectio
1328 2816 1462 2855 cum
1494 2801 1779 2873 originem
1826 2802 2001 2857 ducat
2030 2820 2097 2858 ex
2127 2820 2269 2858 mss.
2297 2803 2464 2858 libris
2489 2803 2922 2874 antiquioribus
2943 2801 3154 2859 saeculo
3189 2818 3243 2858 IX
3274 2802 3372 2875 qui
3406 2801 3585 2859 Paulo
3617 2803 3762 2858 Dia-

337 2910 481 2951 cono
510 2892 644 2947 usui
677 2892 855 2957 fuere,
881 2907 995 2945 non
1029 2889 1258 2944 minimi
1286 2890 1551 2945 facienda
1573 2891 1700 2945 fuit.
1721 2891 1868 2946 Cum
1888 2908 2021 2947 vero
2046 2891 2242 2963 plures
2268 2892 2531 2962 ejusdem
2555 2889 2876 2946 Homiliarii
2902 2891 3189 2947 editiones
3209 2891 3550 2963 prodierint,
3568 2890 3758 2955 Ques-

336 2981 526 3038 nellus
555 2979 869 3051 aliquando
897 2978 1006 3033 hoc
1038 2977 1298 3050 allegans
1330 2979 1600 3035 adhibuit
1621 2980 1937 3036 editionem
1960 2979 2126 3035 valde
2152 2980 2551 3052 posteriorem,
2575 2980 2634 3035 in
2657 2996 2773 3052 qua
2789 2979 2886 3035 alii
2913 2996 2981 3036 ex
3003 2979 3176 3035 editis
3198 2980 3404 3035 Leonis
3425 2996 3542 3036 non
3564 2996 3759 3052 pauca

337 3068 663 3125 mutarunt.
684 3066 800 3122 Nos
819 3082 951 3121 vero
971 3069 1035 3120 ut
1055 3082 1364 3138 germanas
1386 3066 1549 3122 Pauli
1573 3066 1807 3123 Diaconi
1825 3067 2103 3123 lectiones
2122 3082 2626 3139 cognosceremus,
2647 3066 3008 3122 contulimus
3022 3067 3335 3122 editionem
3355 3065 3756 3122 Basileensem

334 3156 557 3214 Nieolai
584 3153 818 3212 Kesster
853 3153 991 3209 anni
1027 3155 1185 3221 1496,
1218 3158 1516 3226 sumptam
1565 3171 1633 3210 ex
1660 3154 2065 3210 vetustissimo
2095 3154 2289 3212 codice
2319 3154 2584 3211 Ecclesiae
2615 3155 2994 3223 Basileensis;
3029 3172 3154 3228 quae
3203 3156 3339 3211 licet
3385 3171 3503 3211 non
3553 3155 3758 3211 minus

335 3263 513 3319 quam
551 3243 844 3317 Spirensis
893 3241 1207 3298 nonnullos
1254 3259 1553 3299 sermones
1583 3248 1887 3299 auctorum
1921 3244 2306 3315 posteriorum
2354 3243 2653 3299 addititios
2682 3244 2970 3316 praeferat,
3003 3244 3321 3315 genuinam
3352 3248 3552 3299 tamen
3582 3243 3751 3298 Pauli

339 3335 569 3391 Diaconi
599 3333 911 3390 editionem
940 3331 1135 3403 quoad
1150 3334 1392 3388 caeteros
1413 3336 1470 3388 et
1492 3332 1779 3389 Leoninos
1808 3332 2040 3388 exhibet
2065 3351 2078 3389 :
2103 3332 2201 3404 qui
2229 3349 2367 3389 sane
2391 3333 2515 3389 sine
2538 3332 2822 3388 addititiis
2847 3332 2906 3388 in
2929 3333 3162 3388 duobus
3185 3349 3329 3390 mss.
3354 3333 3755 3406 Augiensibus

333 3423 733 3489 inveniuntur,
767 3413 971 3477 eodem
1003 3419 1340 3476 Mabillonio
1372 3423 1520 3476 teste
1548 3423 1692 3477 tom.
1727 3419 1801 3476 IV
1828 3420 2156 3477 Analector.
2188 3438 2319 3494 pag.
2353 3422 2452 3477 631
2490 3426 2548 3477 et
2574 3423 2700 3477 632.

923 3548 947 3605 §
975 3545 1085 3596 VII.
1116 3544 1188 3593 De
1217 3557 1317 3594 ms.
1347 3543 1638 3595 Barberino
1684 3546 1994 3596 continente
2024 3547 2199 3597 varias
2238 3545 2495 3597 lectiones
2523 3559 2833 3596 sermonum
2865 3544 2918 3597 S.
2948 3546 3159 3597 Leonis.

399 3657 492 3711 27.
526 3654 855 3724 Antequam
886 3650 959 3706 ab
987 3650 1097 3706 hac
1127 3650 1460 3723 praefatione
1481 3668 1726 3709 manum
1758 3654 2159 3717 submoveam,
2184 3652 2667 3724 prmmonendum
2698 3656 2809 3721 est,
2831 3670 2946 3722 me,
2978 3653 3121 3709 dum
3154 3653 3350 3709 Romae
3380 3669 3667 3720 versarer,
3697 3652 3759 3709 in

330 3742 684 3801 bibliotheca
711 3739 1029 3797 Barberina
1056 3740 1350 3796 invenisse
1381 3742 1768 3798 recentiorum
1800 3743 2061 3799 codicem
2092 3744 2254 3810 3520,
2277 3742 2379 3815 qui
2402 3759 2514 3798 non
2538 3759 2757 3815 paucas
2774 3741 3069 3798 variantes
3100 3758 3440 3799 sermonum
3462 3746 3519 3797 S.
3545 3741 3762 3798 Leonis

330 3831 574 3904 editioni
632 3835 868 3903 paratas
923 3819 1178 3886 exhibet.
1212 3828 1595 3885 Praemittitur
1636 3829 1837 3886 Italica
1866 3828 2115 3902 epistola
2147 3831 2440 3887 Laurentii
2474 3831 2617 3887 Mari
2650 3831 2869 3904 scripta
2919 3830 3013 3886 die
3067 3832 3138 3887 3O
3193 3829 3384 3888 Martii
3417 3832 3576 3886 1677.
3610 3830 3759 3886 Cum

329 3919 718 3980 ementissimi
750 3917 1064 3975 cardinalis
1093 3917 1386 3974 Francisci
1427 3918 1724 3974 Barberini
1750 3924 1808 3974 et
1828 3919 2125 3974 Brancacii
2159 3923 2285 3975 tum
2320 3920 2541 3992 praelati
2570 3919 2806 3975 nomine
2836 3920 2908 3975 ab
2938 3936 3005 3975 eo
3038 3920 3349 3992 quaesitum
3382 3919 3592 3975 fuisset
3615 3917 3757 3991 quid

326 4011 583 4069 Joannes
605 4008 866 4081 Baptista
888 4007 1086 4063 Marus
1109 4006 1288 4061 frater
1309 4022 1455 4063 suus
1477 4006 1535 4060 in
1560 4006 1875 4063 editionem
1899 4008 2108 4064 Leonis
2130 4007 2484 4081 reliquisset,
2508 4007 2810 4081 respondit
2829 4012 2964 4063 ante
2994 4008 3217 4080 aliquot
3238 4025 3423 4065 annos
3452 4008 3513 4063 in
3541 4024 3759 4063 manus

327 4100 594 4172 ejusdem
627 4098 825 4155 fratris
853 4096 1085 4153 venisse
1114 4095 1432 4152 editionem
1464 4111 1804 4152 sermonum
1837 4096 2068 4168 Leonis,
2101 4098 2162 4152 in
2194 4098 2364 4169 cujus
2397 4097 2762 4169 marginibus
2792 4097 3083 4153 Gerardus
3112 4097 3378 4164 Vossius,
3402 4097 3758 4170 praepositus

327 4190 712 4264 Tungrensis,
737 4187 1031 4243 variantes
1059 4185 1341 4242 lectiones
1372 4190 1673 4242 notaverat
1707 4202 1719 4242 :
1754 4185 1863 4243 has
1895 4191 2092 4243 autem
2142 4186 2349 4243 exinde
2379 4186 2739 4258 excerpsisse
2768 4187 3053 4243 Joannem
3105 4186 3457 4259 Baptistam;
3492 4184 3759 4259 aliasque

324 4280 619 4336 variantes
648 4294 717 4333 ex
746 4275 877 4331 aliis
911 4274 1216 4331 codicibus
1246 4278 1305 4330 et
1335 4275 1691 4331 editionibus
1723 4275 2021 4331 addidisse
2051 4290 2117 4330 eo
2148 4274 2411 4341 consilio,
2435 4279 2500 4330 ut
2528 4291 2737 4330 novam
2764 4290 3102 4333 sermonum
3136 4274 3449 4331 editionem
3479 4273 3755 4348 vulgaret

329 4382 462 4424 cum
495 4365 663 4422 titulo
697 4381 710 4419 :
744 4365 1026 4420 Sermones
1066 4363 1120 4419 S.
1152 4365 1347 4421 Leonis
1394 4367 1592 4437 Magni
1638 4366 1883 4422 restituti
1910 4365 1981 4420 ad
2008 4364 2171 4435 ﬁdem
2196 4366 2446 4436 plurium
2493 4364 2743 4422 codicum
2788 4381 2944 4435 mss.,
2968 4364 3400 4439 concluditque,
3434 4363 3753 4420 editionem

328 4455 669 4529 praedictam
700 4468 835 4506 cum
865 4451 1231 4508 variantibus
1262 4452 1477 4522 Vossii,
1510 4457 1567 4509 et
1613 4453 1704 4509 sui
1756 4453 1953 4509 fratris
1992 4451 2427 4509 lucubrationes
2477 4471 2539 4510 se
2584 4453 2899 4510 tradidisse
2947 4452 3216 4509 Michaeli
3265 4452 3485 4526 Angelo
3534 4451 3751 4518 Riccio,

327 4544 532 4615 postea
563 4538 868 4606 cardinali,
901 4555 969 4593 ex
1017 4555 1153 4609 quo,
1187 4538 1545 4612 quicumque
1572 4541 1731 4607 velit,
1762 4557 1832 4596 ea
1878 4545 2072 4613 petere
2120 4541 2349 4614 poterit.
2382 4541 2662 4614 Sequitur
2699 4542 2957 4615 praefatio
2986 4540 3234 4598 Joannis
3281 4540 3554 4613 Baptistae
3604 4540 3753 4597 Mari

327 4627 579 4686 editioni
610 4626 1034 4701 praemittenda,
1067 4642 1249 4697 quam
1277 4626 1371 4684 hic
1397 4628 1768 4700 subjicimus.
2161 4661 2164 4664 ~

1421 4770 1727 4828 LECTORI
1763 4772 1966 4829 JOAN.
2009 4772 2357 4829 BAPTISTA
2394 4772 2658 4829 MARUS.

399 4909 428 4938 ‹‹
462 4884 678 4951 Prodit,
709 4883 922 4939 iterum
954 4883 1013 4938 in
1044 4882 1235 4939 lucem
1265 4883 1436 4941 divus
1470 4886 1581 4943 Leo
1612 4887 1787 4943 rebus
1836 4887 2113 4943 omnibus
2144 4904 2414 4961 magnus,
2440 4887 2649 4944 ultima
2678 4904 2857 4943 manu
2902 4893 2959 4943 et
3006 4887 3363 4943 accuratiore
3394 4904 3577 4960 quam
3610 4891 3744 4944 ante

327 4974 633 5047 diligentia
653 4972 979 5029 restitutus.
993 4973 1182 5028 Tanta
1205 4978 1296 5028 est
1317 4974 1575 5047 dignitas
1596 4976 1875 5044 auctoris,
1899 4975 2247 5049 eloquentia:
2274 4978 2574 5048 majestas,
2598 4976 2880 5033 sanctitas
2898 4978 3047 5043 vitae,
3066 4981 3230 5032 tanta
3250 4974 3618 5032 devictarum
3640 4977 3752 5032 hie-

327 5080 546 5133 resum,
570 5066 627 5119 et
648 5062 853 5118 frenati
877 5061 1085 5128 Attila},
1106 5079 1172 5118 ac
1205 5067 1440 5118 servatae
1464 5064 1658 5119 Romae
1680 5065 1883 5139 gloria.
1902 5069 1967 5120 ut
1988 5069 2046 5121 et
2075 5065 2262 5137 ipsius
2289 5065 2521 5137 scriptis
2544 5065 2614 5120 ad
2647 5081 2989 5138 germanam
3021 5063 3374 5120 sententiam
3406 5064 3746 5121 revocandis

328 5171 442 5210 non
465 5152 651 5226 possit
671 5152 797 5207 sine
817 5151 1112 5208 uberrimo
1135 5150 1402 5207 Ecclesiae
1427 5154 1616 5209 fructu
1640 5159 1696 5210 et
1718 5153 1842 5210 sine
1867 5171 2103 5211 summa
2116 5155 2482 5211 eruditorum
2497 5151 2792 5226 voluptate
2820 5152 3123 5210 elaborari.
3140 5152 3271 5208 Fuit
3290 5153 3401 5208 iste
3422 5152 3594 5209 labor
3614 5169 3750 5226 pau-

326 5242 412 5299 cis
435 5246 566 5298 ante
588 5239 760 5297 annis
781 5240 842 5294 P.
863 5237 1171 5310 Theophili
1193 5239 1483 5296 Rainaudi
1505 5258 1622 5298 soc.
1645 5242 1677 5298 J
1685 5259 1786 5298 esu
1804 5243 2081 5316 theologi,
2101 5244 2173 5299 de
2193 5243 2363 5314 cuius
2386 5241 2695 5314 multiplici
2717 5241 3044 5299 eruditione
3065 5240 3341 5314 praeclara
3362 5247 3748 5298 monumenta

326 5332 402 5388 ab
429 5346 497 5388 eo
527 5329 680 5405 typis
711 5328 868 5384 edita
896 5326 1130 5382 abunde
1158 5331 1473 5383 testantur.
1494 5330 1565 5385 At
1585 5331 1866 5401 quoniam
1890 5348 2005 5388 non
2026 5336 2145 5386 tam
2169 5348 2238 5387 ex
2259 5331 2492 5404 ingenio
2517 5334 2574 5386 et
2595 5330 2861 5387 doctrina
2885 5347 3063 5403 quam
3085 5347 3153 5386 ex
3172 5328 3455 5385 varietate
3475 5331 3744 5389 codicum

324 5419 479 5494 typis
495 5418 784 5476 editorum
801 5420 861 5472 et
872 5414 988 5470 ﬁde
1007 5413 1382 5487 antiquorum
1404 5418 1935 5490 manuscriptorum
1956 5435 2104 5492 opus
2123 5424 2459 5494 susceptum
2483 5418 2940 5493 pendebat;lieet
2952 5437 3065 5476 non
3088 5419 3212 5475 sine
3229 5416 3404 5474 laude
3421 5422 3481 5474 et
3500 5418 3746 5476 utilitate

325 5508 388 5566 in
417 5524 485 5566 eo
516 5504 838 5579 desudarit,
869 5508 1069 5562 tamen
1099 5519 1232 5561 cum
1263 5502 1522 5578 plurima
1551 5505 1857 5581 utriusque
1898 5509 2127 5582 generis
2172 5508 2441 5583 exempla
2467 5508 2520 5565 ei
2551 5508 2860 5578 defuerint,
2895 5526 3013 5566 non
3043 5506 3232 5583 potuit
3280 5518 3388 5579 pro
3416 5512 3553 5566 voto
3585 5511 3749 5567 tanta

327 5596 629 5680 pontiﬁcis
649 5596 868 5676 scripta
897 5594 1092 5655 nativo
1123 5593 1299 5655 nitori
1329 5593 1634 5654 restituere
1667 5612 1679 5655 :
1718 5613 1832 5677 quo
1866 5597 2084 5656 factum
2114 5602 2205 5657 est
2236 5601 2300 5657 ut
2328 5603 2386 5658 et
2414 5596 2578 5689 operi
2608 5597 2838 5657 deesset
2866 5601 3063 5674 optata
3091 5593 3385 5657 absolutio
3413 5599 3477 5658 et
3507 5597 3567 5657 in
3598 5596 3746 5659 sacri
