  <div class='ocr_page' id='page_1' title='image "/cluster/home/n/w/nwhite01/storage/ocr_20150623/54/uva.x000827097/076.png"; bbox 0 0 3914 6232; ppageno 0'>
   <div class='ocr_carea' id='block_1_1' title="bbox 115 403 1661 469">
    <p class='ocr_par' dir='ltr' id='par_1_1' title="bbox 115 403 1661 468">
     <span class='ocr_line' id='line_1_1' title="bbox 115 403 1661 468; baseline 0.001 -2"><span class='ocrx_word' id='word_1_1' title='bbox 115 407 200 466; x_wconf 66' lang='lat' dir='ltr'>l3?</span> <span class='ocrx_word' id='word_1_2' title='bbox 915 405 1330 468; x_wconf 66' lang='lat' dir='ltr'>PREFATIO</span> <span class='ocrx_word' id='word_1_3' title='bbox 1373 405 1452 466; x_wconf 91' lang='lat' dir='ltr'>IN</span> <span class='ocrx_word' id='word_1_4' title='bbox 1499 403 1661 467; x_wconf 77' lang='lat' dir='ltr'>SER]</span> 
     </span>
    </p>
   </div>
   <div class='ocr_carea' id='block_1_2' title="bbox 1956 403 3502 469">
    <p class='ocr_par' dir='ltr' id='par_1_2' title="bbox 1961 404 3502 469">
     <span class='ocr_line' id='line_1_2' title="bbox 1961 404 3502 469; baseline -0.001 -3"><span class='ocrx_word' id='word_1_5' title='bbox 1961 405 2025 466; x_wconf 89' lang='lat' dir='ltr'>S.</span> <span class='ocrx_word' id='word_1_6' title='bbox 2074 405 2356 468; x_wconf 86' lang='lat' dir='ltr'><strong>LEONIS</strong></span> <span class='ocrx_word' id='word_1_7' title='bbox 2402 407 2676 469; x_wconf 80' lang='lat' dir='ltr'>MAGNI.</span> <span class='ocrx_word' id='word_1_8' title='bbox 3385 404 3502 466; x_wconf 62' lang='lat'>£38</span> 
     </span>
    </p>
   </div>
   <div class='ocr_carea' id='block_1_3' title="bbox 110 535 3499 611">
    <p class='ocr_par' dir='ltr' id='par_1_3' title="bbox 110 535 3499 611">
     <span class='ocr_line' id='line_1_3' title="bbox 110 535 3499 611; baseline -0.001 -15"><span class='ocrx_word' id='word_1_9' title='bbox 110 538 247 596; x_wconf 77' lang='lat' dir='ltr'>ofﬁcii</span> <span class='ocrx_word' id='word_1_10' title='bbox 265 535 643 604; x_wconf 77' lang='lat' dir='ltr'>lectionibus,</span> <span class='ocrx_word' id='word_1_11' title='bbox 680 554 840 610; x_wconf 87' lang='lat' dir='ltr'>quas</span> <span class='ocrx_word' id='word_1_12' title='bbox 869 543 1066 596; x_wconf 83' lang='lat' dir='ltr'>sancta</span> <span class='ocrx_word' id='word_1_13' title='bbox 1095 537 1350 594; x_wconf 80' lang='lat' dir='ltr'>Ecclesia</span> <span class='ocrx_word' id='word_1_14' title='bbox 1393 538 1452 592; x_wconf 90' lang='lat' dir='ltr'>in</span> <span class='ocrx_word' id='word_1_15' title='bbox 1501 537 1808 610; x_wconf 69' lang='lat' dir='ltr'>praecipuis</span> <span class='ocrx_word' id='word_1_16' title='bbox 1853 538 1986 593; x_wconf 89' lang='lat' dir='ltr'>anni</span> <span class='ocrx_word' id='word_1_17' title='bbox 2039 538 2509 595; x_wconf 80' lang='lat' dir='ltr'>solemnitatibus</span> <span class='ocrx_word' id='word_1_18' title='bbox 2554 557 2622 594; x_wconf 81' lang='lat' dir='ltr'>ex</span> <span class='ocrx_word' id='word_1_19' title='bbox 2668 540 2866 611; x_wconf 85' lang='lat' dir='ltr'><strong>magni</strong></span> <span class='ocrx_word' id='word_1_20' title='bbox 2902 537 3112 594; x_wconf 83' lang='lat' dir='ltr'>Leonis</span> <span class='ocrx_word' id='word_1_21' title='bbox 3142 537 3351 594; x_wconf 83' lang='lat' dir='ltr'>Divina</span> <span class='ocrx_word' id='word_1_22' title='bbox 3378 537 3499 593; x_wconf 89' lang='lat' dir='ltr'>elo-</span> 
     </span>
    </p>
   </div>
   <div class='ocr_carea' id='block_1_4' title="bbox 104 625 3501 698">
    <p class='ocr_par' dir='ltr' id='par_1_4' title="bbox 104 625 3501 698">
     <span class='ocr_line' id='line_1_4' title="bbox 104 625 3501 698; baseline -0.001 -16"><span class='ocrx_word' id='word_1_23' title='bbox 104 628 299 697; x_wconf 75' lang='lat' dir='ltr'>quentia</span> <span class='ocrx_word' id='word_1_24' title='bbox 325 626 591 681; x_wconf 88' lang='lat' dir='ltr'>mutuari</span> <span class='ocrx_word' id='word_1_25' title='bbox 615 626 800 694; x_wconf 81' lang='lat' dir='ltr'>solet,</span> <span class='ocrx_word' id='word_1_26' title='bbox 834 627 1040 682; x_wconf 88' lang='lat' dir='ltr'>menda</span> <span class='ocrx_word' id='word_1_27' title='bbox 1065 644 1180 682; x_wconf 92' lang='lat' dir='ltr'>non</span> <span class='ocrx_word' id='word_1_28' title='bbox 1214 643 1398 698; x_wconf 89' lang='lat' dir='ltr'>pauca</span> <span class='ocrx_word' id='word_1_29' title='bbox 1428 626 1770 690; x_wconf 83' lang='lat' dir='ltr'>residerent,</span> <span class='ocrx_word' id='word_1_30' title='bbox 1805 627 1958 698; x_wconf 90' lang='lat' dir='ltr'>quod</span> <span class='ocrx_word' id='word_1_31' title='bbox 1991 627 2048 680; x_wconf 90' lang='lat' dir='ltr'>in</span> <span class='ocrx_word' id='word_1_32' title='bbox 2078 628 2233 698; x_wconf 83' lang='lat' dir='ltr'>typis</span> <span class='ocrx_word' id='word_1_33' title='bbox 2266 628 2610 682; x_wconf 78' lang='lat' dir='ltr'>renovandis</span> <span class='ocrx_word' id='word_1_34' title='bbox 2629 629 2700 682; x_wconf 91' lang='lat' dir='ltr'>ad</span> <span class='ocrx_word' id='word_1_35' title='bbox 2725 627 2995 682; x_wconf 80' lang='lat' dir='ltr'>ultimam</span> <span class='ocrx_word' id='word_1_36' title='bbox 3043 625 3359 681; x_wconf 78' lang='lat' dir='ltr'>editionem</span> <span class='ocrx_word' id='word_1_37' title='bbox 3398 640 3501 680; x_wconf 60' lang='lat' dir='ltr'>vev</span> 
     </span>
    </p>
   </div>
   <div class='ocr_carea' id='block_1_5' title="bbox 105 712 3498 789">
    <p class='ocr_par' dir='ltr' id='par_1_5' title="bbox 105 712 3498 789">
     <span class='ocr_line' id='line_1_5' title="bbox 105 712 3498 789; baseline -0 -21"><span class='ocrx_word' id='word_1_38' title='bbox 105 713 172 770; x_wconf 88' lang='lat' dir='ltr'>lut</span> <span class='ocrx_word' id='word_1_39' title='bbox 205 714 660 770; x_wconf 81' lang='lat' dir='ltr'>emendatiorem</span> <span class='ocrx_word' id='word_1_40' title='bbox 697 717 884 771; x_wconf 87' lang='lat' dir='ltr'>soleat</span> <span class='ocrx_word' id='word_1_41' title='bbox 911 715 1148 771; x_wconf 90' lang='lat' dir='ltr'>recurri.</span> <span class='ocrx_word' id='word_1_42' title='bbox 1184 719 1372 781; x_wconf 87' lang='lat' dir='ltr'>Quare</span> <span class='ocrx_word' id='word_1_43' title='bbox 1412 731 1545 770; x_wconf 92' lang='lat' dir='ltr'>cum</span> <span class='ocrx_word' id='word_1_44' title='bbox 1599 715 1828 774; x_wconf 89' lang='lat' dir='ltr'>diversa</span> <span class='ocrx_word' id='word_1_45' title='bbox 1857 716 2121 788; x_wconf 86' lang='lat' dir='ltr'>exempla</span> <span class='ocrx_word' id='word_1_46' title='bbox 2169 717 2321 789; x_wconf 80' lang='lat' dir='ltr'>typis</span> <span class='ocrx_word' id='word_1_47' title='bbox 2369 717 2542 785; x_wconf 86' lang='lat' dir='ltr'>edita,</span> <span class='ocrx_word' id='word_1_48' title='bbox 2589 721 2644 771; x_wconf 93' lang='lat' dir='ltr'>et</span> <span class='ocrx_word' id='word_1_49' title='bbox 2691 717 2805 771; x_wconf 83' lang='lat' dir='ltr'>ﬁde</span> <span class='ocrx_word' id='word_1_50' title='bbox 2858 715 3036 788; x_wconf 85' lang='lat' dir='ltr'>digna</span> <span class='ocrx_word' id='word_1_51' title='bbox 3093 712 3498 785; x_wconf 68' lang='lat' dir='ltr'>manuscripts!</span> 
     </span>
    </p>
   </div>
   <div class='ocr_carea' id='block_1_6' title="bbox 103 802 3496 877">
    <p class='ocr_par' dir='ltr' id='par_1_6' title="bbox 103 802 3496 877">
     <span class='ocr_line' id='line_1_6' title="bbox 103 802 3496 877; baseline -0 -19"><span class='ocrx_word' id='word_1_52' title='bbox 103 805 297 876; x_wconf 80' lang='lat' dir='ltr'>antiqua</span> <span class='ocrx_word' id='word_1_53' title='bbox 322 821 438 859; x_wconf 88' lang='lat' dir='ltr'>non</span> <span class='ocrx_word' id='word_1_54' title='bbox 472 819 702 876; x_wconf 85' lang='lat' dir='ltr'>pauca,</span> <span class='ocrx_word' id='word_1_55' title='bbox 743 806 950 877; x_wconf 87' lang='lat' dir='ltr'>quibus</span> <span class='ocrx_word' id='word_1_56' title='bbox 980 810 1246 861; x_wconf 89' lang='lat' dir='ltr'>caruerat</span> <span class='ocrx_word' id='word_1_57' title='bbox 1267 804 1627 876; x_wconf 86' lang='lat' dir='ltr'>Theophilus</span> <span class='ocrx_word' id='word_1_58' title='bbox 1677 804 2037 870; x_wconf 83' lang='lat' dir='ltr'>Rainaudus,</span> <span class='ocrx_word' id='word_1_59' title='bbox 2088 805 2243 859; x_wconf 86' lang='lat' dir='ltr'>nacti</span> <span class='ocrx_word' id='word_1_60' title='bbox 2292 822 2558 860; x_wconf 85' lang='lat' dir='ltr'>essemus</span> <span class='ocrx_word' id='word_1_61' title='bbox 2585 823 2596 872; x_wconf 92' lang='lat'><strong>;</strong></span> <span class='ocrx_word' id='word_1_62' title='bbox 2622 805 2834 872; x_wconf 89' lang='lat' dir='ltr'>lucem,</span> <span class='ocrx_word' id='word_1_63' title='bbox 2868 821 2994 877; x_wconf 70' lang='lat' dir='ltr'>quae</span> <span class='ocrx_word' id='word_1_64' title='bbox 3019 821 3088 860; x_wconf 86' lang='lat' dir='ltr'>ex</span> <span class='ocrx_word' id='word_1_65' title='bbox 3106 802 3227 860; x_wconf 90' lang='lat' dir='ltr'>illis</span> <span class='ocrx_word' id='word_1_66' title='bbox 3258 802 3496 874; x_wconf 85' lang='lat' dir='ltr'>copiosa</span> 
     </span>
    </p>
   </div>
   <div class='ocr_carea' id='block_1_7' title="bbox 101 891 3494 966">
    <p class='ocr_par' dir='ltr' id='par_1_7' title="bbox 101 891 3494 966">
     <span class='ocr_line' id='line_1_7' title="bbox 101 891 3494 966; baseline -0 -18"><span class='ocrx_word' id='word_1_67' title='bbox 101 893 258 948; x_wconf 78' lang='lat' dir='ltr'>conﬁci</span> <span class='ocrx_word' id='word_1_68' title='bbox 288 894 618 966; x_wconf 88' lang='lat' dir='ltr'>poterat,in</span> <span class='ocrx_word' id='word_1_69' title='bbox 653 893 942 950; x_wconf 86' lang='lat' dir='ltr'>honorem</span> <span class='ocrx_word' id='word_1_70' title='bbox 973 893 1118 949; x_wconf 88' lang='lat' dir='ltr'>tanti</span> <span class='ocrx_word' id='word_1_71' title='bbox 1141 892 1436 966; x_wconf 86' lang='lat' dir='ltr'>pontificis</span> <span class='ocrx_word' id='word_1_72' title='bbox 1469 893 1941 965; x_wconf 85' lang='lat' dir='ltr'>scriptorumque</span> <span class='ocrx_word' id='word_1_73' title='bbox 1972 893 2098 963; x_wconf 83' lang='lat' dir='ltr'>ejus</span> <span class='ocrx_word' id='word_1_74' title='bbox 2147 897 2404 964; x_wconf 86' lang='lat' dir='ltr'>optatam</span> <span class='ocrx_word' id='word_1_75' title='bbox 2454 895 2902 960; x_wconf 86' lang='lat' dir='ltr'>restitutionem,</span> <span class='ocrx_word' id='word_1_76' title='bbox 2955 897 3014 948; x_wconf 89' lang='lat' dir='ltr'>et</span> <span class='ocrx_word' id='word_1_77' title='bbox 3041 893 3355 948; x_wconf 83' lang='lat' dir='ltr'>utilitatem</span> <span class='ocrx_word' id='word_1_78' title='bbox 3387 891 3494 947; x_wconf 84' lang='lat' dir='ltr'>Ec-</span> 
     </span>
    </p>
   </div>
   <div class='ocr_carea' id='block_1_8' title="bbox 101 978 3499 1053">
    <p class='ocr_par' dir='ltr' id='par_1_8' title="bbox 101 978 3499 1053">
     <span class='ocr_line' id='line_1_8' title="bbox 101 978 3499 1053; baseline -0 -18"><span class='ocrx_word' id='word_1_79' title='bbox 101 980 263 1048; x_wconf 65' lang='lat' dir='ltr'>clesia,</span> <span class='ocrx_word' id='word_1_80' title='bbox 291 989 464 1053; x_wconf 83' lang='lat' dir='ltr'>atque</span> <span class='ocrx_word' id='word_1_81' title='bbox 497 981 881 1038; x_wconf 72' lang='lat' dir='ltr'>eruditorum</span> <span class='ocrx_word' id='word_1_82' title='bbox 913 982 1270 1053; x_wconf 85' lang='lat' dir='ltr'>voluptatem</span> <span class='ocrx_word' id='word_1_83' title='bbox 1299 982 1575 1036; x_wconf 87' lang='lat' dir='ltr'>duximus</span> <span class='ocrx_word' id='word_1_84' title='bbox 1606 982 2038 1037; x_wconf 87' lang='lat' dir='ltr'>conferendam.</span> <span class='ocrx_word' id='word_1_85' title='bbox 2081 982 2240 1053; x_wconf 86' lang='lat' dir='ltr'>Vale,</span> <span class='ocrx_word' id='word_1_86' title='bbox 2282 983 2468 1037; x_wconf 89' lang='lat' dir='ltr'>amice</span> <span class='ocrx_word' id='word_1_87' title='bbox 2507 982 2705 1051; x_wconf 88' lang='lat' dir='ltr'>lector;</span> <span class='ocrx_word' id='word_1_88' title='bbox 2757 986 2814 1037; x_wconf 87' lang='lat' dir='ltr'>et</span> <span class='ocrx_word' id='word_1_89' title='bbox 2854 983 2998 1037; x_wconf 92' lang='lat' dir='ltr'>dum</span> <span class='ocrx_word' id='word_1_90' title='bbox 3044 981 3252 1038; x_wconf 80' lang='lat' dir='ltr'>foveris</span> <span class='ocrx_word' id='word_1_91' title='bbox 3295 978 3499 1036; x_wconf 81' lang='lat' dir='ltr'>labore</span> 
     </span>
    </p>
   </div>
   <div class='ocr_carea' id='block_1_9' title="bbox 101 1069 1608 1142">
    <p class='ocr_par' dir='ltr' id='par_1_9' title="bbox 101 1069 1608 1142">
     <span class='ocr_line' id='line_1_9' title="bbox 101 1069 1608 1142; baseline -0.003 -19"><span class='ocrx_word' id='word_1_92' title='bbox 101 1078 275 1137; x_wconf 79' lang='lat' dir='ltr'>nostro,</span> <span class='ocrx_word' id='word_1_93' title='bbox 305 1070 451 1135; x_wconf 82' lang='lat' dir='ltr'>fave,</span> <span class='ocrx_word' id='word_1_94' title='bbox 486 1087 560 1126; x_wconf 87' lang='lat' dir='ltr'>ac</span> <span class='ocrx_word' id='word_1_95' title='bbox 594 1070 651 1126; x_wconf 88' lang='lat' dir='ltr'>si</span> <span class='ocrx_word' id='word_1_96' title='bbox 690 1071 834 1142; x_wconf 86' lang='lat' dir='ltr'>quid</span> <span class='ocrx_word' id='word_1_97' title='bbox 861 1069 1072 1126; x_wconf 90' lang='lat' dir='ltr'>melius</span> <span class='ocrx_word' id='word_1_98' title='bbox 1102 1069 1279 1135; x_wconf 85' lang='lat' dir='ltr'>nosti,</span> <span class='ocrx_word' id='word_1_99' title='bbox 1310 1087 1534 1142; x_wconf 85' lang='lat' dir='ltr'>prome.</span> <span class='ocrx_word' id='word_1_100' title='bbox 1579 1091 1608 1120; x_wconf 87' lang='lat'><strong>»</strong></span> 
     </span>
    </p>
   </div>
   <div class='ocr_carea' id='block_1_10' title="bbox 151 1157 3492 1231">
    <p class='ocr_par' dir='ltr' id='par_1_10' title="bbox 151 1157 3492 1231">
     <span class='ocr_line' id='line_1_10' title="bbox 151 1157 3492 1231; baseline 0.001 -19"><span class='ocrx_word' id='word_1_101' title='bbox 151 1157 232 1214; x_wconf 83' lang='lat' dir='ltr'>Hic</span> <span class='ocrx_word' id='word_1_102' title='bbox 247 1158 708 1231; x_wconf 82' lang='lat' dir='ltr'>Joan.Baptista</span> <span class='ocrx_word' id='word_1_103' title='bbox 722 1157 1052 1230; x_wconf 89' lang='lat' dir='ltr'>Marus,qui</span> <span class='ocrx_word' id='word_1_104' title='bbox 1082 1157 1244 1214; x_wconf 91' lang='lat' dir='ltr'>hisce</span> <span class='ocrx_word' id='word_1_105' title='bbox 1275 1158 1487 1213; x_wconf 87' lang='lat' dir='ltr'>studiis</span> <span class='ocrx_word' id='word_1_106' title='bbox 1505 1157 2186 1228; x_wconf 70' lang='lat' dir='ltr'>delectabatur,an1644,</span> <span class='ocrx_word' id='word_1_107' title='bbox 2210 1177 2278 1214; x_wconf 86' lang='lat' dir='ltr'>ex</span> <span class='ocrx_word' id='word_1_108' title='bbox 2297 1177 2445 1226; x_wconf 89' lang='lat' dir='ltr'>mss,</span> <span class='ocrx_word' id='word_1_109' title='bbox 2461 1159 2764 1216; x_wconf 85' lang='lat' dir='ltr'>Vaticanis</span> <span class='ocrx_word' id='word_1_110' title='bbox 2787 1165 2845 1216; x_wconf 85' lang='lat' dir='ltr'>et</span> <span class='ocrx_word' id='word_1_111' title='bbox 2857 1159 3191 1216; x_wconf 88' lang='lat' dir='ltr'>Barberinis</span> <span class='ocrx_word' id='word_1_112' title='bbox 3204 1158 3492 1230; x_wconf 89' lang='lat' dir='ltr'>quosdam</span> 
     </span>
    </p>
   </div>
   <div class='ocr_carea' id='block_1_11' title="bbox 97 1246 3495 1320">
    <p class='ocr_par' dir='ltr' id='par_1_11' title="bbox 97 1246 3495 1320">
     <span class='ocr_line' id='line_1_11' title="bbox 97 1246 3495 1320; baseline 0 -19"><span class='ocrx_word' id='word_1_113' title='bbox 97 1248 355 1316; x_wconf 76' lang='lat' dir='ltr'>Augustini</span> <span class='ocrx_word' id='word_1_114' title='bbox 389 1264 743 1314; x_wconf 89' lang='lat' dir='ltr'>sermones,</span> <span class='ocrx_word' id='word_1_115' title='bbox 777 1252 834 1304; x_wconf 88' lang='lat' dir='ltr'>et</span> <span class='ocrx_word' id='word_1_116' title='bbox 861 1263 929 1302; x_wconf 83' lang='lat' dir='ltr'>ex</span> <span class='ocrx_word' id='word_1_117' title='bbox 958 1247 1088 1302; x_wconf 88' lang='lat' dir='ltr'>Vat.</span> <span class='ocrx_word' id='word_1_118' title='bbox 1117 1247 1245 1302; x_wconf 90' lang='lat' dir='ltr'>cod.</span> <span class='ocrx_word' id='word_1_119' title='bbox 1282 1246 1419 1302; x_wconf 84' lang='lat'>1203</span> <span class='ocrx_word' id='word_1_120' title='bbox 1451 1246 1712 1318; x_wconf 82' lang='lat' dir='ltr'>dialogos</span> <span class='ocrx_word' id='word_1_121' title='bbox 1743 1246 2028 1302; x_wconf 88' lang='lat' dir='ltr'>Desiderii</span> <span class='ocrx_word' id='word_1_122' title='bbox 2077 1247 2307 1302; x_wconf 84' lang='lat' dir='ltr'>abbatis</span> <span class='ocrx_word' id='word_1_123' title='bbox 2362 1247 2720 1315; x_wconf 85' lang='lat' dir='ltr'>Casinensis,</span> <span class='ocrx_word' id='word_1_124' title='bbox 2777 1253 2979 1320; x_wconf 90' lang='lat' dir='ltr'>postea</span> <span class='ocrx_word' id='word_1_125' title='bbox 3024 1247 3276 1302; x_wconf 85' lang='lat' dir='ltr'>Victoris</span> <span class='ocrx_word' id='word_1_126' title='bbox 3307 1246 3404 1313; x_wconf 89' lang='lat' dir='ltr'>Ill,</span> <span class='ocrx_word' id='word_1_127' title='bbox 3428 1260 3495 1302; x_wconf 86' lang='lat' dir='ltr'>ao</span> 
     </span>
    </p>
   </div>
   <div class='ocr_carea' id='block_1_12' title="bbox 96 1331 3490 1394">
    <p class='ocr_par' dir='ltr' id='par_1_12' title="bbox 96 1331 3490 1394">
     <span class='ocr_line' id='line_1_12' title="bbox 96 1331 3490 1394; baseline 0.001 -5"><span class='ocrx_word' id='word_1_128' title='bbox 96 1336 284 1390; x_wconf 77' lang='lat' dir='ltr'>tandem</span> <span class='ocrx_word' id='word_1_129' title='bbox 314 1353 468 1392; x_wconf 82' lang='lat' dir='ltr'>anno</span> <span class='ocrx_word' id='word_1_130' title='bbox 505 1339 664 1391; x_wconf 83' lang='grc'>1655</span> <span class='ocrx_word' id='word_1_131' title='bbox 698 1354 748 1394; x_wconf 93' lang='lat' dir='ltr'>e.</span> <span class='ocrx_word' id='word_1_132' title='bbox 781 1353 894 1392; x_wconf 89' lang='lat' dir='ltr'>ms.</span> <span class='ocrx_word' id='word_1_133' title='bbox 928 1336 1245 1391; x_wconf 89' lang='lat' dir='ltr'>Barberino</span> <span class='ocrx_word' id='word_1_134' title='bbox 1279 1336 1874 1391; x_wconf 86' lang='lat' dir='ltr'>PietrumDiaconum</span> <span class='ocrx_word' id='word_1_135' title='bbox 1891 1336 1963 1390; x_wconf 94' lang='lat' dir='ltr'>de</span> <span class='ocrx_word' id='word_1_136' title='bbox 1991 1336 2147 1390; x_wconf 89' lang='lat' dir='ltr'>Viris</span> <span class='ocrx_word' id='word_1_137' title='bbox 2180 1335 2516 1391; x_wconf 91' lang='lat' dir='ltr'>lllustribus</span> <span class='ocrx_word' id='word_1_138' title='bbox 2534 1337 2953 1392; x_wconf 87' lang='lat' dir='ltr'>Casinensibus</span> <span class='ocrx_word' id='word_1_139' title='bbox 2983 1336 3177 1391; x_wconf 67' lang='lat' dir='ltr'>Romae</span> <span class='ocrx_word' id='word_1_140' title='bbox 3208 1331 3490 1393; x_wconf 77' lang='lat' dir='ltr'>ediderat.</span> 
     </span>
    </p>
   </div>
   <div class='ocr_carea' id='block_1_13' title="bbox 94 1423 3494 1497">
    <p class='ocr_par' dir='ltr' id='par_1_13' title="bbox 94 1423 3494 1497">
     <span class='ocr_line' id='line_1_13' title="bbox 94 1423 3494 1497; baseline 0 -20"><span class='ocrx_word' id='word_1_141' title='bbox 94 1423 438 1482; x_wconf 79' lang='lat' dir='ltr'>Observamus</span> <span class='ocrx_word' id='word_1_142' title='bbox 465 1432 687 1482; x_wconf 87' lang='lat' dir='ltr'>autem</span> <span class='ocrx_word' id='word_1_143' title='bbox 721 1427 780 1480; x_wconf 91' lang='lat' dir='ltr'>in</span> <span class='ocrx_word' id='word_1_144' title='bbox 808 1426 1046 1480; x_wconf 75' lang='lat' dir='ltr'>laudata</span> <span class='ocrx_word' id='word_1_145' title='bbox 1070 1425 1411 1497; x_wconf 71' lang='lat' dir='ltr'>prmfatione</span> <span class='ocrx_word' id='word_1_146' title='bbox 1451 1424 1672 1480; x_wconf 87' lang='lat' dir='ltr'>nullam</span> <span class='ocrx_word' id='word_1_147' title='bbox 1707 1425 2061 1481; x_wconf 86' lang='lat' dir='ltr'>mentionem</span> <span class='ocrx_word' id='word_1_148' title='bbox 2087 1424 2210 1479; x_wconf 82' lang='lat' dir='ltr'>ﬁeri</span> <span class='ocrx_word' id='word_1_149' title='bbox 2249 1425 2542 1480; x_wconf 86' lang='lat' dir='ltr'>variarum</span> <span class='ocrx_word' id='word_1_150' title='bbox 2578 1424 2896 1481; x_wconf 86' lang='lat' dir='ltr'>lectionum</span> <span class='ocrx_word' id='word_1_151' title='bbox 2920 1425 3134 1493; x_wconf 86' lang='lat' dir='ltr'>Vossii,</span> <span class='ocrx_word' id='word_1_152' title='bbox 3157 1441 3304 1497; x_wconf 88' lang='lat' dir='ltr'>quas</span> <span class='ocrx_word' id='word_1_153' title='bbox 3337 1424 3494 1479; x_wconf 82' lang='lat' dir='ltr'>Lau-</span> 
     </span>
    </p>
   </div>
   <div class='ocr_carea' id='block_1_14' title="bbox 92 1512 3490 1586">
    <p class='ocr_par' dir='ltr' id='par_1_14' title="bbox 92 1512 3490 1586">
     <span class='ocr_line' id='line_1_14' title="bbox 92 1512 3490 1586; baseline 0.001 -20"><span class='ocrx_word' id='word_1_154' title='bbox 92 1512 270 1568; x_wconf 80' lang='lat' dir='ltr'>rentius</span> <span class='ocrx_word' id='word_1_155' title='bbox 298 1514 498 1570; x_wconf 82' lang='lat' dir='ltr'>Marus</span> <span class='ocrx_word' id='word_1_156' title='bbox 528 1514 914 1571; x_wconf 85' lang='lat' dir='ltr'>memoravit.</span> <span class='ocrx_word' id='word_1_157' title='bbox 941 1515 1004 1568; x_wconf 89' lang='lat' dir='ltr'>In</span> <span class='ocrx_word' id='word_1_158' title='bbox 1035 1514 1232 1570; x_wconf 90' lang='lat' dir='ltr'>codice</span> <span class='ocrx_word' id='word_1_159' title='bbox 1264 1519 1460 1568; x_wconf 89' lang='lat' dir='ltr'>autem</span> <span class='ocrx_word' id='word_1_160' title='bbox 1489 1514 1805 1570; x_wconf 88' lang='lat' dir='ltr'>Barberino</span> <span class='ocrx_word' id='word_1_161' title='bbox 1829 1514 2165 1569; x_wconf 91' lang='lat' dir='ltr'>subduntur</span> <span class='ocrx_word' id='word_1_162' title='bbox 2196 1514 2392 1586; x_wconf 87' lang='lat' dir='ltr'>plures</span> <span class='ocrx_word' id='word_1_163' title='bbox 2421 1515 2712 1570; x_wconf 85' lang='lat' dir='ltr'>variantes</span> <span class='ocrx_word' id='word_1_164' title='bbox 2743 1531 3083 1570; x_wconf 87' lang='lat' dir='ltr'>sermonum</span> <span class='ocrx_word' id='word_1_165' title='bbox 3115 1513 3318 1569; x_wconf 87' lang='lat' dir='ltr'>ordine</span> <span class='ocrx_word' id='word_1_166' title='bbox 3343 1529 3490 1568; x_wconf 90' lang='lat' dir='ltr'>non-</span> 
     </span>
    </p>
   </div>
   <div class='ocr_carea' id='block_1_15' title="bbox 92 1600 3493 1676">
    <p class='ocr_par' dir='ltr' id='par_1_15' title="bbox 92 1600 3493 1676">
     <span class='ocr_line' id='line_1_15' title="bbox 92 1600 3493 1676; baseline 0.001 -22"><span class='ocrx_word' id='word_1_167' title='bbox 92 1618 345 1674; x_wconf 84' lang='lat' dir='ltr'>nunquam</span> <span class='ocrx_word' id='word_1_168' title='bbox 377 1606 771 1676; x_wconf 88' lang='lat' dir='ltr'>perturbato.</span> <span class='ocrx_word' id='word_1_169' title='bbox 803 1603 1100 1675; x_wconf 66' lang='lat' dir='ltr'>Pleraeque</span> <span class='ocrx_word' id='word_1_170' title='bbox 1132 1609 1384 1674; x_wconf 67' lang='lat' dir='ltr'>sumptae</span> <span class='ocrx_word' id='word_1_171' title='bbox 1408 1609 1548 1658; x_wconf 90' lang='lat' dir='ltr'>sunt</span> <span class='ocrx_word' id='word_1_172' title='bbox 1578 1621 1646 1659; x_wconf 82' lang='lat' dir='ltr'>ex</span> <span class='ocrx_word' id='word_1_173' title='bbox 1674 1603 1972 1659; x_wconf 82' lang='lat' dir='ltr'>codicibus</span> <span class='ocrx_word' id='word_1_174' title='bbox 2003 1603 2256 1659; x_wconf 73' lang='lat' dir='ltr'>basilica:</span> <span class='ocrx_word' id='word_1_175' title='bbox 2288 1606 2346 1658; x_wconf 91' lang='lat' dir='ltr'>S.</span> <span class='ocrx_word' id='word_1_176' title='bbox 2380 1604 2552 1669; x_wconf 90' lang='lat' dir='ltr'>Petri,</span> <span class='ocrx_word' id='word_1_177' title='bbox 2602 1604 2727 1660; x_wconf 63' lang='lat' dir='ltr'>aliae</span> <span class='ocrx_word' id='word_1_178' title='bbox 2758 1621 2827 1659; x_wconf 83' lang='lat' dir='ltr'>ex</span> <span class='ocrx_word' id='word_1_179' title='bbox 2854 1603 3173 1669; x_wconf 87' lang='lat' dir='ltr'>Vaticanis,</span> <span class='ocrx_word' id='word_1_180' title='bbox 3197 1600 3493 1658; x_wconf 64' lang='lat' dir='ltr'>nonnulla!</span> 
     </span>
    </p>
   </div>
   <div class='ocr_carea' id='block_1_16' title="bbox 91 1689 3496 1764">
    <p class='ocr_par' dir='ltr' id='par_1_16' title="bbox 91 1689 3496 1764">
     <span class='ocr_line' id='line_1_16' title="bbox 91 1689 3496 1764; baseline 0 -21"><span class='ocrx_word' id='word_1_181' title='bbox 91 1706 140 1744; x_wconf 77' lang='lat' dir='ltr'>ex</span> <span class='ocrx_word' id='word_1_182' title='bbox 164 1691 273 1746; x_wconf 89' lang='lat' dir='ltr'>cod.</span> <span class='ocrx_word' id='word_1_183' title='bbox 307 1692 468 1759; x_wconf 89' lang='lat' dir='ltr'>Bon.,</span> <span class='ocrx_word' id='word_1_184' title='bbox 507 1692 570 1746; x_wconf 89' lang='lat' dir='ltr'>id</span> <span class='ocrx_word' id='word_1_185' title='bbox 611 1697 710 1748; x_wconf 88' lang='lat' dir='ltr'>est</span> <span class='ocrx_word' id='word_1_186' title='bbox 741 1692 1118 1747; x_wconf 89' lang='lat' dir='ltr'>Bononiensi.</span> <span class='ocrx_word' id='word_1_187' title='bbox 1153 1692 1598 1763; x_wconf 85' lang='lat' dir='ltr'>Frequentiores</span> <span class='ocrx_word' id='word_1_188' title='bbox 1631 1696 1770 1746; x_wconf 91' lang='lat' dir='ltr'>sunt</span> <span class='ocrx_word' id='word_1_189' title='bbox 1798 1691 1858 1746; x_wconf 92' lang='lat' dir='ltr'>in</span> <span class='ocrx_word' id='word_1_190' title='bbox 1885 1693 1957 1747; x_wconf 89' lang='lat' dir='ltr'>iis</span> <span class='ocrx_word' id='word_1_191' title='bbox 1990 1693 2362 1749; x_wconf 86' lang='lat' dir='ltr'>sermonibus</span> <span class='ocrx_word' id='word_1_192' title='bbox 2395 1693 2492 1764; x_wconf 87' lang='lat' dir='ltr'>qui</span> <span class='ocrx_word' id='word_1_193' title='bbox 2519 1693 2968 1748; x_wconf 85' lang='lat' dir='ltr'>continenturin</span> <span class='ocrx_word' id='word_1_194' title='bbox 3002 1689 3380 1747; x_wconf 88' lang='lat' dir='ltr'>Lectionariis</span> <span class='ocrx_word' id='word_1_195' title='bbox 3399 1690 3496 1745; x_wconf 88' lang='lat' dir='ltr'>ba-</span> 
     </span>
    </p>
   </div>
   <div class='ocr_carea' id='block_1_17' title="bbox 97 1779 3488 1853">
    <p class='ocr_par' dir='ltr' id='par_1_17' title="bbox 97 1779 3488 1853">
     <span class='ocr_line' id='line_1_17' title="bbox 97 1779 3488 1853; baseline 0 -21"><span class='ocrx_word' id='word_1_196' title='bbox 97 1780 236 1834; x_wconf 72' lang='lat' dir='ltr'>silicis</span> <span class='ocrx_word' id='word_1_197' title='bbox 261 1781 316 1835; x_wconf 91' lang='lat' dir='ltr'>S.</span> <span class='ocrx_word' id='word_1_198' title='bbox 351 1781 532 1836; x_wconf 88' lang='lat' dir='ltr'>Petri.</span> <span class='ocrx_word' id='word_1_199' title='bbox 575 1781 696 1836; x_wconf 91' lang='lat' dir='ltr'>Ubi</span> <span class='ocrx_word' id='word_1_200' title='bbox 731 1786 928 1836; x_wconf 88' lang='lat' dir='ltr'>autem</span> <span class='ocrx_word' id='word_1_201' title='bbox 954 1781 1074 1835; x_wconf 83' lang='lat' dir='ltr'>haec</span> <span class='ocrx_word' id='word_1_202' title='bbox 1107 1780 1474 1836; x_wconf 85' lang='lat' dir='ltr'>Lectionaria</span> <span class='ocrx_word' id='word_1_203' title='bbox 1505 1781 1760 1848; x_wconf 80' lang='lat' dir='ltr'>defuere,</span> <span class='ocrx_word' id='word_1_204' title='bbox 1795 1780 2109 1836; x_wconf 69' lang='lat' dir='ltr'>rarissima:</span> <span class='ocrx_word' id='word_1_205' title='bbox 2141 1785 2198 1836; x_wconf 91' lang='lat' dir='ltr'>et</span> <span class='ocrx_word' id='word_1_206' title='bbox 2227 1782 2579 1853; x_wconf 84' lang='lat' dir='ltr'>quandoque</span> <span class='ocrx_word' id='word_1_207' title='bbox 2612 1781 2782 1837; x_wconf 64' lang='lat' dir='ltr'>nulla:</span> <span class='ocrx_word' id='word_1_208' title='bbox 2812 1783 3099 1837; x_wconf 87' lang='lat' dir='ltr'>variantes</span> <span class='ocrx_word' id='word_1_209' title='bbox 3129 1779 3488 1834; x_wconf 89' lang='lat' dir='ltr'>indicantur.</span> 
     </span>
    </p>
   </div>
   <div class='ocr_carea' id='block_1_18' title="bbox 94 1866 3490 1943">
    <p class='ocr_par' dir='ltr' id='par_1_18' title="bbox 94 1866 3490 1943">
     <span class='ocr_line' id='line_1_18' title="bbox 94 1866 3490 1943; baseline -0 -22"><span class='ocrx_word' id='word_1_210' title='bbox 94 1869 198 1932; x_wconf 66' lang='lat' dir='ltr'>Qua</span> <span class='ocrx_word' id='word_1_211' title='bbox 226 1869 334 1924; x_wconf 88' lang='lat' dir='ltr'>sint</span> <span class='ocrx_word' id='word_1_212' title='bbox 373 1872 698 1925; x_wconf 86' lang='lat' dir='ltr'>variantes</span> <span class='ocrx_word' id='word_1_213' title='bbox 732 1887 800 1926; x_wconf 82' lang='lat' dir='ltr'>ex</span> <span class='ocrx_word' id='word_1_214' title='bbox 829 1869 1038 1925; x_wconf 83' lang='lat' dir='ltr'>Vossio</span> <span class='ocrx_word' id='word_1_215' title='bbox 1069 1875 1339 1941; x_wconf 67' lang='lat' dir='ltr'>sumptae,</span> <span class='ocrx_word' id='word_1_216' title='bbox 1375 1887 1501 1942; x_wconf 68' lang='lat' dir='ltr'>quae</span> <span class='ocrx_word' id='word_1_217' title='bbox 1535 1874 1730 1925; x_wconf 89' lang='lat' dir='ltr'>autem</span> <span class='ocrx_word' id='word_1_218' title='bbox 1765 1870 1972 1925; x_wconf 65' lang='lat' dir='ltr'>additae</span> <span class='ocrx_word' id='word_1_219' title='bbox 2001 1887 2034 1925; x_wconf 92' lang='lat' dir='ltr'>a</span> <span class='ocrx_word' id='word_1_220' title='bbox 2065 1871 2242 1936; x_wconf 88' lang='lat' dir='ltr'>Maro,</span> <span class='ocrx_word' id='word_1_221' title='bbox 2269 1871 2519 1926; x_wconf 88' lang='lat' dir='ltr'>discerni</span> <span class='ocrx_word' id='word_1_222' title='bbox 2540 1871 3054 1943; x_wconf 89' lang='lat' dir='ltr'>nequit.Vossium</span> <span class='ocrx_word' id='word_1_223' title='bbox 3088 1868 3348 1942; x_wconf 83' lang='lat' dir='ltr'>quidem,</span> <span class='ocrx_word' id='word_1_224' title='bbox 3389 1866 3490 1938; x_wconf 83' lang='lat' dir='ltr'>qui</span> 
     </span>
    </p>
   </div>
   <div class='ocr_carea' id='block_1_19' title="bbox 92 1955 3495 2032">
    <p class='ocr_par' dir='ltr' id='par_1_19' title="bbox 92 1955 3495 2032">
     <span class='ocr_line' id='line_1_19' title="bbox 92 1955 3495 2032; baseline -0 -22"><span class='ocrx_word' id='word_1_225' title='bbox 92 1957 247 2012; x_wconf 75' lang='lat' dir='ltr'>Romae</span> <span class='ocrx_word' id='word_1_226' title='bbox 277 1958 610 2031; x_wconf 88' lang='lat' dir='ltr'>aliquando</span> <span class='ocrx_word' id='word_1_227' title='bbox 649 1958 907 2025; x_wconf 89' lang='lat' dir='ltr'>studuit,</span> <span class='ocrx_word' id='word_1_228' title='bbox 944 1959 1238 2014; x_wconf 81' lang='lat' dir='ltr'>Romanos</span> <span class='ocrx_word' id='word_1_229' title='bbox 1270 1959 1520 2024; x_wconf 86' lang='lat' dir='ltr'>codices,</span> <span class='ocrx_word' id='word_1_230' title='bbox 1565 1958 1753 2030; x_wconf 87' lang='lat' dir='ltr'>quoad</span> <span class='ocrx_word' id='word_1_231' title='bbox 1783 1958 2029 2015; x_wconf 83' lang='lat' dir='ltr'>Leonem</span> <span class='ocrx_word' id='word_1_232' title='bbox 2062 1959 2382 2014; x_wconf 81' lang='lat' dir='ltr'>contulisse</span> <span class='ocrx_word' id='word_1_233' title='bbox 2411 1959 2703 2032; x_wconf 85' lang='lat' dir='ltr'>colligitur</span> <span class='ocrx_word' id='word_1_234' title='bbox 2740 1976 2808 2015; x_wconf 85' lang='lat' dir='ltr'>ex</span> <span class='ocrx_word' id='word_1_235' title='bbox 2839 1957 3224 2014; x_wconf 86' lang='lat' dir='ltr'>Miscellaneis</span> <span class='ocrx_word' id='word_1_236' title='bbox 3253 1957 3355 2013; x_wconf 87' lang='lat' dir='ltr'>SS.</span> <span class='ocrx_word' id='word_1_237' title='bbox 3386 1955 3495 2010; x_wconf 88' lang='lat' dir='ltr'>Pa-</span> 
     </span>
    </p>
   </div>
   <div class='ocr_carea' id='block_1_20' title="bbox 89 2044 3492 2121">
    <p class='ocr_par' dir='ltr' id='par_1_20' title="bbox 89 2044 3492 2121">
     <span class='ocr_line' id='line_1_20' title="bbox 89 2044 3492 2121; baseline 0 -22"><span class='ocrx_word' id='word_1_238' title='bbox 89 2050 213 2100; x_wconf 78' lang='lat' dir='ltr'>trum</span> <span class='ocrx_word' id='word_1_239' title='bbox 241 2049 525 2119; x_wconf 83' lang='lat' dir='ltr'>subjectis</span> <span class='ocrx_word' id='word_1_240' title='bbox 563 2048 827 2104; x_wconf 85' lang='lat' dir='ltr'>editioni</span> <span class='ocrx_word' id='word_1_241' title='bbox 859 2048 1217 2119; x_wconf 61' lang='lat' dir='ltr'>Moguntina;</span> <span class='ocrx_word' id='word_1_242' title='bbox 1249 2065 1344 2104; x_wconf 89' lang='lat' dir='ltr'>an.</span> <span class='ocrx_word' id='word_1_243' title='bbox 1382 2049 1519 2103; x_wconf 84' lang='grc'>1604</span> <span class='ocrx_word' id='word_1_244' title='bbox 1550 2047 1804 2119; x_wconf 88' lang='lat' dir='ltr'>Operum</span> <span class='ocrx_word' id='word_1_245' title='bbox 1837 2048 1894 2102; x_wconf 92' lang='lat' dir='ltr'>S.</span> <span class='ocrx_word' id='word_1_246' title='bbox 1920 2048 2180 2119; x_wconf 85' lang='lat' dir='ltr'>Gregorii</span> <span class='ocrx_word' id='word_1_247' title='bbox 2212 2049 2655 2121; x_wconf 85' lang='lat' dir='ltr'>Thaumaturgi,</span> <span class='ocrx_word' id='word_1_248' title='bbox 2685 2049 2779 2103; x_wconf 90' lang='lat' dir='ltr'>ubi</span> <span class='ocrx_word' id='word_1_249' title='bbox 2810 2048 3006 2119; x_wconf 87' lang='lat' dir='ltr'>aliqua</span> <span class='ocrx_word' id='word_1_250' title='bbox 3036 2046 3244 2102; x_wconf 89' lang='lat' dir='ltr'>Leonis</span> <span class='ocrx_word' id='word_1_251' title='bbox 3275 2061 3344 2101; x_wconf 82' lang='lat' dir='ltr'>ex</span> <span class='ocrx_word' id='word_1_252' title='bbox 3373 2044 3492 2100; x_wconf 82' lang='lat' dir='ltr'>Ro-</span> 
     </span>
    </p>
   </div>
   <div class='ocr_carea' id='block_1_21' title="bbox 90 2136 3492 2209">
    <p class='ocr_par' dir='ltr' id='par_1_21' title="bbox 90 2136 3492 2209">
     <span class='ocr_line' id='line_1_21' title="bbox 90 2136 3492 2209; baseline -0 -20"><span class='ocrx_word' id='word_1_253' title='bbox 90 2137 246 2191; x_wconf 82' lang='lat' dir='ltr'>manis</span> <span class='ocrx_word' id='word_1_254' title='bbox 273 2154 410 2194; x_wconf 86' lang='lat' dir='ltr'>mss.</span> <span class='ocrx_word' id='word_1_255' title='bbox 433 2137 848 2193; x_wconf 81' lang='lat' dir='ltr'>edidit.Plura</span> <span class='ocrx_word' id='word_1_256' title='bbox 876 2143 1074 2192; x_wconf 87' lang='lat' dir='ltr'>tamen</span> <span class='ocrx_word' id='word_1_257' title='bbox 1089 2154 1264 2209; x_wconf 90' lang='lat' dir='ltr'>quam</span> <span class='ocrx_word' id='word_1_258' title='bbox 1299 2153 1426 2209; x_wconf 65' lang='lat' dir='ltr'>quae</span> <span class='ocrx_word' id='word_1_259' title='bbox 1457 2137 1791 2192; x_wconf 88' lang='lat' dir='ltr'>innuuntur</span> <span class='ocrx_word' id='word_1_260' title='bbox 1820 2137 1880 2191; x_wconf 90' lang='lat' dir='ltr'>in</span> <span class='ocrx_word' id='word_1_261' title='bbox 1899 2137 2145 2209; x_wconf 77' lang='lat' dir='ltr'>epistula</span> <span class='ocrx_word' id='word_1_262' title='bbox 2172 2137 2465 2193; x_wconf 85' lang='lat' dir='ltr'>Laurentii</span> <span class='ocrx_word' id='word_1_263' title='bbox 2499 2137 2663 2205; x_wconf 86' lang='lat' dir='ltr'>Mari,</span> <span class='ocrx_word' id='word_1_264' title='bbox 2688 2154 2819 2193; x_wconf 91' lang='lat' dir='ltr'>eum</span> <span class='ocrx_word' id='word_1_265' title='bbox 2851 2136 3348 2209; x_wconf 88' lang='lat' dir='ltr'>parasseprobant</span> <span class='ocrx_word' id='word_1_266' title='bbox 3365 2149 3492 2206; x_wconf 65' lang='lat' dir='ltr'>quae</span> 
     </span>
    </p>
   </div>
   <div class='ocr_carea' id='block_1_22' title="bbox 89 2222 3497 2298">
    <p class='ocr_par' dir='ltr' id='par_1_22' title="bbox 89 2222 3497 2298">
     <span class='ocr_line' id='line_1_22' title="bbox 89 2222 3497 2298; baseline 0.001 -22"><span class='ocrx_word' id='word_1_267' title='bbox 89 2224 210 2279; x_wconf 83' lang='lat' dir='ltr'>idem</span> <span class='ocrx_word' id='word_1_268' title='bbox 238 2225 481 2282; x_wconf 78' lang='lat' dir='ltr'>Vossius</span> <span class='ocrx_word' id='word_1_269' title='bbox 505 2227 706 2282; x_wconf 86' lang='lat' dir='ltr'>tradit</span> <span class='ocrx_word' id='word_1_270' title='bbox 746 2225 807 2281; x_wconf 89' lang='lat' dir='ltr'>in</span> <span class='ocrx_word' id='word_1_271' title='bbox 841 2226 996 2282; x_wconf 87' lang='lat' dir='ltr'>calce</span> <span class='ocrx_word' id='word_1_272' title='bbox 1036 2225 1288 2298; x_wconf 90' lang='lat' dir='ltr'>Operum</span> <span class='ocrx_word' id='word_1_273' title='bbox 1324 2227 1382 2281; x_wconf 92' lang='lat' dir='ltr'>S.</span> <span class='ocrx_word' id='word_1_274' title='bbox 1417 2226 1766 2296; x_wconf 85' lang='lat' dir='ltr'>Ephrem,in</span> <span class='ocrx_word' id='word_1_275' title='bbox 1791 2243 1906 2297; x_wconf 90' lang='lat' dir='ltr'>qua</span> <span class='ocrx_word' id='word_1_276' title='bbox 1937 2243 2050 2282; x_wconf 92' lang='lat' dir='ltr'>non</span> <span class='ocrx_word' id='word_1_277' title='bbox 2070 2226 2224 2282; x_wconf 90' lang='lat' dir='ltr'>solos</span> <span class='ocrx_word' id='word_1_278' title='bbox 2250 2242 2573 2293; x_wconf 87' lang='lat' dir='ltr'>sermones,</span> <span class='ocrx_word' id='word_1_279' title='bbox 2602 2227 2700 2282; x_wconf 89' lang='lat' dir='ltr'>sed</span> <span class='ocrx_word' id='word_1_280' title='bbox 2720 2227 2918 2282; x_wconf 88' lang='lat' dir='ltr'>omnia</span> <span class='ocrx_word' id='word_1_281' title='bbox 2936 2222 3497 2297; x_wconf 80' lang='lat' dir='ltr'>S.pontiﬁcisOpera</span> 
     </span>
    </p>
   </div>
   <div class='ocr_carea' id='block_1_23' title="bbox 96 2310 3495 2387">
    <p class='ocr_par' dir='ltr' id='par_1_23' title="bbox 96 2310 3495 2387">
     <span class='ocr_line' id='line_1_23' title="bbox 96 2310 3495 2387; baseline 0 -22"><span class='ocrx_word' id='word_1_282' title='bbox 96 2315 349 2386; x_wconf 79' lang='lat' dir='ltr'>recognita</span> <span class='ocrx_word' id='word_1_283' title='bbox 381 2321 438 2372; x_wconf 90' lang='lat' dir='ltr'>et</span> <span class='ocrx_word' id='word_1_284' title='bbox 478 2315 802 2372; x_wconf 88' lang='lat' dir='ltr'>illustrata</span> <span class='ocrx_word' id='word_1_285' title='bbox 833 2332 894 2371; x_wconf 87' lang='lat' dir='ltr'>se</span> <span class='ocrx_word' id='word_1_286' title='bbox 921 2316 1214 2370; x_wconf 89' lang='lat' dir='ltr'>editurum</span> <span class='ocrx_word' id='word_1_287' title='bbox 1248 2315 1556 2387; x_wconf 86' lang='lat' dir='ltr'>pollicetur</span> <span class='ocrx_word' id='word_1_288' title='bbox 1589 2331 1601 2368; x_wconf 89' lang='lat'><strong>:</strong></span> <span class='ocrx_word' id='word_1_289' title='bbox 1637 2319 1694 2370; x_wconf 88' lang='lat' dir='ltr'>et</span> <span class='ocrx_word' id='word_1_290' title='bbox 1724 2315 1784 2370; x_wconf 93' lang='lat' dir='ltr'>in</span> <span class='ocrx_word' id='word_1_291' title='bbox 1812 2316 2109 2372; x_wconf 87' lang='lat' dir='ltr'>notatione</span> <span class='ocrx_word' id='word_1_292' title='bbox 2138 2317 2209 2371; x_wconf 88' lang='lat' dir='ltr'>ad</span> <span class='ocrx_word' id='word_1_293' title='bbox 2241 2320 2553 2371; x_wconf 87' lang='lat' dir='ltr'>tractatum</span> <span class='ocrx_word' id='word_1_294' title='bbox 2599 2317 2653 2371; x_wconf 91' lang='lat' dir='ltr'>S.</span> <span class='ocrx_word' id='word_1_295' title='bbox 2691 2317 2896 2371; x_wconf 88' lang='lat' dir='ltr'>Leonis</span> <span class='ocrx_word' id='word_1_296' title='bbox 2928 2315 2988 2370; x_wconf 91' lang='lat' dir='ltr'>in</span> <span class='ocrx_word' id='word_1_297' title='bbox 3018 2313 3336 2386; x_wconf 85' lang='lat' dir='ltr'>Entychem</span> <span class='ocrx_word' id='word_1_298' title='bbox 3367 2310 3495 2366; x_wconf 86' lang='lat' dir='ltr'>vul-</span> 
     </span>
    </p>
   </div>
   <div class='ocr_carea' id='block_1_24' title="bbox 93 2401 3498 2476">
    <p class='ocr_par' dir='ltr' id='par_1_24' title="bbox 93 2401 3498 2476">
     <span class='ocr_line' id='line_1_24' title="bbox 93 2401 3498 2476; baseline -0 -21"><span class='ocrx_word' id='word_1_299' title='bbox 93 2408 258 2472; x_wconf 80' lang='lat' dir='ltr'>gatum</span> <span class='ocrx_word' id='word_1_300' title='bbox 285 2405 342 2459; x_wconf 89' lang='lat' dir='ltr'>in</span> <span class='ocrx_word' id='word_1_301' title='bbox 373 2405 638 2461; x_wconf 82' lang='lat' dir='ltr'>laudata</span> <span class='ocrx_word' id='word_1_302' title='bbox 660 2403 919 2460; x_wconf 87' lang='lat' dir='ltr'>editione</span> <span class='ocrx_word' id='word_1_303' title='bbox 944 2405 1285 2475; x_wconf 80' lang='lat' dir='ltr'>Moguntina</span> <span class='ocrx_word' id='word_1_304' title='bbox 1315 2408 1562 2458; x_wconf 88' lang='lat' dir='ltr'>testatur</span> <span class='ocrx_word' id='word_1_305' title='bbox 1596 2421 1607 2458; x_wconf 91' lang='lat'><strong>:</strong></span> <span class='ocrx_word' id='word_1_306' title='bbox 1633 2405 1707 2457; x_wconf 83' lang='lat' dir='ltr'>De</span> <span class='ocrx_word' id='word_1_307' title='bbox 1725 2405 1979 2474; x_wconf 74' lang='lat' dir='ltr'>pluribus</span> <span class='ocrx_word' id='word_1_308' title='bbox 2001 2420 2101 2475; x_wconf 78' lang='lat' dir='ltr'>per</span> <span class='ocrx_word' id='word_1_309' title='bbox 2129 2419 2246 2468; x_wconf 84' lang='lat' dir='ltr'>nos,</span> <span class='ocrx_word' id='word_1_310' title='bbox 2283 2405 2492 2476; x_wconf 89' lang='lat' dir='ltr'>inquit,</span> <span class='ocrx_word' id='word_1_311' title='bbox 2526 2407 2587 2460; x_wconf 88' lang='lat' dir='ltr'>in</span> <span class='ocrx_word' id='word_1_312' title='bbox 2631 2406 3003 2473; x_wconf 78' lang='lat' dir='ltr'>recognitione</span> <span class='ocrx_word' id='word_1_313' title='bbox 3044 2407 3226 2458; x_wconf 86' lang='lat' dir='ltr'>nostra</span> <span class='ocrx_word' id='word_1_314' title='bbox 3254 2401 3498 2457; x_wconf 83' lang='lat' dir='ltr'>Leonina</span> 
     </span>
    </p>
   </div>
   <div class='ocr_carea' id='block_1_25' title="bbox 90 2489 3494 2564">
    <p class='ocr_par' dir='ltr' id='par_1_25' title="bbox 90 2489 3494 2564">
     <span class='ocr_line' id='line_1_25' title="bbox 90 2489 3494 2564; baseline 0 -21"><span class='ocrx_word' id='word_1_315' title='bbox 90 2490 358 2559; x_wconf 74' lang='lat' dir='ltr'>observatis,</span> <span class='ocrx_word' id='word_1_316' title='bbox 387 2510 456 2548; x_wconf 79' lang='lat' dir='ltr'>ac</span> <span class='ocrx_word' id='word_1_317' title='bbox 484 2493 564 2548; x_wconf 86' lang='lat' dir='ltr'>ad</span> <span class='ocrx_word' id='word_1_318' title='bbox 597 2493 929 2562; x_wconf 79' lang='lat' dir='ltr'>marginem</span> <span class='ocrx_word' id='word_1_319' title='bbox 956 2493 1315 2563; x_wconf 75' lang='lat' dir='ltr'>epistularum</span> <span class='ocrx_word' id='word_1_320' title='bbox 1345 2493 1641 2555; x_wconf 71' lang='lat' dir='ltr'>aii-notatis,</span> <span class='ocrx_word' id='word_1_321' title='bbox 1668 2491 1787 2558; x_wconf 89' lang='lat' dir='ltr'>ubi,</span> <span class='ocrx_word' id='word_1_322' title='bbox 1821 2497 2028 2563; x_wconf 79' lang='lat' dir='ltr'>praeter</span> <span class='ocrx_word' id='word_1_323' title='bbox 2066 2509 2386 2558; x_wconf 88' lang='lat' dir='ltr'>sermones,</span> <span class='ocrx_word' id='word_1_324' title='bbox 2420 2491 2696 2564; x_wconf 85' lang='lat' dir='ltr'>epistolas</span> <span class='ocrx_word' id='word_1_325' title='bbox 2742 2491 2958 2563; x_wconf 86' lang='lat' dir='ltr'>pariter</span> <span class='ocrx_word' id='word_1_326' title='bbox 2990 2509 3024 2547; x_wconf 88' lang='lat' dir='ltr'>a</span> <span class='ocrx_word' id='word_1_327' title='bbox 3053 2508 3115 2546; x_wconf 89' lang='lat' dir='ltr'>se</span> <span class='ocrx_word' id='word_1_328' title='bbox 3145 2489 3494 2563; x_wconf 88' lang='lat' dir='ltr'>recognitas,</span> 
     </span>
    </p>
   </div>
   <div class='ocr_carea' id='block_1_26' title="bbox 86 2574 3495 2653">
    <p class='ocr_par' dir='ltr' id='par_1_26' title="bbox 86 2574 3495 2653">
     <span class='ocr_line' id='line_1_26' title="bbox 86 2574 3495 2653; baseline 0 -23"><span class='ocrx_word' id='word_1_329' title='bbox 86 2584 128 2630; x_wconf 80' lang='lat' dir='ltr'>et</span> <span class='ocrx_word' id='word_1_330' title='bbox 150 2582 412 2638; x_wconf 78' lang='lat' dir='ltr'>variantes</span> <span class='ocrx_word' id='word_1_331' title='bbox 443 2580 884 2653; x_wconf 76' lang='lat' dir='ltr'>admarginem</span> <span class='ocrx_word' id='word_1_332' title='bbox 917 2581 1191 2635; x_wconf 87' lang='lat' dir='ltr'>editionis</span> <span class='ocrx_word' id='word_1_333' title='bbox 1222 2581 1604 2650; x_wconf 79' lang='lat' dir='ltr'>epistularum</span> <span class='ocrx_word' id='word_1_334' title='bbox 1639 2584 1948 2636; x_wconf 88' lang='lat' dir='ltr'>annotatas</span> <span class='ocrx_word' id='word_1_335' title='bbox 1979 2582 2254 2635; x_wconf 83' lang='lat' dir='ltr'>ostendit.</span> <span class='ocrx_word' id='word_1_336' title='bbox 2283 2581 2443 2635; x_wconf 90' lang='lat' dir='ltr'>Unde</span> <span class='ocrx_word' id='word_1_337' title='bbox 2470 2582 2646 2636; x_wconf 89' lang='lat' dir='ltr'>etiam</span> <span class='ocrx_word' id='word_1_338' title='bbox 2678 2581 2950 2636; x_wconf 87' lang='lat' dir='ltr'>Nicolaus</span> <span class='ocrx_word' id='word_1_339' title='bbox 2964 2580 3223 2635; x_wconf 86' lang='lat' dir='ltr'>Faberin</span> <span class='ocrx_word' id='word_1_340' title='bbox 3245 2574 3495 2650; x_wconf 90' lang='lat' dir='ltr'>epistola</span> 
     </span>
    </p>
   </div>
   <div class='ocr_carea' id='block_1_27' title="bbox 90 2666 3496 2740">
    <p class='ocr_par' dir='ltr' id='par_1_27' title="bbox 90 2666 3496 2740">
     <span class='ocr_line' id='line_1_27' title="bbox 90 2666 3496 2740; baseline -0.001 -19"><span class='ocrx_word' id='word_1_341' title='bbox 90 2666 142 2722; x_wconf 79' lang='lat' dir='ltr'>ad</span> <span class='ocrx_word' id='word_1_342' title='bbox 167 2671 412 2726; x_wconf 87' lang='lat' dir='ltr'>eumdem</span> <span class='ocrx_word' id='word_1_343' title='bbox 443 2669 752 2726; x_wconf 81' lang='lat' dir='ltr'>Vossium</span> <span class='ocrx_word' id='word_1_344' title='bbox 783 2668 935 2724; x_wconf 91' lang='lat' dir='ltr'>inter</span> <span class='ocrx_word' id='word_1_345' title='bbox 962 2669 1227 2738; x_wconf 89' lang='lat' dir='ltr'>ejusdem</span> <span class='ocrx_word' id='word_1_346' title='bbox 1244 2668 1411 2723; x_wconf 83' lang='lat' dir='ltr'>Fabri</span> <span class='ocrx_word' id='word_1_347' title='bbox 1445 2668 1741 2740; x_wconf 89' lang='lat' dir='ltr'>Opuscula</span> <span class='ocrx_word' id='word_1_348' title='bbox 1756 2669 2000 2740; x_wconf 80' lang='lat' dir='ltr'>pag.ti3</span> <span class='ocrx_word' id='word_1_349' title='bbox 2029 2670 2204 2723; x_wconf 63' lang='lat' dir='ltr'>etii/1</span> <span class='ocrx_word' id='word_1_350' title='bbox 2236 2686 2297 2724; x_wconf 90' lang='lat' dir='ltr'>se</span> <span class='ocrx_word' id='word_1_351' title='bbox 2317 2670 2551 2725; x_wconf 87' lang='lat' dir='ltr'>audisse</span> <span class='ocrx_word' id='word_1_352' title='bbox 2571 2674 2819 2728; x_wconf 87' lang='lat' dir='ltr'>testatur</span> <span class='ocrx_word' id='word_1_353' title='bbox 2835 2668 3178 2724; x_wconf 89' lang='lat' dir='ltr'>Michaelem</span> <span class='ocrx_word' id='word_1_354' title='bbox 3208 2667 3496 2723; x_wconf 89' lang='lat' dir='ltr'>Sonnium</span> 
     </span>
    </p>
   </div>
   <div class='ocr_carea' id='block_1_28' title="bbox 92 2755 3496 2831">
    <p class='ocr_par' dir='ltr' id='par_1_28' title="bbox 92 2755 3496 2831">
     <span class='ocr_line' id='line_1_28' title="bbox 92 2755 3496 2831; baseline 0 -23"><span class='ocrx_word' id='word_1_355' title='bbox 92 2755 425 2814; x_wconf 80' lang='lat' dir='ltr'>Parisiensem</span> <span class='ocrx_word' id='word_1_356' title='bbox 449 2756 912 2831; x_wconf 80' lang='lat' dir='ltr'>typographum</span> <span class='ocrx_word' id='word_1_357' title='bbox 943 2762 1277 2827; x_wconf 80' lang='lat' dir='ltr'>exspectare</span> <span class='ocrx_word' id='word_1_358' title='bbox 1307 2773 1471 2826; x_wconf 86' lang='lat' dir='ltr'>quam</span> <span class='ocrx_word' id='word_1_359' title='bbox 1499 2758 1666 2811; x_wconf 79' lang='lat' dir='ltr'>citius</span> <span class='ocrx_word' id='word_1_360' title='bbox 1697 2758 1872 2827; x_wconf 80' lang='lat' dir='ltr'>ipsius</span> <span class='ocrx_word' id='word_1_361' title='bbox 1903 2756 2200 2811; x_wconf 78' lang='lat' dir='ltr'>editionem</span> <span class='ocrx_word' id='word_1_362' title='bbox 2250 2759 2483 2828; x_wconf 73' lang='lat' dir='ltr'>Operam</span> <span class='ocrx_word' id='word_1_363' title='bbox 2531 2758 2587 2813; x_wconf 92' lang='lat' dir='ltr'>S.</span> <span class='ocrx_word' id='word_1_364' title='bbox 2639 2760 2852 2813; x_wconf 84' lang='lat' dir='ltr'>Leonis.</span> <span class='ocrx_word' id='word_1_365' title='bbox 2904 2756 3256 2820; x_wconf 85' lang='lat' dir='ltr'>Quesnellus</span> <span class='ocrx_word' id='word_1_366' title='bbox 3287 2757 3347 2810; x_wconf 92' lang='lat' dir='ltr'>in</span> <span class='ocrx_word' id='word_1_367' title='bbox 3378 2756 3496 2810; x_wconf 86' lang='lat' dir='ltr'>fine</span> 
     </span>
    </p>
   </div>
   <div class='ocr_carea' id='block_1_29' title="bbox 93 2844 3496 2920">
    <p class='ocr_par' dir='ltr' id='par_1_29' title="bbox 93 2844 3496 2920">
     <span class='ocr_line' id='line_1_29' title="bbox 93 2844 3496 2920; baseline -0 -20"><span class='ocrx_word' id='word_1_368' title='bbox 93 2847 398 2914; x_wconf 70' lang='lat' dir='ltr'>preiationis</span> <span class='ocrx_word' id='word_1_369' title='bbox 413 2845 736 2920; x_wconf 77' lang='lat' dir='ltr'>generalis</span> <span class='ocrx_word' id='word_1_370' title='bbox 764 2850 1053 2900; x_wconf 87' lang='lat' dir='ltr'>memorat</span> <span class='ocrx_word' id='word_1_371' title='bbox 1070 2845 1305 2899; x_wconf 81' lang='lat' dir='ltr'>codicem</span> <span class='ocrx_word' id='word_1_372' title='bbox 1337 2845 1573 2916; x_wconf 83' lang='lat' dir='ltr'>Operum</span> <span class='ocrx_word' id='word_1_373' title='bbox 1589 2845 1642 2900; x_wconf 88' lang='lat' dir='ltr'>S.</span> <span class='ocrx_word' id='word_1_374' title='bbox 1678 2847 1888 2912; x_wconf 84' lang='lat' dir='ltr'>Leonis,</span> <span class='ocrx_word' id='word_1_375' title='bbox 1914 2860 2088 2916; x_wconf 91' lang='lat' dir='ltr'>quem</span> <span class='ocrx_word' id='word_1_376' title='bbox 2108 2846 2383 2900; x_wconf 85' lang='lat' dir='ltr'>collatum</span> <span class='ocrx_word' id='word_1_377' title='bbox 2419 2865 2449 2900; x_wconf 90' lang='lat' dir='ltr'>a</span> <span class='ocrx_word' id='word_1_378' title='bbox 2471 2846 2815 2902; x_wconf 88' lang='lat' dir='ltr'>doctissimo</span> <span class='ocrx_word' id='word_1_379' title='bbox 2831 2845 2952 2900; x_wconf 91' lang='lat' dir='ltr'>viro</span> <span class='ocrx_word' id='word_1_380' title='bbox 2977 2844 3282 2900; x_wconf 81' lang='lat' dir='ltr'>Francisco</span> <span class='ocrx_word' id='word_1_381' title='bbox 3301 2845 3496 2916; x_wconf 85' lang='lat' dir='ltr'>Pegna</span> 
     </span>
    </p>
   </div>
   <div class='ocr_carea' id='block_1_30' title="bbox 90 2933 3500 3006">
    <p class='ocr_par' dir='ltr' id='par_1_30' title="bbox 90 2933 3500 3006">
     <span class='ocr_line' id='line_1_30' title="bbox 90 2933 3500 3006; baseline 0.001 -20"><span class='ocrx_word' id='word_1_382' title='bbox 90 2948 195 2988; x_wconf 81' lang='lat' dir='ltr'>cum</span> <span class='ocrx_word' id='word_1_383' title='bbox 223 2937 633 2992; x_wconf 80' lang='lat' dir='ltr'>Romanarum</span> <span class='ocrx_word' id='word_1_384' title='bbox 665 2933 1156 2992; x_wconf 72' lang='lat' dir='ltr'>bibliothecarum</span> <span class='ocrx_word' id='word_1_385' title='bbox 1189 2951 1332 2988; x_wconf 91' lang='lat' dir='ltr'>mss.</span> <span class='ocrx_word' id='word_1_386' title='bbox 1367 2934 1686 3002; x_wconf 88' lang='lat' dir='ltr'>rodicibus,</span> <span class='ocrx_word' id='word_1_387' title='bbox 1721 2933 1860 2988; x_wconf 92' lang='lat' dir='ltr'>olim</span> <span class='ocrx_word' id='word_1_388' title='bbox 1889 2939 2022 3005; x_wconf 89' lang='lat' dir='ltr'>post</span> <span class='ocrx_word' id='word_1_389' title='bbox 2045 2934 2247 3006; x_wconf 68' lang='lat' dir='ltr'>Pegnae</span> <span class='ocrx_word' id='word_1_390' title='bbox 2281 2940 2530 2990; x_wconf 88' lang='lat' dir='ltr'>mortem</span> <span class='ocrx_word' id='word_1_391' title='bbox 2581 2935 2735 3006; x_wconf 91' lang='lat' dir='ltr'>apud</span> <span class='ocrx_word' id='word_1_392' title='bbox 2770 2934 3021 2989; x_wconf 89' lang='lat' dir='ltr'>Marium</span> <span class='ocrx_word' id='word_1_393' title='bbox 3052 2933 3250 2988; x_wconf 87' lang='lat' dir='ltr'>Sancti</span> <span class='ocrx_word' id='word_1_394' title='bbox 3278 2933 3500 3004; x_wconf 60' lang='lat' dir='ltr'>Angeli</span> 
     </span>
    </p>
   </div>
   <div class='ocr_carea' id='block_1_31' title="bbox 88 3022 3498 3095">
    <p class='ocr_par' dir='ltr' id='par_1_31' title="bbox 88 3022 3498 3095">
     <span class='ocr_line' id='line_1_31' title="bbox 88 3022 3498 3095; baseline -0 -19"><span class='ocrx_word' id='word_1_395' title='bbox 88 3026 383 3081; x_wconf 85' lang='lat' dir='ltr'>canonicum</span> <span class='ocrx_word' id='word_1_396' title='bbox 424 3027 679 3083; x_wconf 84' lang='lat' dir='ltr'>viderat</span> <span class='ocrx_word' id='word_1_397' title='bbox 712 3023 1008 3080; x_wconf 86' lang='lat' dir='ltr'>Emericus</span> <span class='ocrx_word' id='word_1_398' title='bbox 1041 3022 1322 3095; x_wconf 85' lang='lat' dir='ltr'>Bigotius.</span> <span class='ocrx_word' id='word_1_399' title='bbox 1357 3022 1502 3078; x_wconf 89' lang='lat' dir='ltr'>Cum</span> <span class='ocrx_word' id='word_1_400' title='bbox 1533 3023 1789 3077; x_wconf 88' lang='lat' dir='ltr'>Joannes</span> <span class='ocrx_word' id='word_1_401' title='bbox 1814 3022 2072 3093; x_wconf 86' lang='lat' dir='ltr'>Baptista</span> <span class='ocrx_word' id='word_1_402' title='bbox 2106 3023 2304 3078; x_wconf 88' lang='lat' dir='ltr'>Marus</span> <span class='ocrx_word' id='word_1_403' title='bbox 2336 3022 2509 3094; x_wconf 88' lang='lat' dir='ltr'>paulo</span> <span class='ocrx_word' id='word_1_404' title='bbox 2563 3027 2695 3078; x_wconf 89' lang='lat' dir='ltr'>ante</span> <span class='ocrx_word' id='word_1_405' title='bbox 2723 3027 3085 3078; x_wconf 86' lang='lat' dir='ltr'>memoratus</span> <span class='ocrx_word' id='word_1_406' title='bbox 3115 3023 3171 3078; x_wconf 89' lang='lat' dir='ltr'>S.</span> <span class='ocrx_word' id='word_1_407' title='bbox 3205 3022 3405 3092; x_wconf 82' lang='lat' dir='ltr'>Angeli</span> <span class='ocrx_word' id='word_1_408' title='bbox 3431 3022 3498 3076; x_wconf 88' lang='lat' dir='ltr'>in</span> 
     </span>
    </p>
   </div>
   <div class='ocr_carea' id='block_1_32' title="bbox 95 3108 3500 3184">
    <p class='ocr_par' dir='ltr' id='par_1_32' title="bbox 95 3108 3500 3184">
     <span class='ocr_line' id='line_1_32' title="bbox 95 3108 3500 3184; baseline 0 -21"><span class='ocrx_word' id='word_1_409' title='bbox 95 3112 188 3178; x_wconf 77' lang='lat' dir='ltr'>foro</span> <span class='ocrx_word' id='word_1_410' title='bbox 207 3116 428 3184; x_wconf 65' lang='lat' dir='ltr'>piscium</span> <span class='ocrx_word' id='word_1_411' title='bbox 459 3115 788 3171; x_wconf 78' lang='lat' dir='ltr'>canonicus</span> <span class='ocrx_word' id='word_1_412' title='bbox 821 3112 878 3167; x_wconf 90' lang='lat' dir='ltr'>in</span> <span class='ocrx_word' id='word_1_413' title='bbox 911 3112 1087 3168; x_wconf 88' lang='lat' dir='ltr'>editis</span> <span class='ocrx_word' id='word_1_414' title='bbox 1117 3113 1246 3182; x_wconf 88' lang='lat' dir='ltr'>ejus</span> <span class='ocrx_word' id='word_1_415' title='bbox 1277 3111 1563 3183; x_wconf 87' lang='lat' dir='ltr'>Operibus</span> <span class='ocrx_word' id='word_1_416' title='bbox 1593 3110 1936 3182; x_wconf 84' lang='lat' dir='ltr'>appelletur,</span> <span class='ocrx_word' id='word_1_417' title='bbox 1966 3109 2112 3165; x_wconf 91' lang='lat' dir='ltr'>nihil</span> <span class='ocrx_word' id='word_1_418' title='bbox 2147 3111 2389 3166; x_wconf 90' lang='lat' dir='ltr'>dubium</span> <span class='ocrx_word' id='word_1_419' title='bbox 2423 3117 2511 3166; x_wconf 90' lang='lat' dir='ltr'>est</span> <span class='ocrx_word' id='word_1_420' title='bbox 2543 3111 2683 3183; x_wconf 89' lang='lat' dir='ltr'>quin</span> <span class='ocrx_word' id='word_1_421' title='bbox 2716 3112 2936 3166; x_wconf 88' lang='lat' dir='ltr'>Marius</span> <span class='ocrx_word' id='word_1_422' title='bbox 2966 3129 3000 3166; x_wconf 90' lang='lat' dir='ltr'>a</span> <span class='ocrx_word' id='word_1_423' title='bbox 3030 3108 3339 3174; x_wconf 87' lang='lat' dir='ltr'>Quesnello</span> <span class='ocrx_word' id='word_1_424' title='bbox 3366 3109 3500 3164; x_wconf 77' lang='lat' dir='ltr'>lau-</span> 
     </span>
    </p>
   </div>
   <div class='ocr_carea' id='block_1_33' title="bbox 97 3199 3501 3273">
    <p class='ocr_par' dir='ltr' id='par_1_33' title="bbox 97 3199 3501 3273">
     <span class='ocr_line' id='line_1_33' title="bbox 97 3199 3501 3273; baseline 0 -22"><span class='ocrx_word' id='word_1_425' title='bbox 97 3199 234 3256; x_wconf 84' lang='lat' dir='ltr'>datus</span> <span class='ocrx_word' id='word_1_426' title='bbox 261 3204 405 3260; x_wconf 78' lang='lat' dir='ltr'>idem</span> <span class='ocrx_word' id='word_1_427' title='bbox 437 3207 518 3261; x_wconf 85' lang='lat' dir='ltr'>sit</span> <span class='ocrx_word' id='word_1_428' title='bbox 541 3219 627 3260; x_wconf 77' lang='lat' dir='ltr'>ac</span> <span class='ocrx_word' id='word_1_429' title='bbox 655 3203 918 3257; x_wconf 82' lang='lat' dir='ltr'>Joannes</span> <span class='ocrx_word' id='word_1_430' title='bbox 947 3201 1212 3272; x_wconf 86' lang='lat' dir='ltr'>Baptista</span> <span class='ocrx_word' id='word_1_431' title='bbox 1243 3201 1458 3256; x_wconf 86' lang='lat' dir='ltr'>Marus.</span> <span class='ocrx_word' id='word_1_432' title='bbox 1489 3201 1628 3264; x_wconf 86' lang='lat' dir='ltr'>Quis</span> <span class='ocrx_word' id='word_1_433' title='bbox 1660 3205 1855 3255; x_wconf 80' lang='lat' dir='ltr'>autem</span> <span class='ocrx_word' id='word_1_434' title='bbox 1889 3200 2065 3254; x_wconf 84' lang='lat' dir='ltr'>fuerit</span> <span class='ocrx_word' id='word_1_435' title='bbox 2080 3202 2257 3255; x_wconf 83' lang='lat' dir='ltr'>codex</span> <span class='ocrx_word' id='word_1_436' title='bbox 2288 3217 2462 3272; x_wconf 90' lang='lat' dir='ltr'>quem</span> <span class='ocrx_word' id='word_1_437' title='bbox 2497 3201 2757 3273; x_wconf 85' lang='lat' dir='ltr'>Bigotius</span> <span class='ocrx_word' id='word_1_438' title='bbox 2775 3201 2930 3272; x_wconf 89' lang='lat' dir='ltr'>apud</span> <span class='ocrx_word' id='word_1_439' title='bbox 2963 3201 3158 3271; x_wconf 91' lang='lat' dir='ltr'>ipsum</span> <span class='ocrx_word' id='word_1_440' title='bbox 3193 3199 3410 3254; x_wconf 88' lang='lat' dir='ltr'>invenit</span> <span class='ocrx_word' id='word_1_441' title='bbox 3430 3201 3501 3253; x_wconf 81' lang='lat' dir='ltr'>ex</span> 
     </span>
    </p>
   </div>
   <div class='ocr_carea' id='block_1_34' title="bbox 103 3287 3496 3365">
    <p class='ocr_par' dir='ltr' id='par_1_34' title="bbox 103 3287 3496 3365">
     <span class='ocr_line' id='line_1_34' title="bbox 103 3287 3496 3365; baseline -0 -22"><span class='ocrx_word' id='word_1_442' title='bbox 103 3287 370 3348; x_wconf 74' lang='lat' dir='ltr'>Bal-berino</span> <span class='ocrx_word' id='word_1_443' title='bbox 403 3310 518 3349; x_wconf 89' lang='lat' dir='ltr'>ms.</span> <span class='ocrx_word' id='word_1_444' title='bbox 551 3290 925 3356; x_wconf 86' lang='lat' dir='ltr'>innotescit;</span> <span class='ocrx_word' id='word_1_445' title='bbox 959 3294 1016 3344; x_wconf 90' lang='lat' dir='ltr'>et</span> <span class='ocrx_word' id='word_1_446' title='bbox 1054 3305 1247 3344; x_wconf 87' lang='lat' dir='ltr'>errore</span> <span class='ocrx_word' id='word_1_447' title='bbox 1278 3291 1424 3345; x_wconf 86' lang='lat' dir='ltr'>forte</span> <span class='ocrx_word' id='word_1_448' title='bbox 1455 3289 1688 3362; x_wconf 80' lang='lat' dir='ltr'>Bigotii,</span> <span class='ocrx_word' id='word_1_449' title='bbox 1723 3289 1877 3361; x_wconf 89' lang='lat' dir='ltr'>quod</span> <span class='ocrx_word' id='word_1_450' title='bbox 1909 3288 2113 3344; x_wconf 88' lang='lat' dir='ltr'>Vossio</span> <span class='ocrx_word' id='word_1_451' title='bbox 2145 3295 2269 3344; x_wconf 86' lang='lat' dir='ltr'>erat</span> <span class='ocrx_word' id='word_1_452' title='bbox 2307 3290 2764 3361; x_wconf 84' lang='lat' dir='ltr'>adjudicandum</span> <span class='ocrx_word' id='word_1_453' title='bbox 2802 3290 3092 3344; x_wconf 88' lang='lat' dir='ltr'>tributum</span> <span class='ocrx_word' id='word_1_454' title='bbox 3135 3289 3243 3344; x_wconf 76' lang='lat' dir='ltr'>fuit</span> <span class='ocrx_word' id='word_1_455' title='bbox 3272 3289 3496 3365; x_wconf 45' lang='lat' dir='ltr'>Pegn‘ze,</span> 
     </span>
    </p>
   </div>
   <div class='ocr_carea' id='block_1_35' title="bbox 103 3377 3498 3450">
    <p class='ocr_par' dir='ltr' id='par_1_35' title="bbox 103 3377 3498 3450">
     <span class='ocr_line' id='line_1_35' title="bbox 103 3377 3498 3450; baseline -0.001 -17"><span class='ocrx_word' id='word_1_456' title='bbox 103 3392 151 3429; x_wconf 81' lang='lat' dir='ltr'>eo</span> <span class='ocrx_word' id='word_1_457' title='bbox 176 3382 310 3450; x_wconf 85' lang='lat' dir='ltr'>quod</span> <span class='ocrx_word' id='word_1_458' title='bbox 336 3381 490 3438; x_wconf 82' lang='lat' dir='ltr'>Vesii</span> <span class='ocrx_word' id='word_1_459' title='bbox 537 3381 736 3437; x_wconf 84' lang='lat' dir='ltr'>codex</span> <span class='ocrx_word' id='word_1_460' title='bbox 770 3380 828 3433; x_wconf 89' lang='lat' dir='ltr'>in</span> <span class='ocrx_word' id='word_1_461' title='bbox 865 3378 1044 3448; x_wconf 89' lang='lat' dir='ltr'>hujus</span> <span class='ocrx_word' id='word_1_462' title='bbox 1068 3395 1280 3432; x_wconf 86' lang='lat' dir='ltr'>manus</span> <span class='ocrx_word' id='word_1_463' title='bbox 1309 3379 1566 3433; x_wconf 88' lang='lat' dir='ltr'>venisset</span> <span class='ocrx_word' id='word_1_464' title='bbox 1594 3385 1908 3449; x_wconf 87' lang='lat' dir='ltr'>antequam</span> <span class='ocrx_word' id='word_1_465' title='bbox 1935 3378 1992 3432; x_wconf 91' lang='lat' dir='ltr'>in</span> <span class='ocrx_word' id='word_1_466' title='bbox 2028 3379 2172 3433; x_wconf 87' lang='lat' dir='ltr'>Mari</span> <span class='ocrx_word' id='word_1_467' title='bbox 2207 3379 2623 3435; x_wconf 85' lang='lat' dir='ltr'>bibliothecam</span> <span class='ocrx_word' id='word_1_468' title='bbox 2667 3377 2963 3434; x_wconf 89' lang='lat' dir='ltr'>transiret.</span> <span class='ocrx_word' id='word_1_469' title='bbox 3025 3378 3143 3433; x_wconf 91' lang='lat' dir='ltr'>Nos</span> <span class='ocrx_word' id='word_1_470' title='bbox 3173 3377 3368 3448; x_wconf 89' lang='lat' dir='ltr'>ipsum</span> <span class='ocrx_word' id='word_1_471' title='bbox 3401 3392 3498 3432; x_wconf 91' lang='lat' dir='ltr'>co-</span> 
     </span>
    </p>
   </div>
   <div class='ocr_carea' id='block_1_36' title="bbox 100 3465 3497 3530">
    <p class='ocr_par' dir='ltr' id='par_1_36' title="bbox 100 3465 3497 3530">
     <span class='ocr_line' id='line_1_36' title="bbox 100 3465 3497 3530; baseline 0 -12"><span class='ocrx_word' id='word_1_472' title='bbox 100 3466 247 3524; x_wconf 81' lang='lat' dir='ltr'>dicem</span> <span class='ocrx_word' id='word_1_473' title='bbox 275 3488 368 3526; x_wconf 89' lang='lat' dir='ltr'>seu</span> <span class='ocrx_word' id='word_1_474' title='bbox 402 3472 743 3528; x_wconf 84' lang='lat' dir='ltr'>editionem</span> <span class='ocrx_word' id='word_1_475' title='bbox 778 3469 988 3523; x_wconf 92' lang='lat' dir='ltr'>Leonis</span> <span class='ocrx_word' id='word_1_476' title='bbox 1010 3484 1043 3521; x_wconf 90' lang='lat' dir='ltr'>a</span> <span class='ocrx_word' id='word_1_477' title='bbox 1073 3467 1280 3522; x_wconf 87' lang='lat' dir='ltr'>Vossio</span> <span class='ocrx_word' id='word_1_478' title='bbox 1312 3484 1444 3521; x_wconf 88' lang='lat' dir='ltr'>cum</span> <span class='ocrx_word' id='word_1_479' title='bbox 1479 3485 1621 3522; x_wconf 88' lang='lat' dir='ltr'>mss.</span> <span class='ocrx_word' id='word_1_480' title='bbox 1655 3466 1922 3522; x_wconf 87' lang='lat' dir='ltr'>collatam</span> <span class='ocrx_word' id='word_1_481' title='bbox 1949 3485 2064 3522; x_wconf 90' lang='lat' dir='ltr'>non</span> <span class='ocrx_word' id='word_1_482' title='bbox 2115 3468 2470 3530; x_wconf 86' lang='lat' dir='ltr'>invenimus,</span> <span class='ocrx_word' id='word_1_483' title='bbox 2525 3468 2623 3525; x_wconf 89' lang='lat' dir='ltr'>sed</span> <span class='ocrx_word' id='word_1_484' title='bbox 2656 3467 2801 3522; x_wconf 90' lang='lat' dir='ltr'>Mari</span> <span class='ocrx_word' id='word_1_485' title='bbox 2851 3466 3317 3522; x_wconf 88' lang='lat' dir='ltr'>lucubrationem</span> <span class='ocrx_word' id='word_1_486' title='bbox 3341 3465 3497 3520; x_wconf 88' lang='lat' dir='ltr'>nacti</span> 
     </span>
    </p>
   </div>
   <div class='ocr_carea' id='block_1_37' title="bbox 101 3553 3496 3628">
    <p class='ocr_par' dir='ltr' id='par_1_37' title="bbox 101 3553 3496 3628">
     <span class='ocr_line' id='line_1_37' title="bbox 101 3553 3496 3628; baseline -0 -20"><span class='ocrx_word' id='word_1_487' title='bbox 101 3570 267 3613; x_wconf 76' lang='lat' dir='ltr'>sumus</span> <span class='ocrx_word' id='word_1_488' title='bbox 294 3560 346 3614; x_wconf 86' lang='lat' dir='ltr'>in</span> <span class='ocrx_word' id='word_1_489' title='bbox 378 3561 590 3616; x_wconf 89' lang='lat' dir='ltr'>codice</span> <span class='ocrx_word' id='word_1_490' title='bbox 623 3556 972 3620; x_wconf 82' lang='lat' dir='ltr'>Barbarino,</span> <span class='ocrx_word' id='word_1_491' title='bbox 1007 3556 1329 3627; x_wconf 65' lang='lat' dir='ltr'>quieVossii</span> <span class='ocrx_word' id='word_1_492' title='bbox 1361 3560 1416 3610; x_wconf 89' lang='lat' dir='ltr'>et</span> <span class='ocrx_word' id='word_1_493' title='bbox 1434 3556 1598 3611; x_wconf 87' lang='lat' dir='ltr'>Marii</span> <span class='ocrx_word' id='word_1_494' title='bbox 1617 3556 1907 3610; x_wconf 81' lang='lat' dir='ltr'>variantes</span> <span class='ocrx_word' id='word_1_495' title='bbox 1929 3555 2359 3628; x_wconf 81' lang='lat' dir='ltr'>complectitur.</span> <span class='ocrx_word' id='word_1_496' title='bbox 2380 3561 2570 3626; x_wconf 85' lang='lat' dir='ltr'>Hujus</span> <span class='ocrx_word' id='word_1_497' title='bbox 2608 3572 2740 3611; x_wconf 90' lang='lat' dir='ltr'>vero</span> <span class='ocrx_word' id='word_1_498' title='bbox 2774 3556 3075 3611; x_wconf 86' lang='lat' dir='ltr'>Barberini</span> <span class='ocrx_word' id='word_1_499' title='bbox 3107 3553 3496 3626; x_wconf 89' lang='lat' dir='ltr'>manuscripti</span> 
     </span>
    </p>
   </div>
   <div class='ocr_carea' id='block_1_38' title="bbox 105 3643 3499 3717">
    <p class='ocr_par' dir='ltr' id='par_1_38' title="bbox 105 3643 3499 3717">
     <span class='ocr_line' id='line_1_38' title="bbox 105 3643 3499 3717; baseline 0 -21"><span class='ocrx_word' id='word_1_500' title='bbox 105 3645 254 3701; x_wconf 83' lang='lat' dir='ltr'>multa</span> <span class='ocrx_word' id='word_1_501' title='bbox 267 3647 383 3704; x_wconf 85' lang='lat' dir='ltr'>loca</span> <span class='ocrx_word' id='word_1_502' title='bbox 410 3648 798 3704; x_wconf 87' lang='lat' dir='ltr'>contulimus</span> <span class='ocrx_word' id='word_1_503' title='bbox 817 3661 952 3700; x_wconf 91' lang='lat' dir='ltr'>cum</span> <span class='ocrx_word' id='word_1_504' title='bbox 971 3645 1344 3700; x_wconf 88' lang='lat' dir='ltr'>Lectionariis</span> <span class='ocrx_word' id='word_1_505' title='bbox 1368 3645 1619 3700; x_wconf 72' lang='lat' dir='ltr'>basilicae</span> <span class='ocrx_word' id='word_1_506' title='bbox 1636 3644 1883 3711; x_wconf 86' lang='lat' dir='ltr'>S.Petri;</span> <span class='ocrx_word' id='word_1_507' title='bbox 1920 3661 2171 3716; x_wconf 89' lang='lat' dir='ltr'>cumque</span> <span class='ocrx_word' id='word_1_508' title='bbox 2187 3662 2253 3700; x_wconf 86' lang='lat' dir='ltr'>ea</span> <span class='ocrx_word' id='word_1_509' title='bbox 2270 3653 2468 3701; x_wconf 77' lang='lat' dir='ltr'>exacte</span> <span class='ocrx_word' id='word_1_510' title='bbox 2490 3649 2688 3702; x_wconf 89' lang='lat' dir='ltr'>notata</span> <span class='ocrx_word' id='word_1_511' title='bbox 2706 3643 3220 3717; x_wconf 90' lang='lat' dir='ltr'>deprehendimus,</span> <span class='ocrx_word' id='word_1_512' title='bbox 3242 3662 3276 3700; x_wconf 91' lang='lat' dir='ltr'>a</span> <span class='ocrx_word' id='word_1_513' title='bbox 3293 3643 3499 3698; x_wconf 86' lang='lat' dir='ltr'>fusiori</span> 
     </span>
    </p>
   </div>
   <div class='ocr_carea' id='block_1_39' title="bbox 101 3731 3499 3805">
    <p class='ocr_par' dir='ltr' id='par_1_39' title="bbox 101 3731 3499 3805">
     <span class='ocr_line' id='line_1_39' title="bbox 101 3731 3499 3805; baseline 0.001 -21"><span class='ocrx_word' id='word_1_514' title='bbox 101 3733 357 3795; x_wconf 84' lang='lat' dir='ltr'>collatione</span> <span class='ocrx_word' id='word_1_515' title='bbox 387 3738 751 3795; x_wconf 86' lang='lat' dir='ltr'>eorumdem</span> <span class='ocrx_word' id='word_1_516' title='bbox 786 3734 958 3789; x_wconf 87' lang='lat' dir='ltr'>levati</span> <span class='ocrx_word' id='word_1_517' title='bbox 991 3735 1210 3789; x_wconf 85' lang='lat' dir='ltr'>fuimus</span> <span class='ocrx_word' id='word_1_518' title='bbox 1236 3752 1247 3799; x_wconf 95' lang='lat'>;</span> <span class='ocrx_word' id='word_1_519' title='bbox 1273 3734 1473 3805; x_wconf 90' lang='lat' dir='ltr'>sicque</span> <span class='ocrx_word' id='word_1_520' title='bbox 1495 3732 1626 3788; x_wconf 86' lang='lat' dir='ltr'>aliis</span> <span class='ocrx_word' id='word_1_521' title='bbox 1659 3731 2110 3805; x_wconf 88' lang='lat' dir='ltr'>quampluribus</span> <span class='ocrx_word' id='word_1_522' title='bbox 2141 3738 2269 3789; x_wconf 87' lang='lat' dir='ltr'>tum</span> <span class='ocrx_word' id='word_1_523' title='bbox 2291 3735 2558 3805; x_wconf 87' lang='lat' dir='ltr'>ejusdem</span> <span class='ocrx_word' id='word_1_524' title='bbox 2582 3734 3000 3801; x_wconf 71' lang='lat' dir='ltr'>basilicze,tum</span> <span class='ocrx_word' id='word_1_525' title='bbox 3028 3731 3345 3800; x_wconf 89' lang='lat' dir='ltr'>Vaticanis,</span> <span class='ocrx_word' id='word_1_526' title='bbox 3367 3737 3499 3787; x_wconf 89' lang='lat' dir='ltr'>tum</span> 
     </span>
    </p>
   </div>
   <div class='ocr_carea' id='block_1_40' title="bbox 101 3819 3424 3894">
    <p class='ocr_par' dir='ltr' id='par_1_40' title="bbox 101 3819 3424 3894">
     <span class='ocr_line' id='line_1_40' title="bbox 101 3819 3424 3894; baseline 0 -20"><span class='ocrx_word' id='word_1_527' title='bbox 101 3819 305 3880; x_wconf 77' lang='lat' dir='ltr'>aliarum</span> <span class='ocrx_word' id='word_1_528' title='bbox 335 3827 755 3884; x_wconf 80' lang='lat' dir='ltr'>Romanarum</span> <span class='ocrx_word' id='word_1_529' title='bbox 780 3821 1272 3878; x_wconf 87' lang='lat' dir='ltr'>bibliothecarum</span> <span class='ocrx_word' id='word_1_530' title='bbox 1301 3839 1443 3879; x_wconf 89' lang='lat' dir='ltr'>mss.</span> <span class='ocrx_word' id='word_1_531' title='bbox 1477 3821 1914 3894; x_wconf 86' lang='lat' dir='ltr'>exemplaribus</span> <span class='ocrx_word' id='word_1_532' title='bbox 1947 3823 2434 3894; x_wconf 85' lang='lat' dir='ltr'>recognoscendis</span> <span class='ocrx_word' id='word_1_533' title='bbox 2462 3839 2666 3878; x_wconf 90' lang='lat' dir='ltr'>vacare</span> <span class='ocrx_word' id='word_1_534' title='bbox 2697 3822 3068 3878; x_wconf 90' lang='lat' dir='ltr'>commodius</span> <span class='ocrx_word' id='word_1_535' title='bbox 3098 3821 3424 3894; x_wconf 88' lang='lat' dir='ltr'>potuimus.</span> 
     </span>
    </p>
   </div>
   <div class='ocr_carea' id='block_1_41' title="bbox 1074 4244 2526 4348">
    <p class='ocr_par' dir='ltr' id='par_1_41' title="bbox 1074 4244 2526 4348">
     <span class='ocr_line' id='line_1_41' title="bbox 1074 4244 2526 4348; baseline -0.001 -2"><span class='ocrx_word' id='word_1_536' title='bbox 1074 4247 1197 4346; x_wconf 71' lang='grc' dir='ltr'>Ξ.</span> <span class='ocrx_word' id='word_1_537' title='bbox 1260 4244 1872 4348; x_wconf 64' lang='grc' dir='ltr'>ιεοιπε</span> <span class='ocrx_word' id='word_1_538' title='bbox 1938 4247 2526 4346; x_wconf 69' lang='lat' dir='ltr'><strong>MAGNI</strong></span> 
     </span>
    </p>
   </div>
   <div class='ocr_carea' id='block_1_42' title="bbox 1381 4445 2218 4506">
    <p class='ocr_par' dir='ltr' id='par_1_42' title="bbox 1381 4445 2218 4506">
     <span class='ocr_line' id='line_1_42' title="bbox 1381 4445 2218 4506; baseline -0.002 0"><span class='ocrx_word' id='word_1_539' title='bbox 1381 4445 1827 4506; x_wconf 87' lang='lat' dir='ltr'>PONTIFICIS</span> <span class='ocrx_word' id='word_1_540' title='bbox 1916 4445 2218 4506; x_wconf 82' lang='lat' dir='ltr'><strong>ROMANI</strong></span> 
     </span>
    </p>
   </div>
   <div class='ocr_carea' id='block_1_43' title="bbox 1001 4622 2614 4790">
    <p class='ocr_par' dir='ltr' id='par_1_43' title="bbox 1001 4622 2614 4790">
     <span class='ocr_line' id='line_1_43' title="bbox 1001 4622 2614 4790; baseline 0.002 -7"><span class='ocrx_word' id='word_1_541' title='bbox 1001 4622 2614 4790; x_wconf 63' lang='lat' dir='ltr'>$ERMONES</span> 
     </span>
    </p>
   </div>
   <div class='ocr_carea' id='block_1_44' title="bbox 486 4890 3106 4986">
    <p class='ocr_par' dir='ltr' id='par_1_44' title="bbox 486 4890 3106 4986">
     <span class='ocr_line' id='line_1_44' title="bbox 486 4890 3106 4986; baseline -0.002 -2"><span class='ocrx_word' id='word_1_542' title='bbox 486 4899 607 4986; x_wconf 88' lang='lat' dir='ltr'><strong>IN</strong></span> <span class='ocrx_word' id='word_1_543' title='bbox 674 4890 1302 4981; x_wconf 74' lang='lat' dir='ltr'>PR/ECIPUIS</span> <span class='ocrx_word' id='word_1_544' title='bbox 1366 4894 1792 4982; x_wconf 73' lang='lat' dir='ltr'>TO&#39;l&#39;IUS</span> <span class='ocrx_word' id='word_1_545' title='bbox 1849 4895 2108 4979; x_wconf 85' lang='grc' dir='ltr'>ΑΝΝΙ</span> <span class='ocrx_word' id='word_1_546' title='bbox 2169 4891 3106 4982; x_wconf 82' lang='lat' dir='ltr'>FESTIVITATIBUS</span> 
     </span>
    </p>
   </div>
   <div class='ocr_carea' id='block_1_45' title="bbox 1039 5085 2614 5150">
    <p class='ocr_par' dir='ltr' id='par_1_45' title="bbox 1039 5085 2614 5150">
     <span class='ocr_line' id='line_1_45' title="bbox 1039 5085 2614 5150; baseline 0 -3"><span class='ocrx_word' id='word_1_547' title='bbox 1039 5085 1162 5148; x_wconf 79' lang='lat' dir='ltr'><strong>AD</strong></span> <span class='ocrx_word' id='word_1_548' title='bbox 1245 5085 1721 5148; x_wconf 81' lang='lat' dir='ltr'>ROMANAM</span> <span class='ocrx_word' id='word_1_549' title='bbox 1799 5085 2169 5150; x_wconf 81' lang='lat' dir='ltr'>PLEBEM</span> <span class='ocrx_word' id='word_1_550' title='bbox 2248 5085 2614 5149; x_wconf 80' lang='lat' dir='ltr'>HABITI.</span> 
     </span>
    </p>
   </div>
   <div class='ocr_carea' id='block_1_46' title="bbox 1609 5276 2018 5292">
    <p class='ocr_par' dir='ltr' id='par_1_46' title="bbox 1609 5276 2018 5292">
     <span class='ocr_line' id='line_1_46' title="bbox 1609 5276 2018 5292; baseline 0.01 -4"><span class='ocrx_word' id='word_1_551' title='bbox 1609 5276 2018 5292; x_wconf 37' lang='grc' dir='ltr'><strong>ἡ</strong></span> 
     </span>
    </p>
   </div>
   <div class='ocr_carea' id='block_1_47' title="bbox 910 5421 2725 5503">
    <p class='ocr_par' dir='ltr' id='par_1_47' title="bbox 910 5421 2725 5503">
     <span class='ocr_line' id='line_1_47' title="bbox 910 5421 2725 5503; baseline 0.002 -22"><span class='ocrx_word' id='word_1_552' title='bbox 910 5421 1345 5486; x_wconf 80' lang='grc' dir='ltr'>ΑΒΜΟΝΙΤΙΟ</span> <span class='ocrx_word' id='word_1_553' title='bbox 1390 5423 1468 5486; x_wconf 84' lang='grc' dir='ltr'>ΙΝ</span> <span class='ocrx_word' id='word_1_554' title='bbox 1514 5425 1742 5487; x_wconf 79' lang='lat' dir='ltr'><strong>DUOS’</strong></span> <span class='ocrx_word' id='word_1_555' title='bbox 1769 5425 2228 5497; x_wconf 83' lang='lat' dir='ltr'>SEQUENTES</span> <span class='ocrx_word' id='word_1_556' title='bbox 2278 5425 2725 5503; x_wconf 76' lang='lat' dir='ltr'>SERMONES,</span> 
     </span>
    </p>
   </div>
   <div class='ocr_carea' id='block_1_48' title="bbox 133 5563 3532 5716">
    <p class='ocr_par' dir='ltr' id='par_1_48' title="bbox 133 5563 3532 5716">
     <span class='ocr_line' id='line_1_48' title="bbox 133 5563 3532 5716; baseline -0.001 -82"><span class='ocrx_word' id='word_1_557' title='bbox 133 5571 230 5642; x_wconf 82' lang='lat' dir='ltr'>Qui</span> <span class='ocrx_word' id='word_1_558' title='bbox 252 5575 308 5636; x_wconf 90' lang='lat' dir='ltr'>iu</span> <span class='ocrx_word' id='word_1_559' title='bbox 336 5573 874 5642; x_wconf 76' lang='lat' dir='ltr'>antecedentibus</span> <span class='ocrx_word' id='word_1_560' title='bbox 904 5572 1299 5650; x_wconf 84' lang='lat' dir='ltr'>cditionibus,</span> <span class='ocrx_word' id='word_1_561' title='bbox 1333 5577 1491 5636; x_wconf 90' lang='lat' dir='ltr'>sicut</span> <span class='ocrx_word' id='word_1_562' title='bbox 1523 5582 1583 5636; x_wconf 83' lang='lat' dir='ltr'>et</span> <span class='ocrx_word' id='word_1_563' title='bbox 1613 5576 1676 5637; x_wconf 89' lang='lat' dir='ltr'>in</span> <span class='ocrx_word' id='word_1_564' title='bbox 1711 5595 1834 5716; x_wconf 55' lang='lat' dir='ltr'>non</span> <span class='ocrx_word' id='word_1_565' title='bbox 1869 5577 2081 5654; x_wconf 87' lang='lat' dir='ltr'>paucis</span> <span class='ocrx_word' id='word_1_566' title='bbox 2112 5596 2258 5639; x_wconf 86' lang='lat' dir='ltr'>mss.</span> <span class='ocrx_word' id='word_1_567' title='bbox 2312 5576 2776 5657; x_wconf 81' lang='lat' dir='ltr'>exemplaribus</span> <span class='ocrx_word' id='word_1_568' title='bbox 2815 5576 2879 5636; x_wconf 89' lang='lat' dir='ltr'>in</span> <span class='ocrx_word' id='word_1_569' title='bbox 2915 5587 3112 5635; x_wconf 90' lang='lat' dir='ltr'>unum</span> <span class='ocrx_word' id='word_1_570' title='bbox 3167 5563 3532 5649; x_wconf 72' lang='lat' dir='ltr'>perpetrant</span> 
     </span>
     <span class='ocr_line' id='line_1_49' title="bbox 1609 5666 1998 5716; baseline 0 0"><span class='ocrx_word' id='word_1_571' title='bbox 1609 5676 1721 5716; x_wconf 88' lang='lat' dir='ltr'>coa</span> <span class='ocrx_word' id='word_1_572' title='bbox 1753 5666 1998 5716; x_wconf 85' lang='lat' dir='ltr'>uerunt.</span> 
     </span>
    </p>
   </div>
   <div class='ocr_carea' id='block_1_49' title="bbox 1609 5666 1998 5718">
    <p class='ocr_par' dir='ltr' id='par_1_49' title="bbox 1609 5666 1998 5718">
     <span class='ocr_line' id='line_1_50' title="bbox 1609 5666 1998 5718; baseline 0.003 -1"><span class='ocrx_word' id='word_1_573' title='bbox 1609 5666 1998 5718; x_wconf 84' lang='lat' dir='ltr'>coaluerunt.</span> 
     </span>
    </p>
   </div>
   <div class='ocr_carea' id='block_1_50' title="bbox 197 5791 3538 5879">
    <p class='ocr_par' dir='ltr' id='par_1_50' title="bbox 197 5791 3538 5879">
     <span class='ocr_line' id='line_1_51' title="bbox 197 5791 3538 5879; baseline -0.003 -20"><span class='ocrx_word' id='word_1_574' title='bbox 197 5804 249 5879; x_wconf 71' lang='lat' dir='ltr'>lu</span> <span class='ocrx_word' id='word_1_575' title='bbox 272 5809 640 5866; x_wconf 75' lang='lat' dir='ltr'>ant&#39;erioribus</span> <span class='ocrx_word' id='word_1_576' title='bbox 669 5805 1011 5879; x_wconf 79' lang='lat' dir='ltr'>editionibus</span> <span class='ocrx_word' id='word_1_577' title='bbox 1042 5821 1184 5861; x_wconf 84' lang='lat' dir='ltr'>unus</span> <span class='ocrx_word' id='word_1_578' title='bbox 1213 5808 1330 5861; x_wconf 82' lang='lat' dir='ltr'>erat</span> <span class='ocrx_word' id='word_1_579' title='bbox 1358 5821 1532 5879; x_wconf 77' lang='lat' dir='ltr'>sermo</span> <span class='ocrx_word' id='word_1_580' title='bbox 1563 5807 1662 5879; x_wconf 88' lang='lat' dir='ltr'>qui</span> <span class='ocrx_word' id='word_1_581' title='bbox 1685 5823 1834 5863; x_wconf 84' lang='lat' dir='ltr'>nunc</span> <span class='ocrx_word' id='word_1_582' title='bbox 1861 5824 1895 5862; x_wconf 83' lang='grc' dir='ltr'><em>α</em></span> <span class='ocrx_word' id='word_1_583' title='bbox 1926 5807 2082 5864; x_wconf 87' lang='lat' dir='ltr'>nobis</span> <span class='ocrx_word' id='word_1_584' title='bbox 2105 5808 2164 5864; x_wconf 90' lang='lat' dir='ltr'>in</span> <span class='ocrx_word' id='word_1_585' title='bbox 2188 5807 2321 5863; x_wconf 79' lang='lat' dir='ltr'>duos</span> <span class='ocrx_word' id='word_1_586' title='bbox 2337 5808 2544 5863; x_wconf 80' lang='lat' dir='ltr'>divisus</span> <span class='ocrx_word' id='word_1_587' title='bbox 2577 5806 2876 5879; x_wconf 68' lang='lat' dir='ltr'>profertur.</span> <span class='ocrx_word' id='word_1_588' title='bbox 2900 5799 3072 5878; x_wconf 67' lang='lat' dir='ltr'>Hujus</span> <span class='ocrx_word' id='word_1_589' title='bbox 3099 5797 3236 5868; x_wconf 77' lang='lat' dir='ltr'>facti</span> <span class='ocrx_word' id='word_1_590' title='bbox 3262 5791 3538 5879; x_wconf 57' lang='lat' dir='ltr'>rationem</span> 
     </span>
    </p>
   </div>
   <div class='ocr_carea' id='block_1_51' title="bbox 144 5873 3541 5952">
    <p class='ocr_par' dir='ltr' id='par_1_51' title="bbox 144 5873 3541 5952">
     <span class='ocr_line' id='line_1_52' title="bbox 144 5873 3541 5952; baseline -0.004 -14"><span class='ocrx_word' id='word_1_591' title='bbox 144 5877 403 5952; x_wconf 60' lang='lat' dir='ltr'>ifMactor,</span> <span class='ocrx_word' id='word_1_592' title='bbox 434 5881 744 5952; x_wconf 76' lang='lat' dir='ltr'>intelligas,</span> <span class='ocrx_word' id='word_1_593' title='bbox 772 5877 1465 5952; x_wconf 12' lang='lat' dir='ltr'>nonnullurprizmonenda</span> <span class='ocrx_word' id='word_1_594' title='bbox 1485 5873 1638 5952; x_wconf 71' lang='lat' dir='ltr'>sunt.</span> <span class='ocrx_word' id='word_1_595' title='bbox 1671 5880 1735 5935; x_wconf 85' lang='lat' dir='ltr'>In</span> <span class='ocrx_word' id='word_1_596' title='bbox 1764 5879 2160 5952; x_wconf 75' lang='lat' dir='ltr'>vulgatisante</span> <span class='ocrx_word' id='word_1_597' title='bbox 2208 5879 2558 5952; x_wconf 75' lang='lat' dir='ltr'>Quesnellum</span> <span class='ocrx_word' id='word_1_598' title='bbox 2577 5873 2929 5952; x_wconf 54' lang='lat' dir='ltr'>&#39;editionilius</span> <span class='ocrx_word' id='word_1_599' title='bbox 2961 5873 3154 5952; x_wconf 58' lang='lat' dir='ltr'>primo</span> <span class='ocrx_word' id='word_1_600' title='bbox 3184 5875 3444 5952; x_wconf 51' lang='grc' dir='ltr'>ιςεζνηξζῑέΔ</span> 
     </span>
    </p>
   </div>
   <div class='ocr_carea' id='block_1_52' title="bbox 149 5933 3543 6027">
    <p class='ocr_par' dir='ltr' id='par_1_52' title="bbox 149 5933 3543 6027">
     <span class='ocr_line' id='line_1_53' title="bbox 149 5933 3543 6027; baseline -0.007 -13"><span class='ocrx_word' id='word_1_601' title='bbox 149 5933 1097 6027; x_wconf 19' lang='grc' dir='ltr'>ἀνδόιὶἶξςὲᾳῦἆιὶῖὅιὲςίὸωὴραειοήἰὲ</span> <span class='ocrx_word' id='word_1_602' title='bbox 1126 5933 1731 6027; x_wconf 14' lang='grc' dir='ltr'>ιίὶιιιὶιιδήρννέὲβθέὸὰιάνὲ</span> <span class='ocrx_word' id='word_1_603' title='bbox 1753 5933 2307 6013; x_wconf 44' lang='lat' dir='ltr'>(Hiantibus;</span> <span class='ocrx_word' id='word_1_604' title='bbox 2330 5933 2406 6008; x_wconf 85' lang='lat' dir='ltr'>de</span> <span class='ocrx_word' id='word_1_605' title='bbox 2454 5947 2546 6007; x_wconf 91' lang='lat' dir='ltr'>die</span> <span class='ocrx_word' id='word_1_606' title='bbox 2588 5933 3008 6018; x_wconf 78' lang='lat' dir='ltr'>assumptionis</span> <span class='ocrx_word' id='word_1_607' title='bbox 3037 5938 3168 6012; x_wconf 88' lang='lat' dir='ltr'>ejus</span> <span class='ocrx_word' id='word_1_608' title='bbox 3210 5933 3283 5993; x_wconf 87' lang='lat' dir='ltr'>ad</span> <span class='ocrx_word' id='word_1_609' title='bbox 3309 5933 3543 5990; x_wconf 82' lang='lat' dir='ltr'>summi</span> 
     </span>
    </p>
   </div>
   <div class='ocr_carea' id='block_1_53' title="bbox 441 6061 3218 6145">
    <p class='ocr_par' dir='ltr' id='par_1_53' title="bbox 441 6061 3218 6145">
     <span class='ocr_line' id='line_1_54' title="bbox 441 6061 3218 6145; baseline -0.006 0"><span class='ocrx_word' id='word_1_610' title='bbox 441 6077 714 6145; x_wconf 60' lang='lat' dir='ltr'>Panos.</span> <span class='ocrx_word' id='word_1_611' title='bbox 761 6073 911 6142; x_wconf 77' lang='lat' dir='ltr'>LIV.</span> <span class='ocrx_word' id='word_1_612' title='bbox 1595 6135 1603 6140; x_wconf 83' lang='lat'>.</span> <span class='ocrx_word' id='word_1_613' title='bbox 3179 6061 3218 6128; x_wconf 73' lang='lat'><strong>5</strong></span> 
     </span>
    </p>
   </div>
  </div>
