3914 6232
289 429 321 448 ο

328 4654 333 4659 ’
425 4650 578 4704 noris
607 4657 820 4714 auctor,
873 4650 983 4717 ipse
1011 4657 1104 4703 est.
1148 4648 1516 4713 Ouesnellus,
1549 4652 1729 4704 oneris
1758 4658 1835 4704 est
1863 4658 2071 4714 auctor,
2106 4651 2150 4716 D

397 434 514 495 M3

1515 424 1580 485 S.
1620 418 1899 483 LEONIS
1940 411 2193 478 MAGNI
2237 409 2679 474 SERMONES.

3698 390 3801 465 tu

398 566 670 622 diernum
688 564 845 620 diem
874 561 1009 619 fecit
1046 559 1242 616 divina
1263 554 1520 630 dignatio
1547 570 1560 608 :
1595 569 1723 625 quae
1756 550 1897 605 dum
1929 548 2039 603 hu-
2069 547 2124 614 Α
2154 542 2430 609 deseruit,
2464 543 2634 613 cujus
2666 540 2753 611 (g)
2791 554 2894 596 vos
2918 535 3256 630 reverentia
3297 534 3804 630 congregavit._De

398 653 708 710 militatem
742 668 930 708 meam
962 650 1020 705 in
1052 663 1351 705 summum
1385 644 1632 718 gradum
1660 641 1740 703 (a)
1766 636 2042 712 provexit,

401 742 554 816 quod
598 740 890 797 neminem
935 753 1175 795 suorum
1228 736 1548 808 sperneret.
1604 725 2042 816 demonstravit.

398 812 564 887 ﬁnde
586 823 694 886 etsi
713 826 1104 885 necessarium
1119 829 1207 881 est
1236 821 1530 895 trepidare
1563 819 1634 875 de
1656 816 1887 882 merito,
1914 812 2050 869 reli-

400 921 629 995 giosum
647 921 736 975 est
762 922 957 973 tamen
983 915 1237 989 gaudere
1260 913 1331 968 de
1361 912 1514 966 dono
1540 906 1850 995 :quoniam
1949 901 2049 995 qui

400 990 641 1079 inihi(b)
678 1005 871 1062 oneris
889 1009 977 1060 est
999 1007 1220 1071 auctor,
1244 1000 1369 1072 ipse
1401 1002 1490 1054 est
1523 990 2051 1052 administrationis

403 1098 676 1169 adjutor;
713 1099 771 1151 et
801 1111 872 1149 ne
903 1093 1012 1149 sub
1045 1088 1453 1164 magnitudine
1476 1085 1672 1159 gratias
1706 1082 2052 1140 succumbat

403 1182 699 1255 infirmus,
732 1182 893 1239 dabit
922 1183 1217 1247 virtutem,
1272 1178 1371 1251 qui
1405 1174 1653 1232 contulit
1683 1170 2050 1245 dignitatem.

412 1275 769 1334 Recurrente
798 1271 979 1343 igitur
1023 1287 1127 1342 per
1180 1284 1354 1323 suum
1387 1265 1650 1322 ordinem
1682 1262 1775 1317 die
1813 1278 1928 1333 quo
1961 1276 2054 1315 me

406 1363 693 1420 Dominus
708 1357 1146 1432 (c)episeopalis
1181 1356 1354 1412 ofﬁcii
1394 1352 1576 1409 voluit
1609 1352 1820 1406 habere
1845 1348 2055 1422 princi-

409 1453 596 1525 pium,
629 1464 764 1506 vera
791 1447 932 1503 mihi
956 1447 1012 1501 in
1038 1445 1284 1519 gloriam
1317 1445 1415 1499 Dei
1449 1459 1626 1497 causa
1658 1445 1745 1495 est
1778 1437 2050 1525 laetandi:

409 1539 512 1613 qui
536 1538 773 1606 mihi,ut
800 1536 1055 1593 multum
1086 1552 1121 1589 a
1151 1550 1242 1589 me
1273 1532 1631 1603 diligeretur,
1665 1527 1849 1584 multa
1881 1524 2056 1581 dimi-

410 1630 525 1697 sit;
548 1633 603 1684 et
629 1633 696 1683 ut
717 1625 1045 1682 mirabilem
1075 1625 1286 1679 faceret
1317 1623 1565 1693 gratiam
1599 1635 1792 1682 suam,
1830 1616 1886 1670 in
1920 1631 2055 1670 eum

398 1734 655 1774 munera
685 1732 794 1772 sua
840 1712 1107 1777 contulit,
1157 1712 1215 1766 in
1251 1727 1365 1782 quo
1405 1709 1748 1764 meritorum
1778 1704 2059 1775 suffragia

410 1824 526 1863 non
552 1805 794 1862 invenit.
830 1805 952 1868 Quo
976 1818 1150 1875 opere
1180 1815 1288 1855 suo
1320 1798 1621 1861 Dominus,
1655 1796 1755 1868 qui
1778 1794 2054 1849 cordibus

410 1894 920 1956 nostrisinsinuat,
954 1890 1166 1963 quidve
1179 1887 1571 1952 commendat,
1604 1884 1717 1939 nisi
1735 1881 2064 1953 utdejusti-

410 1986 495 2041 tia
513 2001 622 2049 sua
637 1999 809 2038 nemo
826 1981 1227 2053 praesumat,et
1246 1978 1317 2031 de
1337 1975 1526 2048 ipsius
1545 1972 1947 2030 misericordia
1960 1987 2059 2026 ne-

400 2091 512 2130 mo
531 2072 1063 2140 dilﬁdahqumtunc
1076 2067 1150 2136 (d)
1167 2065 1495 2121 evidentius
1507 2062 1862 2135 praeminet,
1879 2076 2063 2131 quan-

416 2162 490 2218 do
512 2162 782 2233 peccator
801 2156 1220 2219 sanctilieatur,
1240 2154 1576 2223 etabjectus
1589 2149 1850 2220 erigitur.
1867 2149 2065 2220 Neque

420 2248 578 2304 enim
599 2247 671 2302 de
691 2244 975 2318 qualitate
1008 2246 1337 2299 nostrorum
1375 2256 1616 2311 operum
1657 2239 1871 2311 pendet
1899 2236 2064 2291 caele-

422 2338 603 2395 stium
626 2350 906 2390 mensura
926 2333 1213 2388 donorum
1239 2348 1252 2385 :
1274 2334 1375 2385 aut
1405 2330 1465 2384 in
1498 2329 1610 2384 isto
1628 2326 1927 2395 szeculo,in
1950 2341 2065 2397 quo

433 2431 548 2482 tota
581 2426 692 2480 vita
724 2423 948 2478 tentatio
978 2425 1055 2477 est
1090 2421 1225 2489 (Job.
1268 2437 1366 2486 vn,
1396 2418 1467 2490 1),
1500 2417 1609 2472 hoc
1626 2415 1946 2487 unicuique
1978 2421 2066 2470 re‘-

418 2512 723 2578 .tribuitur,
747 2511 899 2583 quod
916 2513 1175 2565 meretur
1199 2526 1210 2563 :
1235 2508 1333 2564 ubi
1352 2507 1397 2563 si
1419 2505 1759 2577 iniquitates
1781 2503 2065 2559 Dominus

428 2604 786 2669 observaret,
819 2598 1017 2656 nullus
1026 2598 1315 2669 judicium
1340 2598 1412 2667 (e)
1443 2595 1629 2667 ipsius
1660 2594 1996 2650 sustineret.

497 2690 637 2747 CAP.
667 2690 741 2749 ll.
786 2716 856 2730 --
901 2688 1242 2758 Magniﬁcam
1274 2702 1431 2757 ergo,
1464 2683 1852 2750 dilectissimi,
1884 2684 2069 2738 Domi-

424 2796 562 2837 num
588 2782 823 2846 mecum,
853 2784 903 2833 et
922 2777 1225 2833 exaltemus
1254 2790 1449 2830 nomen
1470 2764 1585 2845 ejus
1607 2774 1662 2828 in
1695 2773 1928 2827 invicem
1954 2772 2067 2844 (Ps.

426 2886 626 2936 χχχιιι,
648 2867 797 2938 4),ιιι
817 2870 938 2921 tota
956 2865 1101 2920 ratio
1119 2862 1473 2919 celebritatis
1515 2861 1806 2915 hodiernae
1839 2862 1911 2915 ad
1946 2861 2069 2915 Ian-

429 2959 563 3013 dem
592 2956 685 3012 sui
716 2956 1000 3011 referatur
1028 2952 1303 3009 auctoris.
1335 2952 1481 3007 Nam
1534 2950 1689 3021 quod
1738 2950 1969 3022 proprie
2000 2950 2073 3004 ad

433 3046 702 3102 affectum
720 3042 901 3098 animi
922 3042 1031 3098 mei
1049 3035 1315 3115 pertinet,
1351 3040 1632 3096 conﬁteor
1646 3055 1738 3093 me
1750 3038 2073 3109 plurimum

432 3133 504 3189 de
532 3133 798 3189 omnium
830 3136 1087 3187 vestrum
1137 3129 1439 3186 devotione
1487 3128 1760 3200 gaudere.
1816 3129 2076 3198 Cumque

430 3223 579 3278 hanc
594 3220 1015 3277 venerabilium
1038 3219 1523 3276 consacerdotum
1538 3233 1736 3271 meoru
1749 3232 1801 3270 ιιι
1826 3215 2077 3287 splendi-

2154 635 2343 687 vestro
2357 630 2554 702 itaque
2568 633 2623 685 et
2641 630 2765 701 ipse
2783 625 3243 703 gaudetaffectu,
3264 630 3322 682 et
3353 624 3412 681 in
3434 624 3804 680 consortibus

2154 720 2393 776 honoris
2408 718 2496 775 sui
2518 716 2947 775 observantiam
2959 715 3274 773 Dominicae
3290 713 3691 771 institutionis
3702 730 3807 769 am-

2157 808 2452 883 plectitur,
2487 807 2743 880 probans
2795 803 3297 863 ordinatissimam
3328 803 3520 862 totius
3551 800 3805 859 Ecclesia

2158 897 2505 955 eharitatem
2536 913 2661 969 quae
2693 895 2753 950 in
2784 896 2887 950 10
2924 893 3067 949 Petri
3100 894 3237 949 sede
3264 893 3507 949 Petrum
3551 890 3804 963 suscipit,

2158 992 2215 1044 et
2244 1006 2279 1044 a
2306 986 2453 1043 tanti
2480 1001 2673 1042 amore
2690 983 2943 1057 pastoris
2958 999 3061 1038 nec
3094 981 3151 1037 in
3167 985 3563 1054 personatam
3580 979 3806 1054 imparis

2158 1076 2403 1149 tepescit
2454 1073 2722 1130 haeredis.
2776 1072 2849 1128 Ut
2880 1088 3015 1145 ergo
3045 1070 3167 1126 hac
3197 1070 3408 1149 pictas,
3442 1068 3808 1126 dilectissimi

2160 1147 2337 1239 quam
2361 1164 2651 1238 ergahum
2662 1162 2907 1221 ilitatem
2921 1177 3113 1216 meam
3128 1147 3497 1215 unanimiter
3509 1159 3805 1226 exhibetis,

2161 1257 2415 1311 fructum
2456 1251 2547 1308 sui
2579 1251 3190 1322 studiiconsequatur,
3224 1249 3303 1321 (In)
3332 1248 3811 1303 misericordissi-

2163 1361 2319 1399 mam
2335 1342 2433 1399 Dei
2451 1341 2629 1397 nostri
2645 1339 3014 1395 clementiam
3028 1337 3324 1410 supplices
3338 1337 3737 1403 obsecrate,ut
3756 1337 3806 1391 in

2164 1432 2369 1488 diebus
2384 1430 2600 1487 nostris
2612 1432 2903 1502 expugnet
2918 1428 3334 1499 impugnanles
3352 1426 3727 1493 nos,muniat
3757 1426 3811 1479 {i-

2165 1524 2295 1578 dem
2315 1523 2378 1591 (i)
2402 1523 2685 1586 nostram,
2711 1515 3324 1590 angeatdileotionem,
3359 1522 3583 1589 augeat
3600 1532 3807 1588 pacem,

2167 1627 2373 1683 meque
2385 1606 2681 1665 servulum
2696 1622 3073 1677 suum,quem
3086 1605 3158 1661 ad
3172 1604 3810 1662 ostendendasdivitias

2167 1699 2364 1773 gratiae
2398 1715 2515 1753 sum
2548 1694 2961 1770 gubernaculis
2995 1694 3258 1750 Ecclesia:
3279 1693 3467 1751 voluit
3491 1695 3810 1771 praesidere,

2168 1787 2557 1844 sufﬁcientem
2573 1790 2731 1841 tanta
2745 1784 2925 1857 operi,
2958 1788 3015 1839 et
3028 1783 3228 1839 utilem
3245 1787 3452 1839 vestrae
3471 1784 3545 1857 (ﬂ
3579 1783 3810 1841 aediﬁca-

2167 1876 2310 1931 tioni
2335 1874 2927 1948 digneturel‘tlcere,et
2950 1873 3021 1927 ad
3043 1872 3150 1927 hoc
3178 1876 3448 1944 tempora
3471 1876 3687 1930 nostra:
3704 1890 3809 1931 ser-

2169 1963 2369 2020 vitutis
2388 1964 2716 2029 extendere,
2750 1966 2815 2016 ut
2838 1961 3101 2033 proficiat
3118 1961 3432 2026 devotioni,
3469 1963 3633 2035 quod
3650 1962 3806 2018 fuerit

2171 2051 2417 2123 largitus
2460 2051 2637 2116 (etuti,
2688 2065 2791 2120 per
2825 2048 3125 2104 Christum
3167 2049 3492 2105 Dominum
3534 2054 3811 2106 nostrum.

2173 2142 2378 2194 Amen.

2719 2226 2958 2282 BERMO
2990 2226 3063 2281 III
3106 2226 3211 2297 [ΑΙ.
3247 2226 3338 2297 11].

2176 2319 2249 2372 De
2289 2317 2476 2371 Natali
2522 2316 2698 2387 ipsius
2718 2317 2743 2371 1
2761 2316 2783 2370 I
2801 2317 2824 2371 I
2840 2333 2861 2377 ;
2883 2314 3102 2370 habitus
3121 2317 3179 2370 in
3211 2318 3607 2374 anniversario
3628 2317 3713 2377 die
3735 2333 3810 2373 as-

2246 2388 2569 2459 sumptionis
2586 2387 2828 2459 ejusdem
2856 2387 2927 2441 ad
2942 2389 3146 2441 summi
3164 2388 3445 2459 pontiﬁcii
3462 2398 3685 2445 munus.

2179 2480 2477 2535 SYNOPSIS.
2509 2507 2598 2530 —.
2643 2476 2723 2531 Ad
2748 2477 2917 2530 Deum
2959 2474 3275 2546 referendus
3304 2477 3482 2532 honor
3520 2477 3809 2534 sacerdotii.

2249 2550 2419 2619 Hujus
2448 2550 2630 2623 ﬁgura
2660 2546 3059 2623 inAMelchisech
3071 2549 3384 2623 pracessit;
3410 2549 3809 2623 utriusqueut-

2250 2622 2481 2676 crimen.
2518 2653 2586 2660 —
2604 2619 2672 2674 II.
2710 2619 2883 2685 Quam
2908 2619 3089 2690 impar
3111 2622 3259 2674 tanto
3288 2622 3451 2675 oneri
3479 2619 3723 2677 humana
3743 2621 3812 2673 in-

2251 2692 2506 2761 ﬁrmitas.
2534 2692 2778 2748 Christus
2808 2690 3105 2762 Ecclesium
3132 2706 3356 2762 semper,
3374 2693 3542 2762 regit.
3577 2691 3813 2747 Soliditas

2251 2760 2377 2833 ﬁdei
2398 2763 2548 2818 Petri
2577 2768 2882 2835 permanet.
2917 2791 2984 2799 —
3020 2760 3117 2835 Ill.
3136 2760 3292 2835 Petri
3307 2760 3511 2831 elogia,
3542 2766 3642 2835 qui
3657 2764 3809 2818 Eccle-

2170 2876 2173 2881 ι
2250 2831 2356 2889 sise
2374 2831 2590 2888 curam’
2607 2834 2934 2889 etiamnunc
2959 2831 3149 2905 nonde
3181 2834 3462 2901 serit.Quo
3489 2831 3655 2890 sensu
3679 2837 3812 2905 petra

2254 2914 2305 2961 et
2331 2905 2773 2975 fundamentum.
2822 2934 2888 2942 —
2941 2902 3033 2958 ιν.
3083 2905 3281 2961 Petrus
3328 2906 3386 2959 in
3434 2902 3812 2963 successoribus

2254 2976 2636 3031 honorandus:
2684 2976 2901 3030 Primus
2930 2976 3179 3048 omnium
3218 2976 3621 3048 episcoporum.
3647 2978 3813 3047 Profe-

2254 3056 2370 3103 ctus
2399 3051 2581 3118 gregis
2597 3048 2719 3103 laus
2739 3046 2974 3118 pastoris

2256 3133 2390 3188 CAP.
2409 3134 2449 3187 Ι.
2476 3165 2541 3173 -
2558 3133 2793 3198 Quoties
2817 3132 2987 3188 nobis
3010 3132 3411 3190 misericordia
3430 3135 3530 3191 Dei
3550 3136 3810 3192 donorum

2187 3238 2429 3278 suorum
2446 3222 2567 3277 dies
2584 3238 2858 3278 renovare
2872 3222 3167 3294 dignatur,
3177 3222 3361 3293 justa,
3379 3222 3814 3291 dilectissimi,et

422 3311 734 3383 .dissimam
752 3310 823 3391 gf)
848 3309 1235 3381 frequentiam
1268 3307 1453 3373 videO,
1487 3304 1816 3376 angelicum
1835 3285 2073 3360 nobisin
2106 3285 2149 3351 Ο
2188 3310 2554 3367 rationabilis
2570 3328 2748 3367 causa
2763 3316 2850 3366 est
2868 3285 3378 3379 lmiandi,sivol‘lieii
3404 3314 3571 3388 origo
3585 3285 3811 3385 suscepti

429 3405 514 3457 tot
543 3399 761 3456 sanctis
788 3399 972 3455 sentio
1002 3398 1285 3453 interesse
1322 3399 1694 3450 conventum.
1729 3394 1843 3448 Nec
1870 3393 2073 3449 dubito

429 3504 537 3543 nos
566 3486 989 3543 abundantiore
1020 3485 1189 3540 hodie
1212 3483 1419 3538 divina:
1446 3482 1763 3554 praisentize
1777 3482 1965 3554 gratia
1989 3483 2072 3537 vi-

430 3574 865 3646 sitari,quando
896 3572 1071 3627 simul
1104 3573 1340 3637 adsunt,
1375 3576 1433 3626 et
1465 3587 1579 3627 uno
1611 3571 1833 3627 lumine
1856 3572 2076 3627 micant

427 3668 514 3720 tot
532 3660 967 3735 speciosissima
995 3660 1371 3716 tabernacula
1416 3660 1537 3728 Dei,
1572 3663 1657 3715 tot
1689 3661 1954 3715 membra
1977 3677 2074 3715 ex-

430 3750 854 3809 cellentissima
869 3749 1127 3821 corporis
1158 3748 1393 3804 Christi.
1411 3750 1524 3804 Nec
1539 3750 1724 3815 abest,
1749 3750 2072 3815 uteonlido,

428 3842 502 3913 ab
532 3840 817 3905 hoc_ccetu
850 3836 1025 3895 etiam
1058 3836 1381 3894 beatissimi
1414 3837 1659 3910 apostoli
1696 3837 1845 3892 Petri
1878 3838 1974 3911 pia
1992 3839 2077 3893 di-

426 3928 624 4004 gnatio
656 3934 715 3985 et
741 3928 858 3983 ﬁda
876 3926 1143 3995 dilectio;
1168 3943 1272 3982 nec
1302 3930 1554 3983 vestram
1574 3926 1937 3982 devotionem
1978 3926 2075 3983 ille

422 4082 640 4152 ximus,
672 4081 895 4136 dictum
928 4078 1177 4137 est.Mox
1199 4096 1303 4153 pro
1333 4076 1668 4151 fecitprima
1690 4077 1866 4135 editio
1896 4079 2075 4136 habet

450 4156 577 4211 ’acit.

424 4157 903 4297 [aigiLegebatur
916 4220 1855 4297 provehit.Emen_dstionemunius
1869 4221 2072 4277 littera:

426 4293 751 4352 mutatiovne
781 4293 1203 4356 necessarium,
1259 4298 1322 4349 ut
1352 4295 1409 4348 in
1447 4293 1844 4349 admonitione
1876 4299 2071 4349 osten-

426 4368 646 4438 dimus,
691 4366 835 4438 nulli
883 4366 1016 4421 licet
1047 4367 1275 4421 codices
1306 4367 1720 4438 sutl'ragentur,
1762 4365 1949 4421 facere
1980 4365 2070 4421 vel

427 4437 593 4492 inviti
626 4437 959 4492 debuimus.
1502 4437 1508 4438 ⁷
1998 4444 2005 4449 ‘

498 4508 570 4579 (b)
594 4507 689 4579 Sic
718 4506 1170 4579 antiquissimus
1186 4506 1313 4579 Vat.
1334 4508 1493 4579 3836,
1523 4511 1578 4562 et
1608 4506 1919 4579 unusVat.
1954 4507 2069 4563 col-

427 4577 559 4633 lect.
582 4579 635 4632 5.
671 4578 1101 4633 Leetionarium
1125 4577 1404 4633 Vallicell.
1437 4580 1478 4632 A
1499 4581 1554 4642 7,
1590 4595 1731 4634 mss.
1759 4578 1950 4645 Casia,
1974 4580 2067 4634 ho-

425 4723 539 4792 ipse
566 4720 707 4775 mihi
735 4721 828 4792 fiet
848 4719 942 4792 ;_in
969 4718 1230 4792 margine
1263 4726 1456 4773 autem
1492 4737 1593 4790 pro
1628 4720 1869 4792 lectione
1890 4723 2073 4776 oneris

425 4789 627 4846 laudat
658 4791 795 4862 cod.
856 4790 1019 4862 Reg,
1061 4794 1119 4844 et
1148 4789 1361 4844 Victor.
1414 4789 1582 4862 notat,
1605 4807 1739 4845 vero
1774 4791 1829 4844 in
1876 4792 2075 4847 codice

425 4863 603 4935 Regio
655 4861 786 4933 legi,
824 4861 1080 4935 ipse;_e_st,
1116 4877 1217 4935 pro
1250 4863 1362 4932 ipse
1391 4861 1665 4935 mihiﬁet.
1700 4862 1898 4917 Caeteri
1932 4864 2073 4918 editi

423 4931 688 5005 eamdem
720 4931 1015 4998 Ouesnelli
1041 4931 1372 4995 lectionem,
1398 4931 1945 5005 exhibent,excepto
1978 4935 2074 4989 ho-

424 5008 575 5060 noris
606 5003 732 5059 loco
763 5006 967 5058 oneris.

495 5076 724 5148 (c)_Cod.
744 5075 871 5148 Vat.
887 5073 1280 5148 _L_ongob_ard.,
1304 5075 1662 5148 episcOpatus.
1686 5074 1820 5129 Dein
1851 5075 2065 5130 Masm-

424 5144 626 5225 nu's'jn
663 5147 871 5225 Leonis
886 5144 1554 5225 Vitalegitpriricipatum
1581 5161 1683 5216 pro
1705 5149 2069 5225 principium,

424 5219 578 5291 quod
612 5219 671 5272 in
704 5215 882 5291 nullis
914 5232 1029 5271 non
1064 5215 1257 5291 solum
1290 5215 1666 5282 editionibus,
1699 5215 1799 5272 sed
1848 5215 2068 5275 nostris

422 5286 598 5347 etiam
630 5289 932 5345 codicibus
966 5286 1311 5358 reperimus.

494 5361 573 5430 (ιί)
604 5360 733 5416 Vat.
752 5360 912 5424 3836,
935 5357 1512 5431 evidenterprominel.
1538 5357 1673 5414 Post
1685 5376 1889 5431 pauca,
1908 5363 2074 5416 meri-

422 5441 603 5561 torulrln
629 5437 965 5499 nostrorum,
990 5447 1092 5503 pro
1126 5430 1436 5487 nostrorum
1459 5446 1684 5502 Operam
1712 5430 1769 5484 in
1800 5431 1926 5486 cod.
1947 5431 2075 5488 Val-

448 5522 537 5561 ice
589 5546 603 5560 .

448 5524 603 5561 tceu.

470 5522 690 5701 Caieta.
719 5593 787 5631 ex
814 5573 1171 5632 Leetionario
1202 5571 1485 5629 Vallicell.
1521 5576 1580 5628 et
1610 5588 1673 5629 ee
1704 5589 1814 5629 ms.
1851 5574 2075 5648 Longo-

470 5665 530 5701 ar
579 5690 592 5701 .
615 5646 848 5701 aliouue
868 5647 994 5701 Vat.
1023 5647 1135 5701 ΑΙ..
1168 5663 1349 5701 suum.

423 5646 592 5712 bard,
615 5646 848 5718 alioque
868 5647 994 5702 Vat.
1023 5647 1135 5707 ΑΙ..
1168 5663 1349 5718 suum.

493 5719 565 5790 (Γ)
594 5715 769 5793 Codd}
806 5718 945 5793 Reg.
976 5722 1034 5776 et
1055 5718 1206 5793 Vict.
1238 5715 1557 5793 Quesnelli,
1608 5721 1784 5793 atque
1814 5733 1970 5793 unus
2002 5733 2071 5774 ex

425 5787 645 5853 nostris
671 5790 824 5863 Vat.,
854 5787 1364 5873 fieguentationem.
1390 5787 1509 5850 Hoc
1528 5787 1706 5868 porro'
1731 5788 1856 5851 loco
1888 5791 2070 5861 Ques-

2184 3402 2252 3457 ad
2277 3401 2508 3456 laudem
2527 3401 2616 3456 sui
2643 3403 2928 3457 referatur
2960 3401 3235 3457 auctoris.
3262 3401 3431 3459 Hane
3452 3406 3614 3460 enim
3637 3404 3812 3460 obser-

2182 3491 2437 3546 ventiam
2474 3490 2751 3545 omnibus
2784 3490 3021 3562 quidem
3058 3491 3465 3548 sacerdotibus
3488 3507 3808 3567 congruam,

2184 3581 2283 3635 sed
2300 3579 2442 3635 mihi
2455 3580 2844 3635 necessariam
2861 3579 3110 3635 maxime
3122 3596 3250 3635 esse
3263 3580 3729 3655 cognosco(k)qui
3743 3594 3814 3635 re—

2185 3669 2437 3741 spiciens
2470 3669 2540 3723 ad
2571 3668 2904 3740 exiguitatis
2944 3670 3038 3724 11
3085 3686 3226 3724 mea:
3276 3671 3648 3734 tenuitatem,
3671 3675 3724 3727 et
3746 3667 3805 3724 ad

2184 3757 2438 3829 suscepti
2454 3758 2717 3813 muneris
2734 3756 3518 3834 magnitudinem,etiamego
3532 3761 3694 3817 illlud
3710 3774 3815 3832 pro-

2183 3846 2479 3918 pheticum
2501 3846 2680 3901 debeo
2696 3845 3085 3918 proclamare:
3114 3849 3360 3917 Domine,
3384 3849 3814 3907 audiviaudilum

2183 3945 2356 4002 tuum,
2378 3942 2429 3991 et
2459 3936 2624 3990 timui
2644 3956 2663 4003 ,-
2693 3934 3037 3991 consideravi
3057 3952 3221 4007 opera
3249 3940 3657 4013 tua,ete:cpavi.
3687 3933 3811 4004 Quid

2183 4077 2376 4159 uellus
2397 4082 2456 4132 et
2485 4077 2541 4131 in
2576 4076 2813 4160 synopsi
2843 4075 3282 4160 hujus‘eapitis,
3318 4085 3376 4135 et
3410 4081 3473 4160 in
3509 4076 3809 4160 postillaad

2182 4150 2522 4224 marginem
2543 4148 2815 4204 editionis
2833 4149 3102 4205 secundae
3125 4148 3448 4224 notaverat,
3462 4148 3811 4224 episcopatui?

2178 4218 2471 4275 conventus
2503 4221 2563 4275 in
2592 4224 2780 4297 octava
2828 4222 3253 4297 consecrationis
3300 4218 3540 4297 Romani
3564 4218 3811 4297 pontiﬁcis

2180 4296 2487 4417 propterea
2509 4293 2663 4362 quod
2684 4307 3012 4346 sermonem
3036 4291 3192 4348 hunc
3209 4293 3267 4348 in
3300 4293 3504 4350 eadem
3523 4291 3711 4351 octava
3727 4291 3808 4345 ha-

2225 4364 2370 4417 itum
2396 4362 2673 4417 crederet.
2707 4362 2816 4417 Sed
2840 4367 2897 4417 et
2926 4362 3085 4417 hunc
3106 4380 3462 4417 sermonem.
3495 4372 3555 4417 et
3588 4378 3808 4417 conven-

2225 4362 2370 4417 itum
2396 4362 2673 4418 crederet.
2707 4362 2816 4417 Sed
2840 4367 2897 4418 et
2926 4362 3085 4419 hunc
3106 4380 3462 4428 sermonem.
3495 4372 3555 4423 et
3588 4378 3808 4422 conven-

2181 4434 2731 4511 tumepiseoporum
2764 4433 3241 4511 anniversario
3264 4433 3808 4511 consecratipnisdie

2181 4504 2434 4571 habitos,
2458 4504 2974 4577 irn’admonitione
2995 4506 3382 4564 ostendimus.
3421 4509 3555 4565 Mox
3584 4504 3693 4566 esse
3718 4518 3805 4577 ρτο

2182 4578 2439 4632 interesse
2468 4576 2525 4630 in
2558 4578 2684 4631 eod.
2719 4575 3001 4633 Vallicell.

2252 4648 2330 4721 (α)
2356 4652 2435 4702 Ita
2451 4647 2810 4721 correximus
2822 4642 3807 4721 exmssantiquissimoVatie.,Val-

2184 4717 2357 4774 licell.
2390 4725 2446 4774 et
2476 4720 2705 4774 duobus
2738 4719 2869 4774 aliis
2900 4719 3053 4786 Vat.,
3090 4717 3225 4774 eum
3254 4727 3427 4777 antea
3461 4723 3657 4777 minus
3694 4732 3807 4772 con-

2186 4806 2329 4859 grue
2362 4790 2418 4844 in
2455 4790 2746 4862 plerisque
2785 4790 2955 4846 editis
3015 4790 3304 4862 legeretur
3342 4809 3458 4849 nos.
3495 4793 3667 4849 Paulo
3695 4789 3806 4862 post

2184 4863 2310 4915 cod.
2338 4862 2725 4933 l.ongobard.,
2742 4864 3117 4920 inconsortiis.
3143 4879 3245 4933 pro
3258 4865 3618 4919 consortibus.

2255 4932 2334 4997 (ἡ)
2368 4929 2559 4986 Prima
2581 4932 2779 4997 editio,
2799 4929 3223 4990 misericordem.
3250 4934 3386 4991 Cod.
3404 4934 3703 4997 Valﬁcell.,
3723 4929 3804 4985 Do-

2183 5006 2325 5077 mini
2345 5005 2535 5077 nostri.
2561 5006 2685 5057 Mox
2726 5008 2970 5072 exorate,
3005 5022 3107 5077 pro
3122 5005 3394 5062 obsecrate
3419 5006 3475 5062 in
3500 5007 3685 5065 tribus
3712 5002 3807 5055 Va-

2185 5075 2418 5130 ticanis.
2567 5106 2574 5112 -

2257 5148 2321 5217 (ί)
2344 5145 3052 5221 Itaprzestantiorescodd.
3085 5147 3216 5221 Vat.
3231 5148 3391 5212 3836,
3412 5153 3470 5221 et
3501 5146 3804 5221 Longobar-

2184 5215 2373 5291 dicas,
2394 5215 2540 5291 cum
2567 5217 2855 5291 legeretur
2876 5217 2933 5273 in
2957 5218 3158 5291 editis:
3179 5220 3389 5275 Muniat
3403 5215 3806 5291 βάετηυεῖςέτπτη.

2182 5288 2885 5363 multiplicatdeuotionem
2912 5305 2975 5363 ac
3002 5288 3346 5363 dilectionem
3390 5288 3596 5361 augent
3623 5300 3803 5363 pacet!!-

2181 5355 2357 5415 Coddl
2399 5359 2682 5416 Vallicell.
2727 5367 2785 5416 et
2823 5360 3087 5416 Casin.ae
3135 5359 3266 5416 Vat.
3312 5355 3713 5430 541,'colléct.
3760 5355 3805 5419 ιι

2182 5437 2445 5508 nostram
2476 5431 2784 5508 lectionem
2818 5433 3154 5502 prasterunt,
3185 5432 3294 5489 hac
3324 5450 3443 5490 una
3470 5430 3807 5508 exceptione,

2182 5504 2512 5559 mulliulz'cet
2528 5502 2877 5559 dilectionem

2254 5521 2345 5557 ruu
2364 5521 2512 5559 meet
2528 5521 2877 5559 auecuonem

2254 5574 2318 5699 ῳ
2344 5521 2425 5629 {te
2453 5591 2658 5657 omnes
2690 5574 2873 5657 nostri
2915 5591 3120 5657 novem
3161 5574 3388 5632 codices
3417 5578 3477 5632 et
3503 5578 3620 5634 duo
3649 5576 3803 5643 Ques-

2280 5645 2319 5699 li
2352 5645 2570 5699 Remus
2584 5651 2638 5699 et
2655 5646 2838 5699 Gaudl
2862 5644 2997 5699 vall.
3022 5646 3194 5699 Editi.
3228 5646 3554 5699 defensioni-

2182 5644 2322 5724 uelli
2352 5645 2570 5724 Regius
2584 5651 2638 5701 et
2655 5644 2997 5724 Gaudivall.
3022 5646 3203 5724 Editi,
3214 5646 3554 5724 defensioni.
3746 5716 3755 5724 .
3788 5708 3800 5724 ,

2252 5715 2327 5846 ἕξ)
2357 5715 2469 5783 Ali,
2503 5732 2783 5800 quoniam.
2817 5718 3033 5789 Qussu.
3072 5750 3137 5762 —
3178 5715 3265 5778 Ita
3284 5715 3463 5779 etiam
3494 5723 3616 5783 tres
3643 5715 3804 5779 nostri

2294 5803 2410 5846 tces
2440 5787 2727 5846 Vaticani.

2181 5787 2410 5850 codices
2440 5787 2727 5849 Veiticani.
