3914 6232
134 299 225 379 lii

134 437 177 504 5,
197 436 263 511 9).
290 434 498 494 Omnes
529 430 701 494 enim
735 433 798 493 in
861 431 1079 494 Christo
1128 432 1521 510 regeneratus,
1553 430 1746 489 crucis
1773 429 1829 500 Α

133 526 325 600 signum
352 525 529 584 efﬁcit
560 543 758 600 reges,
792 525 979 585 saneti
1009 524 1084 600 (α)
1106 540 1238 601 vero
1270 522 1518 597 Spiritus
1551 520 1745 578 unctio

132 621 382 672 consecrat
418 617 767 673 sacerdotes
804 633 818 670 ε
855 620 919 671 ut
946 620 1149 688 praeter
1200 615 1374 671 istam
1434 610 1745 686 specialem

133 704 277 760 nostri
296 704 607 761 ministerii
629 706 996 769 servitutem,
1014 705 1265 760 universi
1292 702 1581 775 spiritales
1601 703 1673 765 (b)
1691 705 1747 757 et

131 795 457 851 rationabiles
477 794 812 851 Christiani
837 799 1153 868 agnoscant
1173 811 1233 850 se
1254 792 1389 866 regii
1415 791 1664 863 generis,
1689 793 1746 845 et

130 884 459 939 sacerdotalis
502 884 697 939 ofﬁcii
747 900 879 940 esse
909 887 1225 939 consortes.
1263 882 1411 948 Quid
1442 881 1598 937 enim
1624 883 1742 934 tam

130 973 309 1045 regium
339 989 518 1044 quam
552 973 870 1029 subditum
906 977 1013 1027 Deo
1043 972 1312 1027 animum
1362 969 1620 1042 corporis
1653 968 1745 1024 sui

130 1076 226 1115 esse
248 1066 515 1117 rectorem
536 1062 566 1115 ‘P
592 1062 673 1117 Et
702 1060 843 1133 quid
875 1064 993 1116 tam
1026 1058 1381 1116 sacerdotale
1412 1075 1591 1130 quam
1646 1074 1743 1112 vo-

127 1165 226 1204 vere
249 1148 482 1205 Domino
513 1149 948 1205 conscientiam
979 1165 1209 1220 puram,
1234 1154 1292 1204 et
1338 1146 1746 1202 immaculatas

126 1237 314 1307 pictatis
343 1238 573 1294 hostias
605 1240 684 1293 de
713 1237 885 1293 altari
917 1238 1107 1292 cordis
1138 1237 1384 1293 oti‘erre?
1415 1235 1577 1301 Quod
1610 1252 1744 1290 cum

125 1326 354 1382 omnibus
384 1343 486 1398 per
516 1326 623 1381 Dei
650 1327 906 1398 gratiam
931 1342 1239 1381 commune
1259 1325 1333 1381 sit
1356 1326 1595 1391 factum,
1620 1323 1747 1378 reli-

126 1416 312 1486 giorum
349 1420 549 1471 tamen
588 1416 666 1487 (ο)
698 1415 868 1470 vobis
900 1418 1071 1487 atque
1102 1414 1395 1470 laudabile
1414 1417 1520 1481 est,
1556 1414 1625 1468 de
1655 1412 1746 1467 die

124 1503 460 1575 provectionis
494 1510 720 1559 nostrae
751 1502 923 1574 quasi
956 1504 1026 1557 de
1055 1505 1290 1576 preprio
1346 1503 1564 1558 honore
1604 1519 1746 1574 gau-

126 1593 229 1647 dere
246 1611 259 1661 ;
274 1593 337 1654 id)
355 1598 415 1648 ut
435 1611 631 1650 unum
651 1592 983 1647 celebretur
1006 1591 1063 1647 in
1087 1596 1205 1647 toto
1217 1591 1486 1647 Ecclesiae
1509 1606 1748 1662 corpore

124 1681 357 1752 pontiﬁcii
391 1686 867 1750 sacramentum,
902 1681 1078 1751 quod,
1110 1681 1292 1737 effuso
1326 1679 1748 1736 benedictionis

124 1771 763 1843 ungumento,copiosus
783 1770 1021 1842 quidem
1053 1769 1112 1824 in
1135 1769 1436 1842 superiora
1453 1768 1746 1841 proﬂuxit,
1780 1803 1828 1870 B

124 1859 199 1912 sed
218 1875 319 1914 non
342 1877 511 1932 parce
534 1859 723 1915 etiam
747 1859 810 1913 in
838 1858 1112 1913 inferiora
1142 1858 1463 1913 descendit.

177 1948 287 2004 CAP.
309 1949 375 2005 Il.
412 1980 464 1991 -κ
485 1950 641 2005 Cum
668 1949 894 2020 itaque,
938 1946 1322 2015 dilectissimi,
1355 1948 1426 2002 de
1456 1946 1748 2002 consortio

122 2033 261 2091 istius
272 2038 527 2094 muneris
547 2054 775 2110 magna
794 2036 875 2092 sit
897 2036 1063 2092 nobis
1087 2035 1332 2092 materia
1344 2040 1746 2092 communium

126 2128 203 2182 ‘IO
244 2129 614 2202 gaudiorum,
636 2126 835 2183 verior
856 2131 1047 2181 tamen
1082 2126 1253 2182 nobis
1295 2130 1352 2181 et
1380 2124 1751 2181 excellentior

120 2214 203 2269 erit
228 2233 389 2273 causa
405 2216 675 2285 laetandi,
698 2215 750 2272 si
786 2233 903 2271 non
926 2214 986 2270 in
1010 2220 1219 2269 nostrae
1242 2213 1596 2270 humilitatis
1616 2231 1748 2269 con-

124 2304 425 2361 sideratione
437 2304 856 2371 remoramini;
873 2321 1006 2359 cum
1027 2303 1209 2358 multo
1224 2301 1427 2358 utilius
1445 2302 1749 2374 multoque

126 2391 408 2465 sitdignius
430 2396 503 2450 ad
517 2393 865 2449 beatissimi
889 2392 1039 2448 Petri
1063 2391 1307 2464 apostoli
1339 2391 1586 2464 gloriam
1617 2408 1749 2448 con-

126 2481 474 2554 templandam
499 2484 696 2538 aciem
717 2481 934 2537 mentis
957 2479 1217 2537 attollere
1233 2499 1245 2548 ;
1261 2486 1318 2536 et
1338 2481 1497 2536 hunc
1518 2480 1745 2537 diemin

128 2567 252 2625 illius
270 2573 641 2642 potissimum
669 2571 1042 2627 veneratione
1064 2570 1376 2637 celebrare,
1395 2571 1494 2642 qui
1514 2571 1585 2624 ab
1620 2571 1745 2642 ipso

133 2659 347 2715 omnium
378 2662 821 2717 charismatum
841 2660 997 2715 fonte
1015 2664 1136 2715 tam
1158 2659 1409 2731 copiosis
1438 2663 1527 2714 est
1549 2659 1748 2731 irriga-

132 2746 344 2805 tionihus
372 2750 732 2815 inundatus,
768 2753 835 2803 ut
866 2765 1001 2803 cum
1031 2747 1218 2803 multa
1249 2748 1408 2804 solus
1438 2750 1743 2819 acceperit,

134 2835 307 2892 nihilin
319 2855 683 2912 quemquam
698 2838 829 2894 sine
842 2836 1100 2909 (e)ipsius
1112 2837 1550 2909 participatione
1563 2842 1747 2893 trans-

134 2921 595 2999 ierit.(ﬁVerbum
621 2944 757 2982 caro
780 2926 1000 2982 factum
1017 2927 1143 2997 jam
1169 2925 1470 2980 habitabat
1492 2926 1551 2979 in
1576 2925 1745 2980 nobis

135 3010 325 3084 (10am,
346 3019 447 3085 14),
470 3022 529 3074 et
550 3016 890 3088 reparando
911 3015 1171 3070 humano
1220 3015 1414 3088 generi
1449 3019 1633 3069 totum
1685 3030 1746 3069 se

135 3101 761 3179 Christusimpenderat.
785 3103 942 3159 Nihil
975 3103 1389 3176 indispositum
1422 3102 1740 3175 sapientiae,

1592 290 1858 360 SERMO
1900 291 2004 360 IV.

3385 287 3507 379 eo

1858 432 2126 508 quamvis
2144 431 2202 491 in
2218 432 2431 510 populo
2450 432 2548 492 Dei
2565 430 2733 490 multi
2746 432 3079 494 sacerdotes
3092 434 3505 510 siut(h)multi-

1859 541 1972 599 que
2003 529 2285 599 pastores,
2320 541 2522 581 omnes
2569 528 2763 581 tamen
2824 524 3055 599 proprie
3079 530 3243 600 regat
3274 525 3502 594 Petrus,

1857 633 2004 687 quos
2031 614 2427 688 principaliter
2446 615 2593 689 regit
2613 618 2668 671 et
2689 615 2976 672 Christus.
3005 615 3285 690 Magnum
3307 620 3364 672 et
3387 615 3464 671 mi
3482 647 3509 661 -

1856 704 2056 769 rabile,
2087 703 2472 769 dilectissimi,
2494 704 2630 759 huic
2672 705 2794 761 viro
2825 707 3183 761 consortium
3234 706 3504 780 potentiae

1856 810 1975 849 suae
2002 793 2206 848 tribuit
2228 793 2421 848 divina
2446 793 2738 865 dignatio;
2768 800 2825 849 et
2847 795 2893 850 si
2928 796 3069 867 quid
3102 812 3237 851 cum
3255 812 3320 851 eo
3348 812 3506 855 com-.-

1856 898 2035 938 mune
2058 883 2279 938 caeteris
2300 881 2483 937 voluit
2508 900 2633 938 esse
2657 884 3040 956 principibus,
3062 902 3366 957 nunquam
3392 881 3507 951 nisi

1855 987 1961 1042 per
1979 971 2175 1042 ipsum
2198 969 2358 1024 dedit
2384 970 2671 1042 quidquid
2703 970 2835 1025 aliis
2859 988 2974 1026 non
3009 972 3260 1045 negavit.
3286 970 3504 1026 Omnes

1855 1059 2104 1131 deniqus
2133 1058 2428 1130 apostolos
2453 1059 2732 1115 Dominus
2756 1060 2895 1132 quid
2914 1061 2985 1116 de
3015 1078 3076 1117 se
3094 1060 3363 1116 homines
3384 1059 3506 1132 opi-

1856 1152 2068 1203 nentur
2092 1149 2408 1221 interrogat
2437 1166 2449 1216 ;
2470 1152 2525 1203 et
2547 1148 2772 1203 tamdiu
2798 1165 2989 1205 sermo
3021 1150 3501 1221 respondentium

1855 1238 2185 1293 communis
2198 1236 2593 1309 est,quamdiu
2609 1237 3310 1311 (i)humanieignorantiie
3325 1238 3507 1293 ambi-

1824 1328 2049 1403 "guitas
2080 1327 2419 1400 explicatur.
2454 1330 2529 1381 At
2557 1326 2653 1382 ubi
2688 1327 2826 1399 quid
2849 1326 3061 1382 habeat
3083 1344 3294 1383 sensus
3324 1327 3500 1382 disci-

1858 1418 2132 1491 pulorum
2150 1415 2417 1489 exigitur,
2444 1415 2673 1487 primus
2689 1419 2776 1471 est
2790 1416 2847 1470 in
2866 1416 3096 1471 Domini
3118 1415 3502 1484 confessione,

1858 1508 1955 1580 qui
1985 1507 2211 1579 primus
2241 1507 2305 1578 (j)
2338 1507 2428 1560 est
2458 1506 2555 1560 17
2593 1504 2652 1558 in
2687 1504 3010 1576 apostolica
3060 1504 3359 1575 dignitste.
3394 1504 3504 1571 Qui

1858 1614 1992 1653 cum
2021 1595 2293 1651 dixisset:
2313 1596 2381 1648 Tu
2402 1610 2454 1649 es
2486 1594 2729 1653 Cbristus
2756 1595 2932 1648 Filius
2963 1595 3059 1648 Dei
3106 1596 3238 1660 vivi,
3272 1610 3510 1665 respon-

1858 1685 1945 1740 dit
1975 1684 2025 1740 ei
2053 1684 2228 1739 Jesus
2255 1701 2267 1739 :
2296 1685 2487 1737 Beatus
2538 1699 2613 1747 es,
2646 1682 2831 1738 Simon
2865 1683 2976 1736 Bar
2995 1687 3163 1747 Jona,
3195 1684 3326 1754 quia
3379 1696 3506 1737 caro

1858 1781 1907 1828 et
1937 1773 2158 1843 sanguis
2186 1786 2297 1825 non
2340 1769 2601 1824 revelavit
2648 1769 2768 1833 tibi,
2798 1769 2892 1823 sed
2931 1770 3096 1824 Pater
3126 1786 3280 1825 meus
3311 1772 3409 1841 qui
3444 1772 3509 1825 in

1856 1862 2003 1917 malis
2034 1868 2109 1915 est
2141 1859 2348 1931 (Matth.
2379 1875 2491 1925 xw,
2531 1859 2610 1922 l6,
2643 1857 2726 1929 t7)
2753 1857 2847 1923 ;id
2883 1860 2992 1925 est,
3014 1858 3142 1914 ideo
3182 1859 3388 1915 beatus
3417 1876 3502 1927 es,

1861 1950 1937 2023 (Ιί)
1961 1948 2099 2022 quia
2119 1953 2173 2004 te
2195 1948 2360 2003 Pater
2398 1963 2565 2001 meus
2602 1946 2818 2014 docuit,
2842 1962 2947 2002 nec
2967 1951 3199 2003 terrena
3227 1947 3422 2020 Opinio
3448 1954 3507 2006 te

1859 2037 2195 2105 fefellit,sed
2215 2033 2784 2108 inspiratioccelestis
2806 2035 3082 2091 instruxit
3104 2052 3117 2091 :
3143 2040 3200 2091 et
3226 2053 3341 2092 non
3373 2054 3506 2093 caro

1858 2144 1963 2183 nec
1979 2127 2243 2199 sanguis,
2261 2126 2360 2181 sed
2396 2123 2495 2179 ille
2516 2140 2608 2179 me
2641 2123 2767 2193 tibi,
2793 2125 2964 2196 cujus
3003 2141 3135 2181 sum
3167 2125 3508 2199 unigenitus

1858 2215 2060 2281 Filius,
2086 2214 2381 2270 indicavit.
2416 2214 2481 2268 Et
2509 2229 2624 2282 ego,
2660 2213 2875 2284 inquit,
2906 2214 3025 2271 dico
3055 2215 3156 2270 tibi
3183 2232 3202 2270 :
3234 2214 3344 2270 hoc
3396 2220 3505 2283 est,

1858 2304 2368 2360 sicutPatermeus
2388 2300 2490 2355 tibi
2506 2300 2901 2358 manifestavit
2915 2302 3279 2359 divinitatem
3292 2319 3507 2375 meam,

1856 2393 1938 2448 ita
1956 2395 2014 2449 et
2034 2409 2139 2466 ego
2160 2390 2266 2446 tibi
2290 2397 2487 2446 notam
2524 2390 2672 2445 facio
2701 2389 3100 2447 excellentiam
3137 2396 3301 2448 tuam
3328 2410 3341 2449 :
3369 2393 3510 2462 Quia

1857 2486 1914 2537 lu
1943 2499 1998 2537 es
2028 2483 2222 2536 Petrus
2242 2499 2259 2534 :
2285 2480 2340 2534 id
2358 2483 2466 2546 est,
2492 2495 2626 2534 cum
2648 2495 2753 2552 ego
2785 2479 2899 2557 sim
2930 2480 3285 2538 inviolabilis
3317 2486 3503 2557 petra,

1855 2587 1960 2643 ego
1984 2571 2122 2641 lapis
2143 2569 2449 2637 angularis,
2474 2569 2570 2642 qui
2595 2569 2740 2638 facio
2770 2574 3000 2641 utraque
3018 2587 3210 2640 unum,
3229 2572 3347 2644 Ego
3379 2571 3508 2627 fun-

1856 2660 2197 2715 damentum
2234 2660 2442 2728 praeter
2485 2656 2639 2727 quod
2672 2672 2843 2712 nemo
2874 2662 3067 2730 potest
3097 2657 3256 2713 aliud
3288 2676 3503 2730 ponere

1857 2746 2070 2820 (Ep/tes.
2094 2763 2153 2813 ιι,
2171 2746 2235 2800 14
2257 2749 2305 2800 et
2329 2744 2451 2814 20);
2478 2749 2671 2799 tamen
2702 2749 2765 2799 tu
2792 2761 3025 2818 quoque
3055 2750 3218 2818 petra
3243 2763 3327 2813 es,
3359 2748 3500 2818 quia

1857 2852 1988 2891 mea
2029 2833 2241 2888 virtute
2272 2831 2563 2900 solidaris,
2598 2836 2662 2887 ut
2692 2850 2817 2904 quae
2863 2833 3006 2888 mihi
3048 2838 3331 2907 potestate
3359 2838 3500 2892 sunt

1855 2922 2243 2997 propria,sint
2268 2920 2372 2975 tibi
2398 2937 2626 2976 mecum
2664 2921 3109 2993 participatione
3139 2923 3493 3001 communia.

1855 3017 1918 3069 Et
1963 3028 2128 3084 super
2182 3012 2321 3065 hanc
2354 3013 2567 3081 petram
2594 3010 2870 3082 aediﬁcabo
2899 3012 3194 3068 Ecclesium
3222 3029 3421 3083 meam,
3444 3019 3501 3070 et

1848 3106 2018 3175 parte:
2041 3102 2210 3172 inferi
2228 3115 2337 3154 non
2356 3099 2735 3170 prwvalebunt
2755 3099 3009 3155 adversus
3030 3117 3149 3156 eam
3162 3101 3368 3173 (Matth.
3383 3119 3499 3170 xvr,

138 3190 249 3247 nihil
269 3199 379 3251 erat
406 3172 669 3252 arduum
702 3192 1001 3265 potestati.
1023 3172 1749 3248 [aemulabantur—elemen-
1778 3172 1820 3240 C
1848 3172 1875 3248 -ι
1889 3193 1963 3264 8).
1990 3193 2176 3263 Super
2206 3188 2376 3256 hanc,
2399 3188 2611 3261 inquit,
2656 3187 3055 3244 fortitudinem
3088 3172 3369 3246 aeternum
3403 3207 3502 3247 ex-

138 3282 276 3350 Μαι
297 3282 713 3340 ministrabant
743 3281 1011 3354 spiritus,
1037 3280 1229 3353 angeli
1261 3280 1608 3348 serviebant,
1644 3296 1748 3335 nec

140 3366 230 3423 nilo
253 3373 408 3428 modo
425 3376 665 3446 poterat
685 3368 957 3426 inefﬁcax
978 3386 1105 3426 esse
1122 3373 1578 3435 sacramentum,
1595 3369 1748 3441 quod

139 3456 277 3513 simul
304 3459 479 3533 ipsius
506 3460 763 3517 Deitatis
788 3459 985 3514 unitas
1008 3458 1359 3530 operabatur
1387 3462 1445 3514 et
1469 3459 1749 3514 Trinitas.

139 3544 367 3605 Ettamen
394 3551 463 3606 de
486 3554 622 3607 toto
645 3549 871 3604 mundo
893 3564 1048 3603 unus
1070 3547 1275 3602 Petrus
1305 3547 1561 3620 eligitur,
1578 3547 1676 3619 qui
1699 3549 1756 3600 ct

140 3634 489 3695 universarum
518 3638 799 3713 gentium
823 3635 1130 3704 vocationi,
1155 3641 1211 3692 et
1232 3636 1507 3692 omnibus
1528 3640 1757 3709 aposto—

141 3721 213 3791 lis,
232 3728 562 3802 cunctisque
612 3725 884 3783 Ecclesiae
943 3725 1211 3782 Patribus
1245 3729 1614 3798 praeponatur
1646 3741 1657 3779 :
1692 3728 1757 3779 ut

199 3850 547 3920 (a)Partieula
564 3867 691 3907 vero
712 3849 1374 3921 deestinantiquissimo
1392 3849 1759 3921 Vaticano,et

146 3917 492 3996 inqcasinensi,
513 3923 625 3996 qui
650 3925 994 3996 postremus
1009 3917 1121 3994 pro'
1134 3929 1408 3996 consecrat
1428 3920 1604 3996 habet
1621 3922 1759 3992 efﬂi-

147 3992 362 4067 cit.__Post
382 3992 581 4067 pauca
609 3992 671 4048 iri
698 3992 1099 4067 Vat._laudato
1130 3994 1292 4067 deest
1321 3994 1516 4067 nostri.

201 4062 358 4148 Sic
382 4062 501 4148 tres
536 4065 1200 4148 praestantioresﬁnostri
1219 4064 1464 4148 ‘codices
1495 4063 1761 4148 etprima

149 4131 564 4208 editio.Reliqni
584 4136 811 4208 vulgati
833 4140 966 4190 ante
988 4134 1386 4208 Quesnellum,
1407 4139 1463 4189 et
1484 4131 1586 4189 alii
1612 4152 1756 4189 mss.

149 4217 258 4286 chum
450 4206 819 4286 Gaudiival.,
857 4209 922 4286 et
951 4207 1307 4286 rationabiles
1344 4222 1356 4260 :
1389 4220 1537 4286 quas
1594 4222 1759 4261 voces

151 4272 442 4351 anesnellus
470 4277 785 4351 expunxit,
817 4282 874 4351 et
902 4277 1152 4351 margini
1185 4272 1477 4351 apposuit.

207 4346 261 4417 (ε)
287 4352 365 4404 Ita
380 4356 498 4408 tres
519 4346 676 4406 mss.
700 4348 962 4403 Vaticani
986 4346 1613 4404 atauus—Bononiensis
1629 4363 1761 4401 cum

156 4417 310 4485 prima
333 4423 622 4487 editione;
646 4425 703 4476 et
724 4436 867 4475 sane
891 4420 1121 4487 melius,
1142 4436 1275 4474 cum
1308 4423 1363 4473 S.
1390 4420 1504 4474 Leo
1535 4418 1763 4473 audito-

158 4501 231 4574 res
261 4488 454 4574 laudet,
479 4493 589 4566 qui
622 4493 695 4547 de
713 4490 1096 4574 .provectione
1127 4490 1627 4574 seu‘ordinatione

159 4541 1508 4639 ιῃιῖεῖὧίὶἰεᾞὲοᾘςῇῌΒὸῐξξιῖἐξᾳιξᾶξὺᾘιζρ.”ῑᾲς
1524 4541 1766 4615 Belias
1800 4541 1844 4604 D

163 4627 298 4704 editis
315 4639 365 4689 ct
392 4636 445 4691 in
473 4627 787 4692 nonnullis
807 4633 1001 4702 codd.,
1026 4627 1202 4702 iiobis;
1226 4633 1285 4687 in
1309 4631 1607 4704 aliquibus
1621 4648 1765 4687 mss.

166 4697 296 4757 deest
318 4713 490 4764 tamen
502 4749 516 4761 .

218 4771 281 4841 (ἀ)
294 4774 743 4857 Yetustissimus
779 4774 1095 4857 Vaticanus
1113 4774 1330 4857 omittit
1348 4773 1655 4857 sequentia
1670 4790 1770 4857 us-

168 4854 255 4920 que
278 4847 342 4921 ad
366 4850 543 4907 finem
564 4848 797 4921 capitis.
813 4844 992 4902 Paulo
1009 4851 1141 4918 post
1168 4847 1233 4902 de
1249 4847 1415 4917 effuso
1434 4844 1502 4901 in
1533 4863 1645 4900 ms.
1665 4845 1771 4900 Ca-

168 4919 365 4974 sinensi.

224 4986 274 5053 (ε)
292 4987 652 5048 Praetulimus
671 4989 985 5046 lectionem
1016 4986 1476 5060 praestantiorem
1505 4988 1773 5043 codicum

319 5065 368 5116 et
418 5064 551 5120 Cas.
587 5061 783 5134 Aliqui
818 5050 1355 5134 mss._eollect_i_onis
1386 5062 1608 5130 quartae
1641 5076 1775 5114 cum

172 5124 329 5207 ediljg
334 5149 428 5204 pro
458 5137 643 5207 ipsius
666 5124 911 5207 habent,
937 5131 1127 5198 illius;
1152 5129 1271 5199 alii,
1304 5124 1441 5207 ejus.

227 5197 413 5280 (QEiat
427 5197 495 5261 iri
506 5206 573 5261 ed
585 5205 702 5260 itis:
732 5197 960 5280 lferbarn
980 5197 1127 5272 enim
1146 5197 1271 5280 caro
1286 5197 1493 5280 factum
1510 5202 1624 5271 [uel
1638 5207 1712 5265 at,
1726 5204 1779 5255 et

178 5265 403 5348 Mitebat
413 5280 535 5348 jam
569 5279 630 5332 in
671 5277 855 5340 nobis,
886 5278 949 5348 at
969 5265 1555 5348 reparando'ﬁwnmjo
1592 5287 1780 5348 generi

179 5339 309 5419 totum
333 5362 382 5419 se
405 5339 649 5405 Christus
673 5339 1039 5419 impenderet:
1060 5344 1244 5419 Magis
1260 5343 1481 5415 placuit
1496 5342 1664 5419 lectio
1694 5360 1783 5397 ve-

180 5409 443 5486 iustissimi
462 5419 728 5475 Vaticani
748 5409 815 5475 'et
835 5409 1190 5482 Casinensis",
1224 5409 1403 5486 quam
1434 5414 1609 5486 etiam
1643 5430 1782 5486 conf

184 5476 372 5541 ﬁrmant
399 5506 534 5547 mss.
558 5489 986 5548 collectionum
1012 5476 1314 5557 quart'ze‘et
1346 5485 1564 5556 quintae
1591 5485 1783 5555 quoad

186 5557 477 5635 Ροεῒςρωδω
511 5569 745 5635 partem
773 5568 829 5616 et
852 5558 1272 5635 repacandor...
1293 5557 1653 5635 iiizpcmaerat.

243 5646 264 5671 α
289 5625 361 5685 lta
383 5625 574 5691 omnes
605 5634 750 5692 editi
819 5634 879 5685 et
911 5625 1174 5695 'codiccs,
1197 5625 1434 5701 excepto
1464 5626 1786 5695 Casinensi,

1858 3287 2080 3337 struam
2115 3277 2423 3351 templum,
2457 3280 2513 3333 et
2559 3276 2824 3333 Ecclesiae
2858 3293 2997 3334 meae
3030 3278 3171 3335 coelo
3204 3270 3507 3337 inferenda

1859 3368 2193 3427 sublimitas
2214 3367 2273 3422 in
2297 3367 2476 3438 hujus
2501 3366 2633 3421 fidei
2670 3366 2945 3422 ﬁrmitate
2976 3371 3307 3441 consurget.

1932 3458 2174 3514 (belli.
2199 3457 2447 3511 -Hanc
2476 3455 2905 3511 confessionem
2964 3460 3144 3528 portae
3188 3456 3358 3513 inferi
3391 3475 3507 3514 non

1860 3547 2161 3613 tenebunt,
2179 3545 2384 3599 mortis
2396 3543 2629 3599 vincula
2651 3561 2766 3599 non
2788 3543 3187 3617 ligahunt:vox
3198 3545 3355 3603 enim
3373 3546 3509 3617 ista,

1861 3654 1969 3692 vox
2017 3635 2144 3689 vitae
2176 3638 2281 3688 est.
2303 3634 2372 3688 Et
2411 3632 2561 3689 sicut
2585 3633 2948 3690 confessores
2998 3652 3138 3690 suos
3166 3635 3222 3690 in
3256 3636 3515 3693 cmlestia

1864 3723 2145 3797 provehil,
2162 3722 2241 3777 ita
2262 3725 2567 3795 negatores
2585 3722 2656 3777 ad
2676 3722 2904 3778 inferna
2932 3723 3240 3797 demergit.
3276 3724 3514 3797 Propter

1866 3850 1963 3922 qui
2006 3865 2108 3922 pro
2153 3846 2539 3922 ministrabant
2586 3846 3131 3922 habetfadarabant.
3166 3847 3513 3922 Quesnellus

1865 3917 2085 3978 notavit
2134 3918 2218 3974 sic
2249 3917 2361 3985 legi
2394 3934 2507 3972 non
2540 3917 2731 3973 solum
2762 3917 2823 3973 in
2854 3919 3048 3983 editis,
3082 3920 3182 3973 sed
3242 3919 3419 3974 etiam
3452 3919 3511 3974 in

1866 3988 2349 4048 mss.Gaudiival.
2376 3994 2449 4043 At
2487 4005 2601 4059 quo
2624 3989 3019 4044 fultuscodice
3036 3987 3512 4045 hanclectionem

1865 4062 2195 4121 excluserit.
2219 4064 2276 4113 et
2329 4060 2388 4113 in
2422 4064 2574 4114 textu
2607 4059 2853 4113 ediderit
2886 4077 2898 4115 :
2930 4060 3371 4116 Famulabanlur
3410 4062 3515 4117 ele-

1866 4138 2070 4196 menta,
2101 4132 2328 4203 spiritas
2358 4132 2597 4198 angelici
2617 4131 2945 4203 serviebant,
2981 4129 3343 4203 nondocuit.

1941 4199 2396 4278 (thu'esnellus
2426 4199 2702 4278 expunxit
2731 4216 2920 4278 voces,
2953 4202 3220 4278 multique
3245 4203 3512 4278 pastores,

1870 4271 2364 4349 qu‘m'legebantur
2386 4272 2441 4349 in
2467 4271 2661 4349 editis,
2682 4275 2934 4349 quatuor
2957 4288 3099 4327 mss.
3116 4271 3395 4349 allegans,
3416 4271 3519 4345 qui

1869 4342 1964 4403 liis
1994 4342 2183 4401 verbis
2215 4347 2432 4398 carent.
2467 4342 2583 4396 Nos
2610 4358 2741 4396 vero
2773 4358 2887 4397 non
2920 4347 3038 4397 tam
3072 4342 3361 4399 editorum
3394 4342 3518 4399 oin-

1873 4419 2038 4474 nium
2062 4431 2237 4488 quam
2254 4416 2650 4488 Romanorum
2667 4417 2724 4468 et
2741 4414 3207 4488 prmstantiorum
3232 4414 3406 4471 Italiae
3429 4432 3523 4471 co-

1660 4506 1767 4544 sua
1802 4541 1835 4547 _
1875 4485 2447 4547 dicam—auctoritate
2467 4501 2565 4540 eas
2588 4500 2753 4540 voces
2776 4485 3191 4542 revocavimus.

1946 4562 2009 4642 (ι’)
2040 4558 2467 4642 ltaﬁ’atican‘us.
2493 4555 2940 4642 antiquissimus
2961 4562 3017 4614 et
3037 4557 3387 4641 Qasincnsis.
3411 4557 3523 4642 Alii

1877 4627 2141 4688 Vaticani
2172 4646 2307 4685 cum
2333 4627 2502 4683 editis
2526 4627 2901 4701 intelligentiw
2913 4646 3026 4701 pro
3051 4631 3401 4701 ignorantur;
3420 4630 3523 4686 sed

1875 4704 2177 4776 explicatur
2212 4703 2546 4776 constanter
2573 4697 3245 4776 exliibent._Quesnellus
3273 4718 3345 4776 ex
3385 4718 3525 4776 qua-

1879 4770 2012 4830 tuor
2045 4790 2180 4828 mss.
2219 4770 2419 4839 edidit,
2455 4770 2717 4842 humanae
2754 4772 3142 4841 intelligente?
3197 4770 3526 4842 ambigziitas

1917 4847 2151 4911 erstitit;
2185 4850 2242 4899 et
2274 4842 2492 4915 notavit
2524 4840 2583 4896 in
2614 4840 2949 4899 Gaudiival.
2971 4860 3134 4915 aeque
3164 4860 3229 4899 ac
3263 4845 3320 4899 in
3347 4840 3526 4900 editis

1905 4919 2016 4993 egi;
2041 4917 2367 4993 explicatur.
2388 4914 2444 4967 Si
2469 4915 2802 4993 ignorantia:
2823 4931 2925 4993 pro
2955 4914 3340 4993 intelligentia:
3368 4932 3526 4993 repe-

1883 4984 2126 5044 rissetin
2141 4985 2400 5057 antiquis
2423 4984 2742 5052 codicibus,
2762 4984 3069 5044 lectionem
3088 4984 3348 5042 nostram
3363 4984 3529 5043 facile

1886 5057 2273 5117 antetulissct.

1954 5130 2014 5203 (j)
2038 5126 2539 5203 Quosnelluscum
2558 5142 2707 5203 mss.
2730 5125 3087 5203 collectionis
3117 5129 3359 5203 quintis,
3391 5133 3528 5203 erat.

1886 5198 2210 5272 Ex'emteris
2234 5199 2498 5272 pluribus
2517 5201 2574 5252 et
2590 5198 3093 5272 prmstantioribus
3116 5198 3260 5254 mss.
3276 5198 3534 5272 librisest

1891 5267 2275 5338 restituimus,
2310 5270 2466 5342 quod
2516 5267 2799 5342 retinetur
2827 5269 3019 5342 getiam
3054 5270 3111 5324 in
3145 5270 3533 5342 sermoneq83,

1891 5362 2018 5415 cap,
2056 5345 2106 5407 1,
2130 5343 2219 5397 cui
2243 5337 2346 5415 hic
2370 5340 2531 5395 locus
2564 5341 2634 5393 ab
2668 5340 3010 5415 ipsoLeone
3041 5341 3296 5415 insertus
3318 5337 3461 5415 _t'_ui_t.

1963 5407 2036 5482 (Α)
2063 5413 2253 5469 Seeuti
2278 5429 2483 5468 sumus
2514 5407 3031 5482 praestantissimos
3062 5410 3288 5482 codices
3318 5407 3539 5482 Viat._et

1894 5476 2082 5541 Casi'n.
2105 5483 2337 5555 Vulgati
2362 5500 2495 5537 cum
2514 5476 2733 5555 aliquot
2757 5498 2900 5555 mss.
2927 5480 3239 5555 habebant,
3269 5476 3401 5555 grtia
3431 5476 3539 5554 Pa-

1897 5562 1979 5611 ter
2008 5572 2159 5611 meus
2210 5548 2262 5609 te
2306 5548 2723 5609 docuit....._sed
2772 5551 3060 5623 inspiratio
3103 5548 3333 5600 scelestis
3369 5551 3422 5596 te
3453 5548 3540 5597 in-

1900 5629 2105 5683 struxit
2132 5645 2151 5689 ;
2185 5631 2233 5682 et
2265 5642 2369 5681 non
2402 5640 2527 5678 caro
2559 5626 2608 5677 et
2636 5624 2879 5693 sanguis,
2907 5625 3016 5675 etc.
