3914 6232
152 342 244 406 {$3

643 472 901 534 SERMO
930 473 978 529 v
1006 473 1111 547 [Αι.
1144 472 1258 547 IV].

155 567 215 640 (α)
240 568 307 625 De
334 566 519 624 Natali
550 566 745 640 ipsius
785 567 858 640 V,_
873 565 933 619 in
965 566 1343 640 anniversario
1393 562 1779 636 assumptionis

627 654 755 693 sum
786 636 859 692 ad
882 637 1275 710 pontiﬁcatum.

158 746 400 805 SYNOPSIS
431 775 498 784 -—
530 747 579 798 Ι.
620 743 829 800 Omnia
854 744 912 797 in
943 744 1107 799 Deum
1137 760 1250 799 esse
1277 741 1583 815 referenda.
1619 773 1683 783 —
1707 746 1779 798 Il.

216 818 312 885 Quo
337 818 572 887 quisque
613 816 878 887 altiorem
907 816 967 869 in
1016 816 1265 871 Ecclesia
1316 818 1461 887 tenet
1492 816 1688 869 locum.
1722 828 1782 869 eo

212 886 370 958 magis
396 888 489 943 illi
519 886 836 943 timendum
868 903 998 942 esse.
1028 917 1097 929 ——
1132 888 1228 941 III.
1263 886 1544 941 Christum
1593 902 1785 941 verum

211 957 307 1016 esse
331 958 693 1015 Sacerdotem
722 958 1024 1013 secundum
1053 958 1302 1014 ordinem
1352 957 1782 1018 Melchisedech.

210 1039 254 1087 et
275 1048 384 1086 sua:
410 1046 634 1103 semper
660 1028 854 1084 adesse
882 1031 1152 1085 Ecclesitc.
1185 1060 1251 1071 —
1286 1030 1379 1086 IV.
1395 1034 1662 1103 __Petrum
1687 1031 1791 1103 Ro-

210 1119 375 1158 mam
402 1100 548 1158 sedis
576 1118 797 1172 semper
824 1117 1011 1156 curam
1042 1118 1251 1172 gerere.
1285 1132 1354 1142 —
1394 1100 1464 1154 V.
1497 1102 1589 1156 Illi
1614 1102 1787 1171 potis—

206 1177 400 1229 simum
431 1174 704 1228 honorem
724 1187 842 1228 csse
865 1174 1309 1245 impendentium,
1340 1173 1498 1244 cujus
1520 1173 1640 1227 sedi
1657 1188 1785 1227 suc-

146 1260 355 1302 cessares
384 1247 507 1318 ejus
536 1246 811 1301 serviunt.

206 1372 336 1429 CAP.
369 1371 414 1428 Ι.
446 1403 515 1411 —
551 1370 723 1426 Sicut
749 1369 937 1426 honor
966 1373 1054 1424 est
1084 1368 1361 1438 ﬁliorum,
1395 1368 1787 1435 dilectissimi,

160 1461 386 1534 dignitas
414 1464 678 1534 patrum,
709 1459 793 1514 ita
822 1458 1025 1513 laetitia
1044 1464 1131 1514 est
1156 1458 1363 1531 plebis,
1384 1460 1486 1516 20
1506 1458 1789 1532 gaudium

158 1550 476 1607 sacerdotis.
497 1549 659 1615 Quod
688 1549 832 1621 quia
849 1564 915 1603 ex
936 1547 1132 1604 divino
1149 1548 1307 1603 venit
1328 1564 1569 1604 munere
1594 1567 1606 1605 :
1630 1564 1791 1604 omne

157 1644 299 1710 enim,
336 1641 496 1697 sicut
525 1639 817 1713 scriptum
858 1642 967 1708 est,
1017 1638 1205 1695 datum
1236 1642 1520 1711 optimum,
1553 1645 1607 1695 et
1634 1655 1791 1697 omne

155 1729 334 1786 donum
376 1732 690 1801 perfectum
720 1728 1015 1784 desursum
1043 1735 1142 1793 est,
1202 1727 1527 1784 descendens
1565 1746 1599 1784 a
1627 1729 1792 1787 Patre

1670 331 1933 399 saeuo
1975 333 2055 399 v.-

1818 469 1871 536 Α
1902 477 2125 542 vitutis,
2156 473 2270 530 nisi
2302 489 2418 530 non
2452 472 2811 540 dormitaret,
2847 488 3034 545 neque
3064 469 3421 529 obdormiret
3442 474 3543 545 qui

3427 326 3543 398 1‘51

1889 567 2150 629 custodit
2180 565 2378 635 Israel,
2411 571 2467 623 et
2488 565 2588 638 qui
2620 564 2925 639 discipulis
2979 563 3104 621 suis
3135 565 3248 621 ait:
3281 565 3412 622 Ecce
3449 580 3543 636 ego

1887 661 2165 719 vobiscum
2194 674 2315 713 sum
2353 656 2604 714 omnibus
2640 655 2831 713 diebus
2851 672 3021 730 usque
3040 654 3111 711 ad
3128 656 3547 712 consummatio—

1888 767 2016 806 nem
2044 748 2236 804 sceculi
2264 745 2470 816 (Matth.
2502 763 2701 813 xxvm,
2735 746 2825 817 20)
2855 761 2868 800 :
2902 745 3015 801 nisi
3048 744 3393 818 dignaretur
3442 746 3538 803 21

1891 856 2006 895 non
2043 837 2234 893 solum
2265 839 2465 891 custos
2496 835 2711 903 ovium,
2730 835 2830 893 sed
2852 835 3115 907 ipsorum
3146 835 3322 891 etiam
3346 839 3548 907 pastor

1894 944 2025 985 esse
2074 930 2417 1000 pastorum;
2453 925 2553 997 qui
2601 941 2880 997 corporeo
2909 924 3148 997 quidem
3177 924 3395 980 intuitu
3428 942 3543 981 non

1890 1018 2140 1082 videtur,
2174 1016 2276 1071 sed
2309 1013 2560 1087 spiritali
2593 1014 2766 1070 corde
2790 1014 3082 1083 sentitur;
3115 1015 3332 1071 absens
3348 1031 3540 1085 carne,

1891 1124 2012 1179 qua
2040 1105 2231 1178 potuit
2259 1121 2388 1160 esse
2419 1102 2819 1176 conspicuus;
2846 1119 3104 1176 presens
3156 1102 3393 1172 deitate,
3427 1120 3547 1176 qua

1895 1194 2115 1267 ubique
2146 1196 2498 1266 semperest
2551 1195 2731 1259 totus,
2764 1192 2907 1264 quia
2936 1190 3093 1247 enim
3123 1191 3310 1263 justus
3335 1207 3405 1248 ex
3438 1192 3548 1263 ﬁde

1896 1287 2031 1341 vivit
2062 1284 2283 1357 (Hebae.
2316 1300 2378 1348 ιι,
2413 1282 2465 1354 4)
2497 1286 2555 1338 et
2583 1281 2705 1338 haec
2734 1286 2824 1338 est
2842 1280 3082 1352 justitia
3136 1280 3450 1347 credentis,
3482 1283 3549 1339 ut

1896 1372 2138 1445 recipiat
2167 1371 2363 1428 animo
2394 1371 2548 1443 quod
2582 1388 2697 1427 non
2730 1370 2916 1427 cernit
2943 1373 3184 1443 aspectu
3209 1386 3224 1438 ;
3257 1369 3549 1427 ascendens

1898 1464 2160 1520 Dominus
2187 1463 2247 1517 in
2278 1462 2455 1517 altum
2492 1463 2768 1533 captivam
2796 1462 2965 1517 duxit
2991 1459 3550 1531 captivitatemdedit

1897 1553 2038 1609 dona
2095 1552 2410 1608 hominibus
2439 1552 2534 1623 (Ps
2592 1567 2764 1619 van,
2826 1550 2934 1621 19),
2982 1549 3157 1606 ﬁdem
3216 1547 3548 1616 scilicet,et

1899 1656 2086 1715 spem,
2117 1644 2176 1698 et
2205 1640 2571 1708 cbaritatem,
2606 1656 2735 1713 quas
2790 1638 2927 1694 inde
2958 1654 3173 1711 magna
3217 1641 3380 1706 sunt,
3414 1638 3552 1699 inde

1898 1729 2092 1797 fortia,
2120 1728 2255 1786 inde
2284 1728 2560 1803 pretiosa,
2592 1728 2735 1801 quia
2764 1728 2919 1802 quod
2951 1727 3146 1783 carnis
3197 1727 3381 1784 oculis
3432 1745 3549 1785 non

153 1819 406 1877 luminum
437 1819 579 1887 (Jac.
604 1835 646 1883 ι,
681 1817 771 1888 l7)
807 1833 821 1872 :
849 1816 1081 1913 gratias
1114 1832 1285 1890 agere
1336 1818 1623 1913 bonorum
1666 1834 1790 1873 om-
1822 1844 1873 1913 Β
1902 1818 2230 1892 attingitur,
2265 1819 2319 1877 id
2381 1817 2529 1875 miro
2558 1817 2771 1874 mentis
2822 1817 3029 1874 aﬁ‘ectu
3061 1819 3118 1873 et
3177 1816 3456 1887 creditur,
3487 1822 3546 1875 et

154 1908 297 1964 nium
328 1907 615 1963 debemus
635 1905 884 1970 auctori,
905 1905 1184 1981 quoniam
1207 1907 1327 1962 sive
1347 1905 1407 1962 in
1427 1906 1794 1964 naturalibus
1823 1905 1869 1929 ⁷
1904 1912 2192 1983 speratur,
2225 1911 2282 1964 et
2310 1910 2562 1964 amatur.

156 1995 546 2063 incrementis,
577 1996 698 2052 sive
724 1994 787 2050 in
819 1994 1142 2051 moralibus
1184 1995 1493 2064 institutis,
1528 1997 1640 2068 ipse
1668 1997 1798 2068 fecit

156 2101 254 2153 nos,
281 2090 335 2142 et
360 2101 471 2141 non
500 2087 609 2157 ipsi
623 2102 724 2141 nos
746 2085 917 2157 (Psal.
941 2102 1091 2152 xeix,
1116 2085 1169 2157 3)
1192 2102 1206 2153 ;
1230 2100 1483 2157 cumque
1504 2085 1613 2141 hoc
1630 2085 1721 2158 pie
1742 2089 1799 2142 et

158 2174 390 2231 ﬁdeliter
414 2174 786 2241 conﬁtemur,
820 2190 1008 2246 neque
1038 2173 1100 2229 in
1130 2173 1319 2242 nobis,
1345 2175 1446 2230 sed
1471 2175 1528 2229 in
1554 2175 1797 2232 Domino

159 2262 486 2336 gloriamur,
509 2263 814 2320 fructuosa
846 2263 904 2318 in
939 2263 1112 2320 nobis
1141 2268 1496 2320 renovantur
1510 2269 1643 2321 vota
1662 2281 1797 2321 cum

160 2355 425 2426 tempore,
447 2357 504 2410 et
523 2353 801 2426 religiosa
820 2354 968 2409 festa
979 2353 1145 2425 justa
1170 2357 1312 2409 sunt
1331 2354 1566 2425 gaudia,
1590 2353 1647 2409 in
1672 2353 1801 2426 qui-

162 2441 264 2498 bus
286 2459 385 2499 nec
401 2442 616 2516 ingrati
638 2459 851 2498 sumus
870 2443 1116 2498 tacendo
1138 2442 1209 2497 de
1229 2443 1419 2509 donis,
1437 2459 1543 2500 nec
1560 2443 1799 2515 superbi

165 2533 554 2601 praesumendo
576 2532 646 2588 de
670 2530 918 2587 meritis.
944 2530 1189 2586 Omnem
1213 2531 1420 2604 igitur,
1438 2532 1797 2604 dilectisimi,

168 2635 385 2676 causam
407 2626 463 2677 et
476 2622 764 2678 rationem
792 2620 1184 2677 solemnitatis
1204 2619 1496 2677 hodiernae
1520 2623 1591 2678 ad
1624 2620 1799 2694 origi-

169 2723 289 2765 nem
302 2727 462 2767 suam
484 2715 781 2783 caputque
800 2709 1088 2779 feramus;
1112 2714 1171 2765 et
1189 2708 1354 2765 illum
1373 2710 1568 2767 debita
1590 2712 1803 2784 gratia-

169 2812 286 2855 rum
316 2800 537 2857 actione
591 2800 929 2867 laudemus,
963 2800 1024 2854 in
1055 2799 1227 2871 cujus
1259 2816 1437 2855 manu
1470 2805 1527 2855 et
1581 2801 1801 2874 gradus

168 2886 496 2962 ofﬁciorum,
528 2894 587 2946 et
618 2892 918 2946 momenta
946 2892 1084 2945 sunt
1102 2892 1457 2961 temporum.
1484 2888 1631 2944 Nam
1654 2889 1705 2945 si
1727 2890 1801 2945 ad

172 2993 263 3033 nos
289 2982 343 3034 et
368 2979 439 3034 ad
470 2981 676 3035 nostra
704 2977 1078 3052 respicimus,
1108 2978 1202 3033 vix
1227 2977 1449 3057 aliquid
1476 2979 1801 3052 reperimus

171 3066 311 3122 unde
336 3068 540 3124 merito
570 3064 959 3141 gaudeamus.
992 3066 1223 3123 Mortali
1254 3067 1469 3135 etenim
1496 3083 1670 3124 carne
1695 3069 1804 3124 cir-

171 3156 432 3224 cumdati,
465 3161 523 3213 et
552 3155 857 3230 fragilitati
890 3155 1282 3229 corruptionis
1340 3155 1592 3226 obnoxii,
1625 3174 1799 3213 num-

168 3258 333 3315 quam
359 3245 439 3302 ita
466 3244 638 3302 liberi
662 3261 895 3310 sumus,
919 3248 986 3300 ut
1006 3262 1120 3302 non
1143 3244 1343 3318 aliqua
1364 3246 1808 3319 impugnatione

166 3332 489 3404 pulsamur;
521 3352 631 3391 nec
660 3338 784 3391 tam
817 3333 954 3390 felix
986 3333 1217 3407 capitur
1247 3334 1307 3390 in
1338 3334 1448 3391 hoc
1503 3352 1689 3410 agone
1718 3336 1803 3392 vi-

163 3424 353 3491 ctoria,
367 3428 433 3479 ut
454 3441 574 3480 non
597 3424 776 3480 etiam
794 3427 927 3496 post
940 3423 1272 3495 triumphos
1285 3427 1531 3497 surgant
1552 3424 1808 3485 rediviva

161 3514 489 3570 certamina.
524 3510 691 3570 Unde
720 3529 892 3568 nemo
925 3517 1045 3567 tam
1071 3512 1361 3584 perfectus
1389 3517 1478 3569 est
1527 3513 1803 3586 pontifex,

158 3604 271 3657 tam
301 3601 722 3659 immaculatus
751 3602 1021 3671 antistes,
1054 3601 1154 3672 qui
1186 3602 1532 3674 placationis
1581 3603 1806 3661 hostias

152 3704 254 3760 pro
271 3690 465 3764 populi
478 3695 716 3747 tantum
733 3690 986 3761 delictis,
1004 3707 1119 3745 non
1135 3690 1311 3746 etiam
1335 3707 1440 3764 pro
1453 3692 1578 3748 suis
1599 3693 1807 3749 debeat

150 3778 350 3835 offerre
377 3780 660 3854 peccatis.

215 3867 350 3925 CAP.
375 3868 446 3927 Il.
480 3900 551 3910 —
573 3871 710 3937 Quae
738 3867 997 3924 conditio
1030 3867 1077 3924 si
1111 3884 1315 3925 omnes
1346 3869 1679 3929 sacerdotes
1703 3886 1804 3945 ge-

144 3956 416 4015 neraliter
441 3960 628 4027 tenet,
660 3960 884 4030 quanto
916 3956 1107 4030 magis
1138 3974 1246 4013 nos
1301 3963 1359 4013 et
1388 3963 1589 4017 onerat
1614 3964 1672 4017 et
1701 3960 1803 4016 ob-

143 4045 408 4119 stringit;
433 4047 655 4120 quibus
676 4046 808 4118 ipsa
828 4046 1087 4118 suscepti
1113 4048 1305 4118 operis
1325 4048 1669 4120 magnitudo
1690 4065 1809 4105 cre-

143 4132 402 4191 berrima
431 4139 523 4192 est
554 4134 903 4191 offensionis
931 4134 1177 4191 occasio.
1206 4136 1482 4200 Quamvis
1513 4136 1669 4193 enim
1689 4138 1806 4194 sin-

145 4220 266 4294 guli
300 4225 523 4298 quique
553 4228 826 4299 pastores
847 4223 1085 4297 speciali
1109 4223 1505 4281 sollicitudine
1525 4227 1803 4299 gregibus

148 4312 273 4369 suis
286 4315 546 4386 praesint,
566 4314 879 4386 sciantque
894 4330 959 4369 se
977 4330 1085 4387 pro
1105 4314 1442 4372 commissis
1458 4314 1570 4372 sibi
1594 4316 1802 4375 ovibus

153 4401 618 4461 redditurosesse
630 4402 940 4470 rationem,
954 4402 1124 4459 nobis
1136 4407 1355 4460 tamem
1373 4420 1507 4459 cum
1525 4404 1800 4462 omnibus

158 4493 735 4551 curacommunisest
751 4510 766 4561 ;
781 4508 973 4565 neque
993 4493 1345 4567 cujusquam
1368 4494 1436 4551 ad
1447 4494 1799 4552 ministratio

1976 2044 2113 2098 CAP.
2146 2042 2246 2098 III.
2279 2073 2346 2082 -—
2376 2041 2555 2097 Adest
2579 2040 2779 2114 igitur,
2809 2039 3197 2110 dilectissimi,
3244 2042 3402 2115 quod
3435 2058 3551 2100 non

1907 2139 2141 2199 temere,
2176 2132 2278 2188 sed
2308 2130 2555 2187 ﬁdeliter
2582 2131 2950 2197 conﬁtemur,
2982 2130 3043 2186 in
3071 2131 3265 2189 medio
3312 2131 3554 2189 creden-

1904 2222 2055 2277 tium
2086 2221 2371 2277 Dominus
2400 2221 2571 2277 Jesus
2601 2219 2906 2276 Christus:
2939 2223 2998 2277 et
3026 2220 3295 2292 quamvis
3323 2221 3395 2277 ad
3412 2222 3555 2280 der-

1906 2314 2092 2365 teram
2115 2310 2214 2366 Dei
2237 2309 2426 2366 Patris
2447 2308 2838 2379 sedeat,donec
2847 2317 3018 2382 ponat
3033 2311 3285 2366 inimicos
3301 2326 3428 2367 suos
3440 2326 3557 2367 sca-

1910 2400 2113 2455 bellum
2128 2399 2561 2471 pedumsuorum
2574 2399 3006 2470 (Ps.c1x,3),non
3029 2400 3191 2456 deest
3205 2404 3401 2457 tamen
3413 2400 3559 2458 Pon-

1908 2489 2049 2545 tifex
2074 2505 2349 2544 summus
2376 2506 2411 2544 a
2440 2504 2684 2544 suorum
2716 2488 3164 2560 congregatione
3187 2490 3554 2561 pontiﬁcum,

1909 2576 2329 2650 meritoqueilli
2351 2578 2530 2634 totius
2550 2576 2818 2634 Ecclesim
2828 2581 2886 2632 et
2897 2578 3163 2633 omnium
3188 2579 3556 2636 sacerdotum

1910 2684 2011 2723 ore
2034 2672 2349 2723 cantatur:
2379 2667 2594 2723 Iuravit
2618 2668 2902 2731 Dominus,
2917 2670 2970 2723 et
2988 2682 3099 2722 non
3114 2669 3557 2738 paenitebiteum:

1911 2757 1985 2812 Tu
2004 2773 2058 2812 es
2073 2756 2331 2814 Sacerdos
2350 2757 2410 2811 in
2424 2764 2694 2811 internum
2708 2754 3005 2811 secundum
3024 2755 3273 2811 ordinem
3282 2755 3558 2814 Melchise-

1909 2845 2041 2902 dech
2071 2846 2228 2912 (Ibid.
2264 2844 2340 2917 4).
2376 2845 2504 2917 Ipse
2533 2844 2691 2900 enim
2715 2859 2888 2899 verus
2919 2847 2976 2899 et
3004 2847 3255 2901 aeternus
3282 2848 3374 2907 est
3392 2844 3561 2902 Anti.

1912 2934 2228 3007 stes,cujus
2249 2931 2680 2990 administratio
2702 2947 2807 2988 nec
2828 2932 3349 2989 commutationem
3371 2937 3563 3006 potest

1910 3024 2143 3090 habere,
2168 3040 2272 3079 nec
2303 3022 2637 3096 ﬁnem.lpse
2665 3025 2754 3079 est
2783 3021 2952 3093 cujus
2983 3022 3232 3079 formam
3258 3021 3564 3080 Melchise-

1910 3113 2056 3170 dech
2088 3112 2345 3186 pontifex
2372 3111 2735 3184 preferebat,
2748 3127 2865 3166 non
2884 3110 3162 3168 Judaicas
3182 3110 3409 3170 hostias
3428 3113 3562 3170 oﬁ‘e-

1919 3219 2055 3259 rens
2076 3202 2316 3271 Deo,sed
2328 3200 2491 3257 illius
2507 3199 2857 3256 sacramenti
2871 3198 3185 3257 immolans
3206 3200 3561 3259 sacriﬁcium

1919 3290 2072 3366 quod
2106 3292 2459 3364 RedemptOr
2479 3293 2680 3347 noster
2707 3288 2767 3344 in
2793 3306 2901 3345 suo
2930 3305 3169 3362 corpore
3197 3294 3255 3345 et
3274 3287 3563 3365 sanguine

1915 3380 2296 3439 consecravit.
2333 3380 2464 3453 Ipse
2491 3382 2581 3435 est
2608 3378 2784 3450 cujus
2816 3377 3207 3435 sacerdotium
3255 3380 3426 3436 Pater
3451 3396 3559 3436 non

1911 3470 2212 3528 secundum
2239 3470 2490 3527 ordinem
2519 3470 2700 3525 Aaron
2751 3485 2885 3523 cum
2916 3466 3062 3540 legis
3086 3473 3346 3541 tempore
3369 3472 3561 3526 trans-

1914 3560 2163 3627 iturum,
2199 3560 2299 3614 sed
2329 3558 2628 3615 secundum
2645 3556 3285 3613 ordinanMelchzsedech
3306 3558 3567 3629 perenni-

1913 3652 2004 3705 ter
2030 3648 2443 3705 celebrandum
2473 3664 2609 3704 cum
2642 3646 3010 3703 ﬁrmamento
3042 3645 3377 3711 insolubilis
3400 3648 3564 3719 jura-

1914 3735 2538 3793 tionisinstituit.Nam
2552 3735 3118 3809 quiajusjurandum
3134 3734 3567 3793 interhomines

1913 3826 1988 3885 iis
2003 3826 2444 3883 definitionibus
2466 3826 2799 3891 adhibetur,
2816 3841 2943 3897 qua
2967 3822 3265 3897 perpetuis
3285 3823 3568 3896 pactioni-

1913 3916 2026 3973 bus
2042 3916 2410 3985 sanciuntur,
2433 3915 2615 3970 divini
2636 3929 2867 3986 quoque
2878 3912 3207 3984 juramenti
3228 3912 3563 3969 testiﬁcatio

1912 4004 1973 4061 in
2005 4004 2098 4061 his
2129 4004 2422 4062 invenitur
2451 4003 2779 4079 promissis,
2810 4018 2938 4075 quae
2976 4000 3563 4058 incommutabilibus

1912 4099 2052 4151 sunt
2081 4096 2195 4151 ﬁxa
2218 4094 2469 4150 decretis
2494 4111 2507 4149 :
2540 4097 2599 4149 et
2629 4091 2768 4164 quia
2809 4088 3148 4163 paenitentia
3169 4088 3557 4144 mutationem

1911 4184 2131 4241 indicat
2159 4182 2503 4248 voluntatis,
2536 4181 2596 4237 in
2632 4198 2701 4236 eo
2729 4180 2885 4235 Deus
2917 4194 3033 4234 non
3064 4176 3325 4250 poenitet,
3353 4176 3412 4232 in
3444 4194 3561 4250 quo

1915 4272 2238 4343 secundum
2269 4274 2550 4327 aeternum
2583 4267 2864 4341 placitum
2897 4281 3014 4322 non
3042 4269 3235 4339 potest
3254 4264 3415 4321 aliud
3447 4265 3563 4323 vel.

1909 4360 1963 4416 le
1996 4376 2175 4433 quam
2206 4357 2411 4415 voluit.
2860 4367 2871 4373 “

1979 4494 2112 4551 CAP.
2145 4492 2238 4549 IV.
2270 4520 2341 4534 --
2368 4491 2493 4548 Non
2532 4494 2625 4546 est
2676 4489 2873 4561 itaque
2914 4487 3104 4567 nobis,
3165 4487 3560 4560 dilectissimi,

159 4592 267 4634 non
299 4583 477 4638 nostri
499 4581 727 4638 laboris
753 4585 843 4637 est
862 4581 1054 4654 portio
1078 4585 1171 4637 :ut
1192 4580 1333 4638 dum
1358 4583 1428 4639 ad
1456 4582 1610 4639 beati
1634 4601 1799 4658 apos-
1827 4586 1878 4655 Β
1908 4586 2378 4657 praesumptuosa
2389 4579 2670 4637 festivitas
2685 4595 2800 4652 qua
2815 4577 3069 4651 suscepti
3085 4576 3561 4635 sacerdotiidiem

163 4668 289 4724 steti
304 4668 451 4728 Petri
476 4671 683 4731 sedem
715 4687 785 4727 ex
835 4674 956 4727 toto
1005 4670 1145 4727 orbe
1173 4671 1562 4743 concurritur,
1618 4677 1674 4729 et
1702 4673 1802 4731 illa

163 4757 489 4817 universalis
517 4758 796 4817 Ecclesia
829 4774 863 4814 a
897 4758 1138 4815 Domino
1168 4760 1356 4816 eidem
1388 4762 1802 4819 commendata

163 4843 378 4903 dilectio
404 4849 588 4904 etiam
617 4864 691 4904 ex
718 4851 924 4902 nostra
953 4847 1388 4919 dispensatione
1417 4848 1756 4922 deposcitur
1784 4868 1797 4921 ;

165 4936 310 4991 tanto
331 4937 584 5011 amplius
598 4934 770 4993 nobis
784 4936 1004 4992 instare
1019 4937 1213 4993 oneris
1227 4937 1800 5013 sentiamus,quanto

167 5026 370 5084 cunctis
387 5029 613 5100 majora
637 5026 944 5083 debemus.
969 5028 1034 5081 In
1058 5025 1165 5082 hac
1188 5043 1325 5100 ergo
1344 5028 1592 5086 materia
1626 5029 1802 5101 trepi-

171 5110 414 5181 dationis.
445 5133 579 5190 quas
610 5114 785 5173 nobis
814 5120 973 5172 esset
998 5115 1389 5188 dependendae
1422 5117 1633 5174 ﬁducia
1675 5134 1798 5175 ser—

234 5291 301 5363 (σ)
326 5292 422 5349 Hic
450 5310 646 5352 sermo
670 5297 806 5350 ante
824 5308 1013 5349 annos
1035 5289 1260 5363 aliquot
1280 5292 1474 5350 editus
1487 5312 1556 5351 ex
1571 5311 1683 5352 ms.
1708 5313 1799 5353 co-

182 5359 515 5437 giico'lfiicolai
551 5366 748 5432 Fabri,
783 5364 883 5437 qui
906 5368 1109 5437 postea
1138 5359 1204 5420 D.
1225 5365 1453 5437 Thurani
1483 5364 1611 5433 fuit,
1642 5385 1797 5424 nunc

182 5429 228 5487 in
253 5435 563 5495 Galbal-tina
589 5429 956 5494 bibliotheca
980 5440 1267 5491 servatur.
1300 5436 1396 5492 Sic
1425 5429 1793 5502 Quesnellus.

183 5506 468 5566 Antclmius
494 5525 633 5567 vero
664 5510 813 5565 diss.
846 5509 905 5577 6,
935 5506 1003 5561 de
1024 5509 1163 5562 veris
1178 5508 1431 5578 operibus
1461 5508 1554 5565 SS.
1578 5511 1793 5577 Leonis,

184 5579 484 5654 gtProsperi,
518 5598 687 5638 num.
722 5582 778 5649 4,
811 5579 1102 5654 pag.‘3’i8,
1127 5580 1355 5654 monuit
1374 5578 1793 5654 huicsermoni

186 5646 231 5722 in
248 5665 299 5706 eo
317 5646 504 5713 codice
525 5655 716 5722 prima
737 5646 926 5708 manu
944 5648 1210 5722 Prosperi
1228 5666 1439 5707 nomen
1454 5651 1634 5710 fuisse
1656 5670 1797 5722 prae-

190 5718 323 5781 ﬁxum
350 5722 454 5787 hoc
502 5718 675 5787 titulo
731 5722 964 5797 :Incipit
990 5718 1165 5797 seruio
1212 5722 1468 5797 Prospcri
1516 5718 1799 5797 (ιαΜωί

189 5800 305 5865 me
324 5812 337 5851 :
355 5800 652 5859 recentiori
672 5790 889 5856 autem
909 5790 1244 5849 charactere
1265 5790 1487 5851 abrasas
1511 5796 1798 5853 membra-

1911 4672 2098 4728 divini
2131 4669 2397 4727 muneris
2426 4685 2714 4728 memores
2746 4667 3106 4724 honoramus
3132 4684 3147 4736 ;
3181 4665 3281 4724 22
3304 4668 3564 4739 quando-

1910 4760 2151 4833 quidem
2174 4759 2266 4832 pie
2285 4762 2344 4816 et
2359 4757 2639 4815 veraciter
2659 4756 3195 4829 conﬁ-temur,quod
3216 4770 3367 4829 opus
3386 4755 3565 4813 mini-

1910 4849 2072 4906 sterii
2096 4848 2284 4904 nostri
2314 4848 2370 4904 in
2404 4848 2680 4904 omnibus
2707 4862 2833 4920 quae
2864 4849 3018 4903 recte
3035 4844 3566 4919 agimus,Christns

1909 4938 2245 5010 exsequitur
2273 4963 2287 5007 ;
2321 4941 2376 4995 et
2408 4954 2522 4993 non
2555 4936 2613 4992 in
2646 4935 2837 5004 nobis,
2862 4935 2961 5011 qui
2986 4933 3110 4991 sine
3138 4931 3240 4989 ill‘o
3263 4932 3409 4990 nihil
3429 4951 3565 5007 pos-

1908 5044 2142 5095 sumus,
2175 5026 2275 5083 sed
2310 5025 2368 5083 in
2402 5026 2548 5099 ipso,
2575 5025 2677 5099 qui
2699 5022 3060 5099 possibilitas
3083 5026 3285 5081 nostra
3313 5021 3564 5097 est,glo-

1907 5116 2153 5172 riamur.
2172 5114 2491 5188 Subjungit
2501 5117 2699 5171 autem
2720 5130 2785 5170 se
2798 5113 2871 5170 ad
2895 5100 3180 5170 rationem
3200 5110 3563 5170 solemnitati

1906 5311 1993 5351 nae
2051 5292 2403 5365 inscriptum
2450 5292 2631 5349 fuisse
2680 5290 2886 5348 Leonis
2937 5305 3175 5365 nomen.
3225 5288 3379 5365 Qum
3423 5304 3563 5344 vero

1905 5364 2196 5422 sermonis
2226 5360 2533 5420 contextus
2577 5368 2874 5419 auctorem
2920 5363 3186 5434 praeferat
3225 5360 3560 5434 Romanum

1906 5436 2266 5510 pontiﬁcem,
2311 5435 2519 5510 stylus
2545 5440 2742 5491 autem
2774 5430 2937 5510 cumj
2958 5437 3298 5510 ceterorum
3358 5430 3563 5510 Leonis

1906 5498 2262 5564 sermonum
2287 5498 2436 5579 style
2467 5505 2638 5579 plane
2669 5504 2994 5579 conveniat,
3030 5501 3408 5579 multumque
3436 5498 3560 5579 dis-

1904 5583 2102 5656 crepet
2133 5570 2366 5656 a_sty16
2416 5570 2704 5656 Prosperi,
2732 5575 2832 5656 _de
2879 5570 3134 5656 genuino
3181 5570 3393 5656 beo‘nis
3443 5571 3564 5654 fetu

1904 5639 2309 5720 dubitandum
2330 5665 2445 5704 non
2477 5639 2585 5704 est:
2619 5639 2702 5720 De
2730 5639 3010 5720 inscripto
3040 5645 3255 5720 autem.
3291 5639 3563 5714 Prosperi

1904 5720 2141 5778 nomine
2173 5718 2372 5776 confer
2405 5736 2530 5792 quis
2561 5709 3007 5789 coruscimus'in
3038 5709 3377 5789 praefatione
3395 5709 3561 5772 num.

1913 5796 2002 5852 40.
