3914 6232
389 356 500 418 171

1513 352 1578 411 S.
1613 346 1895 410 LEONIS
1939 342 2182 407 MAGNI
2230 340 2670 404 SERMONES.

3701 338 3829 397 172

391 491 589 548 dinem
623 486 906 547 fastidivit
942 488 1090 560 (Luc.
1116 500 1220 556 xu,
1248 486 1358 557 16),
1390 488 1447 540 et
1476 484 1549 539 ad
1580 481 1809 554 copiam
1838 479 2040 535 vinde-
2070 479 2125 545 Α
2155 481 2423 543 novatur,
2452 476 2501 532 si
2534 478 2591 532 et
2617 474 2677 532 in
2704 474 2937 531 laudem
2969 474 3098 547 ejus
3140 488 3372 546 semper
3400 471 3724 546 paratiyet
3752 471 3827 526 ad

388 579 521 635 mia:
552 576 847 634 efﬂuentis
877 575 1201 650 ingemuit;
1235 591 1339 629 nec
1371 574 1443 629 de
1474 569 1880 645 magnitudine
1919 569 2041 623 fru-

389 671 592 724 ctuum
624 664 977 740 gratulatus,
1001 667 1102 721 sed
1126 665 1200 721 de
1218 663 1439 719 vilitate
1468 662 1826 733 conquestus
1847 661 1956 714 est.
1982 656 2042 713 Si

391 760 587 814 autem
610 754 839 828 parcior
854 754 1026 810 fuerit
1046 754 1104 809 in
1130 751 1418 825 susceptis
1441 754 1597 807 terra
1615 748 1962 814 seminibus,
1988 749 2047 802 et

395 844 735 919 catigatiore
756 847 1037 917 proventu
1052 843 1200 900 vites
1218 841 1473 913 oleaeque
1489 837 1938 907 deﬂuxerint,(a)
1951 852 2044 890 ac—

394 937 682 992 cusantur
705 933 864 1000 anni,
890 935 1221 1006 arguuntur
1237 930 1545 994 elementa,
1570 931 1627 983 et
1646 942 1751 981 nec
1768 925 1887 981 aeri
1913 940 2048 996 par-

394 1019 567 1095 citur,
594 1039 701 1079 nee
723 1022 887 1091 coelo,
913 1038 1047 1077 cum
1080 1019 1283 1075 ﬁdeles
1300 1022 1355 1073 et
1376 1017 1452 1090 (ὁ)
1474 1016 1602 1088 pios
1618 1012 1940 1086 discipulos
1958 1028 2050 1067 ve-

393 1112 589 1170 ritatis
610 1111 759 1167 nihil
780 1111 973 1183 magis
989 1108 1358 1166 commendet
1377 1110 1435 1161 et
1456 1104 1705 1170 muniat,
1745 1104 1847 1159 42
1872 1116 2049 1174 quam

394 1217 774 1276 perseverans
800 1200 860 1255 in
880 1204 1085 1263 Deum,
1110 1201 1167 1254 et
1196 1196 1491 1253 indefessa
1519 1191 1799 1259 laudatio,
1822 1191 2052 1247 dicente

394 1288 706 1363 Apostolo:
743 1288 963 1360 Semper
993 1286 1247 1357 gaudete,
1278 1287 1398 1340 sine
1426 1283 1834 1339 intermissione
1862 1282 2052 1341 orate;

396 1381 461 1435 in
490 1379 741 1436 omnibus
770 1379 972 1449 grrtias
990 1380 1153 1445 agite.
1180 1377 1301 1431 Haec
1328 1376 1477 1430 enim
1504 1374 1751 1428 voluntas
1781 1370 1878 1426 Dei
1896 1376 1973 1425 est
1992 1369 2051 1422 in

403 1468 615 1525 Christo
634 1470 761 1523 Iesu
791 1469 850 1521 in
868 1466 1117 1521 omnibus
1141 1465 1210 1537 (e)
1241 1465 1384 1519 vobis
1406 1465 1451 1531 (Ι
1474 1462 1703 1527 Thess,v,
1732 1461 1841 1531 16).
1865 1459 2054 1527 Ilujus

402 1561 600 1613 autem
612 1555 935 1612 devotionis
950 1552 1448 1626 quemadmodum
1463 1550 1785 1622 poterimus
1797 1562 2057 1618 essepar-

402 1645 632 1718 ticipes,
657 1644 771 1700 nisi
794 1659 990 1699 rerum
1011 1642 1262 1698 varietas
1274 1639 1664 1696 constantiam
1676 1636 1891 1693 mentis
1903 1651 2060 1691 exer-

406 1739 533 1791 enat
558 1734 586 1789 ?
616 1738 682 1789 ut
704 1749 869 1789 amor
898 1732 1159 1787 directus
1188 1730 1246 1784 in
1275 1730 1459 1785 Deum
1493 1744 1597 1783 nec
1618 1727 1772 1782 inter
1800 1724 2062 1781 secunda

407 1822 728 1897 superbiat,
761 1837 867 1910 nec
898 1821 1054 1910 inter
1093 1820 1347 1910 adversa
1378 1815 1630 1910 deﬁciat.
1665 1814 1828 1879 Quod
1873 1813 2062 1886 placet
2091 1843 2140 1910 Β

406 1916 542 1981 Deo,
566 1911 793 1984 placeat
808 1909 885 1981 (d)
898 1914 954 1964 et
967 1909 1158 1965 nobis.
1178 1913 1257 1962 De
1274 1906 1434 1961 omni
1453 1920 1730 1961 mensura
1750 1918 2063 1958 munerum

409 1998 539 2073 ejus
578 2000 961 2072 gaudeamus.
1014 1995 1122 2060 Qui
1152 1997 1300 2051 bene
1342 2011 1486 2050 usus
1517 1998 1607 2049 est
1634 1992 1885 2065 magnis,
1918 1991 2066 2046 bene

409 2092 611 2146 utatur
639 2093 696 2143 et
723 2086 991 2142 modicis.
1016 2086 1162 2141 Tam
1187 2084 1359 2139 nobis
1382 2082 1550 2155 copia
1575 2098 1751 2153 quam
1782 2080 2066 2152 parcitate

409 2174 756 2233 consulitur.
777 2175 892 2229 Nec
908 2174 966 2228 in
985 2171 1352 2245 spiritalibus
1371 2170 1551 2256 lpcris
1566 2170 1639 2242 (e)
1654 2168 1926 2240 angustia
1940 2184 2069 2240 gra-

409 2265 680 2322 vabimur
695 2265 1018 2330 fructuum,
1043 2261 1091 2317 si
1116 2260 1443 2317 fecunditas
1463 2277 1579 2315 non
1601 2262 1827 2315 arescat
1848 2258 2069 2313 animo-

412 2370 568 2410 rum.
591 2352 823 2409 Oriatur
834 2350 1111 2407 decordis
1124 2366 1283 2422 agro,
1305 2349 1460 2421 quod
1484 2352 1638 2403 terra
1653 2348 1719 2420 (f)
1735 2364 1848 2402 non
1863 2345 2065 2402 edidit.

413 2445 652 2501 SEMPER
673 2458 805 2512 ILLI,
830 2440 987 2513 quod
1004 2438 1311 2512 largiatur,
1339 2437 1612 2508 occurrit,
1635 2436 1728 2493 cui
1754 2436 1902 2491 bene
1922 2433 2069 2491 velle

415 2549 534 2590 non
566 2530 881 2587 deﬁcit.Ad
903 2528 1101 2587 omnia
1120 2527 1319 2601 igitur,
1350 2525 1740 2593 dilectissimi,
1760 2541 1936 2597 opera
1956 2523 2072 2596 pie-

416 2621 580 2687 tatis,
612 2618 877 2676 omnium
910 2618 1079 2673 nobis
1110 2616 1363 2689 qualitas
1404 2615 1590 2687 prosit
1619 2630 1930 2679 annorum,
1963 2629 2070 2668 nec

416 2708 882 2767 benevolentiam
895 2705 1276 2763 christianum
1291 2703 1607 2760 difﬁcultas
1619 2701 1956 2775 temporalis
1968 2701 2073 2756 im-

415 2797 634 2873 pediat.
666 2797 839 2853 Novit
867 2795 1155 2852 Dominus
1187 2811 1325 2849 vasa
1349 2791 1663 2866 hospitalis
1692 2791 1879 2847 viduae
1912 2790 1987 2863 (g)
2010 2790 2069 2845 in

417 2904 567 2961 opus
587 2884 822 2961 pietatis
844 2902 963 2941 suae
993 2887 1241 2940 vacuata
1268 2881 1557 2954 complere
1604 2880 1701 2950 (1V
1724 2882 1849 2951 Reg.
1872 2896 1950 2943 IV,
1982 2879 2068 2951 5);

419 2976 580 3032 novit
599 2991 785 3047 aquas
806 2974 866 3029 in
894 2973 1030 3028 vina
1052 2976 1384 3028 convertere
1426 2971 1603 3043 (Joan.
1629 2987 1690 3035 ιι,
1719 2971 1796 3039 9);
1820 2969 1979 3026 novit
2001 2969 2072 3025 de

415 3063 792 3138 paucissimis
811 3062 1064 3135 panibus
1087 3060 1347 3134 quinque
1370 3059 1557 3116 millia
1576 3057 1962 3116 esurientium
1979 3075 2071 3113 sa-

415 3157 616 3210 turare
631 3151 981 3225 populorum
1009 3152 1186 3219 (Joan.
1207 3167 1283 3216 vr,
1305 3151 1382 3222 9).
1402 3150 1473 3205 Et
1497 3148 1597 3204 ille
1619 3147 1719 3220 qui
1742 3148 1817 3220 (h)
1845 3148 1903 3202 in
1927 3165 2071 3220 pau-

415 3212 657 3316 peribus
702 3212 827 3297 suis
878 3212 1158 3313 pascitur,
1210 3212 1355 3311 qua),
1382 3238 1573 3311 potuit
1602 3212 1814 3309 augere
1856 3212 2068 3305 dando,
2101 3212 2145 3280 (ἶ

417 3334 612 3405 potest
642 3328 1035 3404 multiplicare
1065 3329 1375 3385 sumendo.

488 3418 625 3475 CAP.
657 3417 750 3473 IV.
774 3447 843 3458 —
874 3417 1012 3472 Tria
1038 3432 1172 3472 vero
1218 3420 1359 3471 sunt
1387 3433 1514 3487 quae
1547 3414 1800 3470 maxime
1833 3415 1905 3470 ad
1938 3413 2070 3470 reli-

419 3506 616 3580 giosas
646 3505 939 3578 pertinent
971 3505 1249 3574 actiones,
1269 3506 1452 3560 oratio
1484 3504 1725 3570 scilicet,
1751 3503 2070 3575 jejunium,

421 3593 1103 3666 eteleemosyna,quibus
1125 3592 1463 3649 exercendis
1480 3608 1652 3647 omne
1674 3592 1911 3664 quidem
1933 3596 2075 3648 tem-

422 3699 536 3757 pus
556 3682 619 3752 (ἰ)
643 3686 967 3752 acceptum,
1002 3682 1103 3736 sed
1127 3680 1268 3735 illud
1302 3686 1391 3737 est
1418 3680 1744 3737 studiosius
1761 3680 2074 3736 observan-

422 3772 588 3841 dum,
613 3770 768 3843 quod
788 3768 1123 3842 apostolicis
1142 3769 1475 3842 accepimus
1497 3768 1913 3825 traditionibus
1935 3786 2075 3825 con-

423 3864 720 3918 secratum
746 3877 759 3928 ;
794 3858 949 3915 sicut
978 3857 1150 3914 etiam
1183 3858 1450 3915 decimus
1475 3858 1571 3915 hic
1602 3858 1821 3914 mensis
1851 3875 2075 3914 morem

417 3951 595 4008 re'l'ert
622 3948 831 4005 veteris
853 3947 1132 4019 instituti,
1155 3951 1219 4002 ut
1248 3947 1361 4002 tria
1381 3946 1483 4003 illa
1513 3947 1584 4003 de
1605 3947 1820 4019 quibus
1842 3945 2075 4003 locutus

421 4056 558 4098 sum
589 4037 933 4112 diligentius
965 4053 1376 4110 exsequamur.
1402 4035 1677 4093 Oratione
1698 4036 1855 4091 enim
1878 4036 2073 4108 propi-

415 4129 583 4192 tiatio
614 4126 716 4184 Dei
747 4128 1051 4200 quaeritur,
1094 4126 1322 4199 jejunio
1367 4124 1841 4200 concupiscentia
1880 4124 2075 4181 carnis

416 4196 831 4290 exstinguitur,
859 4196 1249 4289 eleemosynis
1269 4196 1507 4288 pecc'ata
1528 4196 1919 4286 redimuntur(
1928 4219 2070 4270 Dan.

417 4323 496 4376 ιν,
523 4305 638 4377 24);
667 4304 977 4377 simulque
1003 4321 1107 4378 per
1134 4304 1332 4361 omnia
1362 4304 1462 4361 Dei
1495 4304 1554 4359 in
1577 4303 1746 4360 nobis
1766 4303 1959 4376 imago
1991 4320 2076 4360 re-

493 4443 571 4520 (ᾳ)
593 4443 726 4520 Duo
749 4462 899 4520 m_ss._
910 4446 1040 4502 Vat.
1061 4447 1327 4520 etprima
1346 4447 1544 4520 editio,
1563 4450 2068 4520 accusaturunnus.

491 4513 571 4591 (b)
593 4513 1049 4591 Vetustissimus
1064 4513 1217 4591 Vat,
1236 4521 1390 4591 pacis
1411 4513 1726 4591 discipulos.
1753 4520 1815 4573 In
1838 4518 2071 4574 duobus

2149 567 2250 622 43
2283 564 2752 637 puriﬁcationem
2772 568 3033 620 nostram
3054 563 3183 620 sine
3205 562 3523 619 cessatione
3545 559 3828 629 solliciti,

2152 658 2208 710 et
2229 655 2301 710 ad
2328 654 2816 710 sustentationem
2842 652 3092 726 proximi
3110 651 3507 709 indesinenter
3526 650 3605 723 (j)
3628 651 3828 706 simus

2117 768 2129 779 -
2153 742 2383 798 intenti.
2418 742 2547 798 Haec
2592 741 2802 815 triplex
2830 740 3217 807 observantia,
3254 738 3660 806 dilectissimi,
3696 754 3831 794 om-

2155 832 2321 887 nium
2350 831 2632 886 virtutum
2656 829 3100 903 comprehendit
3124 830 3383 886 eﬁ‘ectus.
3412 829 3544 885 Haec
3566 827 3651 884 ad
3675 828 3828 883 ima-

2155 920 2350 994 ginem
2397 924 2455 977 et
2497 920 2947 977 similitudinem
2979 918 3077 976 Dei
3123 919 3403 993 pervenit,
3434 922 3494 974 et
3521 934 3562 973 a
3594 917 3828 991 Spiritu

2158 1014 2358 1066 sancto
2380 1009 2804 1083 inseparabiles
2827 1009 2984 1065 facit.
3018 1009 3165 1076 Quia
3194 1009 3255 1064 in
3284 1007 3664 1064 orationibus
3696 1024 3828 1080 per-

2158 1103 2358 1155 manet
2382 1099 2527 1155 ﬁdes
2558 1102 2736 1165 recta,
2785 1098 2863 1166 (Ιί)
2894 1097 2953 1153 in
2979 1096 3224 1170 jejuniis
3271 1097 3557 1154 innocens
3588 1097 3742 1161 vita,
3770 1096 3830 1152 in

2159 1187 2542 1260 eleemosynis
2560 1203 2729 1244 mens
2750 1187 3023 1261 benigna.
3038 1188 3255 1252 Quarta
3275 1186 3458 1260 igitur
3477 1190 3535 1242 et
3558 1190 3737 1243 sexta
3758 1186 3831 1243 fe-

2160 1275 2248 1332 ria
2266 1276 2646 1348 jojunemus;
2678 1276 2922 1333 sabbato
2963 1280 3161 1333 autem
3211 1276 3364 1349 apud
3397 1275 3826 1333 beatissimum

2161 1364 2491 1438 apostolum
2526 1365 2761 1421 Petrum
2792 1364 3021 1437 vigilias
3052 1365 3451 1433 celebremus;
3484 1364 3596 1438 qui
3617 1369 3683 1421 et
3709 1382 3830 1421 ora.

2163 1454 2373 1519 tiones,
2401 1458 2457 1509 et
2478 1453 2727 1525 jejunia,
2752 1458 2809 1509 et
2840 1453 3240 1527 eleemosynas
3271 1459 3502 1510 nostras
3545 1455 3831 1527 precibus

2165 1543 2291 1600 suis
2321 1543 2661 1615 dignabitur
2677 1543 2955 1615 adjuvare
2981 1543 3064 1616 (ι).
3093 1544 3197 1599 Per
3217 1543 3531 1599 Dominum
3550 1547 3829 1600 nostrum

2165 1632 2368 1689 Jesum
2400 1631 2720 1700 Christum,
2747 1632 2847 1705 qui
2874 1648 3009 1688 cum
3042 1633 3210 1689 Patre
3239 1637 3297 1689 et
3336 1637 3545 1690 sancto
3602 1633 3829 1707 Spiritu

2165 1720 2306 1777 vivit
2334 1726 2391 1777 et
2419 1725 2625 1794 regnat
2656 1722 2713 1777 in
2741 1722 2951 1779 saecula
2983 1720 3354 1778 saeculorum.
3381 1724 3596 1780 Amen.

2641 1829 2882 1886 saeuo
2912 1828 3033 1885 x111
3064 1830 3171 1901 [Αι.
3203 1829 3350 1901 ΧΙΙ].

2564 1919 2638 1974 De
2664 1920 2880 1990 Jejunio
2898 1918 3098 1975 decimi
3124 1921 3327 1975 mensis
3357 1921 3425 1975 II.

2174 2009 2473 2064 SYNOPSIS.
2519 2037 2587 2046 —
2615 2009 2901 2077 Ieiunium
2953 2010 3155 2067 mensis
3200 2009 3403 2064 decimi
3450 2025 3555 2064 cur
3607 2011 3827 2066 institu-

2244 2083 2403 2153 tum;
2433 2080 2675 2150 ejusdem
2714 2084 2765 2135 et
2792 2080 3125 2137 Christiana:
3153 2097 3282 2152 erga
3308 2097 3584 2153 pauperes
3612 2083 3831 2137 miseri-

2244 2151 2449 2208 cordiae
2478 2152 2620 2208 laus.

2247 2259 2407 2324 Quod
2423 2258 2703 2330 temporis
2716 2257 2862 2315 ratio
2876 2263 2933 2314 et
2944 2258 3269 2315 devotionis
3284 2259 3381 2330 (γη)
3400 2264 3622 2316 nostra:
3640 2260 3830 2315 admo-

2176 2352 2275 2403 net
2294 2347 2676 2414 consuetudo,
2704 2346 2979 2419 pastorali
3010 2347 3197 2414 vobis,
3221 2347 3831 2417 dilectissimi,solliei-

2177 2436 2377 2491 tudine
2391 2436 3016 2508 prmdicamus,decimi
3030 2437 3253 2493 mensis
3264 2436 3690 2494 celebrandum
3708 2453 3829 2492 esse

2169 2525 2462 2596 jejunium
2473 2541 2608 2596 ,quo
2622 2542 2725 2597 pro
2748 2530 3159 2582 consummata
3173 2526 3547 2599 perceptione
3561 2526 3825 2583 omnium

2178 2613 2497 2681 fructuum,
2521 2613 2603 2685 (η)
2626 2614 2974 2686 dignissime
2994 2612 3260 2687 largitori
3285 2631 3489 2671 eorum
3512 2615 3637 2672 Deo
3658 2614 3826 2671 conti-

2179 2702 2386 2758 nentiae
2411 2701 2664 2758 libamen
2688 2703 2949 2758 offertur.
2967 2703 3115 2767 Quid
3136 2703 3295 2759 enim
3317 2707 3510 2776 potest
3529 2704 3825 2761 efﬁcacius

2178 2808 2307 2848 esse
2355 2790 2603 2863 jejunio,
2652 2792 2823 2863 cujus
2862 2791 3235 2849 observantia
3277 2794 3821 2867 appropinquamus

2178 2880 2318 2948 Deo,
2339 2883 2397 2935 et
2418 2879 2753 2936 resistentes
2775 2878 3176 2947 diabolo,vitia
3195 2878 3412 2936 blanda
3426 2879 3824 2954 superamus?

2179 2969 2489 3040 Sauream)
2506 2968 2661 3024 enim
2679 2967 2880 3024 virtuti
2892 2968 3089 3039 cibusj
3099 2968 3363 3040 ejunium
3383 2969 3691 3044 fuit.tp)De
3706 2970 3822 3027 abs-

2177 3057 2427 3113 tinentia
2469 3058 2758 3130 prodeunt
2797 3061 2968 3115 castas
3001 3057 3401 3130 cogitationes,
3449 3057 3821 3117 rationabiles

2177 3146 2527 3213 voluntates,
2568 3145 2895 3203 salubriora
2924 3146 3189 3203 consilia.
3236 3149 3304 3203 Et
3333 3163 3438 3219 per
3465 3146 3817 3204 voluntarias

2178 3235 2526 3293 afflictiones
2554 3251 2686 3291 caro
2711 3235 3205 3308 concupiscentiis
3226 3236 3493 3305 moritur,
3514 3236 3818 3292 virtutibus

2180 3324 2421 3396 spiritus
2446 3324 2769 3380 innovatur.
2795 3324 2907 3381 Sed
2931 3324 3073 3396 quia
3093 3324 3298 3398 non(q)
3322 3324 3444 3381 solo
3465 3325 3701 3398 jejunio
3716 3322 3820 3379 ani-

2182 3430 2413 3470 marum
2451 3418 2784 3469 nostrarum
2816 3411 2977 3469 salus
3008 3412 3351 3485 acquiritur,
3378 3413 3681 3485 jejunium
3698 3426 3817 3468 nos-

2180 3506 2339 3558 trum
2352 3501 2771 3559 misericordiis
2782 3517 3107 3574 pauperum
3119 3500 3819 3575 suppleamus.lmpenda-

2182 3608 2317 3648 mus
2328 3591 2710 3663 virtuti,quod
2725 3590 3056 3646 subtrahim
3066 3608 3133 3647 us
3143 3590 3426 3663 voluptati
3437 3592 3591 3648 .Fiat
3601 3588 3813 3649 refectio

2183 3679 2476 3754 pauperis,
2508 3679 2865 3735 abstinentia
2882 3679 3226 3751 jejunantis.
3249 3680 3609 3738 Studeamus
3629 3680 3814 3737 vidua-

2183 3787 2314 3825 rum
2328 3768 2673 3834 defensioni,
2693 3767 3051 3840 pupillorum
3066 3768 3325 3836 utilitati,
3349 3770 3680 3842 lugentium
3693 3785 3813 3825 con-

2183 3857 2476 3924 solationi,
2492 3856 2902 3913 dissidentium
2917 3857 3442 3930 paei.Suscipiatur
3461 3860 3812 3933 peregrinus,

2182 3948 2492 4019 adjuvetur
2510 3964 2849 4019 oppressus,
2872 3947 3154 4003 vestiatur
3185 3951 3288 4004 44
3311 3949 3529 4017 nudus,
3574 3951 3813 4005 foveatur

2182 4042 2456 4111 aegrotus;
2483 4041 2546 4092 ut
2567 4036 2924 4108 quicumque
2940 4041 3209 4092 nostrum
3231 4038 3302 4093 de
3315 4038 3500 4107 justis
3530 4036 3812 4095 laboribus

2182 4127 2399 4182 auctori
2420 4127 2707 4182 honorum
2728 4125 2993 4181 omnium
3015 4125 3129 4182 Deo
3141 4126 3494 4183 sacriﬁcium
3514 4127 3693 4201 hujus
3713 4125 3813 4198 pie-

2180 4216 2319 4272 tatis
2350 4213 2648 4282 obtulerit,
2700 4214 2773 4269 ab
2802 4214 3005 4269 eodem
3046 4215 3205 4287 regni
3238 4215 3489 4272 ecelestis
3522 4215 3809 4290 praemium

2181 4306 2251 4378 (ν)
2280 4303 2575 4377 percipere
2606 4305 2917 4359 mereatur.
2951 4302 3170 4367 Quarta
3197 4302 3381 4376 igitur
3404 4308 3465 4361 et
3494 4311 3661 4362 sexta
3687 4300 3810 4359 feria

2251 4448 2317 4591 δ’)
2348 4444 2651 4527 Homiliar.
2687 4443 2848 4500 Pauli
2868 4444 3057 4526 .Diac.,
3085 4454 3419 4519 promptum.

2285 4521 2325 4591 ')ﬁ
2350 4519 2430 4573 Ita
2460 4516 2724 4589 plerique
2754 4517 2986 4591 codices
3011 4522 3068 4573 et
3096 4517 3235 4573 editi
3267 4524 3401 4575 ante

2285 4516 2318 4586 i)
2350 4519 2430 4573 Ita
2460 4516 2724 4589 plerique
2754 4516 2981 4573 codices
3011 4522 3068 4573 et
3085 4516 3401 4575 editi'ante
3426 4517 3804 4586 Quesnellum,

420 4581 621 4672 autem
643 4592 868 4672 means.
903 4588 1081 4672 Petri:
1111 4581 1353 4671 (Ianique
1375 4581 1635 4672 ﬁdelis-net,
1645 4591 1796 4661 pacis
1825 4590 2069 4672 discipu-
2099 4581 2148 4647 Ι)
2179 4581 2536 4672 apﬁdquém
2557 4581 2752 4672 ‘su'mus
2783 4589 3003 4672 intenti.

420 4658 506 4734 ius
535 4664 587 4711 et
614 4658 1028 4734 veritatis,nihil_
1043 4662 1218 4734 magis
1239 4658 1571 4734 (mmet
1585 4658 1881 4734 et'moneat
1903 4658 2068 4734 quam

420 4732 483 4783 ut
506 4742 860 4799 perseverans
889 4730 962 4784 sit
1006 4732 1065 4784 in
1096 4732 1263 4785 Deum
1291 4736 1341 4787 et
1376 4731 1641 4803 indefessa
1684 4730 1946 4802 laudatio,
1981 4733 2066 4789 di-

420 4815 579 4857 cens:
612 4797 834 4857 Semper
858 4800 1104 4857 gaudete.
1140 4806 1249 4857 etc.

420 4815 579 4857 cens:
612 4815 834 4871 semper
857 4815 1104 4870 gaudete,
1140 4815 1249 4857 etc.

423 4941 467 4954 η
496 4869 760 4954 (0)1}.an
778 4869 993 4954 nostris
1004 4888 1159 4954 mss.
1174 4890 1240 4954 ac
1261 4872 1722 4954 primaeditione
1736 4891 1839 4930 nec
1863 4892 1977 4954 non
1999 4892 2068 4954 ex

423 4939 981 5019 {io'miliariouPauli
1003 4939 1279 5019 Diaconif
1300 4943 1580 5019 Similiter
1608 4946 1785 5019 etiam
1818 4947 1973 5019 apud
2005 4948 2063 5003 S.

421 5011 695 5094 Paulum.
723 5010 862 5094 Alia:
889 5014 1176 5094 editiones
1206 5019 1263 5094 et
1282 5014 1668 5094 _Quesnellus_,_
1692 5010 1867 5094 nobis;

516 5083 550 5138 d
596 5083 689 5139 Sic
721 5084 902 5139 nostri
936 5085 1183 5141 codices.
1218 5086 1393 5151 Editi,
1424 5090 1473 5140 ct
1497 5088 1746 5143 omnibus
1774 5089 1946 5145 nobis.

517 5084 571 5229 eg
593 5153 786 5229 Yatic.‘
807 5155 969 5229 3§36,
998 5159 1618 5229 rangustoygravabimur
1644 5161 1851 5229 [ructu

517 5174 546 5210 e
601 5174 773 5210 vauc.
807 5174 969 5225 6660,
1000 5174 1235 5226 angusto
1260 5174 1618 5225 gravaozmur
1644 5174 1851 5229 fructu.

492 5174 565 5308 lii
590 5225 686 5281 Sic
715 5225 829 5281 tria
850 5225 1215 5283 Lectionaria
1245 5228 1508 5284 Romana
1556 5228 1794 5285 laudata
1824 5233 1943 5285 not.
1977 5232 2065 5286 17.

468 5296 600 5353 llas.
622 5314 735 5352 non
764 5296 931 5353 dedit.

416 5299 600 5360 Alias.
622 5314 735 5352 non
764 5299 931 5353 dedit.

417 5440 462 5453 ﬂ
491 5371 563 5442 (g)
589 5368 894 5453 I‘Ipmiliar,
910 5370 1440 5453 BauliDiac.,c0piis
1454 5371 1679 5453 pietatis
1690 5387 1801 5453 suae
1816 5382 2063 5453 vacuata.

417 5439 582 5498 Unus
603 5439 975 5525 Vat._emittit
1000 5458 1129 5498 suae.
1166 5443 1229 5498 In
1258 5439 1727 5515 prima—editione
1750 5444 1984 5514 desunt,
2005 5448 2071 5501 in

418 5529 552 5585 opus
571 5520 796 5585 pietatis
825 5528 962 5571 suae.

408 5666 413 5669 _
453 5583 808 5670 ,,(Ῑι),νοεθω
820 5586 1161 5669 Ραξξρενίὺαδ
1181 5582 1521 5646 addidimus
1541 5599 1609 5642 ex
1629 5583 1820 5645 tribus
1840 5602 1934 5646 me
1945 5604 2069 5648 mo-

413 5657 526 5719 atis
552 5657 875 5720 ’Lectionér
896 5657 990 5722 iis.

492 5084 513 5308 ὲ

2249 4661 2323 4733 (Ιί)
2344 4655 2435 4715 Sic
2460 4659 2672 4715 melius
2700 4676 2769 4714 ex
2800 4658 3139 4735 Homiliario
3159 4659 3329 4735 Pauli
3344 4662 3583 4735 Diaconi
3616 4655 3805 4735 plurali

2177 4731 2440 4798 numero,
2466 4747 2629 4801 aeque
2659 4747 2726 4785 ac
2755 4746 2959 4784 omnes
2980 4731 3120 4786 editi
3149 4738 3206 4787 et
3231 4732 3457 4789 codices
3486 4731 3689 4791 eodem
3718 4744 3805 4785 nu-

2178 4818 2495 4885 meromrox
2519 4802 2785 4885 efferunt,
2810 4802 2870 4856 in
2899 4803 3293 4885 elleemosym'sn;
3311 4805 3466 4885 unde
3486 4805 3662 4885 paulo
3693 4802 3806 4875 post

2168 4876 2390 4948 jejunio
2411 4874 2470 4927 S.
2506 4872 3023 4948 pontifexrepetit.
3055 4872 3219 4948 Alias
3240 4876 3300 4948 iit
3320 4872 3557 4947 jejunio.

2248 4948 2308 5018 (Ι)
2340 4946 2474 5001 Post
2492 4942 2976 5018 vocemadjuoare
2997 4961 3149 5002 unus
3172 4942 3489 5003 Vaticanus
3506 4942 3804 5013 addit,dili-

2175 5016 2405 5089 gentius
2421 5023 2479 5070 ut
2508 5016 2877 5089 invigilemus.

2250 5086 2871 5161 (m)Aro_lices_collect.
2902 5088 3197 5161 5_,_ve_stra3.

2247 5156 2338 5228 (n)
2360 5157 2599 5213 Variant
2629 5157 2738 5214 hoc
2771 5156 2895 5214 loco
2922 5158 3053 5213 libri
3084 5159 3225 5214 editi
3257 5164 3314 5216 et
3334 5177 3481 5216 mss.
3510 5159 3624 5216 Alii
3641 5156 3796 5217 enim.

2178 5248 2325 5303 quos
2348 5228 2695 5303 Quesnellus
2716 5234 2952 5303 secutus
2972 5234 3080 5296 est,
3104 5230 3340 5303 habent,
3363 5232 3798 5303 diligentbsiylw;

2178 5300 2300 5377 alii,
2321 5303 2661 5377 dignissimo.
2678 5300 3014 5377 Melior‘visa
3031 5305 3121 5377 est
3140 5301 3306 5357 lectio
3321 5300 3604 5377 editionis
3624 5300 3797 5377 prima!

2179 5379 2235 5431 et
2267 5373 2575 5441 Rainaudi,
2609 5389 2784 5444 quam
2817 5371 2914 5427 alii
2942 5372 3171 5428 codices
3200 5374 3573 5432 conﬁrmant.

2270 5446 2318 5518 0)
2350 5445 2698 5518 Addidimus
2723 5445 2877 5518 enim
2906 5460 2975 5518 ex
3005 5444 3221 5518 nostris
3250 5445 3420 5500 codd.

2267 5515 2328 5589 p)
2358 5516 2482 5589 Duo
2514 5532 2656 5571 mss.
2668 5556 2681 5582 ,
2693 5515 3155 5589 LDe_abst_inentia_
3173 5515 3427 5589 denique.

2358 5587 2520 5670 linus
2551 5603 2663 5670 ms:
2687 5585 2745 5642 S.
2780 5585 2953 5670 Petri,
2987 5588 3046 5644 in
3076 5587 3189 5645 solo
3209 5585 3446 5663 jejunio.

2259 5588 2302 5661 ἶ]
2358 5588 2520 5645 Unus
2551 5603 2663 5644 ms.
2687 5588 2745 5642 S.
2780 5588 2953 5670 Petri,
2987 5588 3037 5644 in

2249 5588 2324 5743 Er;
2357 5659 2517 5718 Idem
2546 5657 2749 5731 codex,
2777 5672 3037 5739 recipere.
