3914 6232
208 325 272 391 m
1527 305 1534 310 ’
1673 330 1938 395 SEHMO
1983 329 2140 396 XVI.

3489 338 3614 403 178

205 459 296 520 Felix
313 466 375 522 est
402 459 579 524 illud
595 464 966 540 horreum,
985 464 1318 528 etomnium
1340 467 1638 527 fructuum
1655 463 1846 526 multi-
1871 464 1930 536 Α
1958 485 2055 537 vn,
2090 467 2180 543 45)
2209 486 2222 526 :
2255 469 2397 544 quia
2428 487 2545 529 non
2602 476 2844 546 possent
2871 490 3038 532 veras
3069 480 3126 532 et
3154 473 3454 549 simplices
3473 496 3611 538 oves

204 550 418 623 plicatione
432 554 944 629 dignissimum
962 558 1031 614 de
1044 575 1159 632 quo
1172 558 1466 631 egentium
1495 562 1549 615 et
1569 557 1851 613 debilium

205 647 412 700 saturatur
445 647 748 716 esuries,
774 648 868 721 (α)
897 649 971 704 de
1003 665 1116 721 quo
1135 648 1421 704 relcvatur
1445 646 1737 720 peregrini
1761 663 1856 702 ne-

205 733 391 806 cessitas,
417 736 497 792 de
533 752 676 807 quo
725 737 1113 793 desiderium
1163 739 1386 792 fovetur
1413 736 1654 791 inﬁrmi.
1702 738 1851 802 Quos

201 821 284 878 ideo
305 824 392 878 sub
409 824 700 881 diversis
727 826 1043 882 molestiis
1058 827 1296 897 justitia
1318 827 1415 881 Dei
1441 826 1705 882 laborare
1725 842 1850 896 per-

202 912 326 982 misit,
352 919 410 970 ut
440 920 504 970 et
541 915 838 971 miseros
872 933 980 988 pro
1018 915 1318 988 patientia,
1356 919 1412 972 et
1445 914 1851 971 misericordes

201 1019 272 1076 pro
293 1004 718 1076 benevolentia
751 1011 1095 1062 coronaret.

156 1162 164 1174 ι
248 1143 348 1195 Cir.
379 1143 449 1194 II.
486 1171 563 1181 --
597 1139 771 1196 Huic
807 1144 1012 1195 autem
1043 1139 1222 1212 operi,
1272 1138 1663 1207 dilectissimi,
1715 1154 1850 1193 cum

197 1227 351 1284 omnia
377 1233 742 1302 opportuna
775 1229 904 1284 sint
933 1233 1215 1302 tempore,
1248 1228 1358 1284 hoc
1380 1244 1535 1282 nunc
1560 1228 1851 1299 praecipue

198 1321 358 1389 aptum
387 1323 477 1372 est
508 1322 708 1390 atque
735 1317 1124 1385 conveniens,
1173 1318 1232 1372 in
1283 1335 1398 1389 quo
1432 1316 1616 1372 sancti
1653 1320 1847 1389 patres

197 1407 345 1462 nostri
375 1407 678 1463 divinitus
711 1406 995 1479 inspirati
1027 1407 1235 1462 decimi
1260 1405 1480 1462 mensis
1513 1422 1754 1462 sanxere
1764 1407 1848 1477 je-

190 1495 416 1566 iunium,
441 1501 512 1552 ut
534 1497 827 1552 omnium
853 1495 1162 1552 fructuum
1188 1496 1526 1551 collectione
1551 1495 1846 1564 conclusa,

193 1585 534 1641 rationabilis
552 1588 672 1641 Deo
689 1584 1385 1652 abstinentia,dicaretur,
1402 1589 1456 1640 et
1478 1583 1850 1640 meminisset

197 1674 423 1746 quisque
452 1674 542 1730 ita
573 1675 668 1729 uti
691 1674 1079 1742 abundantia,
1108 1679 1172 1730 ut
1202 1678 1258 1729 et
1287 1673 1440 1728 circa
1462 1691 1523 1729 se
1546 1673 1845 1728 abstinen-

194 1761 309 1831 tior,
341 1768 397 1820 et
424 1765 584 1820 circa
614 1779 912 1836 pauperes
953 1767 1107 1819 esset
1136 1762 1395 1820 effusior.
1426 1761 1847 1818 Efficacissima

194 1853 338 1908 enim
363 1870 468 1925 pro
498 1853 766 1926 peccatis
789 1853 1120 1925 deprecatio
1153 1855 1242 1908 est
1270 1852 1330 1906 in
1359 1852 1741 1924 eleemosynis
1769 1855 1850 1906 at-
1879 1841 1926 1908 Β

195 1957 296 2012 que
314 1941 587 2019 jejuniis,
621 1946 680 1996 et
699 1940 976 1998 velociter
987 1941 1059 1996 ad
1084 1940 1309 1997 divinas
1322 1941 1659 1997 conscendit
1676 1956 1847 1996 aures

189 2030 402 2086 talibus
429 2032 530 2088 49
553 2031 745 2086 oratio
768 2029 990 2086 elevata
1009 2029 1324 2104 suffragiis.
1351 2031 1658 2098 Quoniam,
1689 2029 1844 2086 sicut

193 2119 472 2192 scriptum
486 2124 597 2184 est,
612 2120 828 2176 anim
837 2133 957 2176 suae
971 2120 1234 2191 benefacit
1246 2121 1333 2174 vir
1343 2121 1648 2176 misericors
1660 2124 1842 2188 (Prov.

183 2225 260 2275 ιι,
295 2211 410 2277 17),
436 2213 494 2265 et
531 2208 681 2264 nihil
728 2211 819 2263 est
867 2207 1338 2281 uniuscujusque
1378 2212 1498 2264 tam
1544 2209 1846 2282 proprium

190 2312 368 2367 quam
387 2296 920 2370 quodimpenditin
935 2297 1288 2368 proximum.
1314 2301 1456 2353 Pars
1474 2298 1629 2352 enim
1649 2314 1845 2369 corpo-

183 2385 403 2442 ralium
422 2382 797 2455 facultatum,
814 2403 942 2458 quae
955 2385 1358 2458 indigentibus
1382 2386 1768 2454 ministratur,
1786 2387 1846 2440 in

186 2473 424 2530 divitias
453 2477 948 2542 transitaeternas,
974 2479 1030 2530 et
1056 2475 1167 2530 illae
1193 2493 1332 2548 opes
1355 2477 1426 2539 de
1445 2475 1556 2531 hac
1579 2475 1846 2548 largitate

184 2564 517 2634 pariuntur,
534 2581 668 2638 qua:
698 2564 864 2620 nullo
887 2582 1001 2620 usu
1019 2563 1410 2630 minui,nulla
1435 2569 1706 2637 poterunt
1722 2579 1844 2619 cor-

185 2653 460 2723 ruptione
481 2653 689 2709 violari
723 2655 884 2710 Beati
913 2653 989 2725 (b)
1012 2669 1267 2725 namque
1294 2653 1690 2721 misericordes,
1714 2670 1843 2726 quo-

181 2742 349 2797 niam
380 2745 614 2815 ipsarum
632 2743 996 2799 miserebitur
1013 2747 1160 2798 Deus
1184 2742 1393 2815 (Matth.
1425 2759 1482 2811 v,
1513 2743 1604 2811 7);
1637 2747 1692 2798 et
1721 2742 1845 2814 ipse

180 2829 298 2885 erit
332 2830 449 2888 illis
479 2849 719 2888 summa
765 2830 1014 2904 praemii,
1049 2831 1149 2903 qui
1198 2835 1290 2887 est
1319 2832 1508 2886 forma
1552 2830 1842 2904 praecepti.

249 2967 390 3022 CAP.
423 2967 523 3022 ΙΙΙ.
559 2997 628 3008 ——
661 2968 823 3022 Inter
845 2965 969 3020 hac
999 2968 1219 3034 autem,
1245 2965 1636 3033 dilectissimi,
1672 2980 1847 3037 opera

167 3051 439 3124 pietatis,
453 3072 583 3126 quae
607 3071 718 3112 nos
738 3054 858 3111 Deo
878 3054 1068 3127 magis
1083 3055 1388 3126 magisque
1407 3055 1844 3122 commendant,

167 3140 574 3200 dubium-non
596 3147 688 3200 est
709 3142 854 3214 quin
878 3141 1066 3198 hostis
1087 3147 1302 3212 noster,
1327 3143 1572 3200 nocendi
1593 3143 1843 3214 cupidus

161 3234 230 3285 et
262 3233 518 3303 peritus,
547 3231 879 3288 acrioribus
909 3230 1138 3287 invidiae
1163 3231 1418 3288 stimulis
1439 3232 1747 3288 incitetur:
1783 3235 1848 3288 ut
1877 3213 1919 3280 (ἶ

167 3334 338 3391 quos
361 3323 582 3394 apertis
612 3327 671 3378 et
687 3320 950 3377 cruentis
979 3320 1481 3393 persecutionibus
1505 3321 1852 3394 impugnare

162 3425 300 3464 non
313 3409 555 3480 sinitur,
579 3411 696 3466 sub
717 3410 868 3466 falsa
888 3409 1205 3465 Christiani
1221 3410 1475 3466 nominis
1493 3411 1852 3482 professione

166 3499 794 3572 corrumpat,habens
812 3499 1117 3555 haereticos
1138 3498 1275 3554 huic
1314 3500 1474 3571 Operi
1513 3500 1848 3568 servientes,

167 3603 341 3658 quos
373 3605 406 3643 a
440 3588 732 3645 catholica
763 3588 878 3644 ﬁde
898 3587 1097 3644 devios
1128 3588 1360 3659 sibique
1380 3589 1674 3659 subjectos
1705 3589 1856 3644 mili-

169 3679 315 3731 tare
347 3677 408 3731 in
441 3677 654 3734 castris
685 3676 810 3733 suis
860 3676 972 3732 sub
1001 3675 1246 3732 diversis
1271 3677 1570 3734 erroribus
1599 3677 1751 3733 fecit.
1786 3679 1855 3734 Et

161 3764 722 3840 :icuﬁdecipiendis
749 3766 960 3839 primis
972 3765 1311 3822 hominibus
1333 3765 1726 3822 ministerium
1742 3767 1854 3824 sibi

157 3856 485 3928 serpentis
523 3857 855 3928 assumpsit
902 3854 1113 3927 (Cenes.
1143 3873 1228 3923 ιιι,
1261 3856 1336 3926 1),
1379 3855 1463 3910 ita
1491 3855 1703 3912 horum
1739 3855 1854 3911 lin-

164 3956 338 4015 guas
364 3946 440 4000 ad
468 3945 838 4002 seduccndos
863 3947 1156 4000 rectorum
1187 3944 1439 4011 animos,
1472 3960 1692 4000 veneno
1737 3963 1854 4002 suae

170 4029 473 4090 falsitatis
504 4034 776 4090 armavit.
809 4033 923 4088 Sed
953 4033 1028 4089 iis
1058 4033 1308 4098 insidiis,
1336 4033 1730 4102 dilectissimi,
1761 4051 1858 4106 pa-

174 4122 396 4178 storali
412 4121 898 4192 sollicitudine,in
915 4127 1199 4194 quantum
1214 4122 1500 4179 Dominus
1522 4123 1853 4194 auxiliatur,

176 4211 587 4268 occurrimus.
617 4212 694 4266 Et
721 4226 796 4266 ne
809 4209 947 4282 quid
969 4210 1039 4265 de
1067 4214 1268 4266 sancto
1292 4226 1466 4282 grege
1487 4214 1702 4282 pereat,
1719 4227 1859 4283 prte-

179 4299 763 4372 caventes,paternis
775 4315 878 4353 vos
893 4299 1438 4356 denuntiationibus
1449 4299 1854 4367 admonemus,

182 4385 432 4444 utiabia
453 4389 656 4461 iniqua
667 4393 725 4443 et
745 4387 1011 4460 linguam
1029 4387 1584 4461 dolosam,aquibus
1598 4389 1857 4444 animam

185 4489 369 4532 suam
403 4477 695 4551 propheta
741 4477 981 4532 liberari
1022 4477 1280 4549 postulat
1324 4477 1436 4548 (Ps.
1469 4493 1616 4545 cxnx,
1651 4481 1726 4546 2),
1760 4478 1858 4534 de-

1963 558 2180 628 iallere,
2217 559 2332 616 nisi
2365 560 2579 618 Christi
2613 563 2848 621 nomine
2879 569 3140 638 tegerent
3157 566 3380 624 rabiem
3403 567 3616 626 bestia-

1962 647 2099 704 lem.
2135 652 2198 704 In
2231 650 2304 705 iis
2337 655 2528 708 autem
2551 655 2824 710 omnibus
2843 661 3116 728 operatur
3133 657 3202 729 (ο)
3221 657 3318 714 ille
3336 657 3456 730 qui,
3479 676 3613 716 cum

1963 738 2039 793 sit
2057 754 2187 794 vere
2212 738 2663 798 illuminationis
2681 741 2978 811 inimicus,
3004 745 3064 800 in
3087 744 3236 801 lucis
3257 763 3317 802 se
3339 746 3613 818 angelum

1960 829 2362 899 transﬁgurat.
2396 829 2582 900 Hujus
2614 836 2736 887 arte
2785 833 3094 900 Basilides,
3127 834 3307 907 hujus
3357 818 3613 894 Marcion

1962 917 2135 972 callet
2159 917 2414 989 ingenio,
2440 918 2549 974 hoc
2568 920 2718 976 duce
2739 922 2934 993 agitur
2954 923 3260 990 Sabellius,
3292 925 3402 981 hoc
3420 927 3616 998 praeci-

1961 1007 2183 1078 pitatur
2211 1009 2432 1062 rectore
2464 1008 2766 1075 Photinus,
2794 1010 2974 1081 hujus
2993 1014 3265 1083 potestati
3293 1014 3612 1072 famulatur

1958 1095 2152 1165 Arius,
2181 1095 2356 1167 hujus
2380 1097 2612 1168 spiritui
2637 1099 2811 1154 servit
2833 1100 3185 1170 Eunomius;
3218 1105 3339 1158 tota
3361 1105 3612 1177 denique

1959 1184 2034 1254 (ct)
2061 1185 2602 1242 bestiarumtalium
2618 1188 2824 1244 cohors
2845 1189 2953 1245 hoc
2977 1191 3222 1261 praeside
3253 1193 3324 1248 ab
3343 1193 3608 1251 Ecclesiae

1959 1274 2182 1328 unitate
2211 1274 2504 1341 discessit,
2539 1276 2645 1332 hoc
2664 1277 2944 1350 magistro
2976 1297 3010 1334 a
3033 1280 3275 1336 veritate
3305 1283 3570 1339 descivit.

2029 1368 2156 1418 Car.
2193 1363 2285 1418 IV.
2319 1395 2388 1404 —
2416 1366 2526 1421 Sed
2557 1381 2691 1422 cum
2742 1367 2801 1422 in
2852 1368 3080 1424 cunctis
3121 1371 3608 1442 perversitatibus

1959 1451 2380 1508 multiformem
2399 1458 2594 1510 teneat
2615 1455 3032 1528 principatum,
3061 1475 3254 1514 arcem
3274 1464 3470 1517 tamen
3494 1461 3606 1517 sibi

1957 1540 2016 1595 in
2030 1541 2482 1598 Manichaeorum
2506 1544 2720 1599 struxit
2738 1544 2986 1614 insania,
3004 1551 3060 1602 et
3085 1547 3435 1605 latissimam
3449 1549 3509 1605 in
3523 1551 3608 1607 eis

1957 1628 2175 1695 aulam,
2210 1629 2268 1686 in
2303 1648 2420 1703 qua
2451 1649 2510 1687 sc
2541 1633 2927 1690 exsultantius
2943 1635 3213 1707 jactaret,
3233 1621 3607 1709 invenit;ubi

1956 1735 2072 1775 non
2091 1719 2268 1775 unius
2289 1721 2700 1792 pravitatis“)
2722 1723 2996 1795 speciem,
3013 1725 3115 1780 sed
3138 1727 3402 1784 omnium
3423 1729 3609 1786 simul

1955 1814 2219 1864 errorum
2232 1808 2722 1883 impietatumque
2736 1811 3049 1869 mixturam
3067 1815 3415 1887 generaliter
3425 1818 3611 1892 possi-

1956 1897 2136 1953 deret.
2163 1898 2326 1962 Quod
2348 1898 2507 1954 enim
2537 1900 2596 1954 in
2620 1901 2866 1972 paganis
2887 1903 3221 1973 profanum,
3243 1907 3400 1980 quod
3423 1908 3611 1976 in'Ju-

1956 1986 2096 2042 dasi‘s
2118 1986 2452 2043 carnalibus
2467 2003 2706 2057 caseum,
2739 1989 2894 2062 quod
2917 1989 2977 2046 in
2995 1993 3236 2051 secretis
3249 1996 3488 2068 magicze
3509 2015 3606 2054 ar-

1954 2075 2028 2132 iis
2051 2075 2340 2146 illicilum,
2358 2078 2510 2149 quod
2535 2078 2786 2151 denique
2803 2079 2862 2134 in
2885 2080 3160 2138 omnibus
3177 2083 3498 2144 haeresibus
3519 2105 3608 2146 sa-

1956 2165 2239 2238 crilegum
2262 2171 2437 2238 atque
2453 2167 2866 2240 blaSphemum
2893 2175 3001 2238 est,
3028 2171 3138 2228 hoc
3159 2173 3218 2228 in
3244 2173 3412 2242 istos,
3437 2183 3605 2250 quasi

1956 2255 2016 2309 in
2029 2255 2322 2311 sentinam
2336 2257 2654 2327 quamdam
2670 2273 2804 2314 cum
2818 2259 3082 2316 omnium
3100 2263 3361 2321 sordium
3379 2282 3607 2326 concre-

1955 2343 2112 2399 tione
2143 2343 2439 2398 conﬂuxit.
2475 2343 2636 2400 Unde
2667 2346 2971 2403 universas
3019 2363 3218 2406 eorum
3273 2351 3607 2427 impietates

1955 2447 2021 2487 ac
2051 2432 2449 2502 turpitudines
2473 2449 2744 2490 enarrare
2787 2435 3132 2509 perlongum
3179 2442 3270 2496 est
3305 2460 3317 2510 ;
3369 2449 3608 2517 superat

1954 2519 2112 2575 enim
2140 2520 2451 2576 verborum
2483 2523 2710 2593 copiam
2743 2523 3059 2580 criminum
3082 2527 3418 2586 multitudo.
3440 2533 3608 2606 (e)Ex

1956 2607 2171 2680 quibus
2190 2609 2261 2663 ad
2276 2609 2658 2665 indicandum
2677 2626 2864 2682 pauca
2883 2613 3204 2682 sufficiunt,
3225 2619 3288 2671 ut
3311 2619 3466 2676 deiis
3480 2638 3606 2693 qua:

1956 2697 2279 2762 audieritis,
2303 2697 2478 2754 etiam
2493 2697 2592 2754 illa
2612 2715 2740 2771 quae
2757 2703 3082 2758 verecunde
3104 2706 3606 2775 praetermittimus

1955 2785 2278 2842 mstimetis.
2312 2785 2392 2841 De
2424 2787 2608 2842 sacris
2640 2792 2838 2844 tamen
2881 2806 3104 2859 eorum,
3131 2807 3258 2863 qua
3289 2796 3444 2867 apud
3474 2795 3607 2866 illos

1953 2878 2074 2930 tam
2105 2874 2359 2930 obscena
2373 2878 2513 2930 sunt
2544 2892 2721 2948 quam
2754 2877 3024 2947 nefanda,
3061 2881 3215 2952 quod
3238 2881 3605 2955 inquisitioni

1956 2967 2166 3019 nostrae
2187 2963 2472 3019 Dominus
2491 2965 2864 3022 manifestare
2882 2967 3084 3035 voluit,
3102 2985 3218 3026 non
3235 2975 3516 3044 tacemus,
3533 2992 3606 3032 ne

1953 3053 2270 3125 quisquam
2288 3057 2454 3124 putet
2482 3069 2591 3110 nos
2613 3055 2684 3110 de
2715 3053 2823 3110 hac
2854 3071 2914 3112 re
2944 3057 3132 3113 dubiae
3152 3059 3322 3116 fama:
3339 3066 3394 3117 et
3414 3061 3606 3120 incer-

1955 3142 2032 3198 tis
2064 3141 2440 3214 opinionibus
2472 3142 2806 3199 credidisse.
2826 3145 3240 3204 Residentibus
3271 3149 3470 3223 itaque
3491 3167 3609 3209 mev

1959 3247 2092 3287 cum
2123 3230 2411 3304 episcopis
2433 3249 2498 3287 ac
2521 3232 2895 3305 presbyteris.
2922 3251 2987 3290 ac
3017 3235 3076 3291 in
3090 3239 3363 3294 eumdem
3387 3239 3454 3314 (χ’)
3470 3257 3608 3298 con-

1961 3336 2192 3376 sessum
2223 3320 2569 3376 Christianis
2616 3322 2756 3376 viris
2789 3339 2854 3378 ac
2890 3323 3186 3382 nobilibus
3219 3329 3608 3402 congregatis,

1960 3407 2186 3465 Electos
2219 3413 2276 3463 et
2304 3409 2526 3466 Electae
2557 3427 2757 3466 eorum
2787 3411 3086 3482 jussimus
3108 3418 3468 3486 praesentari.
3501 3420 3610 3488 Qui

1961 3515 2096 3553 cum
2117 3499 2188 3553 de
2208 3499 2586 3569 perversitate
2608 3501 2900 3573 dogmatis
2923 3502 3036 3573 sui,
3061 3506 3116 3558 et
3137 3502 3207 3560 de
3229 3505 3611 3566 festivitatum

1961 3603 2204 3642 suarum
2219 3588 2642 3644 consuetudine
2659 3589 3460 3664 multa(g)reserassent,illud
3477 3615 3616 3670 quo-

1964 3691 2078 3746 que
2111 3674 2322 3742 scelus,
2356 3677 2510 3748 quod
2533 3676 2727 3750 eloqui
2767 3681 3162 3738 verecundum
3196 3688 3304 3756 est,
3341 3685 3612 3757 prodide-

1964 3768 2122 3831 runt,
2157 3765 2306 3835 quod
2327 3768 2489 3820 tanta
2510 3765 2811 3839 diligentia
2853 3767 3273 3842 investigatum
3296 3778 3404 3841 est,
3427 3778 3493 3830 ut
3523 3774 3612 3830 ni-

1964 3852 2044 3908 hil
2059 3853 2135 3924 (h)
2157 3855 2355 3909 minus
2373 3854 2798 3921 credulis,nihil
2819 3857 3305 3916 obtrectatoribus
3327 3860 3614 3935 relinque-

1965 3946 2126 3997 retur
2147 3943 2510 4014 ambiguum.
2535 3944 2792 3999 Aderant
2803 3945 2964 4000 enim
2987 3962 3190 4002 omnes
3211 3961 3493 4019 personae,
3509 3966 3616 4022 per

1965 4047 2112 4101 quas
2135 4031 2199 4101 (i)
2215 4030 2522 4086 infandum
2538 4030 2762 4086 facinus
2783 4032 3615 4109 fueratperpetratum,puella

1967 4118 2191 4174 scilicet
2212 4123 2276 4172 ut
2304 4117 2558 4173 multum
2593 4119 2893 4187 decennis,
2924 4124 2982 4176 et
3015 4121 3143 4176 dua:
3178 4121 3612 4198 mulieres,’quaa

1965 4207 2157 4280 ipsam
2176 4209 2588 4278 nutrierant,et
2608 4207 2744 4262 huic
2757 4207 2956 4263 sceleri
2971 4217 3384 4283 praepararant.
3401 4215 3617 4273 Praesto

1966 4301 2089 4352 erat
2104 4295 2279 4351 etiam
2295 4294 2768 4352 adolescentulus
2797 4296 3032 4354 vitiator
3047 4300 3272 4371 puellas,
3305 4307 3363 4359 et
3394 4305 3616 4376 episco-

1967 4385 2351 4458 pusipsorum
2369 4384 2694 4440 detestandi
2709 4385 2973 4443 criminis
2987 4389 3379 4465 ordinator.(j)
3401 4394 3616 4450 Horum

1969 4475 2233 4530 omnium
2262 4491 2368 4546 par
2396 4473 2508 4529 fuit
2526 4479 2582 4530 et
2611 4491 2729 4529 una
2746 4475 3055 4545 confessio,
3081 4482 3139 4533 et
3155 4478 3510 4550 patefactum
3528 4487 3620 4539 est

186 4562 474 4622 climatis:
526 4566 810 4637 quoniam
854 4581 1031 4620 sermo
1077 4581 1285 4632 eorum,
1339 4565 1492 4622 sicut
1540 4565 1623 4622 ait
1652 4567 1858 4623 beatus
1889 4584 1935 4650 ι)
1969 4567 2472 4620 exsecramentum
2501 4564 2656 4637 quod
2674 4579 2844 4620 aures
2874 4570 3086 4622 nostras
3108 4568 3202 4624 vix
3244 4570 3396 4626 ferre
3415 4575 3618 4643 potue-

182 4651 536 4726 Apostolus,
558 4656 729 4726 serpit
755 4662 815 4710 ut
847 4670 1041 4710 cancer
1063 4655 1134 4728 (ll
1168 4656 1298 4711 Tim.
1324 4673 1382 4722 η,
1418 4655 1528 4727 17).
1552 4655 1864 4712 Humiliter
1971 4657 2126 4708 runt.
2160 4653 2239 4708 De
2273 4669 2385 4725 quo
2418 4669 2488 4708 ne
2519 4653 2777 4724 apertius
2795 4653 3103 4726 loquentes
3135 4661 3326 4715 castos
3355 4659 3620 4716 offenda-

187 4737 492 4816 irrepunt,
524 4743 743 4800 blande
791 4741 1051 4815 capiunt,
1087 4743 1342 4799 molliter
1377 4743 1584 4817 ligant,
1617 4743 1865 4802 latenter
1967 4742 2680 4814 musauditus,gestorum
2702 4742 3054 4801 documenta
3073 4746 3620 4821 sufﬁciunt,quibus

194 4832 501 4889 occidunt.
541 4835 774 4890 Veniunt
801 4833 972 4900 enim,
997 4832 1153 4888 sicut
1171 4831 1434 4888 Salvator
1463 4832 1860 4905 praedixit,sub

197 4923 414 4977 vestitu
442 4925 650 4991 ovium,
682 4924 834 4978 intus
878 4926 1065 4976 autem
1092 4930 1220 4977 sunt
1249 4922 1368 4992 ιαρί
1395 4937 1618 4993 rapaces
1649 4922 1855 4994 (Matth.

274 5099 352 5171 (α)
386 5097 895 5182 Ιιᾳριιξηεξεηρεὶτί
925 5097 1154 5182 codices
1187 5101 1244 5153 et
1273 5097 1414 5153 editi
1433 5102 1567 5182 ante
1589 5098 1864 5182 Quesnel-

205 5165 345 5225 lum'
361 5173 459 5242 qui
490 5172 690 5237 habet,
718 5170 787 5225 de
813 5186 917 5242 quo
949 5169 1224 5224 relevetur
1243 5171 1530 5225 necessitas
1549 5172 1861 5242 peregrino—

210 5256 328 5317 rum
360 5242 426 5317 de
455 5260 556 5317 quo
585 5242 925 5317 desiderium
952 5243 1168 5317 foyet-ur
1198 5242 1570 5312 inﬁrmorum.

277 5315 353 5392 (ὁ)
548 5317 606 5371 in
642 5314 817 5370 editis
841 5313 1236 5392 antc__Quesn.,
1259 5322 1440 5392 agteln
1461 5331 1572 5392 pro
1603 5330 1858 5384 namque.

275 5384 345 5458 te}
378 5389 672 5458 Addimus
703 5402 915 5458 vocem,
942 5385 1039 5438 ille
1068 5400 1135 5439 ex
1167 5384 1342 5458 ms.S.
1375 5384 1544 5458 Petri.

275 5453 350 5528 (dii
379 5453 485 5515 Ms.
521 5461 579 5516 S.
620 5457 795 5523 Petri,
841 5457 1046 5528 talium
1063 5457 1299 5528 pestium
1321 5455 1527 5528 cohors.

274 5525 342 5601 (ej
373 5534 433 5587 Et
457 5549 560 5601 pro
576 5535 672 5586 Es:
697 5529 1010 5601 legebatur
1030 5527 1088 5580 in
1111 5527 1472 5601 editionibus
1496 5525 1783 5582 Rainaudi
1807 5531 1863 5601 et

208 5597 506 5666 Quicsnelli.
523 5597 783 5661 Correxi
774 5617 911 5655 mus
925 5616 996 5654 cx
1010 5597 1224 5653 nostris
1237 5599 1534 5653 codicibus
1563 5601 1621 5653 et
1641 5598 1864 5653 caeteris

207 5674 383 5733 editis.
417 5677 601 5734 Paulo
621 5678 760 5748 post
780 5689 888 5746 pro
915 5672 1296 5740 manifestare,
1321 5670 1466 5726 alias
1484 5671 1860 5741 manifestari.

1970 4830 2311 4903 plenissime
2329 4831 2569 4886 docetur
2593 4831 2817 4888 nullam
2836 4833 2895 4888 in
2925 4832 3034 4890 hac
3061 4839 3219 4892 secta
3248 4837 3621 4910 pudicitiam,

1971 4919 2191 4976 nullam
2210 4919 2600 4989 honestatem,
2621 4919 2846 4977 nullam
2860 4923 3096 4994 penitus
3117 4925 3364 4997 reperiri
3381 4927 3623 4984 castita-

2043 5098 2107 5170 (Γ)
2140 5098 2339 5170 Ms.S.
2376 5099 2549 5165 Petri,
2583 5105 2925 5155 conventum.
2979 5100 3058 5157 De
3099 5100 3208 5157 hoc
3237 5119 3518 5162 concessu
3551 5122 3619 5161 ac

1962 5169 2438 5244 judicigvideS.
2474 5171 2767 5242 pontificis
2798 5172 3074 5244 epistolas
3101 5175 3139 5244 7
3168 5177 3224 5228 et
3253 5175 3342 5230 45.

2044 5246 2122 5310 (g)
2153 5242 2234 5296 Ex
2265 5243 2466 5298 eodem
2500 5259 2610 5297 ms.
2645 5244 2702 5299 S.
2740 5242 2891 5300 Petri
2922 5243 3277 5301 correximus
3310 5263 3436 5318 pro,
3469 5261 3623 5301 rese-

1971 5322 2180 5369 mrem.

2043 5385 2122 5456 (h)
2156 5385 2314 5439 Idem
2347 5401 2481 5446 ms.,
2516 5386 2838 5441 incredulis.

2047 5459 2116 5531 (ξ)
2143 5456 2342 5531 Prima
2373 5457 2569 5531 editio,
2591 5458 2922 5531 32efa_ndu~m.
2976 5528 3031 5531 A_
3167 5525 3178 5531 _

2142 5529 2230 5582 lta
2253 5544 2322 5583 ex
2351 5545 2462 5583 ms.
2497 5520 2564 5583 S.
2590 5520 2740 5583 Petri
2763 5528 2986 5600 syntaxi
3008 5525 3279 5600 Leonina.
3298 5520 3481 5600 Alias,
3501 5521 3627 5600 Om-

1972 5594 2130 5653 mam
2154 5616 2260 5670 par
2288 5601 2400 5671 fuit
2427 5601 2643 5664 horum,
2664 5608 2715 5654 et
2748 5594 2858 5654 uim
2887 5597 3168 5668 confessio,
3199 5597 3249 5647 et
3283 5594 3624 5662 patefactum

1971 5675 2048 5727 est
2081 5675 2441 5742 exsecratum,
2474 5671 2632 5741 quod,
2669 5675 2779 5725 etc.
3391 5679 3393 5682 ‘
