3914 6232
371 414 488 481 179
1492 416 1556 481 S.
1603 412 1884 481 LEONIS
1928 412 2182 479 MAGNI
2224 412 2665 478 SERMONES.
3668 406 3782 471 4-80

370 558 512 625 tem;
534 552 595 610 in
617 568 734 627 qua
760 550 852 611 lex
881 556 969 611 est
999 550 1666 621 mendacium,diabolus
1691 548 2015 623 religio,sa-
2044 548 2103 617 Α
2129 548 2292 607 omni
2318 542 2513 607 errOre
2537 548 2617 607 sit
2642 547 2847 618 libera,
2878 548 2989 606 Per
3016 545 3312 614 Christum
3336 543 3661 604 Dominum
3686 559 3787 601 no-

373 644 662 704 criﬁcium
691 643 1021 717 turpitudo.
2126 644 2310 696 trum.
2342 641 2550 696 Amen.

412 736 417 741 ’
445 733 663 791 ΟΑΡΝ.
686 733 877 789 -—Hos
900 732 1189 805 itaque(a)
1207 730 1497 798 homines,
1517 730 1904 797 dilectissimi,
1920 746 2024 803 per

377 823 576 882 omnia
588 822 970 879 exsecrabiles
983 826 1160 894 atque
1179 820 1661 893 pestiferos,quos
1675 820 1752 893 (b)
1774 818 2023 875 aliarum

376 913 679 988 regionum
693 912 1053 985 perturbatio
1066 910 1235 967 nobis
1248 909 1446 966 intulit
1457 910 1874 978 crebriores,ab
1888 907 2027 964 ami-

382 1003 518 1059 citia
535 1006 730 1059 vestra
761 1000 995 1073 penitus
1017 1001 1535 1071 abdicate;vosque
1556 999 1864 1071 praecipue,
1895 1013 2025 1052 mu-

378 1091 572 1159 lieres,
605 1108 640 1147 a
667 1089 873 1146 talium
905 1089 1116 1146 notitia
1154 1093 1211 1145 et
1260 1087 1565 1160 colloquiis
1601 1086 1919 1143 abstinete:
1955 1103 2027 1142 ne

2505 728 2604 786 ω
2643 729 2882 785 SERMO
2920 728 3071 784 XVII
3098 728 3204 801 [Αι.
3236 725 3402 801 XVI].

2503 803 2577 857 De
2605 802 2822 873 Jejunio
2852 800 3051 857 decimi
3091 800 3293 855 mensis
3329 800 3408 856 VI.

2133 873 2509 929 SYNOPSIS.-—
2532 873 2573 927 Ι.
2594 873 2882 943 Jejunium
2907 889 2942 927 a
2971 874 3089 940 lege
3105 873 3275 928 veteri
3290 873 3357 943 in
3375 886 3577 926 novam
3607 876 3787 943 trans-

2206 946 2379 1001 latum
2405 953 2456 1000 et
2483 945 2589 999 Deo
2607 941 2677 999 ea:
2701 946 2850 1016 grati
2878 946 3059 999 animi
3074 959 3240 1016 sensu
3264 942 3487 1016 deberi,_
3508 948 3561 997 et
3587 941 3788 996 oratio-

2204 1033 2330 1072 nem
2360 1012 2721 1087 efﬁcaciorem
2768 1016 3001 1086 efﬁcere.
3037 1046 3107 1054 —
3136 1014 3205 1070 II.
3255 1014 3420 1087 Pium
3448 1012 3644 1087 fenus
3667 1029 3791 1087 cum

2211 1094 2320 1159 Deo
2344 1085 2745 1147 emercendum;
2775 1085 2936 1159 fenus
2964 1102 3087 1159 vero
3117 1103 3284 1159 quam
3302 1085 3534 1159 injuste
3548 1092 3601 1140 et
3623 1085 3793 1155 impie

382 1182 527 1238 dum
544 1178 1277 1236 fabulosisnarrationibus
1298 1177 1572 1233 incautus
1594 1176 1916 1232 delectatur
1928 1193 2027 1232 au-

384 1271 567 1336 ditus,
598 1268 657 1324 in
679 1267 895 1325 diaboli
921 1267 1161 1339 laqueos
1184 1266 1475 1331 incidatls,
1509 1265 1617 1331 Qui
1649 1266 1842 1322 sciens
1874 1265 2029 1338 quod

385 1357 846 1433 primumvirum
864 1355 1129 1412 mulieris
1149 1372 1247 1412 ore
1271 1356 1363 1413 51
1391 1355 1704 1423 seduxerit,
1725 1355 1792 1427 (ο)
1815 1371 2032 1427 perque

387 1446 700 1504 femineam
729 1446 1134 1504 credulitatem
1166 1461 1368 1501 omnes
1397 1444 1664 1501 homines
1693 1462 1728 1500 a
1775 1443 2032 1517 paradisi

389 1535 665 1593 felicitate
695 1534 1270 1607 dejecerit,(d)vestro
1302 1551 1458 1590 nunc
1480 1551 1712 1607 quoque
1750 1533 1913 1590 sexui
1944 1550 2032 1590 se—

390 1625 617 1682 curiore
636 1624 953 1682 insidiatur
968 1624 1204 1693 astutia,
1238 1627 1303 1679 ut
1332 1640 1431 1680 eas
1462 1641 1612 1696 quas
1642 1623 1754 1680 sibi
1783 1622 2037 1696 potuerit

388 1730 494 1789 per
522 1714 825 1771 ministros
852 1730 969 1770 suae
995 1712 1274 1771 falsitatis
1321 1712 1558 1782 illicere,
1587 1718 1644 1770 et
1673 1713 1787 1769 fide
1826 1710 2037 1785 spoliet

388 1807 446 1861 et
473 1804 714 1879 pudore.
748 1802 895 1860 Illud
926 1818 1158 1875 quoque
1177 1819 1301 1871 vos,
1317 1800 2038 1868 dilectissimi,obsecrans

2206 1160 2274 1214 ab
2306 1158 2617 1215 hominibus
2640 1157 2994 1227 exigatur.—-
3012 1157 3107 1213 ΙΙΙ.
3126 1157 3136 1159 Ὗ
3156 1158 3398 1226 Quilibet
3420 1160 3688 1228 sequatur
3722 1171 3792 1210 ea:

2206 1232 2393 1302 fenore
2420 1234 2660 1297 eventus,
2690 1245 2907 1302 semper
2931 1229 3083 1284 mala
3117 1233 3169 1284 et
3198 1228 3340 1302 ratio
3366 1229 3697 1302 fenerantis.
3722 1256 3795 1302 —-—_

2210 1298 2300 1357 IV.
2333 1302 2656 1373 Aliquorum
2675 1298 3156 1373 abundantiamwet
3182 1298 3425 1373 aliorum
3445 1300 3695 1373 inopiam
3723 1298 3797 1352 ad

2209 1375 2308 1429 hoc
2334 1371 2447 1429 esse
2474 1373 2806 1437 ordinatam,
2825 1380 2885 1428 ut
2906 1372 3053 1428 dives
3073 1372 3174 1427 Dei
3196 1372 3492 1427 bonitatem
3517 1371 3791 1426 imitetur.

2210 1446 2344 1501 CAP.
2380 1446 2425 1499 Ι.
2458 1477 2524 1485 -
2554 1443 2915 1517 Evangelicis
2946 1442 3374 1513 sanctionibus,
3396 1439 3797 1508 dilectissimi,

2142 1534 2396 1590 multum
2423 1534 2487 1606 (j)
2504 1515 2870 1589 auctoritatis
2884 1532 3101 1605 praebet
3121 1530 3387 1588 doctrina
3403 1530 3637 1604 legalis,
3662 1546 3801 1586 cum

2143 1625 2410 1697 quaedam
2431 1623 2501 1679 de
2523 1623 2801 1678 mandato
2814 1621 3006 1678 Veteri
3027 1622 3101 1678 ad
3131 1637 3343 1683 novam
3362 1619 3807 1676 observantiam

2142 1713 2599 1781 transferuntur,
2631 1716 2688 1768 et
2716 1728 2785 1768 ex
2803 1712 2934 1784 ipsa
2961 1710 3357 1767 ecclesiastica
3376 1709 3687 1766 devotione
3709 1708 3812 1765 de-

2146 1805 2526 1872 monstratur,
2559 1802 2715 1873 quod
2740 1800 3023 1867 Dominus
3037 1799 3211 1857 Jesus
3231 1798 3505 1856 Christus
3518 1816 3637 1856 non
3654 1800 3812 1855 venit

390 1897 701 1962 moneo,ut
730 1892 886 1949 sicui
904 1896 1162 1991 vestrum
1184 1891 1592 1991 innotueritle)
1626 1892 1725 1948 ubi
1750 1889 2034 1990 habitent,
2066 1925 2115 1991 Β
2146 1892 2320 1963 legem
2345 1892 2570 1958 solvere,
2592 1890 2684 1947 sed
2718 1889 3018 1962 adimplere
3037 1889 3244 1962 (Matth.
3275 1907 3333 1956 v,
3364 1888 3477 1958 17).
3505 1887 3814 1944 Cessanti-

392 1983 496 2039 ubi
521 1984 789 2049 doceant,
820 1997 971 2053 quos
1008 1980 1398 2052 frequentant,
1424 1984 1483 2036 et
1501 1978 1561 2036 in
1580 1997 1832 2053 quorum
1855 1978 2038 2036 socie-

393 2074 514 2128 tate
544 2070 932 2143 requiescant,
965 2072 1176 2125 nostrae
1205 2067 1591 2126 sollicitudini
1620 2068 1867 2125 ﬁdeliter
1895 2067 2043 2124 indi-

397 2158 709 2231 cetiszquia
716 2174 925 2231 parum
936 2157 1173 2229 prodest
1184 2155 1502 2229 unicuique
1515 2174 1589 2230 qu
1598 2158 1669 2213 od
1678 2200 1692 2226 ,
1708 2161 2043 2231 pretegente

396 2248 461 2322 (f)
471 2246 690 2320 Spiritu
703 2247 1004 2312 sancto,ab
1026 2244 1156 2302 istis
1171 2245 1297 2318 ipse
1314 2246 1737 2318 noncapitur,si
1749 2263 1883 2302 cum
1897 2245 2044 2304 alios

399 2336 529 2409 capi
549 2334 824 2408 intelligit
843 2351 959 2392 non
1008 2338 1291 2391 movetur.
1324 2335 1539 2391 Contra
1567 2351 1909 2391 communes
1939 2335 2044 2391 ho-

398 2428 519 2484 stes
541 2441 645 2498 pro
670 2423 860 2480 salute
879 2422 1178 2480 communi
1200 2440 1318 2480 una
1333 2423 1598 2480 omnium
1616 2424 1787 2480 debet
1805 2424 2047 2480 essetvi-

400 2513 830 2588 gilantia,ne(g)
851 2513 921 2569 de
942 2511 1193 2584 alicujus
1211 2512 1459 2568 membri
1475 2511 1715 2568 vulnere
1735 2513 1912 2568 etiam
1935 2512 2049 2569 alia

398 2602 629 2676 possint
656 2602 925 2659 membra
944 2601 1259 2673 corrumpi,
1292 2605 1348 2657 et
1370 2600 1471 2674 qul
1492 2601 1639 2658 tales
1660 2617 1776 2657 non
1796 2602 2047 2675 proden-

401 2692 508 2748 dos
536 2694 767 2765 putant,
800 2689 1096 2762 iujudicio
1121 2689 1337 2747 Christi
1363 2689 1734 2746 inveniantur
1764 2691 1846 2747 rei
1876 2692 1947 2747 de
1964 2692 2049 2749 si-

399 2778 600 2849 lentio,
633 2779 810 2836 etiam
837 2779 887 2835 si
918 2795 1034 2834 non
1061 2778 1540 2835 contaminantur
1566 2795 1832 2836 assensu.

473 2869 609 2925 CAP.
626 2868 723 2925 VI.
738 2867 1108 2924 —-Assumite
1130 2866 1313 2940 igitur
1331 2866 1615 2940 religiosis
1636 2867 2049 2925 sollicitudinis

402 2957 567 3032 pium
597 2955 807 3025 zelum,
826 2960 884 3012 et
903 2959 1106 3012 contra
1135 2955 1490 3013 saevissimos
1508 2956 2050 3014 animarumhostes

403 3045 670 3102 omnium
682 3043 944 3101 fidelium
959 3061 1101 3100 cura
1119 3046 1547 3118 consurgat.'_(h)
1558 3045 1691 3101 Ideo
1704 3046 1863 3102 enim
1881 3046 2053 3103 mise-

403 3132 590 3190 ricors
623 3133 773 3189 Deus
794 3132 1112 3204 quamdam
1143 3132 1314 3188 nobis
1334 3137 1561 3206 partem
1579 3133 1834 3206 prodidit
1860 3133 2049 3191 homi-

405 3238 549 3278 num
570 3220 897 3289 noxiorum,
921 3225 1007 3289 ut,
1033 3221 1404 3279 manifestato
1426 3221 1683 3294 periculo
1699 3223 2052 3280 excitaretur
2078 3274 2087 3288 ,

404 3309 709 3383 diligentia
734 3309 1042 3366 cautionis.
1088 3310 1215 3365 Non
1234 3292 1494 3365 sufficiat
1522 3310 1678 3381 quod
1708 3315 1905 3366 actum
1937 3316 2045 3378 est,
2078 3292 2122 3360 (ἶ

404 3399 508 3455 sed
529 3398 733 3454 eadem
747 3398 1054 3470 inquisitio
1073 3400 1421 3470 perseveret:
1437 3413 1566 3468 quae
1586 3397 1716 3468 hoc,
1737 3399 2053 3458 auxiliante

404 3485 621 3556 Deo,(i)
648 3489 1061 3557 consequetur,
1086 3488 1152 3540 ut
1171 3502 1288 3540 non
1312 3483 1504 3540 solum
1526 3486 1625 3557 qui
1644 3488 1784 3544 recti
1807 3493 1945 3545 sunt
1962 3489 2051 3545 in-

406 3572 666 3629 columes
681 3570 1071 3644 perseverent,
1096 3573 1200 3628 sed
1229 3572 1406 3629 etiam
1428 3572 1598 3630 multi
1631 3575 1731 3647 qui
1764 3576 2054 3634 diabolica

405 3659 747 3717 seductione
775 3660 1004 3731 decepti
1035 3665 1192 3728 sunt,
1226 3661 1300 3716 ab
1321 3677 1514 3718 errore
1547 3668 1910 3722 revocentur.
1942 3665 2050 3722 Ve-

402 3753 540 3806 strae
569 3751 766 3804 autem
796 3748 1089 3804 orationes
1118 3752 1176 3804 et
1206 3748 1582 3822 eleemosynaa
1615 3756 1789 3824 atque
1819 3754 2054 3825 jejunia

404 3835 771 3893 misericordi
789 3837 905 3894 Deo
936 3852 1041 3909 per
1068 3837 1219 3893 hanc
1250 3837 1438 3910 ipsam
1470 3839 1834 3898 devotionem
1865 3860 2053 3901 sacra-

405 3924 526 3983 tius
557 3926 893 3991 oﬁ'erentur,
924 3942 1060 3981 cum
1081 3926 1257 3982 etiam
1278 3925 1387 3982 hoc
1426 3944 1574 3999 opus
1594 3928 1731 3984 ﬁdei
1750 3931 1822 3986 ad
1855 3934 2055 3989 omnia

403 4014 597 4071 ofﬁcia
623 4014 858 4088 pietatis
873 4014 1202 4071 accesserit.
1234 4015 1450 4080 Quarta
1464 4015 1645 4088 igitur
1657 4021 1715 4073 et
1733 4024 1894 4075 sexta
1911 4021 2054 4078 feria

396 4105 743 4175 jejunemus
766 4120 780 4171 ;
800 4103 1043 4160 sabbato
1064 4107 1263 4160 autem
1284 4104 1439 4177 apud
1464 4110 1806 4177 prtesentem
1840 4109 2052 4167 beatis-

404 4192 626 4250 simum
655 4191 984 4266 apostolum
1016 4192 1253 4250 Petrum
1271 4191 1502 4267 vigilias
1517 4194 1907 4268 celebremus;
1950 4199 2051 4273 qui

404 4282 558 4339 sicut
583 4281 918 4355 experimur
944 4286 1004 4338 et
1019 4283 1338 4349 credimus,
1363 4300 1467 4356 pro
1484 4288 1913 4344 commendatis
1937 4288 2049 4345 sibi

403 4387 439 4426 a
468 4370 710 4427 Domino
740 4371 945 4429 ovibus
966 4371 1364 4429 indesinenter
1382 4374 1702 4445 pastorales
1745 4378 2051 4448 praetendit

403 4458 680 4514 excubias
700 4474 713 4513 :
729 4464 1074 4515 exoraturus
1091 4460 1602 4533 deprecationibus
1620 4464 1745 4519 suis
1768 4468 1830 4519 ut
1851 4466 2048 4523 Eccle-

403 4544 494 4602 sia
517 4544 642 4617 Dei,
675 4562 800 4618 quaa
822 4546 1111 4619 ipsiusest
1133 4548 1645 4621 prmdicationibus
1670 4552 1960 4626 instituta,
1975 4556 2048 4612 ab

2149 1980 2262 2037 bus
2292 1980 2427 2037 enin
2458 1979 2985 2052 signiﬁcationibus
3015 1978 3232 2052 quibus
3263 1978 3584 2037 Salvatoris
3614 1978 3815 2034 nostri

2149 2069 2533 2126 nuntiabatur
2551 2070 2857 2138 adventus,
2873 2072 2929 2125 et
2943 2069 3194 2142 peractis
3216 2068 3422 2141 figuris
3441 2084 3594 2142 quas
3608 2067 3816 2125 abstm

2149 2157 2358 2231 litipsa
2369 2157 2968 2232 praesentiaveritatis,
2992 2174 3061 2214 ea
3076 2174 3203 2231 quae
3227 2156 3319 2214 vel
3341 2158 3411 2213 ad
3432 2155 3673 2230 regulas
3684 2173 3818 2214 mo-

2152 2264 2284 2303 rum
2312 2247 2402 2304 vel
2415 2248 2487 2302 ad
2500 2246 2830 2320 simplicem
2848 2246 2950 2303 Dei
2969 2245 3190 2303 cultum
3211 2245 3358 2303 ratio
3377 2245 3616 2320 pietatis
3636 2246 3818 2303 insti-

2150 2338 2282 2406 tuit,
2314 2335 2377 2392 in
2407 2337 2612 2392 eadem
2634 2336 2789 2409 apud
2811 2352 2918 2392 nos
2941 2336 3131 2393 forma
3160 2335 3220 2391 in
3254 2352 3373 2408 qua
3400 2338 3546 2392 sunt
3567 2335 3820 2393 condita

2153 2427 2526 2499 perseverant
2551 2443 2564 2494 ;
2597 2429 2655 2480 et
2678 2441 2806 2497 quae
2824 2424 3058 2497 utrique
3078 2425 3452 2482 Testamento
3472 2428 3646 2482 erant
3669 2442 3819 2483 con-

2155 2532 2321 2589 grua,
2343 2513 2507 2571 nulla
2525 2518 2666 2571 sunt
2676 2513 3136 2570 commutatione
3156 2513 3398 2570 variata.
3413 2514 3496 2570 Ex
3515 2514 3592 2569 iis
3611 2518 3821 2571 autem

2156 2608 2247 2661 est
2274 2603 2448 2661 etiam
2476 2602 2688 2660 decimi
2717 2602 2938 2659 mensis
2967 2602 3229 2659 solemne
3239 2602 3566 2677 jejunium,
3588 2604 3762 2676 quod
3779 2622 3817 2661 a

2156 2693 2327 2750 nobis
2357 2709 2511 2749 nunc
2542 2709 2741 2749 annua
2768 2695 2858 2749 est
2887 2691 3312 2749 consuetudine
3333 2691 3768 2751 celebrandum
3801 2710 3817 2750 :

2158 2782 2231 2857 (k)
2245 2781 2384 2855 quia
2401 2782 2639 2854 plenum
2649 2780 2893 2854 justiﬁes
2910 2784 3000 2839 est
3020 2785 3199 2855 atque
3218 2780 3714 2855 pietatis,gratias
3733 2783 3824 2840 di-

2154 2872 2302 2929 vinae
2334 2887 2504 2944 agere
2531 2869 2789 2944 largitati
2818 2887 2921 2943 pro
2952 2870 3240 2926 fructibus
3257 2886 3406 2943 quos
3427 2870 3487 2926 in
3520 2887 3667 2927 usus
3707 2870 3821 2928 ho-

2158 2961 2387 3017 minum
2405 2960 2729 3017 secundum
2744 2976 2988 3015 summae
3000 2959 3372 3032 providentiae
3384 2962 3827 3033 temperamen-

2154 3053 2283 3105 tum
2311 3053 2467 3105 terra
2488 3048 2782 3121 produxit.
2832 3048 2996 3115 Quod
3046 3052 3114 3104 ut
3142 3052 3415 3121 prompto
3461 3048 3667 3105 animo
3707 3066 3823 3108 nos

2158 3139 2345 3195 facere
2359 3138 2417 3210 (l)
2436 3142 2852 3209 monstremus,
2880 3153 2996 3194 non
3009 3136 3201 3194 solum
3220 3137 3646 3193 continentiam
3661 3139 3827 3211 jeju-

2158 3225 2370 3293 nii,sed
2383 3226 2560 3282 etiam
2578 3224 3081 3299 eleemosynarum
3096 3242 3300 3282 curam
3313 3228 3543 3298 oportet
3556 3228 3823 3294 assumi,

2160 3320 2227 3372 ut
2254 3316 2327 3371 de
2350 3318 2509 3370 terra
2529 3330 2762 3387 quoque
2793 3314 2986 3371 cordis
3014 3313 3203 3370 nostri
3223 3315 3740 3388 germeujustitie
3770 3322 3828 3375 et

2160 3404 2387 3460 fructus
2407 3403 2708 3459 charitatis
2728 3402 2970 3471 oriatur,
2985 3407 3043 3459 et
3063 3402 3528 3460 misericordiam
3541 3404 3646 3460 Dei
3669 3421 3828 3478 pau-

2159 3509 2366 3565 perum
2395 3492 2584 3565 ipsius
2636 3491 2969 3549 miserando
3002 3508 3352 3548 mereamur.
3384 3491 3831 3553 Efﬁcacissima

2160 3581 2317 3637 enim
2346 3585 2435 3637 est
2454 3581 2525 3636 ad
2556 3581 2913 3637 exorandum
2933 3580 3117 3635 Deum
3144 3579 3485 3652 postulatio,
3509 3581 3609 3637 cui
3632 3584 3827 3655 pieta-

2159 3670 2236 3726 tis
2260 3686 2437 3743 opera
2468 3667 3181 3743 suﬂ'ragantur,quoniam
3208 3669 3308 3741 qui
3340 3684 3515 3726 suum
3546 3671 3627 3727 ab
3645 3672 3831 3747 inope

2161 3776 2278 3815 non
2291 3759 2502 3815 avertit
2527 3759 2811 3825 animum,
2831 3759 2947 3814 cito
2970 3758 3041 3814 ad
3064 3775 3126 3815 se
3146 3758 3379 3814 Domini
3404 3761 3704 3817 convertit
3719 3780 3829 3820 au-

2163 3848 2373 3914 ditum,
2405 3847 2632 3903 dicente
2654 3847 2926 3903 Domino:
2958 3854 3124 3903 estote
3168 3847 3561 3915 misericordes,
3594 3852 3753 3907 sicut
3780 3861 3833 3908 et

2158 3939 2325 3992 Pater
2376 3940 2550 3992 vester
2590 3937 2900 3992 misericors
2927 3940 3042 4003 est;
3084 3936 3183 3992 58
3230 3936 3514 4004 dimittite,
3539 3946 3592 3993 et
3622 3939 3833 3997 dimit-

2158 4030 2306 4082 tetur
2330 4026 2481 4081 vobis
2508 4025 2655 4096 (Luc.
2695 4040 2771 4092 vr,
2802 4026 2872 4080 36
2917 4025 3023 4096 37).
3057 4024 3203 4091 Quid
3235 4023 3345 4080 hac
3365 4026 3608 4097 justitia
3649 4028 3829 4085 beni-

2159 4114 2335 4188 gnius
2349 4112 2528 4178 ?Quib
2551 4113 2660 4169 hac
2673 4112 3056 4169 retributione
3069 4112 3438 4179 clementius,
3454 4115 3555 4169 ubi
3582 4122 3833 4175 senten-

2158 4203 2240 4259 tia
2260 4202 2582 4275 judicaturi
2614 4202 2674 4257 in
2705 4205 2991 4275 potestate
3020 4202 3583 4276 poniturjudicandi
3604 4205 3636 4262 ?
3654 4208 3826 4277 Date,

2158 4292 2371 4364 inquit,
2402 4300 2452 4348 et
2480 4291 2706 4348 dabitur
2743 4292 2890 4348 vobis
2927 4292 3111 4362 (Ibid.,
3135 4291 3456 4364 38).Quam
3508 4293 3626 4350 cito
3666 4296 3832 4353 diffl-

2157 4381 2363 4437 dentiaa
2385 4379 2717 4437 sollicitudo
2729 4385 2786 4436 et
2801 4379 3055 4437 avaritia;
3070 4384 3160 4438 est
3176 4386 3480 4454 amputata
3491 4386 3830 4454 cunctatio,

2158 4474 2223 4525 ut
2253 4469 2408 4541 quod
2440 4467 2800 4525 reddituram
2832 4485 2894 4526 se
2909 4468 3201 4544 promittit
3222 4469 3458 4538 veritas,
3492 4487 3835 4532 securae:-

2158 4559 2376 4631 pendat
2409 4558 2505 4632 (m)
2539 4557 2903 4615 humanitas.

476 4669 555 4743 (a)
866 4670 1031 4755 deest
1057 4670 1430 4755 in‘ms.‘Con.
1463 4678 1521 4730 et
1548 4676 1741 4747 prima
1770 4679 2043 4750 editione,
2074 4664 2122 4729 D
2154 4682 2495 4755 postprima
2509 4682 2688 4755 editio
2702 4699 2831 4755 cum
2846 4683 3049 4755 eodem
3063 4698 3174 4749 ms,
3200 4684 3403 4741 Contra
3426 4700 3616 4741 omnes
3637 4686 3832 4747 hostes

405 4740 535 4813 quia:
562 4740 880 4813 etiampro
908 4742 1091 4813 itaque
1120 4742 1298 4798 habet
1327 4745 1466 4800 ideo.

473 4810 906 4895 (b)Maui.ch}no‘s
917 4810 1347 4895 Romaajamdiu
1364 4820 1533 4895 antea
1544 4817 1661 4895 deli
1665 4823 1723 4874 tu
1733 4820 1846 4877 isse
1862 4821 2049 4895 liquet

405 4882 816 4956 ex'Augustini
845 4882 1173 4956 Confess.l.
1206 4901 1261 4951 v,
1284 4901 1335 4940 c.
1364 4888 1449 4953 10,
1468 4889 1569 4943 sed
1590 4889 1838 4947 aliarum
1869 4882 2052 4956 regio-

405 4953 648 5027 num,ac
677 4953 998 5027 praesertim
1031 4954 1235 5027 Africae
1266 4957 1732 5027 perturbationes
1764 4964 1873 5020 sub
1907 4953 2050 5022 Glen-

403 5024 610 5108 serico,
642 5024 741 5098 qui
771 5041 925 5081 anno
971 5025 1077 5080 438
1122 5024 1423 5108 occupavit
1463 5029 1894 5108 Carthaginem,
1927 5053 2049 5094 cre-

401 5096 891 5152 briorem—eorum
924 5113 1238 5152 numerum
1266 5096 1608 5157 intulerunt.

473 5170 545 5247 (ei
574 5167 683 5247 Itis.
716 5166 858 5247 Bon.
886 5171 945 5247 et
963 5168 1155 5247 prima
1178 5169 1377 5247 editio,
1399 5178 1451 5225 et
1469 5173 1608 5242 quod
1631 5191 1732 5245 per
1748 5178 2046 5247 femineam

475 5237 646 5313 (d)qln
672 5254 783 5295 ms.
803 5238 860 5293 S.
884 5237 1059 5313 Petri,
1082 5244 1254 5296 testia
1282 5237 1572 5313 nostroque
1598 5237 1759 5302 sexui
1776 5253 2050 5308 securiore

402 5309 702 5388 insidiatur
728 5311 1039 5388 ωυρμ-αι
1065 5327 1154 5368 eos
1183 5312 1379 5388 quibus
1383 5309 1629 5388 potuerit
1640 5332 1742 5388 per
1761 5321 2046 5378 ministros

400 5396 522 5438 suae
546 5382 812 5454 falsitatis
839 5380 1086 5454 illudere,
1111 5388 1167 5437 et
1189 5380 1300 5453 ﬁde
1323 5380 1518 5454 spoliet
1534 5390 1587 5440 et
1614 5380 1958 5454 p'udore.Sed
1980 5398 2048 5450 ut

403 5454 477 5536 ad
502 5451 778 5509 mulieres
790 5451 911 5508 haec
923 5451 1291 5536 potistimum
1323 5451 1669 5536 referantur,
1698 5464 2044 5520 anteceden-

407 5524 1050 5605 tia,‘vo§queprwcipue_
1080 5526 1360 5605 mulieres,
1403 5524 1676 5605 videntur
1723 5534 2040 5605 requirere.

472 5594 538 5668 (ε)
571 5594 680 5652 Ms.
710 5594 849 5654 Bon.
879 5594 941 5672 et
962 5596 1381 5672 primachitio,
1415 5599 1514 5655 ubi
1537 5594 1915 5672 habitentfvel
1951 5608 2046 5663 ubi

400 5667 764 5737 frequentant,
797 5667 1057 5732 omissis,
1080 5669 1176 5724 ubi
1202 5667 1446 5725 doceant.

472 5737 536 5807 (f)
551 5739 633 5796 Id.
648 5740 799 5807 cod.,
815 5740 1024 5811 Spiritu
1037 5741 1132 5798 Dei
1152 5758 1173 5805 ,ο
1186 5746 1241 5798 et
1256 5742 1426 5810 infra,
1444 5759 1553 5800 non
1574 5751 1851 5803 moveatur
1861 5749 2040 5808 Paulo

2232 4753 2321 4827 (g)'
2339 4753 2674 4829 Pragpositio
2686 4754 3125 4829 deomittiturip
3153 4760 3369 4811 mss.8.
3399 4755 3624 4829 Petriet
3642 4758 3829 4829 Bnn.,

2158 4824 2409 4910 necnon
2442 4824 2523 4880 im
2556 4824 2746 4910 prima
2774 4825 3221 4910 editioneLqut
3253 4843 3443 4910 pauca
3471 4826 3648 4886 initio
3682 4824 3825 4907 cap:

2156 4897 2211 4964 6,
2235 4896 2768 4977 itaqueproligitur
2788 4896 3000 4977 ’ζημίᾳ
3036 4898 3094 4954 S.
3127 4896 3301 4954 Petri.

2246 4913 2428 5021 unique
2457 4913 2562 4979 pro
2591 4913 2768 4966 igitur
2798 4914 2856 4952 in
2889 4913 3000 4953 ms.
3036 4913 3094 4954 δ.
3127 4913 3301 4954 rem.

2228 4968 2493 5041 (h)_id1t_1,
2527 4967 2768 5040 ideoque.
2788 4968 3315 5041 Delevimusqueex
3343 4969 3566 5041 nostris
3597 4974 3830 5032 codici-

2154 5038 2295 5123 bus,
2320 5038 2499 5123 De:qu
2521 5038 2680 5123 post,
2710 5042 2997 5123 manifesto
3028 5038 3516 5123 p-rQZmanifestato
3546 5041 3610 5098 in
3662 5061 3826 5104 mss.

2158 5055 2287 5094 ous.
2323 5055 2499 5122 rauio
2521 5055 2680 5165 ἔθει,
2710 5055 2997 5123 manifesto
3028 5057 3132 5113 pro
3160 5057 3286 5097 man

2158 5110 2216 5166 S.
2238 5111 2403 5184 Petri
2436 5114 2494 5167 et
2568 5128 2662 5166 on.
2698 5127 2763 5184 ac
2795 5128 2985 5184 prima
3012 5111 3286 5184 editione.

2229 5181 2293 5253 (ἰ)
2328 5186 2409 5259 Ita
2425 5198 2495 5237 ex
2524 5183 2744 5238 nostris
2770 5181 3065 5239 codicibus
3085 5186 3142 5239 et
3175 5181 3665 5256 primaeditione.
3701 5189 3827 5259 AL,

2154 5256 2594 5328 consequitur.
2691 5326 2698 5328 _
2753 5324 2773 5328 _
2824 5272 2829 5277 '
2890 5324 2919 5328 μ
3137 5320 3147 5328 .

2226 5326 2287 5397 (j)
2319 5323 2430 5392 AL,
2465 5325 2725 5397 utilitatis
2753 5324 2837 5379 Ita
2878 5323 3203 5381 Gaudiival.
3235 5325 3560 5397 Quesnelli,
3602 5333 3666 5387 et
3699 5332 3829 5390 duo

2155 5396 2339 5451 nostri
2372 5396 2540 5453 codd.
2572 5396 2704 5451 Vat.

2225 5467 2301 5539 (k)
2334 5472 2456 5524 Duo
2484 5467 2655 5544 codd.
2691 5471 2750 5522 et
2786 5483 2941 5523 unus
2987 5467 3048 5523 S.
3094 5467 3244 5524 Petri
3287 5483 3422 5525 cum
3454 5471 3661 5544 prima
3692 5476 3829 5533 edi-

2151 5536 2329 5606 tione,
2354 5555 2522 5606 quare
2553 5540 2792 5606 plenum.

2221 5557 2522 5665 meMIum-e
2542 5557 2792 5665 1plenum.

2221 5611 2287 5751 Et)
2377 5627 2425 5665 s.
2453 5612 2510 5669 S.
2585 5615 2714 5679 etri,
2745 5610 3188 5694 demonstremus.

2244 5682 2320 5751 m)
2342 5681 2501 5739 Idem
2534 5682 2737 5751 codex,
2770 5681 3077 5738 humilitas.

2244 5682 2320 5753 m)
2342 5681 2501 5739 Idem
2534 5682 2737 5753 codex,
2770 5681 3077 5738 humilitas.
