3964 6218
141 369 230 436 ιω
1674 375 1940 441 SERMO
1984 374 2142 440 XXI.

3495 377 3618 440 190

151 528 258 568 nun
283 516 338 569 et
353 510 770 589 hostiarum,
810 516 1204 576 circumcisio
1260 513 1474 589 carnis,
1533 512 1858 571 differentia
1885 523 1941 592 Α
1969 509 2130 568 nullo
2165 512 2303 568 sunt
2331 511 2561 568 erudita
2589 498 3008 582 mandato,nec
3033 516 3382 586 acceperunt
3400 514 3611 588 legem,

161 602 563 678 baptismatum
577 649 592 672 .
610 613 677 664 et
692 607 1064 666 observatio
1076 608 1518 681 baptismorum,
1532 623 1646 661 non
1661 603 1854 659 adhuc

181 697 266 752 sub
288 696 560 769 ﬁguratis
598 697 1178 772 significationibus
1233 702 1376 753 sunt
1429 696 1674 767 agenda,
1727 711 1853 766 qua:

190 788 336 844 etiam
363 793 504 841 sunt
534 787 731 844 rebus
765 787 934 860 ipsis
949 804 1074 859 quae
1094 782 1849 860 signiﬁcabanturimpleta;

199 877 443 934 mandata
458 893 600 932 vero
635 882 697 932 et
729 882 1043 950 praecepta
1073 875 1311 932 moralia
1343 874 1492 930 sicut
1514 878 1652 928 sunt
1701 871 1855 927 edita

205 969 566 1041 perseverant,
583 967 873 1038 quianon
895 965 1058 1020 aliud
1088 964 1389 1020 insinuant
1410 979 1587 1035 quam
1607 961 1856 1033 loquun-

198 1063 282 1112 tur
308 1063 362 1112 et
385 1056 536 1128 apud
570 1049 678 1112 02
712 1055 1124 1110 Christianam
1157 1054 1518 1109 devotionem
1539 1054 1854 1123 augmento

198 1151 472 1210 crescunt,
504 1163 622 1200 non
651 1145 993 1200 cessatione
1019 1144 1313 1199 deficiunt.
1357 1142 1609 1216 Diligere
1659 1141 1854 1210 itaque

193 1237 371 1293 Deum
404 1241 460 1290 et
491 1235 860 1308 proximum.
897 1234 1184 1288 honorare
1226 1237 1451 1306 patrem
1498 1235 1553 1286 et
1581 1234 1850 1292 matrem,

191 1343 302 1381 non
337 1325 579 1381 adorare
611 1325 755 1379 deos
789 1323 1036 1390 alienos,
1069 1325 1123 1376 et
1151 1327 1374 1386 caetera,
1407 1338 1536 1394 quze
1568 1324 1669 1375 aut
1693 1316 1856 1374 terri-

187 1415 386 1471 biliter
415 1418 555 1471 sunt
584 1413 911 1487 prohibita,
943 1415 1044 1467 aut
1072 1411 1383 1468 salubriter
1401 1410 1707 1482 imperata,
1741 1423 1856 1463 non

186 1504 367 1560 aliter
397 1521 468 1560 ex
481 1502 777 1577 legalibus
803 1500 1093 1557 institutis
1112 1517 1287 1573 quam
1319 1518 1387 1557 ex
1408 1497 1754 1573 evangelicis
1765 1513 1859 1552 ve-

177 1591 785 1661 neramuredictis,ut
797 1592 1069 1664 quamvis
1083 1590 1269 1646 multa
1281 1590 1665 1646 accessserint
1681 1605 1750 1644 ex
1765 1604 1861 1643 no-

177 1686 372 1740 vitate
404 1683 629 1757 gratiaz,
644 1681 792 1737 nihil
808 1685 1006 1735 tamen
1021 1681 1403 1735 imminutum
1423 1679 1498 1734 sit
1517 1680 1587 1734 de
1605 1677 1862 1749 antiqui-

179 1779 310 1830 tate
337 1773 616 1846 justitizs.
650 1771 816 1827 Unde
846 1770 1056 1826 merito
1086 1771 1506 1842 disposuerunt
1530 1767 1861 1841 apostolicae

180 1864 542 1920 sanctiones
575 1865 640 1915 ut
661 1864 923 1915 veterum
931 1859 1293 1930 jejuniorum
1309 1857 1530 1914 utilitas
1559 1871 1861 1929 permane-

181 1959 307 2024 ret,
346 1959 407 2008 et
431 1951 570 2006 licet
612 1948 877 2005 Ecclesiae
923 1948 1284 2003 consuetudo
1333 1946 1749 2020 prolixioribus
1806 1961 1869 2001 se

173 2039 695 2114 castigationibus
710 2054 978 2094 exercere
992 2036 1311 2105 didicisset,
1328 2035 1778 2108 amplecteretur
1791 2038 1873 2089 ta-

179 2148 336 2186 men
355 2128 728 2187 continentize
743 2125 1265 2183 sanctiﬁcationem
1281 2142 1350 2180 ex
1370 2124 1494 2198 lege
1506 2123 1867 2179 venientem:

177 2221 425 2292 quibus
456 2218 616 2274 enim
650 2218 934 2273 donatum
969 2217 1095 2270 erat
1127 2231 1300 2286 posse
1323 2214 1478 2285 quod
1511 2213 1706 2284 majus
1762 2215 1871 2278 est,

181 2308 487 2364 indecens
512 2305 627 2363 fuit
658 2323 775 2361 non
808 2304 1101 2361 celebrare
1133 2305 1287 2376 quod
1319 2303 1519 2359 minus
1548 2306 1655 2357 est.

268 2399 419 2455 CAP.
455 2398 527 2453 Il.
563 2429 634 2439 ——
666 2395 786 2452 Hac
818 2411 956 2467 ergo
1001 2393 1246 2462 ratione,
1306 2391 1694 2455 dilectissimi,
1752 2389 1872 2445 evi-

190 2487 420 2544 denter
449 2483 752 2551 instructi,
785 2482 1196 2540 ecclesiasticis
1227 2480 1443 2554 regulis
1458 2480 1752 2554 jejunium
1785 2479 1874 2534 do-

189 2577 354 2632 cimi
385 2576 608 2632 mensis
639 2572 1048 2646 adjungimus,
1080 2571 1258 2644 idque
1301 2568 1590 2626 devotioni
1647 2573 1874 2633 vestrae,

193 2667 371 2722 sicut
385 2663 1061 2728 cstmoris,indicimus:
1091 2659 1368 2734 quoniam
1383 2659 1622 2733 plenum
1644 2657 1877 2732 pietatis

196 2755 578 2827 plenumque
584 2751 837 2825 justitiae
865 2756 953 2806 est
966 2754 1031 2805 ut
1045 2753 1410 2806 terrenorum
1430 2749 1726 2803 fructuum
1747 2763 1878 2820 per-

204 2843 484 2916 ceptione
512 2841 798 2898 conclusa
810 2844 1062 2912 agantur
1082 2843 1195 2893 Deo
1211 2838 1432 2911 gratias,
1452 2842 1509 2894 et
1525 2835 1877 2893 sacriﬁcium

212 2931 273 2986 ei
311 2931 724 2988 misericordiae
757 2945 894 2984 cum
915 2926 1129 2999 jejunii
1162 2925 1562 2982 immolatione
1598 2925 1876 2981 solvatur.

215 3020 490 3078 Gaudeat
515 3020 772 3093 quisque
801 3019 873 3074 de
903 3017 1069 3090 copia
1099 3034 1226 3084 sua,
1259 3019 1316 3072 et
1345 3015 1530 3070 multa
1549 3031 1611 3070 se
1654 3013 1880 3074 hortis

217 3109 359 3165 suis
385 3109 653 3166 intulisse
669 3108 919 3174 laetetur,
953 3107 1053 3162 sed
1086 3106 1170 3160 ita
1200 3108 1264 3160 ut
1285 3105 1354 3159 de
1369 3101 1731 3159 abundantia
1752 3103 1880 3173 ejus

215 3200 405 3254 etiam
426 3216 458 3253 a
480 3197 844 3271 pauperibus
874 3194 1218 3269 gaudeatur.
1253 3193 1692 3249 Fecunditatem
1718 3207 1880 3264 sege-

1963 601 2064 657 08
2095 619 2220 674 qua:
2248 619 2359 657 non
2391 619 2663 675 accepere
2692 603 3011 672 rationem;
3045 603 3143 660 ubi
3176 608 3372 660 autem
3406 607 3495 659 est
3551 604 3616 660 il-

1962 689 2270 746 luminatio
2304 692 2567 759 rationis,
2602 693 2679 747 ibi
2711 697 2867 748 estet
2885 693 3196 766 disciplina
3218 693 3616 766 pietatis,quaa

1963 778 2328 834 dilectionem
2361 784 2418 836 et
2446 781 2563 836 Deo
2603 782 2775 838 debet
2826 787 2881 838 et
2938 784 3221 855 proximo.
3281 783 3407 838 Non
3459 781 3616 838 enim

1964 866 2131 922 aliter
2163 869 2444 940 probatur
2474 871 2648 926 homo
2667 877 2895 927 amator
2926 890 3054 929 esse
3067 874 3179 941 sui,
3206 873 3318 930 nisi
3341 879 3618 948 appareat

1962 972 2094 1011 eum
2131 961 2187 1011 et
2208 975 2386 1030 supra
2405 976 2465 1014 se
2480 964 2703 1015 natura:
2720 978 2836 1016 suae
2864 967 3182 1034 auctorem,
3203 967 3260 1019 et
3292 964 3618 1020 secundum

1969 1061 2032 1100 se
2066 1051 2292 1103 natura:
2323 1065 2440 1102 suae
2471 1050 3034 1107 amareConsortem.
3068 1053 3272 1108 Merito
3295 1053 3353 1108 in
3376 1053 3469 1108 his
3483 1053 3622 1109 duo-

1964 1133 2076 1189 bus
2111 1138 2405 1194 mandatis
2439 1142 2562 1194 tota
2586 1139 2678 1196 lex
2707 1142 2921 1212 pendet
2944 1145 3000 1196 et
3029 1141 3362 1214 prophetae;
3415 1141 3622 1198 merito

1963 1222 2427 1296 disputationum
2441 1245 2534 1284 om
2543 1228 2704 1284 nium
2721 1229 2819 1284 lati
2830 1232 2967 1286 tudo
2981 1232 3092 1286 sub
3107 1249 3425 1304 paucorum
3440 1230 3629 1288 brevi-

1961 1317 2080 1368 tate
2110 1316 2423 1371 verborum
2456 1317 2800 1388 plenissimo
2823 1323 2910 1375 est
2935 1319 3219 1392 explicata
3249 1321 3619 1394 compendio.

1964 1402 2438 1476 DiligaturDeus,
2454 1405 2733 1479 diligatur
2755 1410 3153 1480 etproximus,
3177 1410 3258 1466 ita
3283 1415 3348 1465 nt
3369 1411 3620 1469 formam

1967 1492 2245 1564 diligendi
2261 1493 2508 1566 proximi
2524 1497 2594 1550 ab
2610 1513 2677 1551 ea
2691 1513 2806 1568 qua
2820 1514 2927 1553 nos
2941 1498 3095 1554 Deus
3113 1498 3304 1572 diligit
3319 1500 3628 1558 dilectione

1969 1599 2277 1651 sumanus,
2314 1585 2410 1655 qui
2445 1584 2622 1640 etiam
2650 1585 2822 1641 malis
2844 1587 3033 1643 bonus
3060 1592 3168 1656 est,
3203 1593 3259 1644 et
3291 1589 3626 1662 benignita-

1970 1671 2048 1726 tis
2080 1688 2198 1726 suae
2231 1673 2400 1728 donis
2431 1690 2546 1729 non
2570 1673 2761 1730 solum
2786 1675 3037 1732 cultores
3062 1693 3202 1734 suos
3219 1679 3504 1749 confovet,
3525 1681 3627 1736 sed

1971 1760 2147 1816 etiam
2179 1766 2506 1834 negatores.
2538 1764 2825 1818 Amentur
2847 1765 3183 1838 prepinqui,
3205 1772 3480 1824 amentur
3525 1785 3620 1824 ex-

1971 1851 2158 1905 tranei
2185 1869 2198 1913 ;
2229 1855 2286 1906 et
2318 1852 2472 1924 quod
2504 1851 2750 1908 debetur
2778 1854 3006 1921 amicis,
3039 1861 3487 1930 supererogetur
3510 1858 3623 1914 ini-

1978 1939 2168 1995 micis.
2196 1941 2472 2005 Quamvis
2495 1941 2652 1996 enim
2676 1943 3067 2014 quorumdam
3094 1945 3430 2019 malignitas
3463 1948 3627 2005 nulla

1978 2027 2345 2086 humanitate
2377 2031 2667 2098 mitescat,
2701 2049 2817 2087 non
2850 2037 2989 2088 sunt
3021 2037 3215 2090 tamen
3262 2035 3631 2094 infructuosa

1981 2135 2154 2190 opera
2184 2119 2434 2191 pietatis,
2479 2137 2583 2176 nec
2640 2137 2923 2194 umquam
2982 2122 3175 2193 perdit
3229 2119 3631 2182 benevolentia

1982 2208 2137 2278 quod
2153 2212 2386 2280 praestat
2399 2208 2647 2282 ingrato.
2661 2209 2842 2266 Nemo
2860 2227 2941 2277 se,
2958 2211 3347 2280 dilectissimi,
3365 2205 3435 2269 ab
3460 2231 3632 2287 opere

1983 2297 2134 2352 bono
2152 2297 2326 2353 faciat
2340 2297 2621 2367 alienum,
2640 2316 2810 2355 nemo
2823 2300 2894 2355 de
2909 2317 3016 2356 sua
3037 2303 3318 2358 tenuitate
3335 2308 3633 2374 causetur,

1983 2390 2268 2458 tanquam
2301 2387 2401 2458 qui
2434 2387 2544 2442 sibi
2573 2388 2669 2442 vix
2702 2387 2938 2456 sufficit,
2973 2392 3030 2443 et
3056 2389 3237 2446 alium
3260 2391 3469 2462 juvare
3515 2408 3631 2448 non

1984 2475 2188 2547 possit.
2223 2476 2389 2549 Magn
2401 2494 2498 2532 um
2519 2481 2606 2532 est
2628 2479 2780 2548 quod
2818 2477 3068 2550 proferat
3098 2495 3163 2533 ex
3186 2495 3380 2551 parvo,
3405 2485 3462 2536 et
3479 2481 3536 2537 in
3552 2482 3636 2538 di-

1985 2564 2130 2619 vinae
2163 2565 2325 2621 lance
2350 2566 2598 2636 justitia:
2631 2585 2744 2622 non
2777 2567 3100 2638 quantitate
3131 2585 3467 2639 munerum,
3531 2573 3634 2627 sed

1987 2655 2240 2727 pondere
2271 2656 2912 2727 pensaturanimorum.
2927 2656 3273 2728 Evangelica
3292 2658 3469 2715 vidua
3487 2661 3636 2718 duos

1988 2761 2264 2800 nummos
2284 2746 2340 2799 in
2373 2744 2852 2817 gazophylacium
2879 2745 3041 2799 misit
3071 2746 3257 2817 (Marc.
3290 2764 3389 2813 xu,
3424 2749 3534 2821 42),
3580 2754 3638 2805 et

1988 2833 2255 2888 omnium
2272 2833 2518 2888 divitum
2533 2832 3278 2890 donatranscendit.NULLA
3291 2836 3635 2908 apudDeum

1986 2921 2118 2976 vilis
2144 2925 2230 2976 est
2261 2921 2467 2993 pietas,
2501 2921 2665 2976 nulla
2689 2921 3055 2977 infructuosa
3076 2921 3401 2980 miseratio.
3447 2926 3638 2982 Diver-

1990 3027 2088 3066 sos
2113 3011 2351 3082 quidem
2383 3009 2722 3066 hominibus
2751 3011 3154 3080 deditcensus,
3181 3014 3282 3069 sed
3315 3031 3429 3069 non
3453 3015 3640 3072 diver-

1992 3117 2088 3156 sos
2119 3099 2326 3172 quaerit
2356 3101 2616 3156 affectus.
2658 3100 2967 3156 distiment
3020 3117 3224 3159 omnes
3273 3104 3635 3161 substantias

1991 3207 2152 3255 suas,
2183 3193 2240 3245 et
2269 3188 2370 3260 qui
2401 3188 2534 3261 plus
2551 3205 2839 3261 accepere,
2865 3189 2998 3261 plus
3015 3189 3295 3246 tribuant.
3318 3191 3444 3247 Fiat
3459 3193 3640 3249 absti-

216 3292 380 3359 tum,
411 3289 629 3345 ﬂuenta
655 3284 1415 3357 vitium,partusarborum,
1437 3279 1874 3338 ubertasimite-
1907 3284 1951 3350 ο
1989 3279 2186 3336 nentia
2216 3277 2498 3345 ﬁdelium,
2531 3279 2697 3334 cibus
2728 3295 3075 3351 pauperum,
3105 3282 3164 3336 et
3187 3281 3341 3352 quod
3388 3282 3637 3354 quisque

217 3381 333 3432 tur
357 3378 725 3433 animorum:
760 3373 920 3446 quod
968 3373 1129 3428 dedit
1157 3376 1333 3437 terra,
1356 3371 1498 3427 dent
1535 3370 1711 3426 corda
1741 3386 1755 3425 :
1816 3373 1882 3424 ut

219 3467 527 3537 possimus
561 3465 756 3521 dicere
785 3480 923 3519 cum
956 3461 1279 3534 propheta:
1316 3461 1478 3516 Terra
1506 3462 1693 3515 nostra
1735 3457 1880 3514 dedit

215 3557 470 3625 fructum
494 3572 619 3610 sum
651 3555 763 3624 (Ps.
801 3569 948 3618 va1,
980 3553 1058 3619 7).
1091 3551 1244 3606 Deus
1286 3566 1544 3620 namque
1598 3565 1770 3604 verus
1826 3551 1883 3602 et

217 3660 501 3700 summus
523 3641 783 3716 agricola
803 3655 919 3695 non
936 3639 1127 3695 solum
1145 3637 1558 3710 corporalium,
1582 3637 1684 3692 sed
1705 3635 1881 3693 etiam

219 3732 603 3806 spiritualum
628 3734 834 3786 auctor
857 3729 1342 3795 estfructuum,et
1363 3731 1611 3799 utraque
1627 3725 1881 3790 semina,

226 3829 475 3895 utraque
504 3819 802 3894 plantaria
853 3816 1072 3889 duplici
1111 3817 1269 3872 novit
1309 3831 1572 3872 exercere
1619 3813 1877 3870 cultura:

222 3912 374 3967 dans
406 3910 565 3984 agris
595 3906 1262 3982 profectusgerminum,
1284 3905 1432 3960 dans
1462 3903 1674 3960 animis
1696 3904 1882 3958 incre-

225 4005 427 4057 menta
445 4001 758 4065 virtutum,
779 4014 909 4069 quae
939 3995 1088 4050 sicut
1103 3995 1174 4050 ab
1195 4011 1314 4049 una
1335 3993 1699 4066 providentia
1721 4009 1883 4048 sum-

223 4107 394 4162 psere
426 4086 810 4162 principium,
843 4086 926 4140 ita
954 4085 1025 4139 ad
1054 4083 1232 4139 unius
1264 4083 1456 4156 operis
1492 4087 1702 4138 vocant
1747 4083 1883 4138 effe-

225 4185 408 4235 ctum.
431 4179 618 4235 Homo
650 4175 833 4246 enim,
866 4174 936 4230 ad
969 4173 1289 4246 imaginem
1341 4175 1399 4228 et
1456 4171 1884 4228 simlitudinem

227 4269 323 4326 Dei
353 4269 569 4334 factus,
603 4264 756 4321 nihil
787 4264 967 4319 habet
996 4263 1056 4317 in
1087 4265 1307 4317 natura:
1335 4277 1453 4317 suae
1483 4260 1705 4317 honore
1761 4265 1884 4316 tam

230 4359 531 4431 proprium
563 4367 742 4427 quam
775 4356 842 4408 ut
859 4352 1182 4407 bonitatem
1206 4351 1297 4405 sui
1328 4349 1883 4416 imiteturauctoris,

234 4449 326 4519 qui
357 4447 651 4501 donorum
674 4457 943 4508 suorum,
967 4440 1120 4496 sicut
1149 4439 1482 4497 misericors
1513 4439 1758 4512 largitor
1774 4443 1883 4509 est,

233 4535 312 4592 ita
339 4541 428 4592 est
458 4538 515 4591 et
533 4534 739 4605 justus
771 4533 1022 4592 exactor,
1056 4528 1256 4584 volens
1283 4545 1390 4585 nos
1447 4543 1691 4601 operum
1749 4545 1884 4585 suo-

235 4642 360 4682 rum
389 4640 520 4680 esse
549 4624 853 4680 consortes
877 4637 890 4689 ;
916 4623 982 4676 ut
1011 4617 1281 4691 quamvis
1304 4617 1530 4674 nullam
1561 4635 1669 4674 nos
1697 4617 1886 4673 valea-
1917 4651 1962 4715 Β

1989 3368 2281 3426 subtrahit
2313 3366 2444 3433 sibi,
2458 3367 2720 3440 proficiat
2740 3366 3021 3440 indigenti
3043 3386 3056 3424 :
3073 3368 3213 3440 quia
3231 3368 3362 3426 licet
3379 3370 3633 3426 multum

1990 3464 2047 3514 et
2073 3457 2285 3512 animis
2306 3460 2362 3512 et
2384 3457 2726 3528 corporibus
2751 3458 3052 3512 conferant
3081 3457 3339 3514 remedia
3385 3461 3636 3532 parcita-

1989 3547 2086 3616 tis,
2106 3563 2312 3619 parum
2330 3551 2522 3602 tamen
2537 3546 2702 3602 utilia
2714 3551 2853 3603 sunt
2871 3547 3088 3619 ipsajej
3099 3548 3259 3614 unia,
3283 3547 3395 3604 nisi
3412 3549 3641 3606 miseri-

1991 3637 2196 3693 cordize
2227 3636 2666 3692 sanctiﬁcentur
2695 3637 2922 3692 etl‘ectu.
2953 3638 3015 3692 In
3044 3637 3431 3711 eleemosynis
3478 3639 3638 3694 enim

1989 3724 2174 3780 virtus
2207 3727 2474 3797 quaedam
2504 3729 2592 3781 est
2621 3725 3294 3798 institutabaptismatis,
3328 3727 3468 3799 quia
3489 3726 3643 3784 sicut

1992 3832 2144 3886 aqua
2173 3814 2491 3887 exstinguit
2521 3814 2695 3888 igem,
2729 3815 2813 3870 sic
2855 3814 3224 3888 eleemosyna
3281 3820 3585 3887 peccatum
3622 3836 3636 3886 ;

1991 3909 2048 3960 et
2075 3905 2460 3977 pereumdem
2473 3904 2548 3974 (ὁ)
2561 3903 2854 3958 Christum
2870 3904 3104 3970 dicitur,
3122 3905 3424 3970 Lavamini,
3443 3905 3642 3960 mundi

1991 3997 2156 4049 estote
2183 3995 2331 4062 (Isai.
2366 4011 2406 4058 ι,
2441 3993 2547 4064 16),
2569 4010 2671 4064 per
2691 4009 2864 4064 quem
2886 3992 3117 4063 dicitur,
3155 3995 3287 4047 Date
3338 3993 3638 4064 eleemosy-

1991 4101 2123 4138 nam
2153 4087 2203 4138 et
2224 4084 2412 4138 omnia
2443 4083 2649 4136 munda
2669 4081 3324 4153 suntvobis(Luc.x1,hl)
3350 4098 3363 4146 ;
3395 4083 3645 4137 utnemo

1993 4173 2276 4244 ambigat,
2310 4188 2480 4226 nemo
2514 4169 2743 4225 difﬂdat
2772 4169 3226 4242 regenerationis
3249 4168 3359 4224 sibi
3383 4169 3636 4226 nitorem

1993 4261 2168 4318 etiam
2193 4264 2323 4333 post
2352 4263 2517 4316 muta
2546 4265 2779 4331 peccata
2807 4259 3061 4326 restitui,
3103 4258 3204 4332 qui
3234 4257 3632 4332 eleemosyna-

1995 4367 2124 4405 rum
2145 4349 2437 4405 studuerit
2458 4347 2860 4420 purificatione
2881 4347 3177 4403 mundari.

2413 4483 2518 4539 64
2546 4480 2789 4537 SERMO
2819 4481 2938 4537 XXI
2968 4480 3075 4554 [AL
3109 4480 3246 4555 XX],

2163 4595 2225 4648 In
2254 4593 2549 4648 Natwitate
2577 4590 2800 4645 Domini
2824 4590 3005 4644 nostri
3027 4590 3156 4644 Jesu
3181 4587 3386 4644 Christi
3416 4592 3461 4644 1.

240 4732 364 4770 mus
394 4728 591 4769 creare
605 4715 902 4774 naturam’
925 4707 1224 4780 Possimus
1239 4711 1433 4762 tamen
1466 4711 1764 4778 acceptam
1779 4723 1882 4778 per
1917 4707 1955 4715 ν
1987 4742 2284 4793 SYNOPSIS.
2308 4765 2377 4775 —
2405 4734 2448 4789 Ι.
2471 4733 2771 4789 Nemimem
2790 4737 3115 4788 extraneum
3134 4748 3248 4788 esse
3267 4750 3300 4788 a
3318 4733 3516 4788 laetitia
3538 4733 3645 4788 Na-

239 4803 330 4859 Dei
363 4801 613 4875 gratiam
643 4813 911 4854 exercere
937 4796 1242 4851 materiam
1270 4813 1282 4851 :
1315 4795 1456 4867 quia
1484 4812 1598 4850 non
1623 4795 1702 4850 ita
1743 4794 1877 4851 usui

241 4896 425 4949 nostro
457 4891 612 4946 bona
640 4893 877 4945 terrena
907 4884 1118 4942 collata
1135 4888 1295 4950 sunt,
1323 4888 1388 4940 ut
1409 4883 1732 4940 carnalium
1753 4888 1881 4940 tan-

242 4987 358 5037 tum
395 4994 682 5036 sensuum
721 4973 1009 5048 voluptati
1050 4972 1424 5045 satietatique
1461 4974 1539 5044 (a)
1558 4972 1875 5041 servirent;

244 5069 488 5142 alioquin
534 5066 685 5123 nihil
741 5083 776 5122 a
831 5062 1178 5136 pecudibus,
1238 5060 1385 5116 nihil
1433 5060 1788 5116 distaremus
1846 5078 1882 5118 a

246 5158 453 5223 bestiis,
484 5173 613 5230 quae
634 5154 843 5211 alienis
894 5150 1349 5208 necessitatibus
1392 5148 1697 5206 consulere
1747 5167 1880 5207 nes-

245 5247 408 5313 ciunt,
436 5250 496 5301 et
525 5244 712 5302 solam
735 5242 828 5300 sui
861 5258 927 5298 ac
941 5255 1185 5297 suorum
1207 5239 1431 5294 fetuum
1451 5255 1651 5294 curam
1666 5239 1883 5295 habere

247 5340 531 5393 noverunt.

300 5425 424 5480 CAP.
461 5424 554 5480 IlI.
588 5455 656 5466 —-
687 5418 985 5480 Animalia
1016 5417 1214 5490 igitur,
1237 5416 1498 5473 carentia
1556 5416 1880 5487 intellectu,

241 5534 341 5587 dio.
371 5531 531 5587 Hanc
562 5529 876 5586 lectionem
910 5523 1257 5592 Quesnellus
1281 5523 1556 5579 indicavit
1610 5524 1668 5580 in
1725 5540 1881 5580 mar-

246 5605 386 5686 gine;
421 5608 619 5658 utrum
651 5618 786 5657 vero
808 5597 1091 5656 excodicc
1113 5614 1186 5652 an
1218 5613 1285 5653 ex
1311 5595 1546 5668 ingenio
1568 5597 1884 5653 correxerit

249 5692 590 5817 ιςῗὲἶῗὲἓὲξ
620 5745 888 5801 serviant.

2065 4810 2296 4864 tivitatis
2328 4808 2566 4870 Domini,
2601 4819 2727 4876 quae
2754 4805 2871 4859 sola
2898 4805 3018 4859 sine
3038 4805 3195 4860 sorde
3217 4805 3428 4875 peccati
3453 4807 3551 4859 est.
3575 4836 3645 4843 —

2061 4880 2133 4935 II.
2169 4880 2364 4934 Mirum
2393 4893 2503 4933 esse
2532 4877 2696 4947 hujus
2753 4877 3008 4948 mysterii
3063 4876 3542 4948 dispensationem.
3575 4905 3646 4916 —

2062 4951 2159 5007 IIl.
2185 4951 2291 5019 Qui
2317 4966 2519 5005 novum
2549 4948 2824 5004 hominem
2845 4947 2960 5003 vult
2985 4947 3231 5012 induere,
3291 4949 3348 5004 ei
3410 4949 3644 5010 veterem

2062 5038 2173 5079 esse
2195 5020 2589 5094 deponendum.

2062 5151 2246 5202 Cpr.
2288 5176 2331 5186 -
2352 5144 2615 5201 Salvator
2640 5147 2858 5210 noster,
2878 5141 3248 5198 dilectissimi
3255 5143 3455 5215 ,hodie
3471 5147 3646 5200 natus

1992 5233 2697 5308 est,gaudeamus.Neque
2719 5231 3082 5288 enimlocum
3104 5232 3198 5288 fas
3215 5237 3304 5289 est
3320 5233 3390 5304 (ο)
3407 5233 3485 5288 ibi
3515 5247 3646 5287 esse

1993 5322 2602 5390 tristitiaa,ubinatalis
2629 5324 2718 5378 est
2747 5322 2877 5376 vita:
2903 5339 2915 5387 ;
2951 5337 3078 5392 quae
3109 5324 3457 5391 consumpto
3483 5334 3640 5374 mor-

1992 5411 2236 5471 talitatis
2265 5412 2496 5480 timore,
2530 5411 2701 5466 nobis
2753 5409 2966 5482 ingerit
3008 5410 3078 5464 de
3126 5408 3420 5480 promissa
3475 5408 3640 5459 aiter-

2065 5523 2140 5588 (b)
2174 5518 2294 5574 Vox
2327 5517 2602 5573 Christum
2630 5516 2858 5572 videtur
2887 5515 3209 5588 abundare,
3250 5509 3337 5566 vel
3395 5508 3455 5562 in
3511 5507 3642 5575 ejus

1995 5586 2188 5648 locum
2222 5589 2636 5645 substituenda
2659 5606 2767 5644 vox
2797 5589 3075 5659 spiritum.
3101 5586 3493 5659 QUESANBLLUS‘.

2066 5643 2243 5734 (child
2264 5643 2658 5734 aliquotmss.
2678 5643 2756 5734 _et_
2769 5643 3033 5734 iri_ed_itis
3063 5643 3216 5734 ante
3239 5643 3636 5734 Quesnellum,

1999 5715 2252 5792 necnon
2283 5715 2692 5804 in‘agemplari
2722 5727 2885 5785 Pauli
2915 5720 3149 5780 Diaconi
3183 5720 3366 5784 deest,
3399 5715 3497 5770 ibi.
