3964 6218
366 344 493 423 491
1501 343 1564 407 S.
1614 342 1891 408 LEONIS
1937 341 2189 415 MAGNI
2231 342 2674 409 SERMONES.
3678 332 3805 404 192

377 475 851 547 nitatelaetitiam.
882 475 1063 539 Nemo
1079 474 1151 541 ab
1171 475 1352 551 huius
1366 474 1685 539 alacritatis
1709 477 2020 554 participa-
2048 479 2104 559 Α
2134 495 2379 545 manens
2408 478 2566 555 quod
2595 479 2738 549 erat,
2773 488 3200 551 assumensque
3222 474 3378 552 quod
3395 476 3679 545 nouerat,
3702 470 3804 535 ve-

375 572 534 629 tione
564 568 909 639 secernitur,
942 585 1061 628 una
1090 567 1317 625 cunctis
1346 567 1557 625 laetitiae
1587 568 1921 625 communis
1938 572 2028 634 est
2135 586 2261 627 ram
2293 569 2442 627 servi
2478 570 2725 627 formam
2752 568 2809 625 ei
2842 568 3039 626 formae
3070 567 3129 624 in
3162 584 3279 641 qua
3306 571 3419 647 Deo
3467 564 3633 624 Patri
3705 569 3801 624 est

378 661 562 720 ratio:
595 658 734 733 quia
763 658 1042 714 Dominus
1073 661 1292 729 noster,
1326 657 1544 731 peccati
1570 658 1894 731 mortisque
1925 659 2024 715 de-
2133 657 2375 732 aqualis
2404 658 2597 715 uniret
2627 659 2852 733 (Philip.
2886 676 2948 727 ιι,
2980 657 3057 737 6),
3090 661 3148 715 et
3176 661 3338 714 tanto
3370 656 3585 733 foedere
3615 658 3801 712 natu-

378 753 649 818 structor,
682 749 837 807 sicut
861 747 1093 804 nullum
1124 765 1158 809 a
1185 751 1350 804 reatu
1380 747 1627 804 liberum
1677 749 1909 821 reperit,
1944 749 2025 805 ita
2132 767 2259 806 rem
2291 754 2600 822 utramque
2622 752 2970 816 consereret,
3003 752 3070 804 ut
3094 764 3199 804 nec
3222 747 3559 803 inferiorem
3581 762 3802 802 consu-

378 837 785 913 (a)]iberandis
807 835 1266 897 omnibusvenit.
1289 836 1554 892 Exsultct
1588 841 1848 903 sanctus,
1883 837 2024 909 quia
2132 843 2316 896 meret
2344 837 2709 913 gloriﬁcatio,
2734 854 2840 894 nec
2857 837 3217 911 superiorem
3236 836 3529 892 minueret
3549 852 3796 893 assum-

376 927 732 1002 propinquat
744 927 815 984 ad
834 926 1112 999 palmam.
1129 925 1389 983 Gaudeat
1400 929 1690 997 peccator,
1715 924 1854 997 quia
1874 924 2021 981 invi-
2131 929 2271 1003 ptio.
2296 928 2361 1000 (j)
2394 926 2753 1002 Salvaigitur
2769 926 3122 1000 proprietate
3144 926 3451 996 utriusque
3510 925 3798 982 substan-

373 1021 533 1076 tatur
561 1018 632 1079 ad
661 1017 910 1073 veniam.
938 1014 1243 1073 Animetur
1258 1013 1514 1087 gentilis,
1536 1014 1674 1086 quia
1687 1018 1929 1070 vocatur
1949 1014 2021 1071 ad
2129 1018 2245 1084 tiae,
2278 1022 2336 1074 et
2365 1018 2424 1072 in
2456 1034 2634 1073 unam
2653 1019 2896 1073 coeunte
2909 1032 3242 1091 personam,
3276 1013 3648 1087 suscipitura
3668 1031 3797 1070 ma-

372 1106 572 1169 vitam.
606 1107 705 1167 Dei
732 1122 989 1177 namque
1019 1104 1201 1161 Filius
1232 1103 1557 1160 secundum
1594 1102 2018 1176 plenitudinem
2120 1109 2334 1182 jestate
2361 1106 2687 1171 humilitas,
2712 1123 2748 1163 a
2774 1104 3343 1173 virtutejnﬁrmitas,
3366 1104 3439 1160 ab
3459 1105 3794 1161 aeternitate

378 1195 674 1269 temporis,
708 1211 886 1267 quam
900 1194 1078 1250 divini
1092 1193 1323 1249 consilii
1346 1192 1748 1249 inscrutabilis
1774 1192 2020 1250 altitudo
2130 1196 2494 1254 mortalitas:
2528 1200 2585 1252 et
2615 1195 2690 1268 (Ῐί)
2743 1196 2815 1251 ad
2869 1195 3318 1269 dependendum
3349 1198 3558 1253 nostra:
3582 1194 3794 1249 condi-

352 1278 685 1359 ”disposuit,
715 1282 1208 1341 reconciliandum
1241 1282 1463 1338 auctori
1496 1299 1602 1338 suo
1626 1285 1897 1338 naturam
1930 1299 2022 1354 ge-
2126 1287 2304 1344 tionis
2333 1286 2615 1353 debitum,
2651 1289 2858 1342 natura
2891 1284 3246 1343 inviolabilis
3267 1287 3598 1343 naturaleset
3619 1284 3796 1340 unita

375 1374 531 1432 neris
561 1372 886 1446 assumPSit
913 1371 1182 1438 humani,
1216 1376 1281 1428 ut
1308 1372 1574 1427 inventor
1594 1371 2021 1437 mortiSdiabO-
2126 1375 2412 1451 passibili,
2444 1368 2713 1447 Deusque
2741 1392 2913 1431 verus
2929 1374 3179 1430 ethomo
3196 1390 3389 1440 verus,
3413 1372 3473 1428 in
3497 1372 3792 1429 unitatem

374 1463 490 1530 lus,
523 1464 596 1535 (ὁ)
629 1479 733 1536 per
754 1462 947 1531 ipsam
977 1477 1156 1533 quam
1184 1460 1401 1517 vicerat
1429 1460 1779 1519 vinceretur.
1814 1465 1879 1515 In
1903 1477 2017 1535 quo
2128 1464 2357 1524 Domini
2390 1468 2786 1537 temperatur;
2821 1468 2886 1521 ut
2914 1464 3071 1537 quod
3103 1463 3322 1519 nostris
3346 1461 3628 1525 remediis
3648 1477 3792 1516 con-

373 1552 644 1610 conﬂictu
666 1567 769 1624 pro
791 1550 959 1607 nobis
981 1549 1146 1617 inito,
1180 1565 1392 1622 magno
1445 1552 1503 1605 et
1528 1548 1779 1607 mirabili
1838 1549 2018 1622 aequi-

369 1642 509 1698 tatis
529 1642 665 1713 jure
689 1644 976 1697 certatum
999 1643 1122 1695 est:
1158 1639 1299 1695 dum
1326 1638 1705 1711 omnipotens
1737 1637 2016 1694 Dominus

370 1747 505 1799 cum
535 1727 854 1795 saevissimo
885 1728 1072 1796 hoste,
1097 1745 1213 1787 non
1244 1727 1305 1783 in
1337 1743 1448 1784 sua
1468 1728 1795 1799 majestate,
1820 1728 1921 1790 sed
1954 1726 2015 1785 in

367 1822 570 1883 nostra
610 1818 982 1892 congreditur
1009 1816 1364 1885 humilitate,
1389 1816 1674 1889 objiciens
1700 1816 1766 1889 (c)
1793 1816 1844 1872 ei
1864 1833 2016 1874 eam-

367 1909 501 1973 dem
518 1909 771 1969 formam
787 1908 1171 1983 eamdemque
1183 1910 1477 1972 naturam,
1498 1904 1874 1963 mortalitatis
1891 1905 2015 1978 qui-

369 1998 502 2063 dem
537 2001 749 2061 nostrae
768 1996 1139 2075 participem,
1173 1996 1277 2052 sed
1327 1994 1546 2067 peccati
1602 1994 1781 2053 totius
1815 2011 2012 2066 exper-

367 2090 511 2152 tem.
544 2085 815 2151 Alienum
846 2084 1061 2157 quippe
1094 2084 1165 2142 ab
1197 2083 1307 2144 hac
1335 2083 1638 2142 nativitate
1665 2087 1755 2139 est
1773 2083 1928 2155 quod
1943 2084 2014 2139 de

371 2173 924 2248 omnibusilegitur:
978 2172 1056 2246 (ἀ)
1086 2173 1252 2230 Nemo
1306 2172 1546 2231 mundus
1598 2190 1634 2229 a
1686 2172 1861 2241 sorde,
1916 2190 2016 2230 nec

367 2265 577 2338 infans,
608 2264 759 2336 cujus
778 2265 853 2320 est
870 2264 1037 2319 unius
1055 2263 1169 2320 diei
1183 2263 1295 2318 vita
1323 2279 1487 2335 super
1504 2270 1709 2318 terram
1737 2262 1870 2331 (Job.
1895 2278 2010 2331 xxv,

366 2355 420 2423 4,
452 2370 557 2417 see.
584 2353 754 2427 LXX).
786 2351 945 2419 Nihil
976 2368 1114 2425 ergo
1144 2351 1205 2415 in
1236 2351 1412 2409 istam
1451 2348 1813 2422 singularem
1861 2350 2011 2406 nati-

364 2443 605 2501 vitatem
636 2443 707 2498 de
736 2441 931 2503 carnis
960 2439 1434 2512 concupiscentia
1465 2438 1749 2508 transivit,
1779 2438 1924 2495 nihil
1944 2440 2053 2495 det

358 2532 585 2607 peccati
606 2531 733 2606 lege
763 2530 1041 2593 manavit.
1072 2530 1250 2603 Virgo
1281 2530 1441 2602 regia
1482 2528 1763 2586 Davidicae
1810 2529 2014 2601 stirpis

366 2621 622 2696 eligitur,
655 2638 782 2694 quae
812 2637 978 2679 sacro
1007 2620 1367 2693 gravidanda
1397 2619 1517 2676 fetu
1534 2618 1791 2675 divinam
1811 2621 2016 2675 huma-

366 2728 621 2785 namque
654 2710 876 2785 prolem
908 2709 1075 2782 prius
1105 2708 1174 2781 (e)
1214 2706 1545 2781 conciperet
1592 2711 1788 2764 mente
1833 2723 2012 2779 quam

363 2784 624 2877 corpore.
654 2790 821 2864 Et‘ne
851 2798 1091 2873 superni
1121 2796 1565 2871 ignaraconsilii
1598 2798 1669 2853 ad
1703 2795 2013 2855 inusitatos

2122 1555 2390 1628 gruebat,
2424 1570 2579 1609 unus
2608 1556 2787 1625 atque
2817 1553 2971 1609 idem
2986 1552 3087 1608 Dei
3113 1550 3788 1629 hominumquemedja-

2122 1647 2215 1705 tor
2241 1643 2291 1716 (Ι
2318 1644 2449 1699 Tim.
2481 1660 2544 1710 ιι,
2573 1643 2651 1713 5),
2684 1645 2741 1698 et
2772 1642 2919 1697 mori
2952 1646 3150 1714 posset
3178 1658 3249 1697 ex
3276 1657 3417 1707 uno,
3466 1644 3527 1696 et
3581 1657 3786 1696 resur-

2121 1749 2256 1807 gere
2277 1736 2476 1806 posset
2495 1748 2564 1793 ex
2585 1730 2787 1788 altero.
2812 1731 3017 1788 Merito
3044 1731 3227 1804 igitur
3247 1730 3517 1805 virgineae
3535 1728 3789 1803 integri—

2038 1855 2093 1935 Β
2121 1821 2404 1935 ιαῐίιῐιξξιίὶ
2424 1819 2825 1935 ξιξῗτιιρξίοῐξὶε
2868 1820 3067 1935 ipt‘ulit
3094 1824 3299 1935 partus
3345 1818 3605 1935 sgittis}

2123 1911 2392 1969 custodia
2424 1910 2534 1967 fuit
2564 1909 2824 1983 pudoris,
2858 1909 3033 1967 editio
3062 1909 3343 1967 veritatis.
3373 1907 3533 1968 Talis
3571 1907 3784 1982 igitur,

2110 1999 2511 2071 dilectissimi,
2541 1999 2818 2057 nativitas
2842 1998 3043 2059 decuit
3064 1998 3165 2056 Dei
3189 1998 3469 2063 virtutem
3494 2002 3551 2055 et
3565 1997 3671 2054 Dei
3696 2015 3791 2061 sa-

2121 2089 2404 2163 pientiam
2434 2087 2752 2159 Christum,
2787 2105 2903 2162 qua
2920 2088 3089 2147 nobis
3101 2091 3159 2145 et
3177 2087 3241 2162 (ι)
3262 2087 3635 2146 humanitate
3648 2104 3786 2147 con-

2122 2182 2374 2252 grueret,
2407 2181 2466 2235 et
2495 2177 2793 2234 divinitate
2822 2176 3192 2257 precelleret.
3226 2177 3348 2237 Nisi
3379 2177 3538 2235 enim
3594 2182 3784 2251 esset,

2126 2273 2275 2324 Deus
2302 2284 2474 2324 verus
2492 2283 2609 2324 non
2639 2267 2871 2323 afferret
2893 2267 3252 2335 remedium;
3276 2266 3391 2325 nisi
3412 2270 3573 2329 esset
3593 2266 3782 2324 homo

2120 2374 2316 2426 verus,
2342 2373 2457 2413 non
2488 2357 2773 2430 praeberet
2823 2354 3179 2430 exemplum.
3238 2356 3324 2417 Ab
3371 2356 3786 2431 exultantibus

2122 2462 2258 2519 ergo
2289 2444 2515 2519 angelis
2543 2449 2818 2502 nascente
2837 2444 3099 2514 Domino,
3125 2444 3313 2502 Gloria
3333 2446 3393 2503 in
3420 2444 3784 2503 excelsisDeo

2123 2536 2371 2604 canitur,
2402 2539 2462 2591 et
2487 2551 2603 2608 pas;
2627 2537 2687 2592 in
2713 2540 2861 2592 terra
2891 2536 3041 2610 bona
3107 2534 3411 2595 voluntatis
3455 2534 3785 2597 hominibus

2122 2624 2430 2681 nuntiatur
2456 2624 2608 2697 (Luc.
2624 2641 2686 2692 n,
2710 2623 3047 2696 li).Vident
3065 2624 3223 2681 enim
3257 2623 3551 2681 caelestem
3609 2623 3792 2683 Jeru-

2123 2712 2308 2770 salem
2338 2730 2407 2770 ex
2435 2713 2711 2777 omnibus
2728 2713 2933 2770 mundi
2951 2713 3228 2787 gentibus
3246 2712 3550 2770 fabricari:
3568 2713 3645 2771 de
3662 2731 3787 2788 quo

2122 2802 2503 2860 inenarrabili
2532 2803 2739 2859 divinas
2770 2802 3005 2876 pietatis
3034 2819 3227 2876 opere,
3252 2807 3543 2877 quantum
3593 2801 3790 2863 lateri

363 2892 596 2968 paveret
624 2892 691 2963 (ί)
720 2889 982 2959 eﬂ‘ectus,
1005 2888 1104 2953 65
1134 2887 1290 2960 quod
1320 2887 1380 2949 in
1410 2902 1479 2943 ea
1508 2885 1871 2959 operandum
1892 2888 2017 2943 erat
2123 2892 2294 2949 debet
2322 2891 2626 2949 humilitas
2640 2891 2971 2960 hominum,
3003 2908 3139 2950 cum
3159 2896 3390 2953 tantum
3412 2892 3677 2968 gaudeat
3690 2910 3794 2953 su-

368 2979 446 3053 (g)
478 2996 514 3041 δ
536 2978 753 3052 Spiritu
782 2982 1007 3048 sancto,
1039 2975 1327 3049 colloquio
1359 2975 1533 3035 discit
1558 2972 1838 3057 angelico.
1898 2973 2014 3029 Nec

368 3069 653 3133 damnum
684 3065 868 3133 credit
895 3065 1157 3140 pudoris,
1192 3065 1297 3122 Dei
1349 3064 1601 3137 genitrix
1629 3080 1765 3121 mox
1794 3062 2010 3123 futura.

367 3158 482 3238 Cur
510 3157 667 3235 enim
699 3157 770 3215 de
800 3155 1197 3229 conceptionis
1217 3153 1470 3215 novitate
1501 3153 1790 3226 desperet,
1820 3152 1897 3225 (h)
1917 3150 2011 3206 cui

2120 2979 2386 3063 ﬁnitas
2413 2979 2752 3053 angelorum
2780 2983 2805 3037 Ρ

2192 3162 2326 3216 CAP.
2348 3159 2444 3216 III.
2464 3190 2531 3203 —-
2549 3160 2651 3216 66
2668 3159 2929 3232 Agamus
2956 3174 3115 3232 ergo,
3148 3156 3790 3231 dilectissimi,gratias

365 3232 681 3321 efﬁcientia
708 3247 781 3303 de
807 3225 1098 3303 Altissimi
1118 3244 1334 3301 virtute
1360 3225 1767 3315 promittitur?
1796 3240 2013 3301 Conﬁr-
2040 3225 2083 3307 (ξ
2123 3252 2236 3305 Deo
2266 3247 2443 3318 Patri,
2476 3264 2579 3321 per
2609 3225 2823 3307 Fili-{1m
2855 3225 3005 3321 ejus,
3022 3225 3110 3307 in:
3126 3246 3349 3321 Spiritu
3379 3225 3608 3313 sancta,
3675 3250 3788 3325 qui

366 3342 563 3395 matur
592 3335 881 3409 credentis
912 3334 1059 3391 ﬁdes
1089 3333 1265 3390 etiam
1297 3332 1360 3403 (ί)
1409 3330 1724 3404 praeeuntis
1769 3332 2009 3387 attesta-

365 3425 524 3485 tione
576 3423 866 3494 miraculi,
918 3423 1287 3494 donaturque
1344 3419 1635 3477 Elizabeth
1711 3418 2011 3497 inopinata

365 3513 730 3580 fecunditas;
763 3516 831 3571 ut
860 3511 963 3583 qui
985 3514 1329 3583 conceptum
1351 3509 1589 3566 dederat
1614 3505 1824 3577 sterili,
1848 3508 2012 3567 datu-

364 3596 471 3664 rus
492 3619 608 3663 non
640 3600 1008 3659 dubitaretur
1035 3601 1093 3655 et
1111 3598 1343 3673 virgini.

436 3693 564 3751 CAP.
599 3692 670 3751 ll.
706 3721 772 3730 —
805 3689 1063 3745 Verbum
1094 3688 1273 3760 igitur
1314 3686 1416 3743 Dei
1446 3686 1620 3755 Deus,
1666 3685 1846 3742 Filius
1886 3686 2007 3756 Dei,

360 3779 465 3853 qui
495 3779 557 3839 in
587 3777 873 3854 principio
903 3784 1029 3839 eral.
1055 3776 1209 3849 apud
1241 3776 1448 3843 Deum,
1484 3792 1587 3848 per
1631 3792 1807 3849 quem
1856 3776 2012 3833 facta

360 3872 504 3928 sunt
532 3868 751 3937 omnia,
783 3871 838 3923 et
870 3866 996 3923 sine
1027 3882 1142 3939 quo
1171 3865 1387 3922 tactum
1418 3868 1507 3921 est
1553 3862 1702 3920 nihil
1759 3866 1937 3934 (Joan.
1970 3882 2008 3938 ι,

364 3958 503 4032 1-3.),
534 3956 1149 4033 propterliberandum
1167 3955 1238 4011 ab
1252 3958 1467 4010 aeterna
1479 3958 1665 4010 morte
1686 3953 2007 4024 hominem,

359 4049 550 4109 factus
574 4052 664 4109 est
692 4046 866 4106 homo
897 4064 909 4103 :
936 4046 1092 4103 itase
1113 4045 1185 4100 ad
1198 4044 1633 4116 susceptionem
1656 4042 2010 4101 humilitatis

361 4142 573 4199 nostra:
586 4138 712 4197 sine
734 4135 1123 4195 diminutione
1136 4151 1254 4195 suae
1268 4133 1595 4206 maiestatis
1617 4131 1930 4202 inclinans,
1945 4137 2011 4191 ut

434 4263 512 4337 (li)
534 4264 725 4321 Codex
746 4261 1137 4337 Vercellensis
1165 4259 1551 4337 et_Homi_liar.
1605 4257 1768 4316 Pauli
1821 4260 2005 4330 Diac.,

362 4331 503 4392 cum
528 4336 719 4406 prima
747 4335 1020 4406 editione,
1049 4350 1148 4406 pro
1181 4331 1505 4406 liberandis.

528 4403 702 4463 Unus
733 4407 860 4487 cod.
897 4405 956 4462 S.
991 4403 1162 4471 Petri,
1184 4408 1253 4487 .et
1280 4404 1432 4487 alius
1463 4404 1629 4487 Dom,
1653 4419 1786 4486 cum
1817 4403 2007 4487 prima

361 4476 633 4550 editione,
661 4494 763 4550 per
789 4481 964 4550 ipsam
994 4493 1103 4550 qua
1137 4477 1341 4532 vicemt
1384 4478 1647 4550 nativam
1676 4476 2002 4531 vinceretur.

358 4547 573 4629 Veron.
606 4547 732 4609 cod.
763 4547 852 4629 ζῖι,
880 4564 987 4629 per
1008 4549 1185 4628 ipsam
1213 4549 1554 4629 quahvicerat
1582 4548 1912 4629 viucereiurl.

430 4622 502 4689 (c)
532 4622 596 4673 In
631 4637 740 4675 ms.
775 4618 914 4674 Bon.
941 4622 996 4673 et
1028 4618 1233 4689 prima
1249 4618 1504 4689 editione
1533 4618 1823 4673 omittitur
1850 4620 1921 4674 ei.

432 4687 510 4765 (gi)
531 4689 716 4765 Codex
738 4687 1102 4765 Corbeiensis
1114 4687 1274 4765 hunc
1290 4688 1487 4765 locum
1507 4689 1589 4745 ita
1615 4688 1808 4765 habet,
1834 4692 2009 4765 Ques-

359 4759 512 4845 nello
540 4764 689 4845 teste
713 4759 923 4845 E‘Neiﬂno
970 4759 1205 4845 mundus
1251 4777 1285 4819 α
1304 4761 1595 4845 sordemec
1834 4763 1999 4844 unius

358 4832 468 4917 die,
499 4834 550 4889 si
566 4834 637 4889 sit
667 4834 779 4916 vita
801 4830 1101 4917 ejmsuper
1126 4835 1349 4917 terram.
1389 4833 1579 4917 ln‘ms.
1611 4837 1667 4886 S.
1686 4830 2003 4917 l’etriqzec

359 4904 577 5030 ﬁgens,
602 4905 755 4978 cujus
785 4904 1096 4979 uniusdiei
1121 4904 1235 4958 vita
1261 4918 1423 4976 super
1447 4907 1673 4960 terram.
1708 4908 1769 4958 In
1812 4905 2003 4975 prima

360 4991 393 5034 e
429 4975 634 5057 'itiope,
658 4992 760 5057 uec
782 4975 1157 5057 infauspuius
1183 4973 1313 5040 diei,
1344 4975 2004 5057 cujusvitaesgsuperterf

358 5064 503 5123 ram.
535 5046 712 5123 Paulo
742 5045 876 5120 post
905 5045 1197 5123 omittitur
1214 5061 1351 5123 ergo
1383 5046 1441 5123 in
1501 5045 1912 5123 II_]SS.HV§IEcel.
1945 5051 2005 5123 et

360 5118 593 5211 deus
619 5115 1709 5211 XersemelienjjéﬁmilsPeli-
1723 5118 1999 5211 Baconi-

432 5190 481 5265 (e
534 5190 722 5247 Codex
750 5194 807 5245 S.
841 5188 1019 5256 Petri,‘
1046 5193 1103 5245 et
1130 5188 1333 5262 prima
1349 5188 1548 5260 editio,
1582 5191 1839 5261 concepit.

431 5190 502 5336 (ri
530 5263 613 5320 [ta
642 5261 810 5318 codd.
842 5264 1139 5336 _mss._tre_s
1170 5262 1226 5315 et
1249 5257 1543 5336 pleraeque
1590 5258 1874 5336 editiones
1904 5261 2003 5336 _ad

360 5330 723 5419 marginem;
756 5332 974 5419 quibus
998 5330 1169 5419 facile
1194 5330 1719 5419 adjpngi'possunt
1756 5331 1854 5387 alii
1886 5334 2003 5388 duo

358 5401 523 5480 Regii
548 5401 930 5480 Amss.i_codd.,
957 5402 1019 5460 in
1053 5401 1280 5480 quibus
1296 5401 1511 5480 legitur
1538 5404 1780 5480 affectus,
1811 5421 2006 5461 errore

358 5474 606 5559 librarii“
754 5481 812 5533 et
832 5493 1042 5559 sensus
1065 5474 1243 5559 exigit
1258 5478 1344 5559 ut,
1360 5474 1469 5559 hac
1483 5474 1742 5559 lectione
1759 5480 2002 5559 retenta,

364 5548 478 5629 alia
506 5550 822 5629 rejiciatur,
844 5547 1071 5629 “quain
1095 5545 1388 5629 prioribus
1404 5545 1542 5629 edit.
1576 5545 1848 5628 habebat,
1870 5548 2006 5629 affa-

357 5623 480 5683 tus;
512 5615 627 5677 non
658 5618 815 5679 emin
844 5615 1113 5692 loquitur
1134 5618 1228 5674 hic
1269 5619 1347 5692 de
1371 5615 1681 5692 colloquio
1722 5615 2003 5692 angelico,

360 5692 531 5761 cujus
546 5693 742 5762 potius
769 5689 1115 5755 interventu,
1136 5694 1203 5746 ut
1217 5689 1415 5747 statim
1430 5689 2007 5762 postlegitur,‘exem-

362 5760 465 5834 pta
491 5760 579 5820 est
609 5764 791 5821 Maria
801 5776 1013 5838 pavore
1029 5762 1127 5820 illo
1153 5779 1268 5838 quo
1289 5779 1359 5820 ex
1382 5760 1660 5819 inusitato
1683 5760 2007 5835 conceptio-

2040 4603 2089 4669 D

2116 3341 2355 3411 propter
2366 3336 2616 3394 multam
2630 3338 2728 3410 (τη)
2745 3335 3207 3397 misericordiam
3221 3352 3416 3411 suam,
3437 3352 3555 3409 qua
3572 3336 3789 3395 dilexit

2118 3442 2247 3494 nos,
2275 3427 2554 3483 misertus
2582 3430 2671 3482 est
2699 3425 2883 3483 nostri
2912 3442 2927 3494 ;
2957 3428 3009 3482 et
3036 3442 3163 3489 cum
3180 3441 3413 3489 essemus
3425 3427 3637 3485 mortui
3652 3443 3788 3501 pec.

2115 3517 2272 3585 catis,
2304 3515 2702 3585 conviviﬁcavit
2729 3531 2827 3572 nos
2847 3514 2908 3573 is
2939 3514 3150 3577 Christo
3168 3515 3325 3588 (Eph.
3357 3531 3418 3583 ιι,
3450 3515 3789 3587 5),utesse-

2120 3621 2254 3662 mus
2282 3604 2343 3661 in
2374 3604 2502 3677 ipso
2535 3621 2684 3671 nova
2714 3606 2999 3673 creatura,
3032 3619 3367 3676 novumque
3394 3603 3782 3677 ﬁgmentum.

2118 3695 2492 3768 Deponamus
2520 3696 2920 3767 ergoveterem
2937 3691 3240 3750 hominem
3252 3708 3391 3755 cum
3400 3692 3640 3753 actibus
3655 3695 3786 3757 suis

2117 3784 2277 3858 (Eph.
2304 3801 2381 3853 IV,
2413 3785 2512 3853 22;
2547 3782 2718 3840 Colos.
2748 3799 2830 3853 III,
2852 3783 2938 3854 8);
2971 3786 3029 3840 et
3048 3782 3244 3855 adepti
3263 3780 3784 3856 participationem

2114 3871 2510 3947 generationis
2538 3871 2775 3939 Christi,
2807 3870 3437 3937 carnisrenuntiemus
3458 3872 3780 3945 operibus.

2115 3965 2398 4035 Agnosco,
2429 3978 2463 4018 ο
2492 3960 2839 4027 Christiane,
2871 3959 3216 4034 dignitatem
3247 3963 3432 4032 tuam,
3455 3962 3518 4017 et
3564 3962 3779 4023 divinae

2118 4067 2361 4110 consors
2375 4051 2563 4107 factus
2581 4048 2947 4119 naturae,noli
2963 4050 3023 4105 in
3036 4052 3288 4111 veterem
3300 4048 3590 4107 vilitatem
3607 4052 3782 4125 dege-

2118 4141 2242 4199 neri
2255 4139 2692 4199 conversatione
2722 4138 2804 4212 (u)
2823 4138 3030 4203 redire.
3050 4138 3339 4211 Memento
3352 4137 3527 4213 cujus
3539 4141 3777 4215 capitis.

2114 4263 2207 4320 nis
2235 4262 2411 4319 Verbi
2440 4262 2642 4319 effectu
2679 4262 2885 4319 affecta
2913 4262 3140 4319 fuisset.
3172 4263 3552 4328 Onasus-Ltus.
3586 4298 3662 4307 —
3682 4265 3779 4322 Le-

2114 4337 2368 4393 ctionem
2398 4338 2593 4391 textus
2604 4334 2955 4406 conﬁrmant
2968 4334 3145 4406 etiam
3173 4335 3301 4391 eod.
3320 4338 3381 4391 8.
3413 4335 3594 4406 Petri,
3618 4354 3777 4397 unus

2112 4408 2345 4480 Veron.
2360 4411 2419 4463 et
2434 4405 2743 4480 exemplar
2770 4405 2934 4480 Pauli
2948 4405 3219 4480 Diaconi.

2185 4481 2258 4603 (ρ
2291 4477 2399 4560 Ms.
2433 4476 2667 4561 Veron}
2700 4477 2765 4534 de
2802 4477 3013 4561 Spiritu
3062 4485 3267 4535 sancto.
3326 4476 3459 4541 Mox
3515 4477 3583 4542 in
3643 4480 3770 4537 cad.

2120 4552 2179 4608 S.
2257 4553 2386 4619 etrl,
2420 4547 2629 4620 didicit,
2663 4565 2765 4620 pro
2795 4548 2972 4605 discit.

2145 4591 3099 4704 j'0.5”exarasse;iisiiss,
3121 4623 3179 4676 et
3193 4625 3337 4676 Bon.
3362 4636 3431 4677 ac
3441 4620 3641 4694 prima
3651 4622 3775 4680 edi-

2340 4704 2423 4746 us.

2115 4696 2513 4838 ιιίξξὶῗὲίιῐξῗίἀηξ
2525 4760 2766 4838 vulgati,
2781 4761 3158 4838 librariorum
3171 4778 3389 4838 errore,
3395 4778 3524 4838 prae
3533 4768 3772 4825 cunctis.

2219 4833 2249 4907 ἱ)
2268 4833 2485 4907 Iisdem
2499 4833 2789 4907 habentur
2804 4833 2974 4907 epist.
2990 4835 3080 4903 28,
3100 4852 3227 4907 cap.
3249 4836 3303 4907 3.

2233 4852 2789 4907 )maaemnacentur
2804 4852 2833 4890 e
2879 4852 2974 4890 ist.
2990 4852 3080 4903 zu,
3100 4852 3227 4907 cap.
3249 4852 3303 4891 δ.

2200 4852 2258 4976 ί)
2278 4904 2428 4987 Editi
2461 4908 2596 4987 ante
2612 4852 3008 4987 Ouesnellum,
3034 4922 3169 4987 cu‘m
3212 4905 3449 4987 aliquot
3482 4909 3776 4987 poster-io:

2111 4975 2247 5034 rum
2273 4975 2684 5050 collectionum
2708 4977 3027 5050 codicibus,
3042 4975 3549 5050 adirependenduin.
3564 4979 3772 5037 Ceteri

2111 5047 2544 5123 prmsmntiores
2556 5064 2700 5123 mss.
2734 5053 2802 5123 ut
2826 5047 3087 5123 intexta.
3107 5047 3285 5123 Paulo
3298 5051 3772 5123 post,infusaes¢,

2155 5138 2216 5177 ro
2244 5121 2402 5179 unita
2429 5126 2527 5188 est,
2558 5119 2620 5177 in
2651 5119 3281 5183 codiceVeronensi.ln
3300 5119 3651 5180 comantem
3673 5123 3779 5180 Pa-

2155 5138 2216 5177 ro
2244 5138 2402 5179 unua
2429 5138 2527 5188 est,
2558 5138 2620 5177 in
2651 5138 2848 5176 οοαιοθ
2869 5138 3281 5183 νεποηθιιειηιη
3305 5138 3651 5180 comantem
3673 5138 3775 5180 ra-

2112 5138 2344 5249 giliron.
2375 5195 2431 5246 et
2459 5190 2517 5246 in
2549 5190 2658 5247 alio
2688 5190 2931 5260 Veron.,
2955 5193 3241 5264 inpunitate
3266 5208 3370 5264 pro
3385 5194 3445 5248 in
3473 5195 3775 5255 unitatem.

2184 5264 2247 5332 (I)
2272 5267 2358 5318 Ita
2369 5279 2512 5318 mss.
2529 5266 2751 5334 septem
2768 5262 3062 5329 Quesnelli
3081 5267 3138 5319 et
3153 5262 3358 5319 omnes
3372 5265 3584 5321 nostri.
3602 5266 3775 5322 Prius

2111 5335 2427 5408 legebatur
2444 5333 2759 5408 humilitate
2789 5334 2967 5391 etiam
2988 5333 3050 5389 in
3080 5334 3397 5407 exemplari
3417 5335 3627 5408 prima:
3651 5338 3775 5394 edi-

2113 5404 2293 5467 tionis
2323 5404 2547 5461 collect.
2578 5405 2632 5460 3.

2186 5477 2283 5549 (m)
2306 5479 2387 5532 Ita
2402 5493 2546 5559 mss.
2567 5476 3341 5603 codd,ckuinque.Quesnelli.
3371 5476 3647 5603 Plerique
3689 5485 3777 5538 ta-

2186 5565 2249 5603 en
2280 5552 2465 5603 nostri
2498 5552 2555 5603 et
2594 5548 2779 5603 Gaudi
2807 5548 2918 5603 val.
2971 5549 3236 5603 eiusdem
3281 5548 3532 5603 Ouesnel
3563 5567 3581 5603 ι
3641 5569 3777 5603 cum

2116 5548 2465 5604 mennostri
2498 5552 2555 5603 et
2594 5548 2936 5605 Gaudi‘ival.’
2971 5549 3236 5620 ejusdem
3281 5548 3581 5614 Quesnelli
3641 5569 3778 5617 cum

2115 5619 2506 5676 anterioribus
2536 5620 2912 5687 edition‘ibus,
2941 5619 3270 5676 cliaritatem
3300 5636 3480 5676 suam.

2188 5691 2405 5771 (νηί)υο
2421 5691 2847 5771 mss.\(atica11_i
2887 5695 3119 5771 et‘unus
3150 5691 3210 5751 S.
3269 5691 3447 5771 Petri,
3507 5695 3778 5771 recidere,

2115 5761 2363 5836 νάπει,
2396 5761 2770 5827 retrocedere;
2800 5761 3141 5834 Padiliron.,
3164 5761 3433 5820 recedere.
