3964 6218
409 351 526 412 203
1525 351 1589 413 S.
1638 351 1919 413 LEONIS
1963 346 2214 411 MAGNI
2261 346 2708 413 SERMONES.
3695 347 3802 411 904

409 483 743 541 Nativitatis
764 485 1052 541 celebrare
1075 486 1376 542 debemus.
1403 485 1563 549 Quod
1588 483 1760 558 digne
1776 500 1843 539 ac
1872 483 2053 555 (a)di-
2082 484 2139 550 Α
2168 481 2298 555 ipsa
2327 485 2400 540 ad
2422 488 2755 556 peccatores
2804 482 3225 550 misericordia,
3286 481 3414 555 ipsa
3445 482 3519 538 ad
3554 489 3804 540 errantes

408 571 661 645 ligenter
691 574 837 630 fieta
866 573 1138 647 singulis,
1171 574 1219 630 si
1249 574 1587 630 meminerit
1606 574 1859 646 quisque
1889 573 2061 643 cujus
2170 573 2403 639 veritas,
2432 573 2561 645 ipsa
2583 574 2654 628 ad
2689 577 2951 629 mortuos
2967 571 3085 627 vita
3107 571 3409 627 descendit
3443 589 3456 626 :
3484 575 3550 626 ut
3580 571 3803 629 verbum

409 662 674 734 corporis
704 663 1042 720 membrum
1071 664 1170 731 sit,
1202 667 1260 720 et
1287 663 1379 719 cui
1409 663 1586 735 capiti
1619 665 1954 735 captatum;
1989 676 2061 717 ne
2170 660 2315 717 illud
2348 667 2698 718 coaeternum
2760 667 2818 717 et
2858 659 3152 733 coaequale
3182 660 3431 733 genitori
3455 660 3513 714 in
3538 660 3804 717 unitatem

409 766 585 807 sacris
602 750 969 807 aediﬁcationi
988 750 1212 808 discors
1229 768 1512 824 compago
1531 768 1647 807 non
1661 751 1896 807 haereat.
1911 751 2060 805 Cou-
2173 751 2418 809 Deitatis
2446 767 2565 807 sua:
2580 755 2648 819 (e)
2665 754 2938 806 naturam
2961 755 3171 806 nostris
3188 748 3546 806 humilitatis
3559 766 3807 808 assumes

411 837 683 907 siderate,
707 839 1098 906 dilectissimi,
1130 844 1188 896 et
1215 840 1540 897 secundum
1569 838 2058 894 illuminationem
2174 844 2280 908 ret,
2314 844 2369 894 et
2401 840 2555 896 Deus
2585 840 2655 895 de
2686 840 2802 896 Deo
2836 839 3198 907 natus,idem
3220 838 3399 895 etiam
3430 838 3605 895 homo
3626 839 3695 896 de
3716 841 3809 896 ho-

412 927 667 1001 Spiritus
704 929 891 986 sancti
923 930 1242 1002 prudenter
1271 930 1571 997 advertite,
1606 929 1740 1001 quis
1774 945 1879 983 nos
1910 927 1967 981 in
2000 943 2063 983 se
2176 928 2333 984 mine
2355 932 2714 985 nasceretur.
2741 928 3103 985 Promissum
3123 927 3360 999 quidem
3376 927 3811 985 hocaconstitu-

412 1018 755 1090 susceperit,
770 1023 827 1075 et
850 1035 1024 1090 quem
1042 1017 1550 1090 susceperimusin
1567 1016 1765 1073 nobis:
1787 1016 2062 1088 quoniam
2174 1017 2331 1073 tione
2362 1017 2590 1084 mundi,
2624 1023 2689 1072 ut
2718 1017 2924 1074 multis
2969 1019 3039 1089 (Γ)
3070 1016 3604 1091 signiﬁcationibus
3633 1034 3808 1075 rerum

412 1106 487 1199 ab)
521 1106 673 1163 sicut
692 1107 881 1163 factus
920 1112 1005 1163 est
1028 1106 1313 1163 Dominus
1347 1106 1521 1162 Jesus
1555 1123 1686 1199 caro
1717 1110 1918 1161 nostra
1937 1121 2067 1161 nas-
2176 1111 2351 1179 atque
2382 1107 2695 1162 verborum
2726 1122 2959 1179 semper
3008 1106 3200 1161 fuerat
3240 1104 3689 1199 prophetatum;
3720 1108 3808 1163 scd

416 1193 711 1266 cendo,ita
721 1199 779 1251 et
791 1212 896 1251 nos
911 1194 1045 1250 facti
1064 1212 1271 1251 sumus
1285 1212 1497 1267 corpus
1510 1193 1696 1267 ipsius
1712 1211 1808 1250 ren
1818 1195 2066 1250 ascendo
2176 1200 2455 1267 quantam
2472 1195 2778 1252 hominum
2795 1196 3122 1268 portionem
3134 1195 3333 1266 figura:
3352 1193 3464 1249 illae
3476 1199 3536 1250 et
3555 1197 3809 1268 mysteria

418 1282 554 1339 Ideo
582 1288 638 1339 et
668 1285 933 1339 membra
954 1282 1188 1352 Christi,
1206 1288 1262 1340 et
1277 1284 1562 1355 templum
1581 1300 1789 1339 sumus
1813 1279 2067 1355 Spiritus

416 1372 602 1426 sancti
638 1392 652 1427 :
684 1376 741 1427 et
769 1373 841 1426 ob
870 1371 979 1427 hoc
1010 1372 1072 1426 B.
1107 1371 1421 1444 Apostolus
1443 1371 1605 1439 dicit,
1650 1372 1980 1441 Gloriﬁcate,
2015 1380 2069 1427 et

414 1468 628 1532 portate
656 1461 828 1515 Deum
859 1462 918 1516 in
948 1478 1170 1532 corpore
1220 1466 1387 1517 vestro
1431 1463 1474 1529 (Ι
1530 1462 1649 1516 Cor.
1686 1480 1762 1528 νε,
1812 1464 1924 1528 20).
1960 1460 2067 1525 Qui

420 1551 669 1617 formam
702 1549 871 1606 nobis
911 1568 1029 1606 ευέε
1082 1550 1551 1606 mansuetudinis
1607 1554 1664 1604 et
1717 1550 2068 1606 humilitatis

422 1637 753 1707 insinuans,
784 1654 852 1693 ea
885 1656 990 1695 nos
1005 1639 1217 1694 virtute
1246 1639 1461 1695 imbuit
1482 1639 1623 1711 quia
1650 1639 1916 1710 redemit,
1942 1640 2067 1711 ipso

419 1725 665 1783 Domino
686 1726 1025 1799 pollicente:
1058 1729 1241 1785 Venite
1259 1728 1329 1783 ad
1344 1746 1453 1795 me,
1480 1745 1663 1784 omnes
1684 1730 1780 1800 qui
1810 1728 2070 1785 laboratis

422 1820 473 1872 et
521 1825 734 1872 onerati
785 1819 929 1882 estis,
987 1825 1039 1873 et
1083 1834 1177 1888 ego
1224 1819 1469 1888 reﬁciam
1520 1834 1628 1872 vos.
1666 1818 1849 1873 Tollite
1868 1821 2070 1889 jugum

422 1922 604 1961 meum
631 1923 796 1978 super
826 1923 935 1973 vos,
966 1911 1019 1961 et
1049 1907 1241 1963 discite
1258 1925 1292 1961 α.
1310 1923 1396 1961 me
1414 1908 1545 1978 quia
1565 1908 1714 1961 mitis
1738 1924 1861 1962 sum
1888 1910 1940 1963 ei
1969 1907 2070 1963 liu-

422 1995 574 2050 milis
618 1995 795 2063 corde,
827 2004 877 2050 et
916 1996 1203 2051 invenietis
1242 1997 1489 2067 requiem
1531 1996 1825 2050 animabus
1882 1997 2073 2054 vestris

426 2082 638 2152 (Matth.
662 2100 739 2152 xx,
771 2085 862 2151 28,
893 2085 1007 2151 29).
1037 2083 1444 2155 Suscipiamus
1493 2099 1630 2157 ergo
1666 2086 1924 2157 regentis
1967 2102 2073 2141 nos

423 2170 811 2243 veritatisnon
827 2187 1000 2244 grave
1017 2189 1123 2228 nec
1139 2188 1411 2245 asperum
1423 2173 1635 2245 jugum
1647 2179 1721 2240 ,et
1739 2174 1925 2230 simus
1945 2176 2074 2246 ejus

426 2259 746 2315 humilitati
776 2259 1021 2328 similes,
1054 2262 1222 2331 cujus
1261 2260 1456 2333 gloria:
1486 2260 1758 2318 volumus
1779 2279 1906 2318 esse
1937 2279 2073 2318 con-

427 2350 644 2405 formes
672 2366 686 2404 :
706 2348 831 2422 ipso
854 2347 1166 2405 auxiliante
1182 2355 1238 2405 et
1256 2350 1604 2421 perducente
1623 2367 1729 2405 nos
1745 2351 1815 2406 ad
1832 2352 2076 2423 promis-

428 2438 623 2495 siones
649 2455 788 2494 suas
824 2437 923 2511 qui
953 2439 1275 2495 secundum
1311 2454 1583 2511 magnam
1612 2440 2074 2496 misericordiam

428 2544 597 2587 suam
627 2532 834 2600 potens
864 2532 953 2583 est
981 2526 1051 2599 (c)
1073 2532 1309 2599 peccata
1332 2532 1528 2583 nostra
1559 2527 1771 2597 delere,
1813 2534 1869 2585 ct
1889 2531 2072 2585 suain

427 2616 597 2672 nobis
610 2616 763 2673 dona
775 2616 1107 2688 perficere,J
1115 2632 1252 2672 esus
1270 2616 1537 2672 Christus
1556 2616 1762 2672 Domin
1773 2635 1842 2674 us
1856 2624 2072 2689 noster,

427 2703 529 2776 qui
560 2703 701 2759 vivit
733 2707 796 2759 ut
823 2707 879 2759 ct
910 2707 1113 2775 regnat
1140 2702 1199 2758 in
1231 2708 1445 2760 saecuta
1467 2704 1834 2762 saeculorum.
1866 2709 2070 2763 Amen.

810 2836 1054 2894 SERMO
1093 2837 1261 2892 XXIV
1301 2837 1435 2909 [Αἰ.
1476 2837 1650 2894 XXIII
1692 2841 1729 2911 ].

874 2929 935 2982 In
966 2928 1260 2982 Nativitate
1288 2927 1510 2983 Domini
1537 2931 1622 2984 IV.

426 3036 719 3108 SvNopsns.
752 3065 819 3073 —
850 3034 956 3088 Per
982 3033 1133 3108 verbi
1178 3034 1615 3108 incarnationem
1637 3036 1842 3107 ﬁguras
1871 3045 1922 3091 et
1943 3054 2071 3108 pro-

498 3107 788 3177 missiones
807 3121 917 3160 esse
945 3105 1529 3177 eompletas.—11.Nisi
1548 3105 1692 3162 Deus
1702 3110 1863 3177 fieret
1889 3105 2065 3177 homo,

498 3177 717 3251 nultum
748 3176 986 3251 hominis
1010 3176 1327 3251 vulneribus
1363 3177 1664 3233 remedium
1681 3176 1974 3251 superesse.
2000 3212 2068 3219 —

2176 1284 2525 1340 obumbrata
2541 1282 2860 1340 salvarent!
2882 1283 2997 1339 nisi
3029 1283 3204 1355 longa
3237 1286 3294 1340 et
3331 1282 3810 1355 ocultapromissa

2176 1374 2424 1428 adventu
2460 1388 2566 1428 suo
2592 1371 2820 1428 Christo
2851 1372 3151 1443 impleret;
3183 1374 3260 1443 (g)
3284 1372 3510 1443 etquod
3530 1377 3666 1427 tunc
3681 1389 3806 1444 pau-

2177 1461 2261 1517 cis
2294 1461 2673 1517 credentibus
2705 1461 2927 1532 profuit
2956 1461 3309 1531 t‘aciendum,
3344 1460 3674 1516 innumeris
3697 1462 3806 1531 jam

2180 1550 2456 1606 ﬁdelibus
2486 1551 2790 1621 prodesset
2817 1550 3111 1605 effectum.
3141 1550 3274 1606 Jam
3305 1566 3447 1623 ergo
3479 1567 3584 1605 nos
3614 1567 3721 1607 non
3748 1551 3810 1606 si-

2177 1639 2310 1712 gnis
2341 1655 2529 1711 neque
2561 1638 2919 1712 imaginibus
2966 1640 3038 1695 ad
3081 1639 3259 1695 {idem
3314 1638 3680 1707 deducimM,
3720 1638 3807 1694 sed

2178 1726 2511 1801 evangelica
2547 1726 2793 1784 historia
2828 1728 3176 1796 confirmati,
3200 1727 3352 1799 quod
3388 1727 3609 1785 factum
3644 1727 3808 1785 credi-

2181 1833 2315 1871 mus
2346 1816 2703 1884 adoramus;
2737 1816 3151 1872 accedentibus
3194 1816 3266 1872 ad
3302 1816 3688 1873 eruditionem
3719 1833 3806 1873 no-

2181 1909 2364 1960 stram
2423 1905 2778 1978 propheticis
2838 1905 3280 1972 instrumentis,
3322 1909 3390 1960 ut
3456 1905 3615 1962 nullo
3656 1908 3804 1962 modo

2182 1992 2505 2049 habeamus
2528 1991 2893 2065 ambiguum,
2927 1993 3081 2064 quod
3115 1993 3295 2048 tantis
3326 1994 3583 2051 oraculis
3611 1995 3805 2051 scimus

2185 2099 2313 2139 esse
2343 2082 2713 2155 praedictum.
2776 2081 2921 2137 Hinc
2987 2082 3143 2137 enim
3202 2086 3292 2137 est
3336 2084 3500 2155 quod
3550 2084 3807 2141 Dominus

2181 2170 2425 2226 Abrahae
2457 2171 2539 2227 ait
2571 2172 2653 2226 :In
2680 2173 2883 2227 semine
2902 2175 2994 2226 tuo
3007 2170 3393 2228 benedicentur
3448 2189 3630 2229 omnes
3650 2178 3806 2245 gentes

2185 2260 2337 2331 (Gen.
2371 2277 2509 2328 xxu,
2538 2260 2644 2329 t8).
2680 2259 2823 2315 Hinc
2855 2259 3036 2316 David
3082 2260 3537 2331 promissionem
3569 2261 3664 2317 Dei
3692 2277 3802 2334 pro-

2186 2348 2422 2420 phetico
2454 2348 2665 2420 spiritu
2699 2348 2857 2404 canit
2903 2347 2981 2421 (Ii)
3033 2348 3232 2404 dicens
3261 2366 3274 2404 :
3323 2350 3545 2406 Juravit
3568 2351 3805 2406 Dominus

2185 2437 2357 2492 David
2386 2439 2689 2506 veritatem,
2721 2442 2771 2493 et
2811 2454 2920 2494 non
2950 2438 3313 2509 frustrabitur
3360 2455 3520 2495 eam:
3551 2440 3623 2495 De
3646 2442 3803 2511 [ructu

2184 2528 2391 2581 ventris
2409 2529 2491 2581 tui
2500 2543 2707 2599 ponam
2721 2542 2873 2595 super
2898 2526 3077 2582 sedem
3093 2530 3246 2582 tuam
3261 2526 3374 2599 tPs.
3395 2545 3549 2596 xxxx,
3564 2528 3660 2601 14).
3684 2526 3802 2582 Ilinc

2184 2613 2340 2669 idem
2393 2614 2678 2671 Dominus
2721 2632 2823 2687 per
2853 2614 3085 2679 Isaiam,
3136 2616 3266 2671 Ecce
3304 2618 3487 2686 virgo,
3532 2616 3727 2689 inquit,
3754 2615 3800 2668 in

2181 2710 2332 2758 utero
2364 2702 2429 2775 (i)
2459 2706 2684 2775 accipiet
2706 2708 2755 2759 et
2782 2706 2965 2777 pariet
3013 2704 3214 2775 ﬁlium,
3246 2711 3297 2759 et
3322 2706 3593 2762 vocabitur
3628 2720 3796 2760 nomen

2180 2792 2296 2863 ejus
2314 2793 2636 2847 Emmanuel
2671 2811 2684 2848 :
2718 2793 2860 2865 quod
2905 2795 3319 2864 interpretatur,
3366 2795 3656 2852 Nobiscum
3683 2794 3799 2849 Deus

2182 2881 2331 2951 (Isai.
2354 2900 2449 2950 vn,
2486 2883 2594 2953 Ui).
2626 2883 2697 2938 Et
2721 2882 2934 2938 iterum
2981 2885 3143 2939 Exiet
3192 2884 3347 2954 virga
3366 2883 3439 2940 de
3481 2883 3660 2940 radice
3682 2883 3802 2939 Iesse

2178 2974 2231 3026 et
2246 2971 2421 3041 ﬂosde
2435 2971 2619 3028 radice
2639 2972 2755 3043 ejus
2776 2972 3294 3041 ascendet(lsai.x1,l
3310 2972 3423 3043 ).In
3447 2990 3563 3046 qua
3597 2972 3797 3044 virgam

2178 3077 2290 3116 non
2328 3060 2503 3116 dubie
2534 3061 2702 3117 beata
2721 3061 2895 3135 Virgo
2919 3060 3104 3117 Maria
3136 3060 3419 3134 praedicta
3449 3067 3555 3131 est,
3589 3077 3705 3133 qua:
3741 3059 3799 3112 de

2174 3148 2341 3205 Jesse
2363 3154 2420 3204 et
2441 3149 2619 3205 David
2651 3149 2832 3221 stirpe
2878 3149 3201 3223 progenita,
3252 3154 3309 3205 et
3359 3151 3579 3225 Spiritu
3623 3151 3796 3206 sancto

2105 3224 2148 3293 C
2183 3236 2517 3307 fecundata,
2543 3254 2755 3294 novum
2774 3238 2976 3295 ﬂorem
3003 3238 3198 3295 carnis
3216 3242 3254 3295 7
3266 3240 3314 3296 9
3346 3224 3636 3307 humanm,
3659 3238 3797 3293 utero

501 3320 706 3391 peccati
731 3320 1021 3391 originalis
1047 3328 1321 3392 asper-tem
1346 3336 1366 3381 ;
1386 3321 1862 3392 cujusNativilatis
1890 3323 2073 3391 imago

438 3402 443 3407 '
502 3389 564 3445 in
597 3389 1011 3461 baptismate.—
1043 3389 1134 3445 ινῑ
1167 3391 1243 3445 Ab
1274 3389 1375 3444 hac
1395 3389 1602 3445 alienos
1630 3389 2072 3449 esseManichxos

506 3462 782 3516 Christum
812 3466 1068 3529 negantes
1104 3462 1459 3531 corporaliter
1503 3466 1791 3516 natum.—
1822 3463 1888 3517 V.
1924 3464 2071 3520 Alios

498 3531 780 3588 haereticos
797 3533 1055 3586 nonnihil
1088 3533 1287 3586 habere
1337 3534 1482 3600 sani,
1544 3534 1882 3590 Manichwos
1924 3536 2069 3591 nihil

497 3618 605 3676 non
637 3603 967 3676 impiumf
988 3602 1084 3676 _Vl.
1108 3605 1187 3676 Ab
1210 3604 1435 3657 illorum
1470 3605 1594 3673 ﬁcta
1631 3608 1834 3676 pietate
1872 3622 2066 3661 caven-

494 3673 667 3744 dum,-
700 3673 907 3729 unitati
932 3672 1081 3743 ﬁdei,
1140 3675 1257 3728 sine
1294 3690 1402 3744 qua
1456 3672 1601 3731 nihil
1631 3672 1850 3743 verum,
1893 3679 2066 3733 inha-

498 3743 731 3800 rendum
760 3759 892 3800 esse.

499 3860 595 3918 78
626 3860 759 3918 CAP.
798 3861 838 3916 ἰ.
867 3893 935 3901 -—
966 3861 1208 3933 Semper
1250 3862 1512 3934 quidem,
1548 3862 1932 3933 dilectissimi,
1977 3865 2065 3921 di-

418 3950 604 4007 versis
638 3950 828 4007 modis
859 3948 1180 4021 multisque
1236 3951 1529 4005 mensuris
1580 3950 1838 4007 humano
1868 3953 2066 4025 generi

418 4039 495 4111 (d)
516 4039 749 4096 bonitas
761 4039 957 4096 divina
976 4038 1299 4106 consuluit,
1322 4042 1379 4093 et
1406 4038 1663 4111 plurima
1692 4041 2063 4112 providentia:

418 4144 537 4184 suae
556 4145 799 4185 munera
809 4129 1085 4185 omnibus
1101 4132 1255 4184 retro
1272 4127 1499 4184 saeculis
1518 4127 1831 4185 clementer
1847 4128 2062 4202 imper-

414 4214 510 4271 tiit
534 4233 547 4285 ;
582 4218 678 4274 sed
693 4218 751 4272 in
776 4217 1111 4274 novissimis
1125 4216 1491 4290 temporibus
1506 4234 1739 4273 omnem
1758 4217 2061 4272 abundan-

414 4303 558 4360 tiam
581 4306 763 4362 solitae
782 4307 1165 4381 benignitatis
1183 4307 1452 4379 excessit,
1476 4307 1711 4380 quando
1729 4306 1787 4365 in
1806 4306 2057 4363 Christo.

488 4465 684 4541 (a)__Sic
714 4483 784 4521 ex
804 4484 948 4524 mss.
991 4468 1051 4523 S.
1090 4468 1244 4523 Petri
1296 4472 1354 4524 et
1402 4467 1593 4541 prima
1628 4467 1904 4524 editione.
1944 4466 2057 4535 AL,

417 4536 805 4591 intellioenter.

2181 3326 2422 3398 quidem
2452 3330 2739 3395 materno,
2766 3327 2870 3383 sed
2902 3331 3071 3400 partu
3101 3332 3190 3383 est
3220 3328 3391 3384 enixa
3421 3328 3689 3402 virgineo.

2251 3413 2384 3470 CAP.
2412 3414 2554 3469 1I.—
2578 3414 2878 3471 Exsultent
2906 3430 3041 3488 ergo
3064 3414 3138 3488 (k)
3161 3416 3309 3487 justi
3328 3416 3389 3472 in
3421 3412 3792 3480 Domino,etin

2176 3501 2411 3558 laudem
2443 3502 2541 3558 Dei
2575 3504 2751 3559 corda
2767 3503 3129 3560 credentium
3142 3548 3157 3572 ,
3179 3507 3237 3560 et
3253 3505 3526 3561 mirabile
3541 3504 3661 3575 ejus
3679 3518 3794 3558 con-

2179 3591 2453 3646 fiteantur
2483 3590 2585 3646 ﬁlii
2617 3591 2926 3647 hominum
2960 3610 2973 3660 ;
3007 3592 3289 3665 quoniam
3310 3593 3369 3648 in
3398 3594 3509 3651 hoc
3538 3592 3794 3667 praecipue

2174 3680 2239 3752 (ι)
2266 3680 2364 3736 Dei
2397 3697 2569 3752 opere
2599 3680 2904 3737 humilitas
2925 3685 3126 3738 nostra
3145 3682 3666 3756 cognoscit,quanti
3683 3695 3789 3735 eam

2175 3785 2321 3826 suus
2349 3769 2617 3825 conditor
2645 3770 3082 3834 testimarit.Qui
3111 3758 3255 3827 cum
3291 3773 3503 3845 origini
3553 3772 3790 3830 humana:

2174 3856 2428 3914 multum
2459 3858 2703 3928 dederit,
2723 3860 2879 3932 quod
2895 3876 3001 3915 nos
3031 3860 3103 3915 ad
3134 3860 3455 3934 imaginem
3483 3878 3642 3918 suam
3657 3857 3785 3924 fecit,

2174 3946 2526 4019 reparationi
2552 3953 2762 4004 nostrae
2778 3947 2949 4021 longe
2967 3948 3223 4021 amplius
3241 3950 3605 4017 tribuit,cum
3622 3945 3785 4005 servili

2174 4035 2403 4091 formari
2410 4052 2513 4108 pse
2542 4052 2605 4092 se
2637 4036 2922 4093 Dominus
2944 4038 3536 4109 coaptavit.Quamvis
3560 4037 3703 4095 enim
3727 4050 3785 4091 ex

2172 4125 2621 4197 unaeademque
2651 4124 2861 4198 pietate
2881 4126 2979 4193 sit,
3012 4125 3299 4199 quidquid
3332 4133 3607 4185 creaturae
3637 4125 3781 4181 Crea-

2172 4216 2265 4269 tor
2294 4214 2600 4286 impendit,
2634 4215 2831 4272 minus
2863 4218 3056 4271 tamen
3079 4216 3296 4273 mirum
3310 4221 3399 4274 est
3428 4216 3707 4276 hominem
3722 4212 3781 4268 ad

2169 4302 2365 4358 divina
2376 4303 2677 4376 proficere,
2692 4322 2725 4376 q
2737 4321 2867 4360 uam
2885 4303 3068 4361 Deum
3086 4306 3158 4361 ad
3174 4306 3436 4364 humana
3447 4305 3779 4365 descendere.

2341 4460 2519 4549 (tinus.
2542 4478 2683 4543 mss.
2719 4463 2962 4549 S.'Petri
2994 4469 3051 4520 et
3080 4464 3282 4549 prima.
3298 4468 3497 4539 editio,
3517 4462 3752 4549 utquod.

2239 4534 2316 4603 (ἡ)
2336 4533 2752 4613 §upplevimus
2771 4534 2955 4613 dicens
2969 4552 3036 4613 ex
3067 4533 3291 4613 aliqugt
3320 4533 3778 4613 mss.etedit_ioni-

491 4606 565 4683 (b)
593 4595 881 4683 Itaqcodd,‘
896 4608 954 4683 S.
987 4608 1745 4683 Petri,quibus_congruunt
1773 4609 2057 4664 mss.col-
2089 4595 2135 4661 D
2167 4595 2305 4683 90's.;
2327 4595 2483 4683 Deiri
2504 4605 2904 4683 pripaﬁeditio
2930 4624 2947 4683 ξ
2974 4595 3190 4683 Ιιινᾳυίξ
3222 4595 3501 4668 Dominus,
3530 4610 3777 4666 veritatem

416 4675 553 4749 lcet.
583 4678 608 4731 1
644 4682 702 4732 et
741 4681 794 4732 2.
848 4678 1047 4733 Solum
1097 4675 1251 4735 enim
1298 4675 1579 4736 omittunt
1626 4696 1822 4737 vocem
1872 4684 2060 4736 nostra

413 4764 592 4818 quam
624 4749 939 4818 praeferunt
968 4749 1067 4803 alii
1101 4752 1329 4807 codices
1350 4757 1407 4807 et
1454 4753 1705 4808 Leonino
1746 4768 1906 4807 more
1938 4752 2055 4806 exi-

410 4834 545 4891 gere
556 4818 793 4893 videtur
812 4820 1178 4893 subsequens
1196 4839 1300 4877 vox
1326 4824 1516 4893 ipsius.
1552 4826 1728 4878 Antea
1756 4822 2059 4891 legebatur

410 4895 472 4963 in
503 4890 678 4945 editis
695 4895 753 4945 et
782 4890 1023 4964 aliquot:
1044 4907 1185 4947 mss.
1214 4909 1228 4946 :
1259 4890 1411 4948 Sicut
1453 4898 1626 4964 fartus
1673 4897 1751 4948 est
1794 4890 2058 4948 Dominus

408 4962 536 5017 caro
565 4970 753 5035 nostra
778 4962 1064 5030 nascendo,
1091 4966 1169 5035 ita
1201 4967 1251 5018 et
1280 4980 1387 5018 non
1403 4962 1537 5031 facti
1571 4981 1759 5019 sumus
1784 4966 1958 5035 ipsius
1971 4981 2057 5019 re-

407 5031 693 5107 nascemlo.
723 5033 859 5087 Post
890 5050 1094 5107 pauca,
1108 5034 1350 5107 Spiritus
1383 5036 1610 5107 Dei,pro
1638 5031 1876 5107 Spiritus
1895 5052 2055 5090 sanc-

409 5104 473 5171 ti,
507 5110 597 5158 est
621 5101 676 5157 in
705 5101 1003 5159 nonnullis
1022 5101 1339 5161 codicibus.

478 5173 715 5258 (c).Cod.
750 5174 1547 5258 S.nPetri,“et.nostrapeccata
1576 5176 1775 5258 delere,
1801 5185 1851 5236 et
1879 5178 2053 5258 sua-in

404 5247 1143 5324 nos_donape_rﬁcere.‘Deiu
1182 5247 1239 5302 in
1272 5247 1569 5320 aliquibus
1598 5249 1789 5319 codd.,
1831 5263 1932 5324 per
1974 5250 2055 5302 in-

403 5318 565 5390 ﬁnita
600 5320 803 5375 saecula
824 5319 1173 5390 saeculorum.

401 5389 550 5515 d_(d)
587 5390 695 5446 Ms.
728 5390 786 5446 S.
820 5389 972 5445 Petri
1006 5407 1070 5445 ac
1104 5389 1271 5459 Bon.,
1302 5395 1358 5446 et
1396 5389 1587 5462 prima
1616 5390 1813 5459 editio,
1849 5400 2053 5453 veritas

440 5477 612 5515 wzna.

440 5477 612 5516 rvina.

468 5533 540 5609 (ᾳ)
589 5531 781 5609 Aliqui
830 5533 997 5589 codd.
1051 5531 1175 5589 Vat.
1223 5538 1281 5589 et
1327 5533 1488 5601 Bon.,
1523 5548 1589 5587 ac
1622 5533 1813 5603 prima
1843 5538 2046 5609 editio,

396 5606 708 5660 materiam.
1594 5644 1597 5647 γ

464 5676 533 5753 (Γ)
569 5676 687 5738 Duo
720 5675 777 5737 S.
799 5676 950 5740 Petri
980 5680 1036 5736 et
1057 5692 1212 5738 unus
1231 5676 1384 5753 Vat,
1405 5676 1827 5755 signationibus.

770 5862 775 5869 ι

2167 4673 2359 4748 David.
2405 4673 2542 4730 Cod.
2590 4676 2647 4730 S.
2701 4676 2872 4745 Petri,
2913 4679 3126 4734 Iuravit
3154 4681 3439 4747 Dominus,
3458 4692 3509 4738 et
3559 4695 3657 4735 non
3678 4691 3776 4748 ρω-

2165 4746 2357 4801 nitebit
2386 4762 2509 4801 eum
2538 4764 2551 4801 :
2583 4748 2658 4802 De
2673 4750 2861 4818 fructu
2889 4752 3092 4811 ventris
3118 4753 3204 4806 tui
3224 4769 3433 4823 ponam
3451 4746 3776 4825 super-sedem

2165 4832 2364 4870 meam.

2237 4904 2304 4984 )
2480 4908 2617 4984 Bon.
2652 4906 3133 4984 etprimaeditio,
3154 4914 3442 4984 concipiet.
3476 4909 3669 4969 Moxin
3683 4901 3771 4984 cod

2164 4979 2220 5049 ἑξ.
2253 4974 2425 5049 Petri,
2447 4974 2859 5049 ‘zioeabunt—pro
2894 4974 3171 5036 vocabitur
3194 4987 3217 5038 Ρ
3244 4974 3391 5040 ρι’ἰο
3422 4984 3643 5041 duobus
3663 4978 3770 5049 ejus

2167 5044 2299 5124 dem
2334 5044 2610 5124 basilicae,
2632 5044 2771 5124 quod
2798 5054 2875 5104 est
2907 5053 3343 5124 interpretatum.

2235 5117 2303 5196 (j)
2334 5116 2397 5171 In
2428 5115 2657 5198 (iugibus
2689 5118 2817 5198 Vat.
2840 5125 2909 5198 et
2927 5115 3231 5198 uno'an.,
3263 5143 3373 5182 non
3401 5127 3617 5198 dubium
3633 5115 3764 5198 quod:

2164 5185 2583 5265 Prima__editio,
2616 5208 2726 5265 non
2755 5192 2917 5265 dubie
2945 5195 3104 5265 quod.
3132 5185 3257 5252 Duo
3286 5214 3428 5253 mss.
3477 5202 3531 5252 S.
3563 5185 3698 5250 Petri
3724 5190 3769 5243 et

2163 5274 2317 5339 unus
2337 5258 2500 5339 yet,
2532 5276 2642 5339 non
2672 5262 2918 5339 dubium,
2952 5258 3072 5320 sine
3099 5268 3255 5339 quod.

2232 5329 2306 5400 (Ιί)
2336 5330 2703 5411 [tetinuimus
2740 5329 3046 5411 lectionem
3092 5329 3291 5411 prima:
3338 5337 3620 5411 editionis,
3658 5344 3765 5404 qua?

2161 5415 2305 5476 mss.
2344 5402 2722 5476 Lectionariis
2737 5404 2803 5476 Si.
2828 5405 2978 5461 Petri
2993 5412 3052 5462 et
3080 5402 3246 5464 codd.
3281 5410 3502 5466 collect.
3533 5402 3765 5476 compro—

2161 5471 2353 5527 batur.
2379 5472 2442 5528 In
2474 5475 2699 5531 caeteris
2718 5475 2891 5532 editis
2921 5481 2979 5533 et
3005 5493 3147 5536 mss.
3169 5481 3572 5538 desiderantur
3595 5471 3761 5539 verba,

2150 5543 2293 5615 justi
2321 5545 2382 5615 in
2411 5545 2660 5615 Domino,
2693 5550 2765 5601 et.

2229 5615 2294 5700 ᾳ)
2321 5613 2589 5700 Quinque
2608 5610 2845 5700 mssast
2873 5619 3065 5700 prima
3086 5621 3303 5700 .editio.
3342 5622 3458 5681 diei
3484 5636 3647 5700 opere,
3676 5610 3760 5675 sed

2157 5686 2330 5746 antea
2358 5686 2733 5747 scribendum
2765 5686 2959 5762 fuerit,
2992 5693 3052 5753 in
3079 5691 3262 5772 hujus.
