3964 6218
158 374 233 457 tu
1330 430 1335 437 -
1600 378 1907 471 saeuo
1946 400 2162 472 XXVI.

3476 372 3617 479 su

157 535 391 607 promissa
436 552 676 613 quam
733 536 997 599 credita.
1028 516 1379 599 Hodieenim
1411 547 1617 600 auctor
1636 510 1843 599 mundi
1870 544 1928 611 Α
2024 547 2153 604 CAP.
2179 544 2276 604 ΙΙΙ.
2325 576 2393 591 -
2441 542 2712 604 Nascitur
2743 560 2900 622 ergo,
2948 544 3339 619 dilectissimi,
3378 564 3493 604 non
3527 546 3600 605 de

159 625 398 686 editusest
423 634 641 688 utero
667 631 994 707 virginali,
1020 636 1075 688 et
1104 632 1202 713 qui
1225 648 1430 689 omnes
1444 637 1684 691 naturas
1706 651 1845 692 con-

1954 635 2146 693 carnis
2165 636 2407 706 semine,
2443 637 2543 694 sed
2557 636 2627 694 de
2648 635 2867 711 Spiritu
2887 643 3088 695 sancto
3109 636 3391 707 Salvator,
3426 652 3601 711 quem

163 717 283 786 didit,
310 721 449 792 ejus
486 725 602 778 est
656 723 883 778 factus
934 721 1109 779 Filius
1160 737 1337 793 quam
1387 724 1617 780 creavit.
1663 725 1844 783 Hodie
1952 726 2153 797 primae
2197 725 2679 799 transgressionis
2719 727 3126 784 condemnatio
3184 745 3298 784 non
3346 730 3589 784 teneret.

163 807 372 867 Verbum
407 812 523 869 Dei
550 812 680 870 88
734 829 925 868 carne
969 811 1236 884 apparuit
1264 811 1562 879 vestitum,
1596 817 1651 869 et
1682 816 1837 886 quod

169 917 433 974 nunquam
461 901 595 958 fuit
632 900 944 958 humanis
964 899 1146 957 oculis
1178 899 1428 971 visibile,
1462 903 1635 976 ccepit
1664 904 1838 961 etiam

174 991 407 1046 manibus
428 1006 578 1047 esse
606 990 961 1046 tractabile.
980 991 1156 1047 Hodie
1176 996 1256 1062 (a)
1268 993 1533 1065 genitum
1550 994 1606 1047 in
1627 997 1839 1049 nostris

180 1081 334 1137 carnis
345 1080 709 1153 animasque
724 1080 1067 1136 substantia
1078 1080 1431 1138 Salvatorem
1447 1081 1728 1154 angelicis
1742 1100 1837 1138 vo-

187 1171 320 1227 cibus
338 1168 610 1225 didicere
632 1173 918 1241 pastores
942 1173 1027 1237 ;et
1041 1171 1195 1242 apud
1219 1170 1658 1227 Dominicorum
1690 1189 1836 1244 prae-

186 1258 577 1333 sulesgregum
604 1257 795 1314 hodie
815 1258 1244 1331 evangelizandi
1284 1260 1469 1315 forma
1482 1261 1837 1332 przecondita

185 1355 290 1407 est:
330 1352 393 1404 ut
422 1364 536 1403 nos
571 1364 826 1429 quoque
868 1364 1002 1403 cum
1026 1348 1280 1405 caelestis
1315 1348 1534 1404 militiae
1568 1349 1835 1434 dicamus

184 1437 442 1495 exercitu:
469 1437 667 1494 Gloria
690 1439 750 1491 in
772 1438 1005 1492 excelsis
1036 1438 1157 1502 Deo,
1189 1441 1240 1493 et
1266 1439 1325 1492 in
1348 1446 1495 1493 terra
1520 1456 1635 1510 pax
1664 1437 1836 1495 homi-

180 1528 326 1582 nibus
354 1526 837 1582 bonaevoluntatis
858 1526 1008 1597 (Luc.
1034 1543 1097 1594 II,
1123 1526 1229 1599 14).

239 1617 370 1672 Car.
395 1616 525 1672 11-
548 1614 841 1679 Quamvis
885 1614 1066 1687 igitur
1084 1614 1185 1669 illa
1213 1615 1461 1671 infantia
1482 1604 1660 1688 quam
1681 1615 1832 1672 Fillii

173 1706 267 1762 Dei
286 1723 403 1762 non
426 1710 519 1761 est
535 1703 865 1777 dedignata
896 1704 1193 1775 majestas,
1218 1705 1277 1759 in
1299 1704 1490 1761 virum
1512 1706 1830 1777 perfectum

171 1797 355 1851 astatis
371 1793 706 1868 adjectione
730 1797 1002 1866 provecta
1016 1794 1174 1863 sit,et
1186 1798 1594 1851 consummato
1610 1796 1832 1867 passio-

1953 815 2114 872 Unde
2126 815 2255 888 ipsa
2267 815 2461 872 collati
2480 816 2741 872 muneris
2756 817 3098 890 magnitudo
3113 818 3352 891 dignam
3379 835 3413 874 a
3426 817 3596 874 nobis

1951 905 2128 978 exigit
2166 923 2271 961 suo
2305 905 2611 978 splendore
2643 906 3043 962 reverentiam.
3080 908 3211 962 ideo
3236 906 3416 974 enim,
3441 907 3597 963 sicut

1948 995 2155 1050 beatus
2177 994 2567 1067 Apostolusm
2586 996 2770 1066 docet,
2794 1012 2901 1051 non
2923 998 3182 1068 spiritum
3210 998 3373 1069 hujus
3402 995 3602 1053 mundi

1947 1086 2270 1155 accepimus,
2303 1084 2395 1139 sed
2412 1085 2667 1156 spiritum
2688 1086 2785 1155 qui
2803 1101 2873 1140 ea:
2887 1087 2993 1141 Deo
3013 1093 3112 1153 est,
3144 1089 3205 1140 ut
3220 1087 3458 1141 sciamus
3479 1101 3598 1157 quae

1945 1190 1979 1228 a
2008 1175 2112 1228 Deo
2134 1173 2335 1229 donata
2354 1182 2481 1229 sunt
2502 1173 2656 1229 nobis
2678 1176 2723 1237 (Ι
2752 1172 2872 1229 Cor.
2898 1191 2962 1242 ιι,
2988 1173 3074 1245 l2)
3101 1191 3114 1230 :
3146 1177 3254 1239 QUI
3280 1192 3392 1231 NON
3429 1174 3599 1230 aliter

1946 1262 2037 1334 pie
2069 1262 2298 1326 colitur,
2351 1261 2464 1317 nisi
2512 1262 2570 1318 id
2620 1261 2670 1318 ei
2703 1263 2857 1334 quod
2892 1262 3016 1334 ipse
3046 1261 3251 1317 tribuit
3287 1263 3584 1319 offeratur.

1944 1350 2175 1422 Quid(g)
2199 1354 2395 1407 autem
2411 1351 2468 1406 in
2485 1351 2758 1407 thesauro
2772 1350 3085 1407 Dominicis
3098 1350 3388 1424 largitatis
3405 1353 3476 1407 ad
3492 1351 3593 1409 ho-

1944 1457 2143 1496 norem
2176 1440 2482 1513 prmsentis
2510 1440 2642 1496 festi
2672 1444 2792 1495 tam
2825 1456 3149 1512 congruum
3170 1440 3591 1513 possumusin—

1941 1528 2159 1593 venire,
2183 1545 2359 1600 quam
2400 1544 2621 1600 pacem,
2655 1546 2781 1600 quae
2807 1528 2865 1583 in
2888 1528 3189 1584 nativitate
3211 1530 3441 1585 Domini
3473 1529 3590 1604 pri-

1943 1634 2041 1674 ma
2069 1634 2164 1673 ese
2177 1616 2435 1689 angelico
2459 1618 2768 1689 praedicata
2790 1617 3120 1673 concentu?
3153 1622 3286 1690 Ipsa
3314 1618 3470 1675 enim
3498 1622 3588 1675 est

1944 1724 2068 1779 qua:
2098 1707 2251 1780 parit
2283 1706 2431 1762 ﬁlios
2472 1707 2595 1772 Dei,
2640 1706 2837 1762 nutrix
2886 1705 3213 1763 dilectionis
3244 1711 3301 1763 et
3330 1707 3585 1781 genitrix

1941 1796 2183 1852 unitatis
2204 1814 2217 1864 ;
2234 1794 2464 1868 requies
2481 1795 2806 1862 beatorum,
2836 1799 2892 1851 et
2909 1794 3250 1852 aeternitatis
3272 1796 3581 1854 habitacu-

166 1885 255 1940 nis
278 1889 337 1940 et
357 1882 818 1941 resurrectionis
838 1882 1160 1955 triumpho,
1195 1900 1400 1940 omnes
1425 1888 1707 1956 susceptae
1722 1902 1827 1957 pro
1864 1918 1911 1984 Β
1940 1884 2065 1941 lum
2087 1886 2286 1957 ;cujus
2302 1884 2410 1940 hoc
2422 1900 2569 1956 opus
2583 1884 2881 1956 prOprium
2897 1888 2952 1939 et
2968 1883 3218 1956 speciale
3232 1884 3583 1941 beneﬁcium

164 1975 337 2031 nobis
356 1972 715 2033 humilitatis
736 1972 1081 2028 transierint
1095 1971 1827 2039 actiones,renovattamen
1864 1971 1909 1984 “’
1938 1979 2048 2043 est,
2077 1979 2142 2029 ut
2163 1974 2377 2046 jungat
2398 1973 2513 2028 Deo
2554 1989 2702 2045 quos
2743 1971 2994 2028 secernit
3039 1973 3109 2027 de
3141 1974 3384 2029 mundo.
3419 1974 3586 2031 Unde

158 2065 337 2120 nobis
350 2063 642 2119 hodierna
655 2060 952 2117 festivitas
982 2062 1100 2117 nati
1131 2062 1273 2117 Jesu
1306 2079 1373 2117 ex
1390 2062 1575 2117 Maria
1590 2062 1828 2135 Virgine

156 2151 774 2226 sacraprimordia;et
788 2152 931 2206 dum
951 2150 1266 2207 Salvatoris
1298 2150 1482 2207 nostri
1512 2152 1828 2210 adoramus

149 2241 849 2308 ortum,invenimurnos
863 2244 1128 2296 nostrum
1141 2239 1433 2296 celebrare
1445 2240 1823 2314 principium.

150 2330 639 2388 Generatioenim
656 2328 877 2385 Christi
895 2328 1056 2402 origo
1075 2333 1164 2385 est
1180 2329 1376 2402 populi
1410 2330 1746 2399 Christiani,
1771 2335 1827 2387 et

146 2421 371 2477 natalis
385 2420 600 2493 capitis
621 2417 845 2474 natalis
866 2422 956 2474 est
977 2417 1671 2490 corporis.Habeantlicet
1702 2421 1821 2475 sin-

144 2509 275 2582 guli
293 2510 515 2583 quique
546 2510 891 2564 vocatorum
908 2506 1174 2562 ordinem
1200 2523 1397 2569 suum.
1415 2512 1469 2563 et
1491 2525 1695 2565 omnes
1712 2510 1823 2565 Ec—

144 2598 344 2655 clesiae
374 2598 480 2654 ﬁlii
500 2596 845 2670 temporum
868 2595 989 2652 sint
1005 2596 1377 2652 successione
1392 2596 1674 2666 distincti,
1700 2599 1826 2653 uni-

140 2690 325 2744 versa
339 2695 540 2744 tamen
559 2702 804 2743 summa
816 2684 1265 2752 ﬁdelium,tonte
1282 2691 1408 2740 orta
1426 2685 1822 2759 baptismatis,

146 2778 311 2832 sicut
333 2793 469 2832 cum
494 2774 733 2831 Christo
768 2774 826 2829 in
860 2773 1133 2846 passione
1167 2774 1447 2843 cruciﬁxi,
1471 2775 1530 2829 in
1564 2793 1822 2832 resurre-

146 2865 348 2922 ctione
367 2863 800 2931 resuscitati,in
826 2863 1166 2919 ascensione
1202 2864 1272 2918 ad
1315 2865 1610 2920 dexteram
1636 2865 1822 2921 Patris

148 2953 542 3020 collocati,ita
565 2968 704 3008 cum
736 2950 868 3023 ipso
887 2950 963 3023 (b)
984 2956 1124 3007 sunt
1152 2952 1209 3006 in
1225 2951 1334 3007 hac
1357 2952 1655 3008 nativitate
1687 2971 1822 3009 con-

146 3039 826 3113 geniti.Quisquisenim
839 3039 1147 3095 hominum
1160 3039 1220 3096 in
1234 3057 1605 3113 quacumque
1617 3044 1822 3099 mundi

148 3136 321 3201 parte
346 3130 723 3187 credentium
758 3132 1136 3201 regeneratur
1165 3129 1223 3184 in
1257 3129 1510 3196 Christo,
1546 3131 1822 3189 interciso

150 3219 462 3292 originalis
486 3220 730 3276 tramite
746 3218 1297 3284 vetustatis,transit
1324 3219 1383 3273 in
1416 3236 1629 3274 novum
1644 3219 1825 3276 homi-

1936 2062 2247 2135 Apostolus
2269 2062 2339 2117 ad
2363 2062 2472 2117 hoc
2493 2061 2714 2116 bonum
2747 2077 2853 2116 nos
2886 2060 3109 2129 incitat,
3143 2061 3340 2118 dicens
3370 2064 3583 2119 :Justi-

1936 2153 2091 2223 ﬁcati
2108 2167 2234 2222 ergo
2264 2168 2336 2206 ea:
2362 2151 2486 2221 ﬁde,
2516 2166 2706 2222 pacem
2748 2149 3045 2205 habeamus
3076 2150 3147 2205 ad
3200 2152 3365 2207 Deum
3405 2153 3580 2220 (Rom.

1935 2259 1990 2309 ν,
2028 2242 2080 2310 Ι)
2133 2241 2315 2312 Cujus
2337 2240 2638 2296 sententiae
2660 2238 2939 2295 brevitate
2970 2237 3236 2295 omnium
3268 2239 3385 2295 fere
3415 2256 3581 2297 man-

1936 2332 2206 2386 datorum
2227 2329 2561 2385 continetur
2580 2328 2819 2384 eﬁ‘ectus
2846 2345 2859 2383 :
2885 2327 3024 2400 quia
3053 2345 3154 2384 UBI
3184 2345 3393 2384 FUERIT
3423 2329 3581 2385 veni-

1934 2423 2025 2475 tas
2049 2419 2228 2491 pacis,
2263 2416 2410 2474 nihil
2439 2416 2519 2472 ibi
2550 2419 2742 2489 potest
2775 2417 2976 2472 deesse
2995 2417 3250 2473 virtutis.
3284 2416 3432 2482 Quid
3466 2422 3577 2489 est,

1934 2512 2151 2574 autem,
2184 2505 2573 2573 dilectissimi,
2608 2522 2810 2578 pacem
2852 2504 3065 2562 habere
3115 2506 3186 2562 ad
3230 2506 3438 2575 Deum,
3467 2507 3580 2564 nisi

1933 2595 2079 2651 velle
2101 2595 2256 2667 quod
2282 2595 2470 2666 jubet,
2506 2598 2563 2649 et
2595 2592 2747 2649 nolle
2777 2594 2933 2664 quod
2984 2594 3297 2666 prohibet?
3328 2595 3387 2652 Si
3420 2597 3578 2653 enim

1933 2684 2204 2740 humana:
2236 2682 2507 2738 amicitiae
2539 2698 2707 2755 pares
2728 2682 3025 2739 animoset
3048 2681 3270 2738 similes
3299 2687 3580 2756 expetunt

1932 2773 2282 2840 voluntates,
2319 2788 2423 2827 nec
2455 2788 2738 2843 umquam
2771 2770 3076 2827 diversitas
3108 2788 3337 2827 morum
3371 2772 3443 2828 ad
3476 2773 3576 2828 ﬁr-

1933 2879 2088 2917 mam
2114 2865 2301 2934 potest
2331 2860 2628 2933 pervenire
2660 2859 3576 2932 concordiam,quomododivinas

1934 2951 2225 3024 particeps
2255 2949 2367 3005 erit
2395 2949 2574 3021 pacis,
2604 2948 2776 3004 cuiea
2808 2946 3037 3020 placent
3067 2965 3191 3021 quae
3216 2953 3327 3004 Deo
3370 2948 3579 3023 displi-

1934 3045 2088 3107 cent,
2120 3044 2176 3095 et
2207 3038 2278 3095 iis
2327 3037 2547 3111 appetit
2569 3036 2841 3093 delectari
2864 3037 3080 3109 quibus
3112 3037 3279 3093 illum
3302 3037 3462 3094 novit
3490 3039 3579 3096 of-

1935 3130 2091 3185 fendi
2117 3129 2282 3184 ?Non
2310 3132 2399 3184 est
2430 3128 2539 3182 iste
2569 3127 2803 3181 animus
2828 3125 3082 3182 ﬁliorum
3113 3127 3231 3197 Dei,
3266 3144 3370 3184 nec
3400 3115 3578 3186 talem

1934 3218 2284 3291 sapientiam
2304 3216 2510 3289 recipit
2524 3215 2794 3288 adoptiva
2811 3214 3310 3272 nobilitas.Genus
3328 3215 3597 3275 electum'

149 3287 292 3364 nem
308 3308 680 3365 renascendo
704 3323 844 3369 ;nec
854 3306 978 3378 jam
1000 3305 1060 3360 in
1084 3307 1401 3380 propagine
1418 3308 1669 3364 habetur
1689 3326 1820 3365 car-
1850 3287 1894 3355 C
1933 3313 1989 3364 et
2006 3287 2729 3380 —regium,regenerationis
2751 3322 2869 3360 suae
2902 3305 3251 3377 respondeat
3280 3305 3573 3377 dignitati,

149 3397 308 3453 nalis
320 3397 535 3470 patris,
567 3396 675 3452 sed
690 3395 748 3450 in
773 3393 1041 3468 germine
1053 3394 1390 3465 Salvatoris,
1410 3396 1651 3469 quiideo
1664 3397 1821 3454 ﬁlius

148 3482 416 3542 hominis
446 3490 538 3542 est
588 3485 803 3551 factus,
839 3488 908 3539 ut
939 3500 1045 3539 nos
1075 3483 1176 3538 ﬁlii
1210 3483 1312 3541 Dei
1342 3502 1470 3541 esse
1500 3487 1818 3557 possimus.

148 3573 274 3631 Nisi
304 3576 468 3632 enim
501 3573 603 3630 ille
656 3574 730 3629 ad
764 3588 872 3628 nos
904 3573 1013 3628 hac
1055 3572 1386 3629 humilitate
1418 3575 1815 3644 descenderet,

150 3680 325 3721 nemo
351 3664 428 3720 ad
446 3663 621 3720 illum
643 3662 783 3719 ullis
806 3663 931 3717 suis
950 3661 1173 3717 meritis
1195 3663 1700 3735 perveniret.Nihil
1726 3664 1822 3720 hic

148 3757 497 3809 vocatorum
514 3751 796 3809 cordibus
810 3750 1080 3822 caliginis
1112 3750 1320 3807 inferat
1353 3753 1824 3825 terrenasapien-

154 3842 379 3910 tia,nec
402 3846 689 3898 secontra
710 3839 1087 3896 altitudinem
1111 3840 1309 3913 gratiae
1332 3841 1598 3909 Dei,mox
1622 3842 1680 3897 in
1706 3843 1827 3899 ima

154 3932 484 3999 rediturus,
517 3936 893 3987 terrenarum
924 3929 1344 4002 cogitationum
1364 3929 1553 4002 pulvis
1575 3931 1822 3987 attollat.

160 4019 483 4093 [inpletum
503 4024 595 4075 est
614 4018 673 4073 in
691 4019 809 4073 fine
832 4016 1179 4074 saeculorum
1196 4019 1351 4091 quod
1375 4024 1496 4074 erat
1514 4024 1648 4076 ante
1678 4025 1826 4075 tem-

160 4124 305 4178 pora
326 4113 550 4164 aeterna
578 4106 938 4179 dispositum
968 4124 979 4175 ;
1021 4110 1077 4161 et
1109 4107 1219 4162 sub
1250 4108 1561 4180 praesentia
1607 4126 1825 4175 rerum,

159 4196 741 4270 signiscessantibus
758 4195 1205 4268 ﬁgurarum,lex
1225 4201 1281 4251 et
1298 4196 1603 4269 prophetia
1615 4198 1827 4254 veritas

162 4286 317 4341 facta
339 4290 466 4341 est:
488 4284 863 4342 utAbraham
884 4284 1047 4340 ﬁeret
1068 4285 1333 4341 omnium
1353 4286 1617 4358 gentium
1642 4292 1826 4359 pater,

160 4378 222 4429 at
250 4374 313 4429 in
346 4373 574 4430 semine
605 4375 739 4445 ejus
755 4373 997 4428 daretur
1028 4374 1251 4429 mundo
1272 4375 1565 4446 promissa
1591 4375 1829 4431 benedi-

164 4464 280 4518 ctio
307 4482 325 4530 ;
350 4479 457 4519 nec
479 4462 540 4519 hi
556 4466 790 4518 tantum
805 4466 1001 4518 essent
1024 4462 1094 4534 (e)
1113 4461 1563 4536 Israelitaa,quos
1587 4464 1829 4537 sanguis

160 4556 223 4611 et
249 4568 392 4607 caro
420 4551 746 4625 genuisset,
780 4552 882 4606 sed
916 4551 975 4605 in
1009 4551 1437 4623 possessionem
1471 4552 1829 4609 hereditatis

1930 3396 2135 3469 diligat
2160 3395 2315 3467 quod
2346 3394 2539 3467 diligit
2556 3398 2741 3466 pater,
2764 3397 2821 3450 et
2840 3392 2899 3448 in
2917 3392 3077 3450 nullo
3097 3393 3168 3449 ab
3200 3398 3433 3450 auctore
3467 3411 3574 3452 suo

1930 3485 2257 3550 dissentiat,
2293 3500 2365 3540 ne
2411 3484 2624 3540 iterum
2673 3483 2831 3539 dicat
2856 3482 3177 3539 Dominus:
3211 3484 3378 3540 Filios
3406 3485 3578 3554 genui

1930 3584 1982 3632 et
2001 3576 2259 3641 exaltavi,
2284 3575 2393 3645 ipsi
2410 3582 2592 3629 autem
2612 3576 2933 3645 spreverunt
2949 3588 3054 3629 me.
3075 3574 3305 3642 Agnovit
3334 3573 3422 3629 bos
3448 3590 3576 3647 pos-

1929 3679 2186 3719 sessorem
2222 3679 2402 3729 suum,
2435 3666 2487 3717 et
2514 3663 2710 3717 asinus
2732 3677 2978 3734 praesepe
3003 3662 3216 3718 domini
3244 3664 3337 3723 sui
3356 3679 3378 3725 ;
3408 3663 3579 3719 Israel

1934 3757 2111 3808 autem
2140 3769 2224 3807 me
2252 3768 2359 3807 non
2390 3753 2657 3823 cognovit,
2710 3756 2762 3807 et
2790 3753 3023 3823 populus
3060 3768 3211 3807 meus
3242 3768 3326 3807 me
3354 3769 3467 3809 non
3497 3754 3581 3808 in-

1935 3842 2145 3898 tellexit
2167 3842 2315 3912 (Isai.
2337 3858 2376 3909 ι,
2398 3843 2456 3911 2,
2480 3843 2552 3913 3).

2007 3930 2140 3986 CAP.
2175 3930 2266 3985 IV.
2291 3960 2358 3969 —
2380 3930 2660 4003 Magnum
2688 3936 2793 3996 est,
2818 3927 3207 3996 dilectissimi,
3241 3928 3422 4000 hujus
3453 3945 3582 3984 mu-

1937 4018 2092 4075 neris
2124 4023 2579 4083 sacramentum,
2604 4021 2661 4072 et
2690 4016 2886 4072 omnia
2913 4017 3066 4072 dona
3094 4015 3319 4071 excedit
3346 4015 3455 4072 hoc
3486 4016 3587 4072 do-

1938 4124 2101 4174 num,
2126 4111 2188 4161 ut
2206 4111 2355 4161 Deus
2377 4105 2675 4161 hominem
2696 4109 2858 4160 vocet
2875 4104 3087 4171 ﬁlinm,
3122 4108 3178 4159 et
3197 4104 3373 4159 homo
3397 4104 3585 4160 Deum

1939 4196 2202 4251 nominet
2232 4199 2485 4266 patrem:
2511 4211 2610 4266 per
2626 4193 2733 4249 has
2765 4194 2921 4248 enim
2963 4191 3384 4264 appellationes
3407 4192 3586 4249 senti-

1936 4289 2035 4339 tur
2054 4288 2109 4339 et
2131 4283 2378 4339 discxtur
2398 4280 2531 4353 quis
2558 4281 2628 4336 ad
2652 4284 2875 4336 tantam
2908 4279 3279 4337 altitudinem
3310 4281 3589 4338 ascendat

1939 4374 2198 4430 aﬁ‘ectus.
2224 4372 2369 4427 Nam
2403 4370 2450 4427 si
2474 4370 2531 4424 in
2557 4369 2831 4443 progenie
2861 4368 3078 4425 carnali
3107 4373 3164 4425 et
3192 4370 3375 4442 stirpe
3413 4374 3587 4427 terre-

1939 4481 2015 4519 na
2033 4464 2136 4518 90
2153 4460 2325 4517 claris
2347 4459 2689 4533 parentibus
2720 4457 2948 4531 genitos
2975 4458 3119 4514 vitia
3146 4458 3312 4515 malae
3342 4476 3585 4517 conver-

1938 4551 2184 4608 sationis
2214 4551 2549 4616 obscurant,
2582 4552 2638 4604 et
2658 4548 2786 4621 ipso
2800 4548 3089 4619 majorum
3106 4548 3588 4607 suorumlumine

166 4640 307 4697 ﬁdei
327 4639 1203 4714 ﬁliispraeparataamniversitas
1218 4640 1826 4712 adoptionisintraret.
1863 4661 1913 4725 ι)
1941 4640 2170 4697 soboles
2200 4639 2442 4711 indigna
2471 4638 2889 4706 confunditur;
2940 4637 2997 4692 in
3032 4653 3207 4710 quem
3238 4639 3459 4695 exitum
3495 4656 3588 4695 ve-

169 4728 363 4801 δια)
386 4729 503 4786 Nec
524 4730 837 4801 obtrepant
858 4729 1193 4801 ineptarum
1216 4728 1523 4785 calumniae
1556 4732 1829 4804 quaestio-

170 4834 453 4887 num,nec
472 4817 718 4873 eﬁ‘ectus
741 4816 927 4873 divini
957 4817 1150 4890 operis
1183 4817 1549 4875 ratiocinatio
1570 4819 1832 4877 humana

171 4905 488 4973 discutiat;
510 4923 616 4963 nos
646 4922 786 4962 cum
817 4905 1113 4962 Abraham
1134 4906 1433 4963 credimus
1456 4907 1706 4975 Deo,noc
1722 4908 1832 4965 ha:-

175 4995 432 5052 sitamus
480 4994 814 5051 difﬁdentia
861 4995 1036 5067 (Rom.
1087 5012 1164 5063 1v,
1215 4996 1328 5067 20),
1358 4996 1458 5052 sed
1491 4996 1832 5069 plenissime

177 5085 402 5140 scimus
431 5083 716 5155 quoniam
741 5083 900 5156 quod
915 5081 1185 5155 promisit
1206 5084 1273 5155 (e)
1298 5084 1600 5152 Dominus,
1627 5090 1832 5157 potens

177 5177 267 5229 est
297 5173 506 5229 facere.

183 5315 317 5371 dam
350 5331 516 5385 mss.,
546 5316 972 5385 etconceptione
998 5315 1065 5371 de
1089 5315 1307 5384 Spiritu
1335 5324 1517 5372 sancto
1544 5321 1656 5373 tam
1693 5320 1836 5376 mire

177 5389 445 5468 promissa
476 5404 652 5468 quani
671 5387 904 5468 credita,
927 5394 1129 5468 ‘auctor
1165 5387 1562 5468 mundieditus
1592 5394 1689 5468 est.

237 5460 325 5599 ἔα)
356 5458 755 5529 νοισεηίιιιηι
779 5458 1147 5514 desideratur
1168 5458 1225 5512 in
1253 5459 1501 5515 ms.Vat.
1527 5460 1746 5516 collect.
1777 5462 1833 5516 5.

259 5529 1257 5599 b)Editi,summus.Anteponendam
1273 5529 1630 5587 credidimus
1644 5531 1833 5589 lectio-

259 5529 1257 5601 b)Editi,summus.Anteponendam
1273 5529 1630 5587 credidimus
1644 5531 1836 5589 leotio~

217 5617 309 5656 em
331 5602 589 5658 duorum
608 5617 759 5657 mss.
785 5601 845 5656 S.
873 5600 1023 5656 Petri
1055 5604 1112 5655 et
1144 5600 1320 5657 unius
1349 5601 1480 5656 Vat.

246 5674 317 5799 (c2
364 5671 625 5755 vulgati,
654 5672 849 5729 Israel.
884 5671 1249 5729 Correximus
1279 5689 1350 5728 ex
1376 5689 1521 5729 mss.
1562 5673 1621 5729 S.
1656 5674 1831 5729 Petri.

248 5746 264 5799 (
310 5744 548 5799 lAhoui
570 5744 772 5799 codd..
796 5743 913 5799 Non
940 5744 1266 5799 obstrepant.

248 5743 325 5815 (d)
346 5743 548 5817 Aliqui
570 5744 772 5810 codd.,
796 5743 913 5800 Non
940 5744 1266 5815 obstrepant.

1940 4731 2122 4797 nient,
2156 4729 2257 4801 qui
2288 4731 2524 4800 propter
2572 4742 2829 4782 amorem
2880 4726 3084 4782 mundi
3132 4745 3166 4782 a
3213 4726 3588 4800 generatione

1940 4818 2151 4875 Christi
2176 4834 2291 4874 non
2332 4819 2602 4874 metuunt
2632 4814 2889 4872 abdicari
2912 4815 3014 4872 ?Si
3045 4819 3241 4872 autem
3270 4817 3343 4874 ad
3376 4817 3588 4874 huma-

1940 4926 2076 4965 nam
2095 4907 2346 4980 pcrtinet
2376 4906 2609 4962 Iaudem
2641 4908 2704 4960 ut
2734 4908 2968 4977 patrum
3000 4905 3176 4962 decus
3209 4906 3267 4961 in
3300 4904 3463 4978 prole
3498 4922 3590 4963 re-

1942 4997 2264 5071 splendeat,
2300 5000 2518 5068 quanto
2538 4994 2723 5067 magis
2737 4993 3057 5068 gloriosum
3072 4998 3160 5050 est
3174 4994 3461 5067 exDeo(h)
3493 5010 3594 5050 na-

1942 5087 2018 5142 tis
2040 5086 2097 5141 in
2122 5085 2477 5141 auctorissui
2507 5083 2825 5157 imaginem
2850 5083 3218 5157 refulgere,et
3241 5082 3410 5139 illum
3442 5082 3502 5138 in
3530 5098 3594 5139 se

1941 5176 2043 5248 qui
2069 5192 2169 5231 eos
2216 5173 2511 5248 generavit
2540 5173 2867 5241 ostendere,
2911 5172 3139 5229 dicente
3170 5171 3418 5229 Domino
3447 5187 3460 5227 :
3498 5169 3590 5225 Sic

2015 5318 2087 5451 βε)
2118 5318 2257 5400 Mss.
2293 5317 2351 5373 S.
2381 5317 2555 5384 Petri,
2582 5317 2737 5371 Deus.

2036 5391 2082 5451 Γ)
2109 5390 2171 5444 In
2204 5390 2410 5445 iisdem
2445 5388 2612 5444 codd.
2640 5392 2698 5443 S.
2730 5388 2737 5441 l

2022 5386 2082 5460 ff)
2109 5390 2171 5444 In
2204 5389 2410 5445 iisdem
2445 5388 2612 5444 codd.
2640 5392 2698 5443 S.
2730 5386 2905 5442 Petri.
2939 5386 3139 5442 docuit.
3345 5451 3377 5460 η
3438 5447 3477 5460 ,,
3521 5448 3530 5460 ,
3576 5446 3590 5458 .

2108 5460 2538 5533 Supposuimus
2553 5462 2736 5515 autem
2766 5474 2868 5530 pro
2897 5459 3049 5513 enim
3078 5474 3145 5512 ex
3174 5468 3317 5509 mss.
3343 5451 3400 5505 S.
3438 5447 3593 5501 Petri

1946 5534 2003 5587 et
2034 5530 2390 5600 quibusdam
2420 5530 2552 5586 Vat.
2978 5598 2990 5600 _
3018 5598 3031 5600 _
3106 5596 3133 5600 _
3187 5593 3223 5600 _
3270 5592 3279 5600 ,
3325 5587 3338 5600 ,

2050 5550 2390 5587 γυιυυεαξιω
2432 5550 2552 5586 vat.

2018 5550 2098 5674 (Ἄ)
2122 5602 2237 5671 AL,
2286 5611 2461 5674 natos.
2497 5602 2628 5657 Mox
2674 5616 2761 5655 eos
2792 5613 2860 5653 ex
2889 5598 3057 5653 codd.
3099 5596 3157 5650 S.
3187 5587 3341 5646 Petri
3371 5588 3431 5641 et
3457 5583 3592 5640 Vat.

1948 5673 2313 5747 scripsimus.
2346 5673 2459 5742 Al.,
2484 5674 2631 5729 illos.
