  <div class='ocr_page' id='page_1' title='image "/cluster/home/n/w/nwhite01/storage/ocr_20150623/54/uva.x000827097/115.png"; bbox 0 0 3964 6218; ppageno 0'>
   <div class='ocr_carea' id='block_1_1' title="bbox 390 357 3839 439">
    <p class='ocr_par' dir='ltr' id='par_1_1' title="bbox 390 357 3839 439">
     <span class='ocr_line' id='line_1_1' title="bbox 390 357 3839 439; baseline -0.004 -2"><span class='ocrx_word' id='word_1_1' title='bbox 390 367 519 439; x_wconf 63' lang='lat'>31.5</span> <span class='ocrx_word' id='word_1_2' title='bbox 1503 368 1568 431; x_wconf 92' lang='lat' dir='ltr'>S.</span> <span class='ocrx_word' id='word_1_3' title='bbox 1613 364 1897 430; x_wconf 84' lang='lat' dir='ltr'>LEONIS</span> <span class='ocrx_word' id='word_1_4' title='bbox 1942 358 2195 425; x_wconf 65' lang='lat' dir='ltr'><strong>MAGNI</strong></span> <span class='ocrx_word' id='word_1_5' title='bbox 2234 361 2683 427; x_wconf 74' lang='lat' dir='ltr'>SERMONES.</span> <span class='ocrx_word' id='word_1_6' title='bbox 3676 357 3799 422; x_wconf 60' lang='grc' dir='ltr'>Ἀθ</span> <span class='ocrx_word' id='word_1_7' title='bbox 3832 378 3839 387; x_wconf 84' lang='grc'>·</span> 
     </span>
    </p>
   </div>
   <div class='ocr_carea' id='block_1_2' title="bbox 398 494 3792 577">
    <p class='ocr_par' dir='ltr' id='par_1_2' title="bbox 398 494 3792 577">
     <span class='ocr_line' id='line_1_2' title="bbox 398 494 3792 577; baseline -0.001 -19"><span class='ocrx_word' id='word_1_8' title='bbox 398 502 576 559; x_wconf 79' lang='lat' dir='ltr'>luceat</span> <span class='ocrx_word' id='word_1_9' title='bbox 597 503 673 577; x_wconf 90' lang='lat' dir='ltr'>(a)</span> <span class='ocrx_word' id='word_1_10' title='bbox 695 504 879 562; x_wconf 80' lang='lat' dir='ltr'>lumen</span> <span class='ocrx_word' id='word_1_11' title='bbox 903 514 1139 563; x_wconf 77' lang='lat' dir='ltr'>vestrum</span> <span class='ocrx_word' id='word_1_12' title='bbox 1160 522 1343 561; x_wconf 83' lang='lat' dir='ltr'>coram</span> <span class='ocrx_word' id='word_1_13' title='bbox 1366 504 1693 571; x_wconf 72' lang='lat' dir='ltr'>hominibus,</span> <span class='ocrx_word' id='word_1_14' title='bbox 1729 505 1787 557; x_wconf 77' lang='lat' dir='ltr'>ut</span> <span class='ocrx_word' id='word_1_15' title='bbox 1818 500 2035 556; x_wconf 76' lang='lat' dir='ltr'>videant</span> <span class='ocrx_word' id='word_1_16' title='bbox 2063 494 2121 565; x_wconf 78' lang='grc' dir='ltr'><strong>Α</strong></span> <span class='ocrx_word' id='word_1_17' title='bbox 2149 496 2223 569; x_wconf 81' lang='lat' dir='ltr'>(g)</span> <span class='ocrx_word' id='word_1_18' title='bbox 2256 496 2736 570; x_wconf 84' lang='lat' dir='ltr'>inquit,mundns</span> <span class='ocrx_word' id='word_1_19' title='bbox 2748 495 3038 556; x_wconf 73' lang='lat' dir='ltr'>amicitias</span> <span class='ocrx_word' id='word_1_20' title='bbox 3053 494 3506 561; x_wconf 79' lang='lat' dir='ltr'>suas.etmultos</span> <span class='ocrx_word' id='word_1_21' title='bbox 3520 495 3792 570; x_wconf 81' lang='lat' dir='ltr'>facitper-</span> 
     </span>
    </p>
   </div>
   <div class='ocr_carea' id='block_1_3' title="bbox 396 585 3788 667">
    <p class='ocr_par' dir='ltr' id='par_1_3' title="bbox 396 585 3788 667">
     <span class='ocr_line' id='line_1_3' title="bbox 396 585 3788 667; baseline -0.002 -18"><span class='ocrx_word' id='word_1_22' title='bbox 396 609 559 666; x_wconf 82' lang='lat' dir='ltr'>opera</span> <span class='ocrx_word' id='word_1_23' title='bbox 589 603 767 650; x_wconf 87' lang='lat' dir='ltr'>vestra</span> <span class='ocrx_word' id='word_1_24' title='bbox 792 595 948 661; x_wconf 82' lang='lat' dir='ltr'>bona,</span> <span class='ocrx_word' id='word_1_25' title='bbox 980 599 1031 651; x_wconf 85' lang='lat' dir='ltr'>et</span> <span class='ocrx_word' id='word_1_26' title='bbox 1049 596 1399 667; x_wconf 77' lang='lat' dir='ltr'>magni/irent</span> <span class='ocrx_word' id='word_1_27' title='bbox 1422 596 1649 653; x_wconf 81' lang='lat' dir='ltr'>Patrem</span> <span class='ocrx_word' id='word_1_28' title='bbox 1680 599 1915 647; x_wconf 84' lang='lat' dir='ltr'>vestrum</span> <span class='ocrx_word' id='word_1_29' title='bbox 1941 590 2039 661; x_wconf 85' lang='lat' dir='ltr'>qui</span> <span class='ocrx_word' id='word_1_30' title='bbox 2144 603 2344 644; x_wconf 89' lang='lat' dir='ltr'>versos</span> <span class='ocrx_word' id='word_1_31' title='bbox 2374 604 2571 643; x_wconf 89' lang='lat' dir='ltr'>amore</span> <span class='ocrx_word' id='word_1_32' title='bbox 2604 588 2935 644; x_wconf 81' lang='lat' dir='ltr'>concordes.</span> <span class='ocrx_word' id='word_1_33' title='bbox 2970 589 3114 644; x_wconf 85' lang='lat' dir='ltr'>Sunt</span> <span class='ocrx_word' id='word_1_34' title='bbox 3144 587 3319 643; x_wconf 88' lang='lat' dir='ltr'>etiam</span> <span class='ocrx_word' id='word_1_35' title='bbox 3348 586 3407 642; x_wconf 94' lang='lat' dir='ltr'>in</span> <span class='ocrx_word' id='word_1_36' title='bbox 3434 585 3598 643; x_wconf 83' lang='lat' dir='ltr'>vitiis</span> <span class='ocrx_word' id='word_1_37' title='bbox 3627 603 3788 659; x_wconf 86' lang='lat' dir='ltr'>pares</span> 
     </span>
    </p>
   </div>
   <div class='ocr_carea' id='block_1_4' title="bbox 396 675 3795 754">
    <p class='ocr_par' dir='ltr' id='par_1_4' title="bbox 396 675 3795 754">
     <span class='ocr_line' id='line_1_4' title="bbox 396 675 3795 754; baseline -0.001 -18"><span class='ocrx_word' id='word_1_38' title='bbox 396 682 456 737; x_wconf 88' lang='lat' dir='ltr'>in</span> <span class='ocrx_word' id='word_1_39' title='bbox 484 685 634 738; x_wconf 66' lang='lat' dir='ltr'>castis</span> <span class='ocrx_word' id='word_1_40' title='bbox 662 687 739 739; x_wconf 85' lang='lat' dir='ltr'>est</span> <span class='ocrx_word' id='word_1_41' title='bbox 769 684 984 751; x_wconf 79' lang='lat' dir='ltr'>(Matth.</span> <span class='ocrx_word' id='word_1_42' title='bbox 1018 703 1071 753; x_wconf 89' lang='lat' dir='ltr'>v,</span> <span class='ocrx_word' id='word_1_43' title='bbox 1114 684 1228 754; x_wconf 77' lang='lat'>16);</span> <span class='ocrx_word' id='word_1_44' title='bbox 1287 687 1343 738; x_wconf 88' lang='lat' dir='ltr'>et</span> <span class='ocrx_word' id='word_1_45' title='bbox 1372 683 1685 737; x_wconf 77' lang='lat' dir='ltr'>insidiante</span> <span class='ocrx_word' id='word_1_46' title='bbox 1718 678 1950 736; x_wconf 85' lang='lat' dir='ltr'>diabolo</span> <span class='ocrx_word' id='word_1_47' title='bbox 1983 681 2039 733; x_wconf 92' lang='lat' dir='ltr'>et</span> <span class='ocrx_word' id='word_1_48' title='bbox 2148 675 3597 750; x_wconf 73' lang='lat' dir='ltr'>animi,etsimilitudodesideriorumaaqualitatem</span> <span class='ocrx_word' id='word_1_49' title='bbox 3613 675 3795 750; x_wconf 80' lang='lat' dir='ltr'>gignit</span> 
     </span>
    </p>
   </div>
   <div class='ocr_carea' id='block_1_5' title="bbox 401 776 2037 851">
    <p class='ocr_par' dir='ltr' id='par_1_5' title="bbox 401 776 2037 851">
     <span class='ocr_line' id='line_1_5' title="bbox 401 776 2037 851; baseline -0.004 -16"><span class='ocrx_word' id='word_1_50' title='bbox 401 778 624 851; x_wconf 83' lang='lat' dir='ltr'>angelis</span> <span class='ocrx_word' id='word_1_51' title='bbox 641 780 787 849; x_wconf 86' lang='lat' dir='ltr'>ejus,</span> <span class='ocrx_word' id='word_1_52' title='bbox 804 780 910 836; x_wconf 87' lang='lat' dir='ltr'>hoc</span> <span class='ocrx_word' id='word_1_53' title='bbox 932 779 1258 836; x_wconf 82' lang='lat' dir='ltr'>innumeris</span> <span class='ocrx_word' id='word_1_54' title='bbox 1275 779 1697 836; x_wconf 88' lang='lat' dir='ltr'>tentationibus</span> <span class='ocrx_word' id='word_1_55' title='bbox 1715 776 2037 841; x_wconf 79' lang='lat' dir='ltr'>laboratur,</span> 
     </span>
    </p>
   </div>
   <div class='ocr_carea' id='block_1_6' title="bbox 401 866 2043 941">
    <p class='ocr_par' dir='ltr' id='par_1_6' title="bbox 401 866 2043 941">
     <span class='ocr_line' id='line_1_6' title="bbox 401 866 2043 941; baseline -0.003 -19"><span class='ocrx_word' id='word_1_56' title='bbox 401 871 468 922; x_wconf 92' lang='lat' dir='ltr'>ut</span> <span class='ocrx_word' id='word_1_57' title='bbox 498 867 795 923; x_wconf 86' lang='lat' dir='ltr'>hominem</span> <span class='ocrx_word' id='word_1_58' title='bbox 817 869 887 924; x_wconf 89' lang='lat' dir='ltr'>ad</span> <span class='ocrx_word' id='word_1_59' title='bbox 912 885 1167 941; x_wconf 88' lang='lat' dir='ltr'>superna</span> <span class='ocrx_word' id='word_1_60' title='bbox 1197 870 1501 937; x_wconf 82' lang='lat' dir='ltr'>nitentem,</span> <span class='ocrx_word' id='word_1_61' title='bbox 1530 872 1633 922; x_wconf 90' lang='lat' dir='ltr'>aut</span> <span class='ocrx_word' id='word_1_62' title='bbox 1661 866 1903 922; x_wconf 90' lang='lat' dir='ltr'>adversa</span> <span class='ocrx_word' id='word_1_63' title='bbox 1931 870 2043 918; x_wconf 89' lang='lat' dir='ltr'>ter-</span> 
     </span>
    </p>
   </div>
   <div class='ocr_carea' id='block_1_7' title="bbox 402 952 2043 1029">
    <p class='ocr_par' dir='ltr' id='par_1_7' title="bbox 402 952 2043 1029">
     <span class='ocr_line' id='line_1_7' title="bbox 402 952 2043 1029; baseline -0.003 -18"><span class='ocrx_word' id='word_1_64' title='bbox 402 960 585 1024; x_wconf 90' lang='lat' dir='ltr'>reant,</span> <span class='ocrx_word' id='word_1_65' title='bbox 619 960 721 1012; x_wconf 88' lang='lat' dir='ltr'>aut</span> <span class='ocrx_word' id='word_1_66' title='bbox 751 958 1011 1013; x_wconf 86' lang='lat' dir='ltr'>secunda</span> <span class='ocrx_word' id='word_1_67' title='bbox 1029 962 1410 1029; x_wconf 83' lang='lat' dir='ltr'>corrumpant</span> <span class='ocrx_word' id='word_1_68' title='bbox 1435 974 1448 1023; x_wconf 90' lang='lat'><strong>;</strong></span> <span class='ocrx_word' id='word_1_69' title='bbox 1469 957 1566 1013; x_wconf 90' lang='lat' dir='ltr'>sed</span> <span class='ocrx_word' id='word_1_70' title='bbox 1602 956 1792 1027; x_wconf 89' lang='lat' dir='ltr'>major</span> <span class='ocrx_word' id='word_1_71' title='bbox 1820 956 1909 1009; x_wconf 89' lang='lat' dir='ltr'>est</span> <span class='ocrx_word' id='word_1_72' title='bbox 1940 952 2043 1025; x_wconf 89' lang='lat' dir='ltr'>qui</span> 
     </span>
    </p>
   </div>
   <div class='ocr_carea' id='block_1_8' title="bbox 401 1043 2043 1118">
    <p class='ocr_par' dir='ltr' id='par_1_8' title="bbox 401 1043 2043 1118">
     <span class='ocr_line' id='line_1_8' title="bbox 401 1043 2043 1118; baseline -0.003 -19"><span class='ocrx_word' id='word_1_73' title='bbox 401 1043 460 1099; x_wconf 91' lang='lat' dir='ltr'>in</span> <span class='ocrx_word' id='word_1_74' title='bbox 492 1045 661 1101; x_wconf 90' lang='lat' dir='ltr'>nobis</span> <span class='ocrx_word' id='word_1_75' title='bbox 692 1050 781 1101; x_wconf 90' lang='lat' dir='ltr'>est</span> <span class='ocrx_word' id='word_1_76' title='bbox 811 1062 990 1117; x_wconf 89' lang='lat' dir='ltr'>quam</span> <span class='ocrx_word' id='word_1_77' title='bbox 1034 1046 1133 1118; x_wconf 90' lang='lat' dir='ltr'>qui</span> <span class='ocrx_word' id='word_1_78' title='bbox 1181 1046 1495 1101; x_wconf 89' lang='lat' dir='ltr'>adversum</span> <span class='ocrx_word' id='word_1_79' title='bbox 1540 1061 1647 1100; x_wconf 91' lang='lat' dir='ltr'>nos</span> <span class='ocrx_word' id='word_1_80' title='bbox 1697 1047 1808 1107; x_wconf 85' lang='lat' dir='ltr'>est,</span> <span class='ocrx_word' id='word_1_81' title='bbox 1841 1055 2043 1114; x_wconf 87' lang='lat' dir='ltr'>pacem</span> 
     </span>
    </p>
   </div>
   <div class='ocr_carea' id='block_1_9' title="bbox 402 1129 2046 1206">
    <p class='ocr_par' dir='ltr' id='par_1_9' title="bbox 402 1129 2046 1206">
     <span class='ocr_line' id='line_1_9' title="bbox 402 1129 2046 1206; baseline -0.003 -18"><span class='ocrx_word' id='word_1_82' title='bbox 402 1149 537 1188; x_wconf 91' lang='lat' dir='ltr'>cum</span> <span class='ocrx_word' id='word_1_83' title='bbox 568 1138 681 1189; x_wconf 90' lang='lat' dir='ltr'>Deo</span> <span class='ocrx_word' id='word_1_84' title='bbox 709 1134 1086 1202; x_wconf 84' lang='lat' dir='ltr'>habentibus,</span> <span class='ocrx_word' id='word_1_85' title='bbox 1137 1150 1203 1190; x_wconf 91' lang='lat' dir='ltr'>ac</span> <span class='ocrx_word' id='word_1_86' title='bbox 1235 1150 1468 1206; x_wconf 81' lang='lat' dir='ltr'>semper</span> <span class='ocrx_word' id='word_1_87' title='bbox 1518 1133 1672 1188; x_wconf 90' lang='lat' dir='ltr'>Patri</span> <span class='ocrx_word' id='word_1_88' title='bbox 1702 1136 1821 1187; x_wconf 86' lang='lat' dir='ltr'>toto</span> <span class='ocrx_word' id='word_1_89' title='bbox 1873 1129 2046 1184; x_wconf 91' lang='lat' dir='ltr'>corde</span> 
     </span>
    </p>
   </div>
   <div class='ocr_carea' id='block_1_10' title="bbox 401 1216 2046 1294">
    <p class='ocr_par' dir='ltr' id='par_1_10' title="bbox 401 1216 2046 1294">
     <span class='ocr_line' id='line_1_10' title="bbox 401 1216 2046 1294; baseline -0.001 -18"><span class='ocrx_word' id='word_1_90' title='bbox 401 1220 754 1293; x_wconf 83' lang='lat' dir='ltr'>dicentibus,</span> <span class='ocrx_word' id='word_1_91' title='bbox 804 1224 924 1278; x_wconf 79' lang='lat' dir='ltr'>Fiat</span> <span class='ocrx_word' id='word_1_92' title='bbox 956 1223 1206 1279; x_wconf 85' lang='lat' dir='ltr'>voluntas</span> <span class='ocrx_word' id='word_1_93' title='bbox 1233 1225 1358 1277; x_wconf 79' lang='lat' dir='ltr'>tuas</span> <span class='ocrx_word' id='word_1_94' title='bbox 1389 1221 1592 1294; x_wconf 80' lang='lat' dir='ltr'>(Matth.</span> <span class='ocrx_word' id='word_1_95' title='bbox 1623 1238 1700 1287; x_wconf 82' lang='lat' dir='ltr'>v1,</span> <span class='ocrx_word' id='word_1_96' title='bbox 1736 1220 1847 1291; x_wconf 81' lang='grc'>10),</span> <span class='ocrx_word' id='word_1_97' title='bbox 1882 1216 2046 1274; x_wconf 89' lang='lat' dir='ltr'>nulla</span> 
     </span>
    </p>
   </div>
   <div class='ocr_carea' id='block_1_11' title="bbox 403 1315 2042 1392">
    <p class='ocr_par' dir='ltr' id='par_1_11' title="bbox 403 1315 2042 1392">
     <span class='ocr_line' id='line_1_11' title="bbox 403 1315 2042 1392; baseline 0.001 -21"><span class='ocrx_word' id='word_1_98' title='bbox 403 1317 715 1389; x_wconf 65' lang='lat' dir='ltr'>praevalere</span> <span class='ocrx_word' id='word_1_99' title='bbox 727 1318 1222 1389; x_wconf 87' lang='lat' dir='ltr'>certamina,nulli</span> <span class='ocrx_word' id='word_1_100' title='bbox 1245 1323 1493 1392; x_wconf 88' lang='lat' dir='ltr'>possunt</span> <span class='ocrx_word' id='word_1_101' title='bbox 1506 1335 1707 1374; x_wconf 89' lang='lat' dir='ltr'>nocere</span> <span class='ocrx_word' id='word_1_102' title='bbox 1720 1315 2042 1374; x_wconf 87' lang='lat' dir='ltr'>conﬂictus.</span> 
     </span>
    </p>
   </div>
   <div class='ocr_carea' id='block_1_12' title="bbox 404 1406 2049 1480">
    <p class='ocr_par' dir='ltr' id='par_1_12' title="bbox 404 1406 2049 1480">
     <span class='ocr_line' id='line_1_12' title="bbox 404 1406 2049 1480; baseline 0 -19"><span class='ocrx_word' id='word_1_103' title='bbox 404 1406 761 1464; x_wconf 87' lang='lat' dir='ltr'>Accusantes</span> <span class='ocrx_word' id='word_1_104' title='bbox 800 1408 957 1463; x_wconf 91' lang='lat' dir='ltr'>enim</span> <span class='ocrx_word' id='word_1_105' title='bbox 1001 1408 1393 1480; x_wconf 87' lang='lat' dir='ltr'>nosmetipsos</span> <span class='ocrx_word' id='word_1_106' title='bbox 1433 1406 2049 1463; x_wconf 85' lang='lat' dir='ltr'>confessionibusnos-</span> 
     </span>
    </p>
   </div>
   <div class='ocr_carea' id='block_1_13' title="bbox 408 1494 2053 1569">
    <p class='ocr_par' dir='ltr' id='par_1_13' title="bbox 408 1494 2053 1569">
     <span class='ocr_line' id='line_1_13' title="bbox 408 1494 2053 1569; baseline 0 -20"><span class='ocrx_word' id='word_1_107' title='bbox 408 1494 601 1565; x_wconf 88' lang='lat' dir='ltr'>tris,et</span> <span class='ocrx_word' id='word_1_108' title='bbox 620 1512 968 1553; x_wconf 85' lang='lat' dir='ltr'>consensum</span> <span class='ocrx_word' id='word_1_109' title='bbox 986 1497 1164 1552; x_wconf 89' lang='lat' dir='ltr'>animi</span> <span class='ocrx_word' id='word_1_110' title='bbox 1180 1496 1372 1553; x_wconf 89' lang='lat' dir='ltr'>carnis</span> <span class='ocrx_word' id='word_1_111' title='bbox 1385 1494 1871 1569; x_wconf 90' lang='lat' dir='ltr'>concupiscentiis</span> <span class='ocrx_word' id='word_1_112' title='bbox 1883 1495 2053 1550; x_wconf 83' lang='lat' dir='ltr'>dene-</span> 
     </span>
    </p>
   </div>
   <div class='ocr_carea' id='block_1_14' title="bbox 411 1590 2051 1668">
    <p class='ocr_par' dir='ltr' id='par_1_14' title="bbox 411 1590 2051 1668">
     <span class='ocr_line' id='line_1_14' title="bbox 411 1590 2051 1668; baseline -0.001 -19"><span class='ocrx_word' id='word_1_113' title='bbox 411 1598 637 1667; x_wconf 80' lang='lat' dir='ltr'>gantes,</span> <span class='ocrx_word' id='word_1_114' title='bbox 673 1594 1011 1651; x_wconf 82' lang='lat' dir='ltr'>inimicitias</span> <span class='ocrx_word' id='word_1_115' title='bbox 1043 1594 1279 1668; x_wconf 89' lang='lat' dir='ltr'>quidem</span> <span class='ocrx_word' id='word_1_116' title='bbox 1308 1595 1619 1650; x_wconf 88' lang='lat' dir='ltr'>adversum</span> <span class='ocrx_word' id='word_1_117' title='bbox 1648 1594 1916 1665; x_wconf 86' lang='lat' dir='ltr'>nosejus,</span> <span class='ocrx_word' id='word_1_118' title='bbox 1950 1590 2051 1664; x_wconf 91' lang='lat' dir='ltr'>qui</span> 
     </span>
    </p>
   </div>
   <div class='ocr_carea' id='block_1_15' title="bbox 409 1680 2054 1756">
    <p class='ocr_par' dir='ltr' id='par_1_15' title="bbox 409 1680 2054 1756">
     <span class='ocr_line' id='line_1_15' title="bbox 409 1680 2054 1756; baseline -0.002 -17"><span class='ocrx_word' id='word_1_119' title='bbox 409 1684 631 1756; x_wconf 88' lang='lat' dir='ltr'>peccati</span> <span class='ocrx_word' id='word_1_120' title='bbox 647 1688 969 1751; x_wconf 88' lang='lat' dir='ltr'>auctorest,</span> <span class='ocrx_word' id='word_1_121' title='bbox 1004 1700 1463 1750; x_wconf 89' lang='lat' dir='ltr'>commovemus,</span> <span class='ocrx_word' id='word_1_122' title='bbox 1500 1683 1600 1739; x_wconf 89' lang='lat' dir='ltr'>sed</span> <span class='ocrx_word' id='word_1_123' title='bbox 1634 1680 2054 1755; x_wconf 87' lang='lat' dir='ltr'>inexpugnabi-</span> 
     </span>
    </p>
   </div>
   <div class='ocr_carea' id='block_1_16' title="bbox 409 1771 2053 1846">
    <p class='ocr_par' dir='ltr' id='par_1_16' title="bbox 409 1771 2053 1846">
     <span class='ocr_line' id='line_1_16' title="bbox 409 1771 2053 1846; baseline -0.001 -19"><span class='ocrx_word' id='word_1_124' title='bbox 409 1771 525 1830; x_wconf 87' lang='lat' dir='ltr'>lem</span> <span class='ocrx_word' id='word_1_125' title='bbox 539 1789 673 1829; x_wconf 91' lang='lat' dir='ltr'>cum</span> <span class='ocrx_word' id='word_1_126' title='bbox 687 1773 802 1829; x_wconf 88' lang='lat' dir='ltr'>Deo</span> <span class='ocrx_word' id='word_1_127' title='bbox 831 1789 1034 1845; x_wconf 89' lang='lat' dir='ltr'>pacem</span> <span class='ocrx_word' id='word_1_128' title='bbox 1064 1772 1263 1846; x_wconf 78' lang='lat' dir='ltr'>gratiae</span> <span class='ocrx_word' id='word_1_129' title='bbox 1297 1772 1484 1845; x_wconf 86' lang='lat' dir='ltr'>ipsius</span> <span class='ocrx_word' id='word_1_130' title='bbox 1517 1771 1818 1828; x_wconf 76' lang='lat' dir='ltr'>serviendo</span> <span class='ocrx_word' id='word_1_131' title='bbox 1856 1771 2053 1826; x_wconf 82' lang='lat' dir='ltr'>firma-</span> 
     </span>
    </p>
   </div>
   <div class='ocr_carea' id='block_1_17' title="bbox 411 1858 2134 1935">
    <p class='ocr_par' dir='ltr' id='par_1_17' title="bbox 411 1858 2134 1935">
     <span class='ocr_line' id='line_1_17' title="bbox 411 1858 2134 1935; baseline -0.002 -18"><span class='ocrx_word' id='word_1_132' title='bbox 411 1878 567 1926; x_wconf 88' lang='lat' dir='ltr'>mus,</span> <span class='ocrx_word' id='word_1_133' title='bbox 599 1866 666 1918; x_wconf 89' lang='lat' dir='ltr'>ut</span> <span class='ocrx_word' id='word_1_134' title='bbox 690 1861 829 1935; x_wconf 83' lang='lat' dir='ltr'>Regi</span> <span class='ocrx_word' id='word_1_135' title='bbox 855 1866 1056 1918; x_wconf 88' lang='lat' dir='ltr'>nostro</span> <span class='ocrx_word' id='word_1_136' title='bbox 1081 1879 1196 1917; x_wconf 90' lang='lat' dir='ltr'>non</span> <span class='ocrx_word' id='word_1_137' title='bbox 1220 1861 1412 1917; x_wconf 89' lang='lat' dir='ltr'>solum</span> <span class='ocrx_word' id='word_1_138' title='bbox 1435 1858 1764 1917; x_wconf 88' lang='lat' dir='ltr'>obedientia</span> <span class='ocrx_word' id='word_1_139' title='bbox 1785 1858 2055 1930; x_wconf 86' lang='lat' dir='ltr'>subjicia-</span> <span class='ocrx_word' id='word_1_140' title='bbox 2087 1864 2134 1931; x_wconf 84' lang='grc' dir='ltr'><strong>Β</strong></span> 
     </span>
    </p>
   </div>
   <div class='ocr_carea' id='block_1_18' title="bbox 2150 764 3799 838">
    <p class='ocr_par' dir='ltr' id='par_1_18' title="bbox 2150 764 3799 838">
     <span class='ocr_line' id='line_1_18' title="bbox 2150 764 3799 838; baseline -0.001 -17"><span class='ocrx_word' id='word_1_141' title='bbox 2150 766 2437 821; x_wconf 73' lang='lat' dir='ltr'>affectum.</span> <span class='ocrx_word' id='word_1_142' title='bbox 2467 766 2544 837; x_wconf 77' lang='grc' dir='ltr'>(ἡ)</span> <span class='ocrx_word' id='word_1_143' title='bbox 2568 767 2636 820; x_wconf 88' lang='lat' dir='ltr'>Et</span> <span class='ocrx_word' id='word_1_144' title='bbox 2665 766 2714 821; x_wconf 90' lang='lat' dir='ltr'>si</span> <span class='ocrx_word' id='word_1_145' title='bbox 2749 766 2991 838; x_wconf 89' lang='lat' dir='ltr'>quidam</span> <span class='ocrx_word' id='word_1_146' title='bbox 3020 766 3260 822; x_wconf 80' lang='lat' dir='ltr'>forsitan</span> <span class='ocrx_word' id='word_1_147' title='bbox 3285 765 3656 837; x_wconf 88' lang='lat' dir='ltr'>reperiantur</span> <span class='ocrx_word' id='word_1_148' title='bbox 3676 764 3799 838; x_wconf 78' lang='lat' dir='ltr'>qui-</span> 
     </span>
    </p>
   </div>
   <div class='ocr_carea' id='block_1_19' title="bbox 2151 854 3837 927">
    <p class='ocr_par' dir='ltr' id='par_1_19' title="bbox 2151 854 3837 927">
     <span class='ocr_line' id='line_1_19' title="bbox 2151 854 3837 927; baseline 0.001 -18"><span class='ocrx_word' id='word_1_149' title='bbox 2151 854 2261 909; x_wconf 86' lang='lat' dir='ltr'>bus</span> <span class='ocrx_word' id='word_1_150' title='bbox 2285 860 2527 926; x_wconf 88' lang='lat' dir='ltr'>pravaet</span> <span class='ocrx_word' id='word_1_151' title='bbox 2548 854 2857 911; x_wconf 77' lang='lat' dir='ltr'>inhonesta</span> <span class='ocrx_word' id='word_1_152' title='bbox 2882 872 2996 911; x_wconf 90' lang='lat' dir='ltr'>non</span> <span class='ocrx_word' id='word_1_153' title='bbox 3018 854 3305 926; x_wconf 80' lang='lat' dir='ltr'>placeant,</span> <span class='ocrx_word' id='word_1_154' title='bbox 3325 855 3549 927; x_wconf 84' lang='lat' dir='ltr'>quique</span> <span class='ocrx_word' id='word_1_155' title='bbox 3568 854 3793 911; x_wconf 82' lang='lat' dir='ltr'>illicitas</span> <span class='ocrx_word' id='word_1_156' title='bbox 3834 892 3837 893; x_wconf 51' lang='grc' dir='ltr'><em>ν</em></span> 
     </span>
    </p>
   </div>
   <div class='ocr_carea' id='block_1_20' title="bbox 2152 941 3798 1008">
    <p class='ocr_par' dir='ltr' id='par_1_20' title="bbox 2152 941 3798 1008">
     <span class='ocr_line' id='line_1_20' title="bbox 2152 941 3798 1008; baseline 0.002 -11"><span class='ocrx_word' id='word_1_157' title='bbox 2152 941 2568 999; x_wconf 85' lang='lat' dir='ltr'>consensiones</span> <span class='ocrx_word' id='word_1_158' title='bbox 2595 960 2628 998; x_wconf 93' lang='lat' dir='ltr'>a</span> <span class='ocrx_word' id='word_1_159' title='bbox 2656 942 2868 999; x_wconf 86' lang='lat' dir='ltr'>fcedere</span> <span class='ocrx_word' id='word_1_160' title='bbox 2890 960 3009 999; x_wconf 62' lang='lat' dir='ltr'>suis</span> <span class='ocrx_word' id='word_1_161' title='bbox 3031 942 3335 999; x_wconf 88' lang='lat' dir='ltr'>charitatis</span> <span class='ocrx_word' id='word_1_162' title='bbox 3357 941 3691 1008; x_wconf 82' lang='lat' dir='ltr'>excludant,</span> <span class='ocrx_word' id='word_1_163' title='bbox 3722 947 3798 1000; x_wconf 87' lang='lat' dir='ltr'>ta-</span> 
     </span>
    </p>
   </div>
   <div class='ocr_carea' id='block_1_21' title="bbox 2154 1029 3794 1100">
    <p class='ocr_par' dir='ltr' id='par_1_21' title="bbox 2154 1029 3794 1100">
     <span class='ocr_line' id='line_1_21' title="bbox 2154 1029 3794 1100; baseline 0.001 -14"><span class='ocrx_word' id='word_1_164' title='bbox 2154 1047 2287 1087; x_wconf 88' lang='lat' dir='ltr'>men</span> <span class='ocrx_word' id='word_1_165' title='bbox 2318 1030 2495 1087; x_wconf 86' lang='lat' dir='ltr'>etiam</span> <span class='ocrx_word' id='word_1_166' title='bbox 2526 1029 2693 1096; x_wconf 84' lang='lat' dir='ltr'>tales,</span> <span class='ocrx_word' id='word_1_167' title='bbox 2725 1030 2772 1087; x_wconf 93' lang='lat' dir='ltr'>si</span> <span class='ocrx_word' id='word_1_168' title='bbox 2794 1030 2881 1087; x_wconf 91' lang='lat' dir='ltr'>vel</span> <span class='ocrx_word' id='word_1_169' title='bbox 2902 1031 3088 1087; x_wconf 58' lang='lat' dir='ltr'>Judaei</span> <span class='ocrx_word' id='word_1_170' title='bbox 3111 1030 3248 1098; x_wconf 87' lang='lat' dir='ltr'>sint,</span> <span class='ocrx_word' id='word_1_171' title='bbox 3286 1030 3376 1087; x_wconf 88' lang='lat' dir='ltr'>vel</span> <span class='ocrx_word' id='word_1_172' title='bbox 3398 1031 3682 1100; x_wconf 62' lang='lat' dir='ltr'>haeretici,</span> <span class='ocrx_word' id='word_1_173' title='bbox 3711 1032 3794 1087; x_wconf 85' lang='lat' dir='ltr'>vel</span> 
     </span>
    </p>
   </div>
   <div class='ocr_carea' id='block_1_22' title="bbox 2155 1119 3797 1193">
    <p class='ocr_par' dir='ltr' id='par_1_22' title="bbox 2155 1119 3797 1193">
     <span class='ocr_line' id='line_1_22' title="bbox 2155 1119 3797 1193; baseline 0.001 -19"><span class='ocrx_word' id='word_1_174' title='bbox 2155 1119 2388 1191; x_wconf 86' lang='lat' dir='ltr'>pagani,</span> <span class='ocrx_word' id='word_1_175' title='bbox 2405 1135 2518 1175; x_wconf 89' lang='lat' dir='ltr'>non</span> <span class='ocrx_word' id='word_1_176' title='bbox 2541 1120 2612 1175; x_wconf 91' lang='lat' dir='ltr'>de</span> <span class='ocrx_word' id='word_1_177' title='bbox 2636 1119 2898 1175; x_wconf 87' lang='lat' dir='ltr'>amicitia</span> <span class='ocrx_word' id='word_1_178' title='bbox 2912 1120 3035 1188; x_wconf 92' lang='lat' dir='ltr'>Dei,</span> <span class='ocrx_word' id='word_1_179' title='bbox 3056 1120 3156 1176; x_wconf 88' lang='lat' dir='ltr'>sed</span> <span class='ocrx_word' id='word_1_180' title='bbox 3179 1120 3251 1176; x_wconf 93' lang='lat' dir='ltr'>de</span> <span class='ocrx_word' id='word_1_181' title='bbox 3269 1136 3408 1193; x_wconf 86' lang='lat' dir='ltr'>pace</span> <span class='ocrx_word' id='word_1_182' title='bbox 3421 1124 3567 1176; x_wconf 91' lang='lat' dir='ltr'>sunt</span> <span class='ocrx_word' id='word_1_183' title='bbox 3579 1120 3797 1176; x_wconf 77' lang='lat' dir='ltr'>mundi.</span> 
     </span>
    </p>
   </div>
   <div class='ocr_carea' id='block_1_23' title="bbox 2156 1207 3800 1282">
    <p class='ocr_par' dir='ltr' id='par_1_23' title="bbox 2156 1207 3800 1282">
     <span class='ocr_line' id='line_1_23' title="bbox 2156 1207 3800 1282; baseline 0.001 -18"><span class='ocrx_word' id='word_1_184' title='bbox 2156 1209 2271 1264; x_wconf 87' lang='lat' dir='ltr'>Pax</span> <span class='ocrx_word' id='word_1_185' title='bbox 2301 1214 2492 1264; x_wconf 88' lang='lat' dir='ltr'>autem</span> <span class='ocrx_word' id='word_1_186' title='bbox 2528 1207 2883 1281; x_wconf 86' lang='lat' dir='ltr'>spiritalium</span> <span class='ocrx_word' id='word_1_187' title='bbox 2915 1213 2973 1265; x_wconf 83' lang='lat' dir='ltr'>et</span> <span class='ocrx_word' id='word_1_188' title='bbox 3000 1208 3444 1277; x_wconf 84' lang='lat' dir='ltr'>catholicorum,</span> <span class='ocrx_word' id='word_1_189' title='bbox 3478 1226 3513 1266; x_wconf 89' lang='lat' dir='ltr'>a</span> <span class='ocrx_word' id='word_1_190' title='bbox 3535 1209 3800 1282; x_wconf 85' lang='lat' dir='ltr'>supernis</span> 
     </span>
    </p>
   </div>
   <div class='ocr_carea' id='block_1_24' title="bbox 2156 1297 3811 1370">
    <p class='ocr_par' dir='ltr' id='par_1_24' title="bbox 2156 1297 3811 1370">
     <span class='ocr_line' id='line_1_24' title="bbox 2156 1297 3811 1370; baseline 0.002 -18"><span class='ocrx_word' id='word_1_191' title='bbox 2156 1298 2220 1370; x_wconf 78' lang='grc' dir='ltr'>(ί)</span> <span class='ocrx_word' id='word_1_192' title='bbox 2233 1297 2551 1364; x_wconf 89' lang='lat' dir='ltr'>veniens,et</span> <span class='ocrx_word' id='word_1_193' title='bbox 2562 1297 2633 1352; x_wconf 88' lang='lat' dir='ltr'>ad</span> <span class='ocrx_word' id='word_1_194' title='bbox 2647 1314 2931 1369; x_wconf 89' lang='lat' dir='ltr'>surperna</span> <span class='ocrx_word' id='word_1_195' title='bbox 2945 1298 3433 1370; x_wconf 89' lang='lat' dir='ltr'>perducens,cum</span> <span class='ocrx_word' id='word_1_196' title='bbox 3445 1298 3811 1356; x_wconf 77' lang='lat' dir='ltr'>amatoribus</span> 
     </span>
    </p>
   </div>
   <div class='ocr_carea' id='block_1_25' title="bbox 2157 1384 3803 1453">
    <p class='ocr_par' dir='ltr' id='par_1_25' title="bbox 2157 1384 3803 1453">
     <span class='ocr_line' id='line_1_25' title="bbox 2157 1384 3803 1453; baseline 0 -11"><span class='ocrx_word' id='word_1_197' title='bbox 2157 1386 2365 1442; x_wconf 90' lang='lat' dir='ltr'>mundi</span> <span class='ocrx_word' id='word_1_198' title='bbox 2389 1384 2552 1441; x_wconf 86' lang='lat' dir='ltr'>nulla</span> <span class='ocrx_word' id='word_1_199' title='bbox 2567 1403 2673 1442; x_wconf 90' lang='lat' dir='ltr'>nos</span> <span class='ocrx_word' id='word_1_200' title='bbox 2684 1385 3235 1441; x_wconf 89' lang='lat' dir='ltr'>vultcommunione</span> <span class='ocrx_word' id='word_1_201' title='bbox 3249 1385 3618 1453; x_wconf 83' lang='lat' dir='ltr'>misceri,sed</span> <span class='ocrx_word' id='word_1_202' title='bbox 3631 1387 3803 1444; x_wconf 87' lang='lat' dir='ltr'>omni-</span> 
     </span>
    </p>
   </div>
   <div class='ocr_carea' id='block_1_26' title="bbox 2160 1473 3804 1548">
    <p class='ocr_par' dir='ltr' id='par_1_26' title="bbox 2160 1473 3804 1548">
     <span class='ocr_line' id='line_1_26' title="bbox 2160 1473 3804 1548; baseline -0.001 -18"><span class='ocrx_word' id='word_1_203' title='bbox 2160 1475 2271 1530; x_wconf 88' lang='lat' dir='ltr'>bus</span> <span class='ocrx_word' id='word_1_204' title='bbox 2293 1474 2611 1530; x_wconf 86' lang='lat' dir='ltr'>obstaculis</span> <span class='ocrx_word' id='word_1_205' title='bbox 2634 1473 2925 1545; x_wconf 86' lang='lat' dir='ltr'>resistere,</span> <span class='ocrx_word' id='word_1_206' title='bbox 2958 1478 3015 1531; x_wconf 86' lang='lat' dir='ltr'>et</span> <span class='ocrx_word' id='word_1_207' title='bbox 3045 1474 3119 1530; x_wconf 89' lang='lat' dir='ltr'>ad</span> <span class='ocrx_word' id='word_1_208' title='bbox 3147 1489 3284 1531; x_wconf 89' lang='lat' dir='ltr'>vera</span> <span class='ocrx_word' id='word_1_209' title='bbox 3299 1475 3522 1548; x_wconf 90' lang='lat' dir='ltr'>gaudia</span> <span class='ocrx_word' id='word_1_210' title='bbox 3551 1491 3588 1530; x_wconf 88' lang='lat' dir='ltr'>a</span> <span class='ocrx_word' id='word_1_211' title='bbox 3616 1476 3804 1548; x_wconf 85' lang='lat' dir='ltr'>perni-</span> 
     </span>
    </p>
   </div>
   <div class='ocr_carea' id='block_1_27' title="bbox 2160 1561 3805 1630">
    <p class='ocr_par' dir='ltr' id='par_1_27' title="bbox 2160 1561 3805 1630">
     <span class='ocr_line' id='line_1_27' title="bbox 2160 1561 3805 1630; baseline 0.001 -11"><span class='ocrx_word' id='word_1_212' title='bbox 2160 1563 2336 1620; x_wconf 90' lang='lat' dir='ltr'>ciosis</span> <span class='ocrx_word' id='word_1_213' title='bbox 2352 1562 2841 1619; x_wconf 77' lang='lat' dir='ltr'>delectationibus</span> <span class='ocrx_word' id='word_1_214' title='bbox 2864 1561 3111 1630; x_wconf 86' lang='lat' dir='ltr'>evolare,</span> <span class='ocrx_word' id='word_1_215' title='bbox 3129 1562 3360 1619; x_wconf 88' lang='lat' dir='ltr'>dicente</span> <span class='ocrx_word' id='word_1_216' title='bbox 3388 1563 3639 1621; x_wconf 89' lang='lat' dir='ltr'>Domino</span> <span class='ocrx_word' id='word_1_217' title='bbox 3667 1581 3681 1620; x_wconf 90' lang='lat'><strong>:</strong></span> <span class='ocrx_word' id='word_1_218' title='bbox 3715 1566 3805 1622; x_wconf 85' lang='lat' dir='ltr'>Ubi</span> 
     </span>
    </p>
   </div>
   <div class='ocr_carea' id='block_1_28' title="bbox 2158 1652 3804 1725">
    <p class='ocr_par' dir='ltr' id='par_1_28' title="bbox 2158 1652 3804 1725">
     <span class='ocr_line' id='line_1_28' title="bbox 2158 1652 3804 1725; baseline 0.001 -17"><span class='ocrx_word' id='word_1_219' title='bbox 2158 1654 2327 1721; x_wconf 79' lang='lat' dir='ltr'>fuerit</span> <span class='ocrx_word' id='word_1_220' title='bbox 2343 1653 2629 1708; x_wconf 71' lang='lat' dir='ltr'>thesaurus</span> <span class='ocrx_word' id='word_1_221' title='bbox 2653 1660 2796 1718; x_wconf 85' lang='lat' dir='ltr'>tuus,</span> <span class='ocrx_word' id='word_1_222' title='bbox 2813 1652 2880 1725; x_wconf 88' lang='lat' dir='ltr'>(j)</span> <span class='ocrx_word' id='word_1_223' title='bbox 2902 1652 2980 1708; x_wconf 82' lang='lat' dir='ltr'>ibi</span> <span class='ocrx_word' id='word_1_224' title='bbox 2994 1654 3100 1709; x_wconf 84' lang='lat' dir='ltr'>erit</span> <span class='ocrx_word' id='word_1_225' title='bbox 3119 1655 3169 1708; x_wconf 84' lang='lat' dir='ltr'>et</span> <span class='ocrx_word' id='word_1_226' title='bbox 3190 1668 3281 1708; x_wconf 90' lang='lat' dir='ltr'>cor</span> <span class='ocrx_word' id='word_1_227' title='bbox 3302 1660 3461 1707; x_wconf 76' lang='lat' dir='ltr'>tuum</span> <span class='ocrx_word' id='word_1_228' title='bbox 3483 1653 3711 1725; x_wconf 76' lang='lat' dir='ltr'>(Matth.</span> <span class='ocrx_word' id='word_1_229' title='bbox 3733 1672 3804 1718; x_wconf 81' lang='lat' dir='ltr'>v1,</span> 
     </span>
    </p>
   </div>
   <div class='ocr_carea' id='block_1_29' title="bbox 2158 1740 3807 1813">
    <p class='ocr_par' dir='ltr' id='par_1_29' title="bbox 2158 1740 3807 1813">
     <span class='ocr_line' id='line_1_29' title="bbox 2158 1740 3807 1813; baseline 0.002 -17"><span class='ocrx_word' id='word_1_230' title='bbox 2158 1743 2291 1805; x_wconf 81' lang='lat'>21):</span> <span class='ocrx_word' id='word_1_231' title='bbox 2323 1741 2433 1797; x_wconf 91' lang='lat' dir='ltr'>hoc</span> <span class='ocrx_word' id='word_1_232' title='bbox 2463 1746 2570 1810; x_wconf 86' lang='lat' dir='ltr'>est,</span> <span class='ocrx_word' id='word_1_233' title='bbox 2605 1740 2653 1797; x_wconf 90' lang='lat' dir='ltr'>si</span> <span class='ocrx_word' id='word_1_234' title='bbox 2685 1742 2959 1796; x_wconf 88' lang='lat' dir='ltr'>deorsum</span> <span class='ocrx_word' id='word_1_235' title='bbox 3005 1744 3147 1796; x_wconf 89' lang='lat' dir='ltr'>sunt</span> <span class='ocrx_word' id='word_1_236' title='bbox 3186 1757 3315 1813; x_wconf 71' lang='lat' dir='ltr'>quae</span> <span class='ocrx_word' id='word_1_237' title='bbox 3368 1757 3561 1811; x_wconf 88' lang='lat' dir='ltr'>amas,</span> <span class='ocrx_word' id='word_1_238' title='bbox 3596 1741 3669 1797; x_wconf 90' lang='lat' dir='ltr'>ad</span> <span class='ocrx_word' id='word_1_239' title='bbox 3700 1741 3807 1800; x_wconf 85' lang='lat' dir='ltr'>ima</span> 
     </span>
    </p>
   </div>
   <div class='ocr_carea' id='block_1_30' title="bbox 2163 1828 3808 1902">
    <p class='ocr_par' dir='ltr' id='par_1_30' title="bbox 2163 1828 3808 1902">
     <span class='ocr_line' id='line_1_30' title="bbox 2163 1828 3808 1902; baseline 0.002 -17"><span class='ocrx_word' id='word_1_240' title='bbox 2163 1829 2516 1897; x_wconf 77' lang='lat' dir='ltr'>descendas;</span> <span class='ocrx_word' id='word_1_241' title='bbox 2551 1829 2600 1885; x_wconf 88' lang='lat' dir='ltr'>si</span> <span class='ocrx_word' id='word_1_242' title='bbox 2631 1846 2871 1884; x_wconf 89' lang='lat' dir='ltr'>sursum</span> <span class='ocrx_word' id='word_1_243' title='bbox 2902 1833 3041 1885; x_wconf 90' lang='lat' dir='ltr'>sunt</span> <span class='ocrx_word' id='word_1_244' title='bbox 3070 1846 3199 1901; x_wconf 67' lang='lat' dir='ltr'>qum</span> <span class='ocrx_word' id='word_1_245' title='bbox 3231 1828 3451 1902; x_wconf 86' lang='lat' dir='ltr'>diligis,</span> <span class='ocrx_word' id='word_1_246' title='bbox 3485 1829 3563 1888; x_wconf 90' lang='lat' dir='ltr'>ad</span> <span class='ocrx_word' id='word_1_247' title='bbox 3585 1847 3808 1888; x_wconf 84' lang='lat' dir='ltr'>summa</span> 
     </span>
    </p>
   </div>
   <div class='ocr_carea' id='block_1_31' title="bbox 410 1916 3806 2022">
    <p class='ocr_par' dir='ltr' id='par_1_31' title="bbox 410 1916 3806 2022">
     <span class='ocr_line' id='line_1_31' title="bbox 410 1916 3806 2022; baseline -0.004 -10"><span class='ocrx_word' id='word_1_248' title='bbox 410 1965 564 2017; x_wconf 77' lang='lat' dir='ltr'>mur,</span> <span class='ocrx_word' id='word_1_249' title='bbox 596 1950 697 2005; x_wconf 88' lang='lat' dir='ltr'>sed</span> <span class='ocrx_word' id='word_1_250' title='bbox 738 1916 916 2006; x_wconf 67' lang='lat' dir='ltr'>etiam</span> <span class='ocrx_word' id='word_1_251' title='bbox 954 1950 1180 2022; x_wconf 87' lang='lat' dir='ltr'>judicio</span> <span class='ocrx_word' id='word_1_252' title='bbox 1221 1949 1586 2022; x_wconf 88' lang='lat' dir='ltr'>ecpulemur.</span> <span class='ocrx_word' id='word_1_253' title='bbox 1626 1948 1910 2016; x_wconf 85' lang='lat' dir='ltr'>Quoniam</span> <span class='ocrx_word' id='word_1_254' title='bbox 1927 1946 2056 2002; x_wconf 88' lang='lat' dir='ltr'>siin</span> <span class='ocrx_word' id='word_1_255' title='bbox 2167 1935 2645 2022; x_wconf 57' lang='grc' dir='ltr'>Ρθννίῗτξωθητξίυο</span> <span class='ocrx_word' id='word_1_256' title='bbox 2666 1934 2771 1974; x_wconf 70' lang='lat' dir='ltr'>nos</span> <span class='ocrx_word' id='word_1_257' title='bbox 2803 1935 2988 2022; x_wconf 53' lang='grc' dir='ltr'>ωξίξω</span> <span class='ocrx_word' id='word_1_258' title='bbox 3016 1916 3297 2022; x_wconf 52' lang='grc' dir='ltr'>γοιθξίίῗδν</span> <span class='ocrx_word' id='word_1_259' title='bbox 3334 1924 3806 2022; x_wconf 49' lang='grc' dir='ltr'>υηυωβθθίξθίξ·</span> 
     </span>
    </p>
   </div>
   <div class='ocr_carea' id='block_1_32' title="bbox 409 2045 2057 2119">
    <p class='ocr_par' dir='ltr' id='par_1_32' title="bbox 409 2045 2057 2119">
     <span class='ocr_line' id='line_1_32' title="bbox 409 2045 2057 2119; baseline -0.002 -15"><span class='ocrx_word' id='word_1_260' title='bbox 409 2048 612 2106; x_wconf 86' lang='lat' dir='ltr'>eadem</span> <span class='ocrx_word' id='word_1_261' title='bbox 627 2048 1211 2116; x_wconf 89' lang='lat' dir='ltr'>sententiasumus,si</span> <span class='ocrx_word' id='word_1_262' title='bbox 1231 2047 1386 2119; x_wconf 87' lang='lat' dir='ltr'>quod</span> <span class='ocrx_word' id='word_1_263' title='bbox 1400 2047 1524 2103; x_wconf 86' lang='lat' dir='ltr'>vult</span> <span class='ocrx_word' id='word_1_264' title='bbox 1535 2045 1889 2113; x_wconf 90' lang='lat' dir='ltr'>volumus,et</span> <span class='ocrx_word' id='word_1_265' title='bbox 1904 2045 2057 2117; x_wconf 91' lang='lat' dir='ltr'>quod</span> 
     </span>
    </p>
   </div>
   <div class='ocr_carea' id='block_1_33' title="bbox 414 2132 2063 2208">
    <p class='ocr_par' dir='ltr' id='par_1_33' title="bbox 414 2132 2063 2208">
     <span class='ocr_line' id='line_1_33' title="bbox 414 2132 2063 2208; baseline 0.001 -18"><span class='ocrx_word' id='word_1_266' title='bbox 414 2135 712 2208; x_wconf 78' lang='lat' dir='ltr'>improbat</span> <span class='ocrx_word' id='word_1_267' title='bbox 749 2135 1175 2208; x_wconf 77' lang='lat' dir='ltr'>improbemus,</span> <span class='ocrx_word' id='word_1_268' title='bbox 1209 2136 1334 2207; x_wconf 89' lang='lat' dir='ltr'>ipse</span> <span class='ocrx_word' id='word_1_269' title='bbox 1363 2136 1488 2207; x_wconf 89' lang='lat' dir='ltr'>jam</span> <span class='ocrx_word' id='word_1_270' title='bbox 1531 2151 1634 2208; x_wconf 90' lang='lat' dir='ltr'>pro</span> <span class='ocrx_word' id='word_1_271' title='bbox 1664 2135 1835 2191; x_wconf 91' lang='lat' dir='ltr'>nobis</span> <span class='ocrx_word' id='word_1_272' title='bbox 1865 2132 2063 2191; x_wconf 88' lang='lat' dir='ltr'>omnia</span> 
     </span>
    </p>
   </div>
   <div class='ocr_carea' id='block_1_34' title="bbox 416 2222 2066 2296">
    <p class='ocr_par' dir='ltr' id='par_1_34' title="bbox 416 2222 2066 2296">
     <span class='ocr_line' id='line_1_34' title="bbox 416 2222 2066 2296; baseline -0.001 -17"><span class='ocrx_word' id='word_1_273' title='bbox 416 2222 570 2280; x_wconf 88' lang='lat' dir='ltr'>bella</span> <span class='ocrx_word' id='word_1_274' title='bbox 586 2222 1001 2296; x_wconf 80' lang='lat' dir='ltr'>conﬁciet,ipse</span> <span class='ocrx_word' id='word_1_275' title='bbox 1014 2223 1113 2295; x_wconf 93' lang='lat' dir='ltr'>qui</span> <span class='ocrx_word' id='word_1_276' title='bbox 1126 2224 1288 2279; x_wconf 89' lang='lat' dir='ltr'>dedit</span> <span class='ocrx_word' id='word_1_277' title='bbox 1299 2222 1710 2290; x_wconf 89' lang='lat' dir='ltr'>velle,donabit</span> <span class='ocrx_word' id='word_1_278' title='bbox 1721 2227 1777 2279; x_wconf 90' lang='lat' dir='ltr'>et</span> <span class='ocrx_word' id='word_1_279' title='bbox 1799 2226 2066 2296; x_wconf 76' lang='lat' dir='ltr'>possezut</span> 
     </span>
    </p>
   </div>
   <div class='ocr_carea' id='block_1_35' title="bbox 421 2310 2068 2389">
    <p class='ocr_par' dir='ltr' id='par_1_35' title="bbox 421 2310 2068 2389">
     <span class='ocr_line' id='line_1_35' title="bbox 421 2310 2068 2389; baseline -0.001 -21"><span class='ocrx_word' id='word_1_280' title='bbox 421 2312 613 2369; x_wconf 87' lang='lat' dir='ltr'>simus</span> <span class='ocrx_word' id='word_1_281' title='bbox 641 2316 1041 2385; x_wconf 84' lang='lat' dir='ltr'>cooperatores</span> <span class='ocrx_word' id='word_1_282' title='bbox 1062 2329 1306 2389; x_wconf 88' lang='lat' dir='ltr'>operum</span> <span class='ocrx_word' id='word_1_283' title='bbox 1325 2312 1538 2384; x_wconf 88' lang='lat' dir='ltr'>ejus,et</span> <span class='ocrx_word' id='word_1_284' title='bbox 1567 2312 1969 2385; x_wconf 87' lang='lat' dir='ltr'>propheticum</span> <span class='ocrx_word' id='word_1_285' title='bbox 2001 2310 2068 2367; x_wconf 83' lang='lat' dir='ltr'>il-</span> 
     </span>
    </p>
   </div>
   <div class='ocr_carea' id='block_1_36' title="bbox 422 2408 2065 2483">
    <p class='ocr_par' dir='ltr' id='par_1_36' title="bbox 422 2408 2065 2483">
     <span class='ocr_line' id='line_1_36' title="bbox 422 2408 2065 2483; baseline -0.002 -18"><span class='ocrx_word' id='word_1_286' title='bbox 422 2409 527 2467; x_wconf 90' lang='lat' dir='ltr'>lud</span> <span class='ocrx_word' id='word_1_287' title='bbox 541 2426 674 2467; x_wconf 89' lang='lat' dir='ltr'>cum</span> <span class='ocrx_word' id='word_1_288' title='bbox 698 2409 771 2483; x_wconf 92' lang='lat' dir='ltr'>(b)</span> <span class='ocrx_word' id='word_1_289' title='bbox 790 2408 922 2466; x_wconf 82' lang='lat' dir='ltr'>ﬁdei</span> <span class='ocrx_word' id='word_1_290' title='bbox 937 2408 1321 2465; x_wconf 84' lang='lat' dir='ltr'>exsultatione</span> <span class='ocrx_word' id='word_1_291' title='bbox 1336 2408 1603 2464; x_wconf 87' lang='lat' dir='ltr'>dicamus</span> <span class='ocrx_word' id='word_1_292' title='bbox 1619 2426 1632 2464; x_wconf 91' lang='lat'><strong>:</strong></span> <span class='ocrx_word' id='word_1_293' title='bbox 1651 2410 1912 2464; x_wconf 81' lang='lat' dir='ltr'>Dominus</span> <span class='ocrx_word' id='word_1_294' title='bbox 1935 2408 2065 2463; x_wconf 84' lang='lat' dir='ltr'>illu-</span> 
     </span>
    </p>
   </div>
   <div class='ocr_carea' id='block_1_37' title="bbox 428 2498 2069 2570">
    <p class='ocr_par' dir='ltr' id='par_1_37' title="bbox 428 2498 2069 2570">
     <span class='ocr_line' id='line_1_37' title="bbox 428 2498 2069 2570; baseline -0.002 -15"><span class='ocrx_word' id='word_1_295' title='bbox 428 2500 664 2556; x_wconf 83' lang='lat' dir='ltr'>minatio</span> <span class='ocrx_word' id='word_1_296' title='bbox 703 2514 829 2555; x_wconf 87' lang='lat' dir='ltr'>mea</span> <span class='ocrx_word' id='word_1_297' title='bbox 861 2506 913 2556; x_wconf 90' lang='lat' dir='ltr'>et</span> <span class='ocrx_word' id='word_1_298' title='bbox 958 2500 1108 2554; x_wconf 85' lang='lat' dir='ltr'>salus</span> <span class='ocrx_word' id='word_1_299' title='bbox 1154 2514 1317 2563; x_wconf 84' lang='lat' dir='ltr'>mea;</span> <span class='ocrx_word' id='word_1_300' title='bbox 1347 2514 1506 2570; x_wconf 84' lang='lat' dir='ltr'>quem</span> <span class='ocrx_word' id='word_1_301' title='bbox 1534 2499 1732 2553; x_wconf 88' lang='lat' dir='ltr'>timebo</span> <span class='ocrx_word' id='word_1_302' title='bbox 1752 2501 1778 2551; x_wconf 73' lang='lat'>.9</span> <span class='ocrx_word' id='word_1_303' title='bbox 1804 2498 2069 2553; x_wconf 87' lang='lat' dir='ltr'>Dominus</span> 
     </span>
    </p>
   </div>
   <div class='ocr_carea' id='block_1_38' title="bbox 429 2586 1998 2660">
    <p class='ocr_par' dir='ltr' id='par_1_38' title="bbox 429 2586 1998 2660">
     <span class='ocr_line' id='line_1_38' title="bbox 429 2586 1998 2660; baseline -0.002 -16"><span class='ocrx_word' id='word_1_304' title='bbox 429 2588 681 2660; x_wconf 75' lang='lat' dir='ltr'>defensor</span> <span class='ocrx_word' id='word_1_305' title='bbox 693 2589 818 2643; x_wconf 72' lang='lat' dir='ltr'>vitae</span> <span class='ocrx_word' id='word_1_306' title='bbox 844 2601 1024 2648; x_wconf 68' lang='lat' dir='ltr'>meae;</span> <span class='ocrx_word' id='word_1_307' title='bbox 1050 2604 1083 2642; x_wconf 91' lang='lat' dir='ltr'>a</span> <span class='ocrx_word' id='word_1_308' title='bbox 1113 2602 1216 2658; x_wconf 89' lang='lat' dir='ltr'>quo</span> <span class='ocrx_word' id='word_1_309' title='bbox 1244 2586 1524 2658; x_wconf 79' lang='lat' dir='ltr'>trepidabo</span> <span class='ocrx_word' id='word_1_310' title='bbox 1555 2588 1667 2658; x_wconf 88' lang='lat' dir='ltr'>(Ps.</span> <span class='ocrx_word' id='word_1_311' title='bbox 1700 2603 1849 2655; x_wconf 76' lang='lat' dir='ltr'>xxvr,</span> <span class='ocrx_word' id='word_1_312' title='bbox 1887 2587 1939 2657; x_wconf 88' lang='grc'>1)</span> <span class='ocrx_word' id='word_1_313' title='bbox 1970 2586 1998 2641; x_wconf 82' lang='lat' dir='ltr'>‘l</span> 
     </span>
    </p>
   </div>
   <div class='ocr_carea' id='block_1_39' title="bbox 498 2720 2073 2793">
    <p class='ocr_par' dir='ltr' id='par_1_39' title="bbox 498 2720 2073 2793">
     <span class='ocr_line' id='line_1_39' title="bbox 498 2720 2073 2793; baseline 0 -16"><span class='ocrx_word' id='word_1_314' title='bbox 498 2725 626 2779; x_wconf 80' lang='lat' dir='ltr'>CAP.</span> <span class='ocrx_word' id='word_1_315' title='bbox 651 2721 717 2778; x_wconf 90' lang='lat' dir='ltr'><strong>V.</strong></span> <span class='ocrx_word' id='word_1_316' title='bbox 751 2752 821 2764; x_wconf 83' lang='lat'>——-</span> <span class='ocrx_word' id='word_1_317' title='bbox 840 2720 948 2785; x_wconf 89' lang='lat' dir='ltr'>Qui</span> <span class='ocrx_word' id='word_1_318' title='bbox 979 2736 1114 2793; x_wconf 89' lang='lat' dir='ltr'>ergo</span> <span class='ocrx_word' id='word_1_319' title='bbox 1144 2737 1254 2776; x_wconf 87' lang='lat' dir='ltr'>non</span> <span class='ocrx_word' id='word_1_320' title='bbox 1283 2737 1353 2777; x_wconf 77' lang='lat' dir='ltr'>ex</span> <span class='ocrx_word' id='word_1_321' title='bbox 1381 2721 1762 2791; x_wconf 85' lang='lat' dir='ltr'>sanguinibus,</span> <span class='ocrx_word' id='word_1_322' title='bbox 1804 2737 1977 2792; x_wconf 86' lang='lat' dir='ltr'>neque</span> <span class='ocrx_word' id='word_1_323' title='bbox 2003 2738 2073 2778; x_wconf 72' lang='lat' dir='ltr'>ea:</span> 
     </span>
    </p>
   </div>
   <div class='ocr_carea' id='block_1_40' title="bbox 427 2811 2072 2882">
    <p class='ocr_par' dir='ltr' id='par_1_40' title="bbox 427 2811 2072 2882">
     <span class='ocr_line' id='line_1_40' title="bbox 427 2811 2072 2882; baseline -0.001 -14"><span class='ocrx_word' id='word_1_324' title='bbox 427 2811 706 2868; x_wconf 77' lang='lat' dir='ltr'>voluntate</span> <span class='ocrx_word' id='word_1_325' title='bbox 718 2812 923 2877; x_wconf 87' lang='lat' dir='ltr'>carnis,</span> <span class='ocrx_word' id='word_1_326' title='bbox 949 2811 1019 2879; x_wconf 91' lang='lat' dir='ltr'>(c)</span> <span class='ocrx_word' id='word_1_327' title='bbox 1042 2826 1215 2882; x_wconf 84' lang='lat' dir='ltr'>neque</span> <span class='ocrx_word' id='word_1_328' title='bbox 1242 2826 1311 2865; x_wconf 75' lang='lat' dir='ltr'>ex</span> <span class='ocrx_word' id='word_1_329' title='bbox 1324 2811 1594 2866; x_wconf 87' lang='lat' dir='ltr'>voluntate</span> <span class='ocrx_word' id='word_1_330' title='bbox 1606 2812 1734 2874; x_wconf 85' lang='lat' dir='ltr'>viri,</span> <span class='ocrx_word' id='word_1_331' title='bbox 1765 2811 1856 2866; x_wconf 86' lang='lat' dir='ltr'>scd</span> <span class='ocrx_word' id='word_1_332' title='bbox 1874 2828 1944 2867; x_wconf 74' lang='lat' dir='ltr'>cx</span> <span class='ocrx_word' id='word_1_333' title='bbox 1965 2812 2072 2867; x_wconf 90' lang='lat' dir='ltr'>Deo</span> 
     </span>
    </p>
   </div>
   <div class='ocr_carea' id='block_1_41' title="bbox 425 2897 2072 2975">
    <p class='ocr_par' dir='ltr' id='par_1_41' title="bbox 425 2897 2072 2975">
     <span class='ocr_line' id='line_1_41' title="bbox 425 2897 2072 2975; baseline -0.001 -18"><span class='ocrx_word' id='word_1_334' title='bbox 425 2903 545 2960; x_wconf 85' lang='lat' dir='ltr'>nati</span> <span class='ocrx_word' id='word_1_335' title='bbox 561 2908 691 2957; x_wconf 87' lang='lat' dir='ltr'>sunt</span> <span class='ocrx_word' id='word_1_336' title='bbox 708 2898 882 2972; x_wconf 84' lang='lat' dir='ltr'>(Joan.</span> <span class='ocrx_word' id='word_1_337' title='bbox 911 2917 949 2966; x_wconf 82' lang='grc' dir='ltr'>ι,</span> <span class='ocrx_word' id='word_1_338' title='bbox 978 2899 1084 2969; x_wconf 80' lang='grc'>13),</span> <span class='ocrx_word' id='word_1_339' title='bbox 1105 2899 1350 2975; x_wconf 70' lang='lat' dir='ltr'>offerant</span> <span class='ocrx_word' id='word_1_340' title='bbox 1367 2898 1519 2953; x_wconf 88' lang='lat' dir='ltr'>Patri</span> <span class='ocrx_word' id='word_1_341' title='bbox 1537 2897 1912 2971; x_wconf 85' lang='lat' dir='ltr'>paciﬁcorum</span> <span class='ocrx_word' id='word_1_342' title='bbox 1936 2916 2072 2955; x_wconf 89' lang='lat' dir='ltr'>con-</span> 
     </span>
    </p>
   </div>
   <div class='ocr_carea' id='block_1_42' title="bbox 428 2985 2073 3059">
    <p class='ocr_par' dir='ltr' id='par_1_42' title="bbox 428 2985 2073 3059">
     <span class='ocr_line' id='line_1_42' title="bbox 428 2985 2073 3059; baseline -0.002 -14"><span class='ocrx_word' id='word_1_343' title='bbox 428 2988 688 3047; x_wconf 89' lang='lat' dir='ltr'>cordiam</span> <span class='ocrx_word' id='word_1_344' title='bbox 704 2987 979 3054; x_wconf 84' lang='lat' dir='ltr'>ﬁliorum,</span> <span class='ocrx_word' id='word_1_345' title='bbox 1014 2987 1089 3059; x_wconf 91' lang='lat' dir='ltr'>(d)</span> <span class='ocrx_word' id='word_1_346' title='bbox 1121 2986 1247 3043; x_wconf 85' lang='lat' dir='ltr'>etin</span> <span class='ocrx_word' id='word_1_347' title='bbox 1263 2985 1719 3059; x_wconf 88' lang='lat' dir='ltr'>primogenitum</span> <span class='ocrx_word' id='word_1_348' title='bbox 1738 3004 1896 3042; x_wconf 70' lang='lat' dir='ltr'>novae</span> <span class='ocrx_word' id='word_1_349' title='bbox 1913 3003 2073 3043; x_wconf 84' lang='lat' dir='ltr'>crea-</span> 
     </span>
    </p>
   </div>
   <div class='ocr_carea' id='block_1_43' title="bbox 427 3084 2074 3158">
    <p class='ocr_par' dir='ltr' id='par_1_43' title="bbox 427 3084 2074 3158">
     <span class='ocr_line' id='line_1_43' title="bbox 427 3084 2074 3158; baseline -0.001 -16"><span class='ocrx_word' id='word_1_350' title='bbox 427 3090 592 3155; x_wconf 66' lang='lat' dir='ltr'>turae,</span> <span class='ocrx_word' id='word_1_351' title='bbox 615 3085 717 3158; x_wconf 91' lang='lat' dir='ltr'>qui</span> <span class='ocrx_word' id='word_1_352' title='bbox 739 3084 897 3141; x_wconf 87' lang='lat' dir='ltr'>venit</span> <span class='ocrx_word' id='word_1_353' title='bbox 927 3102 1041 3139; x_wconf 89' lang='lat' dir='ltr'>non</span> <span class='ocrx_word' id='word_1_354' title='bbox 1074 3101 1263 3150; x_wconf 86' lang='lat' dir='ltr'>suam,</span> <span class='ocrx_word' id='word_1_355' title='bbox 1311 3085 1410 3140; x_wconf 87' lang='lat' dir='ltr'>sed</span> <span class='ocrx_word' id='word_1_356' title='bbox 1440 3084 1725 3140; x_wconf 86' lang='lat' dir='ltr'>mittentis</span> <span class='ocrx_word' id='word_1_357' title='bbox 1758 3084 1949 3141; x_wconf 84' lang='lat' dir='ltr'>facere</span> <span class='ocrx_word' id='word_1_358' title='bbox 1974 3102 2074 3141; x_wconf 88' lang='lat' dir='ltr'>vo-</span> 
     </span>
    </p>
   </div>
   <div class='ocr_carea' id='block_1_44' title="bbox 428 3173 2070 3246">
    <p class='ocr_par' dir='ltr' id='par_1_44' title="bbox 428 3173 2070 3246">
     <span class='ocr_line' id='line_1_44' title="bbox 428 3173 2070 3246; baseline -0.002 -14"><span class='ocrx_word' id='word_1_359' title='bbox 428 3175 736 3242; x_wconf 86' lang='lat' dir='ltr'>luntatem,</span> <span class='ocrx_word' id='word_1_360' title='bbox 760 3173 1033 3230; x_wconf 87' lang='lat' dir='ltr'>universa</span> <span class='ocrx_word' id='word_1_361' title='bbox 1054 3173 1384 3246; x_wconf 88' lang='lat' dir='ltr'>adoptionis</span> <span class='ocrx_word' id='word_1_362' title='bbox 1408 3173 1671 3229; x_wconf 90' lang='lat' dir='ltr'>membra</span> <span class='ocrx_word' id='word_1_363' title='bbox 1690 3178 2070 3229; x_wconf 89' lang='lat' dir='ltr'>concurrant:</span> 
     </span>
    </p>
   </div>
   <div class='ocr_carea' id='block_1_45' title="bbox 426 3648 2073 3727">
    <p class='ocr_par' dir='ltr' id='par_1_45' title="bbox 426 3648 2073 3727">
     <span class='ocr_line' id='line_1_45' title="bbox 426 3648 2073 3727; baseline 0.001 -16"><span class='ocrx_word' id='word_1_364' title='bbox 426 3652 562 3711; x_wconf 81' lang='lat' dir='ltr'>talis</span> <span class='ocrx_word' id='word_1_365' title='bbox 573 3655 662 3710; x_wconf 88' lang='lat' dir='ltr'>est</span> <span class='ocrx_word' id='word_1_366' title='bbox 689 3649 848 3722; x_wconf 90' lang='lat' dir='ltr'>pacis</span> <span class='ocrx_word' id='word_1_367' title='bbox 871 3651 962 3723; x_wconf 80' lang='lat' dir='ltr'>:(e)</span> <span class='ocrx_word' id='word_1_368' title='bbox 985 3649 1069 3704; x_wconf 89' lang='lat' dir='ltr'>sic</span> <span class='ocrx_word' id='word_1_369' title='bbox 1089 3648 1245 3705; x_wconf 86' lang='lat' dir='ltr'>enim</span> <span class='ocrx_word' id='word_1_370' title='bbox 1259 3649 1339 3705; x_wconf 87' lang='lat' dir='ltr'>ait</span> <span class='ocrx_word' id='word_1_371' title='bbox 1354 3648 1698 3722; x_wconf 86' lang='lat' dir='ltr'>Apostolus:</span> <span class='ocrx_word' id='word_1_372' title='bbox 1721 3653 1838 3723; x_wconf 84' lang='lat' dir='ltr'>Ipse</span> <span class='ocrx_word' id='word_1_373' title='bbox 1863 3657 1940 3709; x_wconf 85' lang='lat' dir='ltr'>est</span> <span class='ocrx_word' id='word_1_374' title='bbox 1952 3672 2073 3727; x_wconf 73' lang='lat' dir='ltr'>pax</span> 
     </span>
    </p>
   </div>
   <div class='ocr_carea' id='block_1_46' title="bbox 426 3747 2071 3824">
    <p class='ocr_par' dir='ltr' id='par_1_46' title="bbox 426 3747 2071 3824">
     <span class='ocr_line' id='line_1_46' title="bbox 426 3747 2071 3824; baseline -0.002 -18"><span class='ocrx_word' id='word_1_375' title='bbox 426 3753 733 3821; x_wconf 77' lang='lat' dir='ltr'>nostra,qui</span> <span class='ocrx_word' id='word_1_376' title='bbox 775 3749 904 3819; x_wconf 78' lang='lat' dir='ltr'>fecit</span> <span class='ocrx_word' id='word_1_377' title='bbox 950 3750 1180 3817; x_wconf 85' lang='lat' dir='ltr'>utraque</span> <span class='ocrx_word' id='word_1_378' title='bbox 1225 3763 1399 3801; x_wconf 90' lang='lat' dir='ltr'>unum</span> <span class='ocrx_word' id='word_1_379' title='bbox 1430 3747 1643 3819; x_wconf 87' lang='lat' dir='ltr'>(Ephes.</span> <span class='ocrx_word' id='word_1_380' title='bbox 1678 3763 1736 3804; x_wconf 84' lang='grc' dir='ltr'>ιι.</span> <span class='ocrx_word' id='word_1_381' title='bbox 1763 3750 1889 3821; x_wconf 84' lang='grc'>14);</span> <span class='ocrx_word' id='word_1_382' title='bbox 1925 3768 2071 3824; x_wconf 87' lang='lat' dir='ltr'>quo-</span> 
     </span>
    </p>
   </div>
   <div class='ocr_carea' id='block_1_47' title="bbox 426 3834 2072 3908">
    <p class='ocr_par' dir='ltr' id='par_1_47' title="bbox 426 3834 2072 3908">
     <span class='ocr_line' id='line_1_47' title="bbox 426 3834 2072 3908; baseline 0.002 -14"><span class='ocrx_word' id='word_1_383' title='bbox 426 3837 582 3894; x_wconf 89' lang='lat' dir='ltr'>niam</span> <span class='ocrx_word' id='word_1_384' title='bbox 616 3836 735 3893; x_wconf 89' lang='lat' dir='ltr'>sive</span> <span class='ocrx_word' id='word_1_385' title='bbox 749 3836 1011 3900; x_wconf 68' lang='lat' dir='ltr'>Judazus,</span> <span class='ocrx_word' id='word_1_386' title='bbox 1045 3835 1165 3891; x_wconf 83' lang='lat' dir='ltr'>sive</span> <span class='ocrx_word' id='word_1_387' title='bbox 1201 3834 1455 3908; x_wconf 86' lang='lat' dir='ltr'>gentilis,</span> <span class='ocrx_word' id='word_1_388' title='bbox 1479 3850 1581 3907; x_wconf 86' lang='lat' dir='ltr'>per</span> <span class='ocrx_word' id='word_1_389' title='bbox 1601 3836 1783 3907; x_wconf 83' lang='lat' dir='ltr'>ipsum</span> <span class='ocrx_word' id='word_1_390' title='bbox 1812 3837 2072 3897; x_wconf 86' lang='lat' dir='ltr'>habemus</span> 
     </span>
    </p>
   </div>
   <div class='ocr_carea' id='block_1_48' title="bbox 424 3924 2061 3997">
    <p class='ocr_par' dir='ltr' id='par_1_48' title="bbox 424 3924 2061 3997">
     <span class='ocr_line' id='line_1_48' title="bbox 424 3924 2061 3997; baseline -0.005 -11"><span class='ocrx_word' id='word_1_391' title='bbox 424 3944 695 3985; x_wconf 78' lang='lat' dir='ltr'>accessum</span> <span class='ocrx_word' id='word_1_392' title='bbox 742 3928 804 3982; x_wconf 85' lang='lat' dir='ltr'>in</span> <span class='ocrx_word' id='word_1_393' title='bbox 846 3941 957 3981; x_wconf 89' lang='lat' dir='ltr'>uno</span> <span class='ocrx_word' id='word_1_394' title='bbox 995 3924 1211 3997; x_wconf 78' lang='lat' dir='ltr'>Spiritu</span> <span class='ocrx_word' id='word_1_395' title='bbox 1257 3925 1329 3981; x_wconf 84' lang='lat' dir='ltr'>ad</span> <span class='ocrx_word' id='word_1_396' title='bbox 1375 3926 1595 3980; x_wconf 86' lang='lat' dir='ltr'>Patrem</span> <span class='ocrx_word' id='word_1_397' title='bbox 1642 3926 1767 3997; x_wconf 86' lang='lat' dir='ltr'>(1b.,</span> <span class='ocrx_word' id='word_1_398' title='bbox 1811 3929 1897 3991; x_wconf 86' lang='grc'>18)</span> <span class='ocrx_word' id='word_1_399' title='bbox 1918 3946 1942 3991; x_wconf 87' lang='lat'><strong><em>;</em></strong></span> <span class='ocrx_word' id='word_1_400' title='bbox 1966 3930 2061 3987; x_wconf 74' lang='grc' dir='ltr'><strong>οι</strong></span> 
     </span>
    </p>
   </div>
   <div class='ocr_carea' id='block_1_49' title="bbox 424 4020 2070 4098">
    <p class='ocr_par' dir='ltr' id='par_1_49' title="bbox 424 4020 2070 4098">
     <span class='ocr_line' id='line_1_49' title="bbox 424 4020 2070 4098; baseline -0.001 -16"><span class='ocrx_word' id='word_1_401' title='bbox 424 4025 522 4098; x_wconf 82' lang='lat' dir='ltr'>qui</span> <span class='ocrx_word' id='word_1_402' title='bbox 543 4029 678 4081; x_wconf 89' lang='lat' dir='ltr'>ante</span> <span class='ocrx_word' id='word_1_403' title='bbox 694 4023 987 4096; x_wconf 88' lang='lat' dir='ltr'>passionis</span> <span class='ocrx_word' id='word_1_404' title='bbox 1009 4021 1162 4078; x_wconf 91' lang='lat' dir='ltr'>diem</span> <span class='ocrx_word' id='word_1_405' title='bbox 1178 4020 1510 4077; x_wconf 88' lang='lat' dir='ltr'>voluntaria</span> <span class='ocrx_word' id='word_1_406' title='bbox 1526 4021 1913 4093; x_wconf 88' lang='lat' dir='ltr'>dispositione</span> <span class='ocrx_word' id='word_1_407' title='bbox 1930 4042 2070 4098; x_wconf 83' lang='lat' dir='ltr'>prae-</span> 
     </span>
    </p>
   </div>
   <div class='ocr_carea' id='block_1_50' title="bbox 423 4109 2071 4185">
    <p class='ocr_par' dir='ltr' id='par_1_50' title="bbox 423 4109 2071 4185">
     <span class='ocr_line' id='line_1_50' title="bbox 423 4109 2071 4185; baseline -0.002 -13"><span class='ocrx_word' id='word_1_408' title='bbox 423 4114 663 4182; x_wconf 83' lang='lat' dir='ltr'>lectum,</span> <span class='ocrx_word' id='word_1_409' title='bbox 685 4111 1005 4185; x_wconf 78' lang='lat' dir='ltr'>discipulos</span> <span class='ocrx_word' id='word_1_410' title='bbox 1026 4128 1164 4168; x_wconf 86' lang='lat' dir='ltr'>suos</span> <span class='ocrx_word' id='word_1_411' title='bbox 1187 4109 1295 4166; x_wconf 90' lang='lat' dir='ltr'>hac</span> <span class='ocrx_word' id='word_1_412' title='bbox 1319 4110 1604 4183; x_wconf 66' lang='lat' dir='ltr'>praecipue</span> <span class='ocrx_word' id='word_1_413' title='bbox 1615 4110 1879 4167; x_wconf 90' lang='lat' dir='ltr'>doctrina</span> <span class='ocrx_word' id='word_1_414' title='bbox 1897 4114 1964 4185; x_wconf 78' lang='lat'>([)</span> <span class='ocrx_word' id='word_1_415' title='bbox 1984 4115 2071 4171; x_wconf 87' lang='lat' dir='ltr'>in-</span> 
     </span>
    </p>
   </div>
   <div class='ocr_carea' id='block_1_51' title="bbox 424 4200 2069 4275">
    <p class='ocr_par' dir='ltr' id='par_1_51' title="bbox 424 4200 2069 4275">
     <span class='ocr_line' id='line_1_51' title="bbox 424 4200 2069 4275; baseline 0 -15"><span class='ocrx_word' id='word_1_416' title='bbox 424 4202 713 4272; x_wconf 81' lang='lat' dir='ltr'>formavit,</span> <span class='ocrx_word' id='word_1_417' title='bbox 744 4207 811 4258; x_wconf 89' lang='lat' dir='ltr'>ut</span> <span class='ocrx_word' id='word_1_418' title='bbox 839 4201 1055 4259; x_wconf 85' lang='lat' dir='ltr'>diceret</span> <span class='ocrx_word' id='word_1_419' title='bbox 1079 4219 1092 4258; x_wconf 87' lang='lat'>:</span> <span class='ocrx_word' id='word_1_420' title='bbox 1116 4202 1314 4258; x_wconf 82' lang='lat' dir='ltr'>Pacem</span> <span class='ocrx_word' id='word_1_421' title='bbox 1356 4217 1535 4256; x_wconf 86' lang='lat' dir='ltr'>meam</span> <span class='ocrx_word' id='word_1_422' title='bbox 1563 4200 1629 4256; x_wconf 88' lang='lat' dir='ltr'>do</span> <span class='ocrx_word' id='word_1_423' title='bbox 1658 4200 1830 4268; x_wconf 82' lang='lat' dir='ltr'>vobis,</span> <span class='ocrx_word' id='word_1_424' title='bbox 1874 4220 2069 4275; x_wconf 80' lang='lat' dir='ltr'>pacem</span> 
     </span>
    </p>
   </div>
   <div class='ocr_carea' id='block_1_52' title="bbox 422 4299 2069 4374">
    <p class='ocr_par' dir='ltr' id='par_1_52' title="bbox 422 4299 2069 4374">
     <span class='ocr_line' id='line_1_52' title="bbox 422 4299 2069 4374; baseline 0.002 -18"><span class='ocrx_word' id='word_1_425' title='bbox 422 4317 601 4357; x_wconf 82' lang='lat' dir='ltr'>meam</span> <span class='ocrx_word' id='word_1_426' title='bbox 630 4302 877 4374; x_wconf 80' lang='lat' dir='ltr'>relinquo</span> <span class='ocrx_word' id='word_1_427' title='bbox 906 4302 1057 4357; x_wconf 83' lang='lat' dir='ltr'>vobis</span> <span class='ocrx_word' id='word_1_428' title='bbox 1095 4300 1272 4373; x_wconf 87' lang='lat' dir='ltr'>(Joan.</span> <span class='ocrx_word' id='word_1_429' title='bbox 1322 4316 1435 4367; x_wconf 71' lang='lat' dir='ltr'>xxv,</span> <span class='ocrx_word' id='word_1_430' title='bbox 1468 4300 1577 4370; x_wconf 88' lang='lat'>27).</span> <span class='ocrx_word' id='word_1_431' title='bbox 1609 4299 1680 4354; x_wconf 90' lang='lat' dir='ltr'>Et</span> <span class='ocrx_word' id='word_1_432' title='bbox 1724 4317 1794 4355; x_wconf 93' lang='lat' dir='ltr'>ne</span> <span class='ocrx_word' id='word_1_433' title='bbox 1825 4302 1934 4357; x_wconf 87' lang='lat' dir='ltr'>sub</span> <span class='ocrx_word' id='word_1_434' title='bbox 1968 4318 2069 4359; x_wconf 85' lang='lat' dir='ltr'>no-</span> 
     </span>
    </p>
   </div>
   <div class='ocr_carea' id='block_1_53' title="bbox 425 4395 2064 4470">
    <p class='ocr_par' dir='ltr' id='par_1_53' title="bbox 425 4395 2064 4470">
     <span class='ocr_line' id='line_1_53' title="bbox 425 4395 2064 4470; baseline 0.002 -16"><span class='ocrx_word' id='word_1_435' title='bbox 425 4398 583 4454; x_wconf 85' lang='lat' dir='ltr'>mine</span> <span class='ocrx_word' id='word_1_436' title='bbox 612 4397 867 4470; x_wconf 86' lang='lat' dir='ltr'>generali</span> <span class='ocrx_word' id='word_1_437' title='bbox 892 4398 1055 4470; x_wconf 90' lang='lat' dir='ltr'>pacis</span> <span class='ocrx_word' id='word_1_438' title='bbox 1105 4415 1222 4453; x_wconf 74' lang='lat' dir='ltr'>sua:</span> <span class='ocrx_word' id='word_1_439' title='bbox 1263 4396 1515 4469; x_wconf 88' lang='lat' dir='ltr'>qualitas</span> <span class='ocrx_word' id='word_1_440' title='bbox 1544 4395 1773 4465; x_wconf 89' lang='lat' dir='ltr'>lateret,</span> <span class='ocrx_word' id='word_1_441' title='bbox 1809 4398 2064 4470; x_wconf 82' lang='lat' dir='ltr'>adjecit:</span> 
     </span>
    </p>
   </div>
   <div class='ocr_carea' id='block_1_54' title="bbox 423 4495 2061 4569">
    <p class='ocr_par' dir='ltr' id='par_1_54' title="bbox 423 4495 2061 4569">
     <span class='ocr_line' id='line_1_54' title="bbox 423 4495 2061 4569; baseline 0.002 -18"><span class='ocrx_word' id='word_1_442' title='bbox 423 4496 541 4551; x_wconf 86' lang='lat' dir='ltr'>Non</span> <span class='ocrx_word' id='word_1_443' title='bbox 570 4495 1024 4569; x_wconf 85' lang='lat' dir='ltr'>quemadmodum</span> <span class='ocrx_word' id='word_1_444' title='bbox 1051 4496 1288 4551; x_wconf 74' lang='lat' dir='ltr'>mundus</span> <span class='ocrx_word' id='word_1_445' title='bbox 1335 4495 1533 4567; x_wconf 77' lang='lat' dir='ltr'>detego</span> <span class='ocrx_word' id='word_1_446' title='bbox 1562 4495 1627 4550; x_wconf 87' lang='lat' dir='ltr'>do</span> <span class='ocrx_word' id='word_1_447' title='bbox 1659 4497 1823 4552; x_wconf 81' lang='lat' dir='ltr'>vobis.</span> <span class='ocrx_word' id='word_1_448' title='bbox 1858 4497 2061 4568; x_wconf 88' lang='lat' dir='ltr'>Habet,</span> 
     </span>
    </p>
   </div>
   <div class='ocr_carea' id='block_1_55' title="bbox 2165 2005 3802 2081">
    <p class='ocr_par' dir='ltr' id='par_1_55' title="bbox 2165 2005 3802 2081">
     <span class='ocr_line' id='line_1_55' title="bbox 2165 2005 3802 2081; baseline 0.001 -19"><span class='ocrx_word' id='word_1_449' title='bbox 2165 2010 2338 2074; x_wconf 88' lang='lat' dir='ltr'>tes,et</span> <span class='ocrx_word' id='word_1_450' title='bbox 2365 2008 2426 2063; x_wconf 90' lang='lat' dir='ltr'>in</span> <span class='ocrx_word' id='word_1_451' title='bbox 2458 2008 2570 2062; x_wconf 81' lang='lat' dir='ltr'>ﬁde</span> <span class='ocrx_word' id='word_1_452' title='bbox 2590 2024 2658 2063; x_wconf 88' lang='lat' dir='ltr'>ac</span> <span class='ocrx_word' id='word_1_453' title='bbox 2688 2024 2790 2079; x_wconf 88' lang='lat' dir='ltr'>spe</span> <span class='ocrx_word' id='word_1_454' title='bbox 2818 2010 2878 2063; x_wconf 88' lang='lat' dir='ltr'>et</span> <span class='ocrx_word' id='word_1_455' title='bbox 2906 2006 2964 2062; x_wconf 91' lang='lat' dir='ltr'>in</span> <span class='ocrx_word' id='word_1_456' title='bbox 2994 2005 3277 2063; x_wconf 85' lang='lat' dir='ltr'>charitate</span> <span class='ocrx_word' id='word_1_457' title='bbox 3309 2006 3656 2074; x_wconf 77' lang='lat' dir='ltr'>concordes,</span> <span class='ocrx_word' id='word_1_458' title='bbox 3684 2007 3802 2081; x_wconf 79' lang='lat' dir='ltr'>Spi—</span> 
     </span>
    </p>
   </div>
   <div class='ocr_carea' id='block_1_56' title="bbox 2170 2095 3805 2170">
    <p class='ocr_par' dir='ltr' id='par_1_56' title="bbox 2170 2095 3805 2170">
     <span class='ocr_line' id='line_1_56' title="bbox 2170 2095 3805 2170; baseline 0.002 -19"><span class='ocrx_word' id='word_1_459' title='bbox 2170 2096 2319 2152; x_wconf 89' lang='lat' dir='ltr'>ritus</span> <span class='ocrx_word' id='word_1_460' title='bbox 2332 2096 2491 2169; x_wconf 89' lang='lat' dir='ltr'>pacis</span> <span class='ocrx_word' id='word_1_461' title='bbox 2504 2100 2637 2170; x_wconf 89' lang='lat' dir='ltr'>agat</span> <span class='ocrx_word' id='word_1_462' title='bbox 2653 2100 2746 2168; x_wconf 90' lang='lat' dir='ltr'>atq</span> <span class='ocrx_word' id='word_1_463' title='bbox 2756 2113 2826 2152; x_wconf 90' lang='lat' dir='ltr'>ue</span> <span class='ocrx_word' id='word_1_464' title='bbox 2839 2096 3123 2169; x_wconf 84' lang='lat' dir='ltr'>perducat</span> <span class='ocrx_word' id='word_1_465' title='bbox 3143 2112 3157 2151; x_wconf 92' lang='lat'>:</span> <span class='ocrx_word' id='word_1_466' title='bbox 3184 2095 3469 2168; x_wconf 79' lang='lat' dir='ltr'>quoniam</span> <span class='ocrx_word' id='word_1_467' title='bbox 3490 2099 3805 2170; x_wconf 76' lang='lat' dir='ltr'>quicumque</span> 
     </span>
    </p>
   </div>
   <div class='ocr_carea' id='block_1_57' title="bbox 2172 2184 3821 2258">
    <p class='ocr_par' dir='ltr' id='par_1_57' title="bbox 2172 2184 3821 2258">
     <span class='ocr_line' id='line_1_57' title="bbox 2172 2184 3821 2258; baseline -0.001 -18"><span class='ocrx_word' id='word_1_468' title='bbox 2172 2186 2383 2257; x_wconf 88' lang='lat' dir='ltr'>Spiritu</span> <span class='ocrx_word' id='word_1_469' title='bbox 2411 2186 2511 2241; x_wconf 90' lang='lat' dir='ltr'>Dei</span> <span class='ocrx_word' id='word_1_470' title='bbox 2533 2189 2805 2258; x_wconf 87' lang='lat' dir='ltr'>aguntur,</span> <span class='ocrx_word' id='word_1_471' title='bbox 2837 2186 2882 2240; x_wconf 87' lang='lat' dir='ltr'>ii</span> <span class='ocrx_word' id='word_1_472' title='bbox 2909 2184 3020 2254; x_wconf 88' lang='lat' dir='ltr'>ﬁlii</span> <span class='ocrx_word' id='word_1_473' title='bbox 3045 2192 3174 2240; x_wconf 88' lang='lat' dir='ltr'>sunt</span> <span class='ocrx_word' id='word_1_474' title='bbox 3205 2185 3305 2240; x_wconf 88' lang='lat' dir='ltr'>Dei</span> <span class='ocrx_word' id='word_1_475' title='bbox 3331 2184 3512 2257; x_wconf 83' lang='lat' dir='ltr'>(Rom.</span> <span class='ocrx_word' id='word_1_476' title='bbox 3558 2202 3678 2242; x_wconf 68' lang='lat' dir='ltr'>vni.</span> <span class='ocrx_word' id='word_1_477' title='bbox 3708 2186 3821 2256; x_wconf 41' lang='lat'>14),.</span> 
     </span>
    </p>
   </div>
   <div class='ocr_carea' id='block_1_58' title="bbox 2174 2272 3807 2347">
    <p class='ocr_par' dir='ltr' id='par_1_58' title="bbox 2174 2272 3807 2347">
     <span class='ocr_line' id='line_1_58' title="bbox 2174 2272 3807 2347; baseline 0 -18"><span class='ocrx_word' id='word_1_478' title='bbox 2174 2275 2274 2347; x_wconf 90' lang='lat' dir='ltr'>qui</span> <span class='ocrx_word' id='word_1_479' title='bbox 2304 2277 2511 2347; x_wconf 88' lang='lat' dir='ltr'>regnat</span> <span class='ocrx_word' id='word_1_480' title='bbox 2540 2291 2677 2330; x_wconf 89' lang='lat' dir='ltr'>cum</span> <span class='ocrx_word' id='word_1_481' title='bbox 2727 2272 2890 2341; x_wconf 86' lang='lat' dir='ltr'>Filio,</span> <span class='ocrx_word' id='word_1_482' title='bbox 2941 2276 2998 2329; x_wconf 90' lang='lat' dir='ltr'>et</span> <span class='ocrx_word' id='word_1_483' title='bbox 3026 2272 3243 2346; x_wconf 87' lang='lat' dir='ltr'>Spiritu</span> <span class='ocrx_word' id='word_1_484' title='bbox 3274 2279 3484 2331; x_wconf 87' lang='lat' dir='ltr'>sancto</span> <span class='ocrx_word' id='word_1_485' title='bbox 3518 2274 3580 2330; x_wconf 94' lang='lat' dir='ltr'>in</span> <span class='ocrx_word' id='word_1_486' title='bbox 3611 2273 3807 2331; x_wconf 66' lang='lat' dir='ltr'>secula</span> 
     </span>
    </p>
   </div>
   <div class='ocr_carea' id='block_1_59' title="bbox 2175 2360 2780 2419">
    <p class='ocr_par' dir='ltr' id='par_1_59' title="bbox 2175 2360 2780 2419">
     <span class='ocr_line' id='line_1_59' title="bbox 2175 2360 2780 2419; baseline -0.002 0"><span class='ocrx_word' id='word_1_487' title='bbox 2175 2360 2543 2419; x_wconf 67' lang='lat' dir='ltr'>saeculorum.</span> <span class='ocrx_word' id='word_1_488' title='bbox 2575 2364 2780 2418; x_wconf 86' lang='lat' dir='ltr'>Amen.</span> 
     </span>
    </p>
   </div>
   <div class='ocr_carea' id='block_1_60' title="bbox 2564 2477 3424 2552">
    <p class='ocr_par' dir='ltr' id='par_1_60' title="bbox 2564 2477 3424 2552">
     <span class='ocr_line' id='line_1_60' title="bbox 2564 2477 3424 2552; baseline -0.003 -17"><span class='ocrx_word' id='word_1_489' title='bbox 2564 2478 2808 2535; x_wconf 80' lang='lat' dir='ltr'>SERMO</span> <span class='ocrx_word' id='word_1_490' title='bbox 2838 2477 3033 2534; x_wconf 79' lang='lat' dir='ltr'><strong>XXVII</strong></span> <span class='ocrx_word' id='word_1_491' title='bbox 3063 2478 3171 2550; x_wconf 74' lang='lat' dir='ltr'>[AL</span> <span class='ocrx_word' id='word_1_492' title='bbox 3205 2477 3424 2552; x_wconf 76' lang='lat' dir='ltr'><strong>XXVI}.</strong></span> 
     </span>
    </p>
   </div>
   <div class='ocr_carea' id='block_1_61' title="bbox 2568 2568 3431 2640">
    <p class='ocr_par' dir='ltr' id='par_1_61' title="bbox 2568 2568 3431 2640">
     <span class='ocr_line' id='line_1_61' title="bbox 2568 2568 3431 2640; baseline 0.001 -17"><span class='ocrx_word' id='word_1_493' title='bbox 2568 2568 2642 2640; x_wconf 67' lang='grc' dir='ltr'>(ιε)</span> <span class='ocrx_word' id='word_1_494' title='bbox 2674 2571 2736 2624; x_wconf 84' lang='lat' dir='ltr'>In</span> <span class='ocrx_word' id='word_1_495' title='bbox 2756 2568 3054 2625; x_wconf 80' lang='lat' dir='ltr'>Nativitate</span> <span class='ocrx_word' id='word_1_496' title='bbox 3070 2568 3293 2625; x_wconf 84' lang='lat' dir='ltr'>Domini</span> <span class='ocrx_word' id='word_1_497' title='bbox 3325 2570 3431 2626; x_wconf 82' lang='lat' dir='ltr'><strong><em>VII.</em></strong></span> 
     </span>
    </p>
   </div>
   <div class='ocr_carea' id='block_1_62' title="bbox 2180 2657 3813 2729">
    <p class='ocr_par' dir='ltr' id='par_1_62' title="bbox 2180 2657 3813 2729">
     <span class='ocr_line' id='line_1_62' title="bbox 2180 2657 3813 2729; baseline -0.001 -15"><span class='ocrx_word' id='word_1_498' title='bbox 2180 2659 2476 2714; x_wconf 80' lang='lat' dir='ltr'>SYNOPSIS.</span> <span class='ocrx_word' id='word_1_499' title='bbox 2501 2689 2570 2697; x_wconf 93' lang='lat'>—-</span> <span class='ocrx_word' id='word_1_500' title='bbox 2615 2662 2664 2714; x_wconf 85' lang='grc'>1.</span> <span class='ocrx_word' id='word_1_501' title='bbox 2714 2658 2962 2729; x_wconf 69' lang='grc' dir='ltr'>Αῖᾳααιὶε</span> <span class='ocrx_word' id='word_1_502' title='bbox 2999 2668 3111 2712; x_wconf 73' lang='lat' dir='ltr'>esse</span> <span class='ocrx_word' id='word_1_503' title='bbox 3136 2657 3373 2729; x_wconf 71' lang='lat' dir='ltr'>periculi</span> <span class='ocrx_word' id='word_1_504' title='bbox 3408 2658 3813 2729; x_wconf 72' lang='lat' dir='ltr'>alterutramin</span> 
     </span>
    </p>
   </div>
   <div class='ocr_carea' id='block_1_63' title="bbox 2253 2727 3809 2800">
    <p class='ocr_par' dir='ltr' id='par_1_63' title="bbox 2253 2727 3809 2800">
     <span class='ocr_line' id='line_1_63' title="bbox 2253 2727 3809 2800; baseline -0.001 -16"><span class='ocrx_word' id='word_1_505' title='bbox 2253 2730 2463 2785; x_wconf 85' lang='lat' dir='ltr'>Christo</span> <span class='ocrx_word' id='word_1_506' title='bbox 2511 2745 2710 2800; x_wconf 84' lang='lat' dir='ltr'>negare</span> <span class='ocrx_word' id='word_1_507' title='bbox 2749 2727 3027 2800; x_wconf 76' lang='lat' dir='ltr'>naturam.</span> <span class='ocrx_word' id='word_1_508' title='bbox 3070 2727 3146 2768; x_wconf 30' lang='lat'>—-’</span> <span class='ocrx_word' id='word_1_509' title='bbox 3172 2727 3526 2800; x_wconf 12' lang='lat' dir='ltr'>rlI.Verbum</span> <span class='ocrx_word' id='word_1_510' title='bbox 3566 2746 3698 2786; x_wconf 89' lang='lat' dir='ltr'>caro</span> <span class='ocrx_word' id='word_1_511' title='bbox 3736 2728 3809 2784; x_wconf 75' lang='lat' dir='ltr'>ia—</span> 
     </span>
    </p>
   </div>
   <div class='ocr_carea' id='block_1_64' title="bbox 2252 2799 3811 2873">
    <p class='ocr_par' dir='ltr' id='par_1_64' title="bbox 2252 2799 3811 2873">
     <span class='ocr_line' id='line_1_64' title="bbox 2252 2799 3811 2873; baseline -0.001 -18"><span class='ocrx_word' id='word_1_512' title='bbox 2252 2807 2412 2856; x_wconf 89' lang='lat' dir='ltr'>ctum</span> <span class='ocrx_word' id='word_1_513' title='bbox 2444 2803 2551 2867; x_wconf 87' lang='lat' dir='ltr'>est,</span> <span class='ocrx_word' id='word_1_514' title='bbox 2580 2799 2839 2873; x_wconf 87' lang='lat' dir='ltr'>quomodo</span> <span class='ocrx_word' id='word_1_515' title='bbox 2860 2799 3319 2873; x_wconf 80' lang='lat' dir='ltr'>intelligendum?</span> <span class='ocrx_word' id='word_1_516' title='bbox 3340 2801 3451 2869; x_wconf 87' lang='lat' dir='ltr'>Qui</span> <span class='ocrx_word' id='word_1_517' title='bbox 3478 2801 3727 2873; x_wconf 66' lang='lat' dir='ltr'>eﬁectus?</span> <span class='ocrx_word' id='word_1_518' title='bbox 3753 2831 3811 2842; x_wconf 92' lang='lat'><em>-</em></span> 
     </span>
    </p>
   </div>
   <div class='ocr_carea' id='block_1_65' title="bbox 2254 2870 3810 2943">
    <p class='ocr_par' dir='ltr' id='par_1_65' title="bbox 2254 2870 3810 2943">
     <span class='ocr_line' id='line_1_65' title="bbox 2254 2870 3810 2943; baseline 0.001 -16"><span class='ocrx_word' id='word_1_519' title='bbox 2254 2873 2349 2927; x_wconf 92' lang='lat' dir='ltr'>Ill.</span> <span class='ocrx_word' id='word_1_520' title='bbox 2382 2870 2671 2927; x_wconf 81' lang='lat' dir='ltr'>Diabolum</span> <span class='ocrx_word' id='word_1_521' title='bbox 2698 2870 2850 2926; x_wconf 87' lang='lat' dir='ltr'>varie</span> <span class='ocrx_word' id='word_1_522' title='bbox 2881 2870 3126 2943; x_wconf 85' lang='lat' dir='ltr'>homines</span> <span class='ocrx_word' id='word_1_523' title='bbox 3157 2870 3365 2943; x_wconf 78' lang='lat' dir='ltr'>tentare</span> <span class='ocrx_word' id='word_1_524' title='bbox 3388 2870 3710 2943; x_wconf 42' lang='lat' dir='ltr'>privarit:</span> <span class='ocrx_word' id='word_1_525' title='bbox 3734 2886 3810 2929; x_wconf 90' lang='lat' dir='ltr'>eo-</span> 
     </span>
    </p>
   </div>
   <div class='ocr_carea' id='block_1_66' title="bbox 2250 2942 3815 3014">
    <p class='ocr_par' dir='ltr' id='par_1_66' title="bbox 2250 2942 3815 3014">
     <span class='ocr_line' id='line_1_66' title="bbox 2250 2942 3815 3014; baseline 0 -17"><span class='ocrx_word' id='word_1_526' title='bbox 2250 2960 2375 2998; x_wconf 85' lang='lat' dir='ltr'>rum</span> <span class='ocrx_word' id='word_1_527' title='bbox 2407 2943 2687 3014; x_wconf 60' lang='lat' dir='ltr'>aﬁectibus</span> <span class='ocrx_word' id='word_1_528' title='bbox 2737 2946 2790 2997; x_wconf 89' lang='lat' dir='ltr'>et</span> <span class='ocrx_word' id='word_1_529' title='bbox 2820 2942 3038 2997; x_wconf 79' lang='lat' dir='ltr'>studiis.</span> <span class='ocrx_word' id='word_1_530' title='bbox 3074 2974 3141 2981; x_wconf 97' lang='lat'><strong><em>—</em></strong></span> <span class='ocrx_word' id='word_1_531' title='bbox 3174 2942 3264 2997; x_wconf 91' lang='lat' dir='ltr'>IV.</span> <span class='ocrx_word' id='word_1_532' title='bbox 3301 2942 3454 3011; x_wconf 81' lang='lat' dir='ltr'>Quod</span> <span class='ocrx_word' id='word_1_533' title='bbox 3477 2943 3589 3000; x_wconf 84' lang='lat' dir='ltr'>soli</span> <span class='ocrx_word' id='word_1_534' title='bbox 3631 2942 3815 3000; x_wconf 80' lang='lat' dir='ltr'>orienti</span> 
     </span>
    </p>
   </div>
   <div class='ocr_carea' id='block_1_67' title="bbox 2253 3014 3813 3098">
    <p class='ocr_par' dir='ltr' id='par_1_67' title="bbox 2253 3014 3813 3098">
     <span class='ocr_line' id='line_1_67' title="bbox 2253 3014 3813 3098; baseline 0 -30"><span class='ocrx_word' id='word_1_535' title='bbox 2253 3015 2477 3098; x_wconf 55' lang='lat' dir='ltr'>quidam</span> <span class='ocrx_word' id='word_1_536' title='bbox 2500 3015 2801 3098; x_wconf 73' lang='lat' dir='ltr'>Christiani</span> <span class='ocrx_word' id='word_1_537' title='bbox 2817 3029 2878 3069; x_wconf 88' lang='lat' dir='ltr'>se</span> <span class='ocrx_word' id='word_1_538' title='bbox 2898 3014 3190 3098; x_wconf 65' lang='lat' dir='ltr'>inclinant,</span> <span class='ocrx_word' id='word_1_539' title='bbox 3222 3017 3673 3098; x_wconf 26' lang='lat' dir='ltr'>nisupersitioue</span> <span class='ocrx_word' id='word_1_540' title='bbox 3697 3029 3813 3071; x_wconf 72' lang='lat' dir='ltr'>esse.</span> 
     </span>
    </p>
   </div>
   <div class='ocr_carea' id='block_1_68' title="bbox 2253 3085 3816 3157">
    <p class='ocr_par' dir='ltr' id='par_1_68' title="bbox 2253 3085 3816 3157">
     <span class='ocr_line' id='line_1_68' title="bbox 2253 3085 3816 3157; baseline 0.003 -18"><span class='ocrx_word' id='word_1_541' title='bbox 2253 3118 2321 3126; x_wconf 95' lang='lat'><strong>—</strong></span> <span class='ocrx_word' id='word_1_542' title='bbox 2342 3086 2410 3141; x_wconf 91' lang='lat' dir='ltr'><strong>V.</strong></span> <span class='ocrx_word' id='word_1_543' title='bbox 2435 3085 2684 3142; x_wconf 75' lang='lat' dir='ltr'>Cazlestia</span> <span class='ocrx_word' id='word_1_544' title='bbox 2703 3101 2930 3157; x_wconf 87' lang='lat' dir='ltr'>corpora</span> <span class='ocrx_word' id='word_1_545' title='bbox 2949 3086 3235 3141; x_wconf 85' lang='lat' dir='ltr'>hominum</span> <span class='ocrx_word' id='word_1_546' title='bbox 3254 3085 3489 3142; x_wconf 82' lang='lat' dir='ltr'>utilitati</span> <span class='ocrx_word' id='word_1_547' title='bbox 3506 3089 3725 3143; x_wconf 80' lang='lat' dir='ltr'>servire.</span> <span class='ocrx_word' id='word_1_548' title='bbox 3754 3116 3816 3127; x_wconf 90' lang='lat'><strong><em>—</em></strong></span> 
     </span>
    </p>
   </div>
   <div class='ocr_carea' id='block_1_69' title="bbox 2254 3157 3813 3232">
    <p class='ocr_par' dir='ltr' id='par_1_69' title="bbox 2254 3157 3813 3232">
     <span class='ocr_line' id='line_1_69' title="bbox 2254 3157 3813 3232; baseline 0.003 -21"><span class='ocrx_word' id='word_1_549' title='bbox 2254 3158 2346 3213; x_wconf 88' lang='lat' dir='ltr'><strong>VI.</strong></span> <span class='ocrx_word' id='word_1_550' title='bbox 2386 3158 2517 3232; x_wconf 83' lang='lat' dir='ltr'>Quis</span> <span class='ocrx_word' id='word_1_551' title='bbox 2564 3166 2744 3232; x_wconf 77' lang='lat' dir='ltr'>rectus</span> <span class='ocrx_word' id='word_1_552' title='bbox 2785 3160 3161 3232; x_wconf 76' lang='lat' dir='ltr'>creaturarum</span> <span class='ocrx_word' id='word_1_553' title='bbox 3212 3173 3365 3212; x_wconf 86' lang='lat' dir='ltr'>usus.</span> <span class='ocrx_word' id='word_1_554' title='bbox 3395 3158 3567 3215; x_wconf 87' lang='lat' dir='ltr'>Homo</span> <span class='ocrx_word' id='word_1_555' title='bbox 3590 3157 3660 3214; x_wconf 81' lang='lat' dir='ltr'>ad</span> <span class='ocrx_word' id='word_1_556' title='bbox 3682 3174 3813 3232; x_wconf 72' lang='lat' dir='ltr'>prte-</span> 
     </span>
    </p>
   </div>
   <div class='ocr_carea' id='block_1_70' title="bbox 430 3228 3239 3347">
    <p class='ocr_par' dir='ltr' id='par_1_70' title="bbox 430 3228 3239 3347">
     <span class='ocr_line' id='line_1_70' title="bbox 430 3228 3239 3347; baseline -0.002 -16"><span class='ocrx_word' id='word_1_557' title='bbox 430 3271 708 3347; x_wconf 82' lang='lat' dir='ltr'>quoniam</span> <span class='ocrx_word' id='word_1_558' title='bbox 735 3271 921 3346; x_wconf 84' lang='lat' dir='ltr'>gratia</span> <span class='ocrx_word' id='word_1_559' title='bbox 951 3270 1139 3327; x_wconf 88' lang='lat' dir='ltr'>Patris</span> <span class='ocrx_word' id='word_1_560' title='bbox 1157 3286 1271 3327; x_wconf 91' lang='lat' dir='ltr'>non</span> <span class='ocrx_word' id='word_1_561' title='bbox 1286 3269 1585 3326; x_wconf 92' lang='lat' dir='ltr'>discordes</span> <span class='ocrx_word' id='word_1_562' title='bbox 1616 3285 1804 3343; x_wconf 90' lang='lat' dir='ltr'>neque</span> <span class='ocrx_word' id='word_1_563' title='bbox 1825 3270 2079 3327; x_wconf 88' lang='lat' dir='ltr'>dissimi—</span> <span class='ocrx_word' id='word_1_564' title='bbox 2108 3233 2153 3301; x_wconf 65' lang='grc' dir='ltr'>Ο</span> <span class='ocrx_word' id='word_1_565' title='bbox 2259 3236 2439 3347; x_wconf 29' lang='lat' dir='ltr'>lenm</span> <span class='ocrx_word' id='word_1_566' title='bbox 2457 3233 2645 3347; x_wconf 49' lang='lat' dir='ltr'>mth</span> <span class='ocrx_word' id='word_1_567' title='bbox 2676 3228 2744 3347; x_wconf 38' lang='lat' dir='ltr'>“fl</span> <span class='ocrx_word' id='word_1_568' title='bbox 2766 3231 2977 3347; x_wconf 29' lang='grc' dir='ltr'>νέω-</span> <span class='ocrx_word' id='word_1_569' title='bbox 2999 3235 3239 3347; x_wconf 37' lang='grc' dir='ltr'>νθῇαωθ</span> 
     </span>
    </p>
   </div>
   <div class='ocr_carea' id='block_1_71' title="bbox 426 3367 2076 3441">
    <p class='ocr_par' dir='ltr' id='par_1_71' title="bbox 426 3367 2076 3441">
     <span class='ocr_line' id='line_1_71' title="bbox 426 3367 2076 3441; baseline -0.002 -14"><span class='ocrx_word' id='word_1_570' title='bbox 426 3371 534 3438; x_wconf 84' lang='lat' dir='ltr'>les,</span> <span class='ocrx_word' id='word_1_571' title='bbox 548 3370 651 3428; x_wconf 91' lang='lat' dir='ltr'>sed</span> <span class='ocrx_word' id='word_1_572' title='bbox 672 3386 857 3428; x_wconf 88' lang='lat' dir='ltr'>unum</span> <span class='ocrx_word' id='word_1_573' title='bbox 881 3367 1201 3425; x_wconf 87' lang='lat' dir='ltr'>sentientes</span> <span class='ocrx_word' id='word_1_574' title='bbox 1218 3383 1519 3437; x_wconf 89' lang='lat' dir='ltr'>unumque</span> <span class='ocrx_word' id='word_1_575' title='bbox 1532 3371 1816 3435; x_wconf 87' lang='lat' dir='ltr'>amantes,</span> <span class='ocrx_word' id='word_1_576' title='bbox 1832 3368 2076 3441; x_wconf 87' lang='lat' dir='ltr'>adopta-</span> 
     </span>
    </p>
   </div>
   <div class='ocr_carea' id='block_1_72' title="bbox 427 3463 2074 3540">
    <p class='ocr_par' dir='ltr' id='par_1_72' title="bbox 427 3463 2074 3540">
     <span class='ocr_line' id='line_1_72' title="bbox 427 3463 2074 3540; baseline -0.001 -16"><span class='ocrx_word' id='word_1_577' title='bbox 427 3466 804 3524; x_wconf 75' lang='lat' dir='ltr'>vithaaredes.</span> <span class='ocrx_word' id='word_1_578' title='bbox 839 3466 923 3521; x_wconf 82' lang='lat' dir='ltr'>Ad</span> <span class='ocrx_word' id='word_1_579' title='bbox 957 3481 1135 3520; x_wconf 91' lang='lat' dir='ltr'>unam</span> <span class='ocrx_word' id='word_1_580' title='bbox 1167 3464 1513 3519; x_wconf 85' lang='lat' dir='ltr'>reformatos</span> <span class='ocrx_word' id='word_1_581' title='bbox 1546 3463 1867 3537; x_wconf 87' lang='lat' dir='ltr'>imaginem</span> <span class='ocrx_word' id='word_1_582' title='bbox 1902 3483 2074 3540; x_wconf 84' lang='lat' dir='ltr'>Opor-</span> 
     </span>
    </p>
   </div>
   <div class='ocr_carea' id='block_1_73' title="bbox 430 3560 2074 3623">
    <p class='ocr_par' dir='ltr' id='par_1_73' title="bbox 430 3560 2074 3623">
     <span class='ocr_line' id='line_1_73' title="bbox 430 3560 2074 3623; baseline 0.001 -2"><span class='ocrx_word' id='word_1_583' title='bbox 430 3567 513 3621; x_wconf 83' lang='lat' dir='ltr'>tet</span> <span class='ocrx_word' id='word_1_584' title='bbox 540 3562 801 3619; x_wconf 84' lang='lat' dir='ltr'>animam</span> <span class='ocrx_word' id='word_1_585' title='bbox 840 3560 1055 3617; x_wconf 86' lang='lat' dir='ltr'>habere</span> <span class='ocrx_word' id='word_1_586' title='bbox 1078 3560 1684 3617; x_wconf 85' lang='lat' dir='ltr'>conformcm.Natalis</span> <span class='ocrx_word' id='word_1_587' title='bbox 1714 3562 1945 3619; x_wconf 88' lang='lat' dir='ltr'>Domini</span> <span class='ocrx_word' id='word_1_588' title='bbox 1976 3583 2074 3623; x_wconf 89' lang='lat' dir='ltr'>na-</span> 
     </span>
    </p>
   </div>
   <div class='ocr_carea' id='block_1_74' title="bbox 2255 3340 3816 3411">
    <p class='ocr_par' dir='ltr' id='par_1_74' title="bbox 2255 3340 3816 3411">
     <span class='ocr_line' id='line_1_74' title="bbox 2255 3340 3816 3411; baseline -0.001 -12"><span class='ocrx_word' id='word_1_589' title='bbox 2255 3345 2387 3399; x_wconf 75' lang='lat' dir='ltr'>CAP.</span> <span class='ocrx_word' id='word_1_590' title='bbox 2422 3346 2464 3398; x_wconf 90' lang='grc' dir='ltr'><strong>Ι.</strong></span> <span class='ocrx_word' id='word_1_591' title='bbox 2492 3373 2557 3383; x_wconf 86' lang='lat'>--</span> <span class='ocrx_word' id='word_1_592' title='bbox 2582 3340 2933 3398; x_wconf 88' lang='lat' dir='ltr'>Festivitatis</span> <span class='ocrx_word' id='word_1_593' title='bbox 2963 3341 3278 3411; x_wconf 64' lang='lat' dir='ltr'>hodiernae,</span> <span class='ocrx_word' id='word_1_594' title='bbox 3314 3342 3713 3411; x_wconf 83' lang='lat' dir='ltr'>dilectissimi,</span> <span class='ocrx_word' id='word_1_595' title='bbox 3739 3359 3816 3398; x_wconf 88' lang='lat' dir='ltr'>ve-</span> 
     </span>
    </p>
   </div>
   <div class='ocr_carea' id='block_1_75' title="bbox 2184 3430 3814 3505">
    <p class='ocr_par' dir='ltr' id='par_1_75' title="bbox 2184 3430 3814 3505">
     <span class='ocr_line' id='line_1_75' title="bbox 2184 3430 3814 3505; baseline -0.001 -17"><span class='ocrx_word' id='word_1_596' title='bbox 2184 3450 2285 3488; x_wconf 90' lang='lat' dir='ltr'>rus</span> <span class='ocrx_word' id='word_1_597' title='bbox 2314 3435 2618 3489; x_wconf 89' lang='lat' dir='ltr'>venerator</span> <span class='ocrx_word' id='word_1_598' title='bbox 2660 3434 2747 3486; x_wconf 91' lang='lat' dir='ltr'>est</span> <span class='ocrx_word' id='word_1_599' title='bbox 2794 3435 2850 3487; x_wconf 92' lang='lat' dir='ltr'>et</span> <span class='ocrx_word' id='word_1_600' title='bbox 2879 3431 3013 3503; x_wconf 88' lang='lat' dir='ltr'>pius</span> <span class='ocrx_word' id='word_1_601' title='bbox 3035 3430 3225 3488; x_wconf 80' lang='lat' dir='ltr'>cultor</span> <span class='ocrx_word' id='word_1_602' title='bbox 3240 3432 3341 3505; x_wconf 90' lang='lat' dir='ltr'>qui</span> <span class='ocrx_word' id='word_1_603' title='bbox 3372 3433 3475 3490; x_wconf 69' lang='lat'>92</span> <span class='ocrx_word' id='word_1_604' title='bbox 3507 3450 3614 3491; x_wconf 89' lang='lat' dir='ltr'>nec</span> <span class='ocrx_word' id='word_1_605' title='bbox 3643 3434 3712 3489; x_wconf 91' lang='lat' dir='ltr'>de</span> <span class='ocrx_word' id='word_1_606' title='bbox 3738 3431 3814 3487; x_wconf 81' lang='lat' dir='ltr'>in-</span> 
     </span>
    </p>
   </div>
   <div class='ocr_carea' id='block_1_76' title="bbox 2182 3518 3813 3591">
    <p class='ocr_par' dir='ltr' id='par_1_76' title="bbox 2182 3518 3813 3591">
     <span class='ocr_line' id='line_1_76' title="bbox 2182 3518 3813 3591; baseline -0.001 -14"><span class='ocrx_word' id='word_1_607' title='bbox 2182 3521 2516 3578; x_wconf 86' lang='lat' dir='ltr'>carnatione</span> <span class='ocrx_word' id='word_1_608' title='bbox 2532 3518 2758 3575; x_wconf 91' lang='lat' dir='ltr'>Domini</span> <span class='ocrx_word' id='word_1_609' title='bbox 2776 3519 2999 3591; x_wconf 88' lang='lat' dir='ltr'>aliquid</span> <span class='ocrx_word' id='word_1_610' title='bbox 3017 3518 3253 3587; x_wconf 88' lang='lat' dir='ltr'>falsum,</span> <span class='ocrx_word' id='word_1_611' title='bbox 3274 3536 3380 3577; x_wconf 86' lang='lat' dir='ltr'>nec</span> <span class='ocrx_word' id='word_1_612' title='bbox 3394 3520 3466 3577; x_wconf 92' lang='lat' dir='ltr'>de</span> <span class='ocrx_word' id='word_1_613' title='bbox 3478 3521 3704 3579; x_wconf 87' lang='lat' dir='ltr'>Deitate</span> <span class='ocrx_word' id='word_1_614' title='bbox 3720 3520 3813 3576; x_wconf 83' lang='lat' dir='ltr'>ali-</span> 
     </span>
    </p>
   </div>
   <div class='ocr_carea' id='block_1_77' title="bbox 2181 3608 3812 3683">
    <p class='ocr_par' dir='ltr' id='par_1_77' title="bbox 2181 3608 3812 3683">
     <span class='ocr_line' id='line_1_77' title="bbox 2181 3608 3812 3683; baseline -0.001 -18"><span class='ocrx_word' id='word_1_615' title='bbox 2181 3610 2321 3683; x_wconf 90' lang='lat' dir='ltr'>quid</span> <span class='ocrx_word' id='word_1_616' title='bbox 2353 3608 2531 3665; x_wconf 89' lang='lat' dir='ltr'>sentit</span> <span class='ocrx_word' id='word_1_617' title='bbox 2559 3608 2868 3682; x_wconf 88' lang='lat' dir='ltr'>indignum</span> <span class='ocrx_word' id='word_1_618' title='bbox 2898 3626 2911 3665; x_wconf 87' lang='lat'><strong>:</strong></span> <span class='ocrx_word' id='word_1_619' title='bbox 2944 3608 3102 3681; x_wconf 89' lang='lat' dir='ltr'>paris</span> <span class='ocrx_word' id='word_1_620' title='bbox 3131 3609 3290 3665; x_wconf 89' lang='lat' dir='ltr'>enim</span> <span class='ocrx_word' id='word_1_621' title='bbox 3326 3609 3577 3681; x_wconf 88' lang='lat' dir='ltr'>periculi</span> <span class='ocrx_word' id='word_1_622' title='bbox 3609 3608 3812 3666; x_wconf 85' lang='lat' dir='ltr'>malum</span> 
     </span>
    </p>
   </div>
   <div class='ocr_carea' id='block_1_78' title="bbox 2180 3696 3811 3772">
    <p class='ocr_par' dir='ltr' id='par_1_78' title="bbox 2180 3696 3811 3772">
     <span class='ocr_line' id='line_1_78' title="bbox 2180 3696 3811 3772; baseline -0.001 -18"><span class='ocrx_word' id='word_1_623' title='bbox 2180 3703 2288 3765; x_wconf 88' lang='lat' dir='ltr'>est,</span> <span class='ocrx_word' id='word_1_624' title='bbox 2320 3697 2370 3754; x_wconf 93' lang='lat' dir='ltr'>si</span> <span class='ocrx_word' id='word_1_625' title='bbox 2405 3696 2485 3753; x_wconf 90' lang='lat' dir='ltr'>illi</span> <span class='ocrx_word' id='word_1_626' title='bbox 2535 3700 2636 3752; x_wconf 91' lang='lat' dir='ltr'>aut</span> <span class='ocrx_word' id='word_1_627' title='bbox 2685 3700 2905 3753; x_wconf 72' lang='lat' dir='ltr'>natura:</span> <span class='ocrx_word' id='word_1_628' title='bbox 2937 3701 3148 3754; x_wconf 69' lang='lat' dir='ltr'>nostra</span> <span class='ocrx_word' id='word_1_629' title='bbox 3181 3697 3423 3768; x_wconf 86' lang='lat' dir='ltr'>veritas,</span> <span class='ocrx_word' id='word_1_630' title='bbox 3449 3704 3559 3756; x_wconf 88' lang='lat' dir='ltr'>aut</span> <span class='ocrx_word' id='word_1_631' title='bbox 3576 3705 3811 3772; x_wconf 70' lang='lat' dir='ltr'>paterna:</span> 
     </span>
    </p>
   </div>
   <div class='ocr_carea' id='block_1_79' title="bbox 2178 3785 3810 3861">
    <p class='ocr_par' dir='ltr' id='par_1_79' title="bbox 2178 3785 3810 3861">
     <span class='ocr_line' id='line_1_79' title="bbox 2178 3785 3810 3861; baseline 0.001 -20"><span class='ocrx_word' id='word_1_632' title='bbox 2178 3786 2374 3858; x_wconf 84' lang='lat' dir='ltr'>gloriae</span> <span class='ocrx_word' id='word_1_633' title='bbox 2407 3789 2652 3858; x_wconf 89' lang='lat' dir='ltr'>negatur</span> <span class='ocrx_word' id='word_1_634' title='bbox 2688 3785 3011 3857; x_wconf 74' lang='lat' dir='ltr'>aequalitas.</span> <span class='ocrx_word' id='word_1_635' title='bbox 3042 3790 3186 3842; x_wconf 87' lang='lat' dir='ltr'>Cum</span> <span class='ocrx_word' id='word_1_636' title='bbox 3217 3802 3354 3859; x_wconf 89' lang='lat' dir='ltr'>ergo</span> <span class='ocrx_word' id='word_1_637' title='bbox 3384 3788 3455 3844; x_wconf 90' lang='lat' dir='ltr'>ad</span> <span class='ocrx_word' id='word_1_638' title='bbox 3493 3788 3810 3861; x_wconf 84' lang='lat' dir='ltr'>intelligen—</span> 
     </span>
    </p>
   </div>
   <div class='ocr_carea' id='block_1_80' title="bbox 2178 3874 3809 3948">
    <p class='ocr_par' dir='ltr' id='par_1_80' title="bbox 2178 3874 3809 3948">
     <span class='ocr_line' id='line_1_80' title="bbox 2178 3874 3809 3948; baseline -0.001 -18"><span class='ocrx_word' id='word_1_639' title='bbox 2178 3877 2319 3931; x_wconf 87' lang='lat' dir='ltr'>dum</span> <span class='ocrx_word' id='word_1_640' title='bbox 2340 3878 2775 3932; x_wconf 87' lang='lat' dir='ltr'>sacramentum</span> <span class='ocrx_word' id='word_1_641' title='bbox 2799 3874 3132 3930; x_wconf 88' lang='lat' dir='ltr'>Nativitatis</span> <span class='ocrx_word' id='word_1_642' title='bbox 3145 3874 3385 3942; x_wconf 90' lang='lat' dir='ltr'>Christi,</span> <span class='ocrx_word' id='word_1_643' title='bbox 3416 3893 3537 3948; x_wconf 88' lang='lat' dir='ltr'>qua</span> <span class='ocrx_word' id='word_1_644' title='bbox 3561 3877 3809 3934; x_wconf 86' lang='lat' dir='ltr'>dematre</span> 
     </span>
    </p>
   </div>
   <div class='ocr_carea' id='block_1_81' title="bbox 2176 3963 3805 4038">
    <p class='ocr_par' dir='ltr' id='par_1_81' title="bbox 2176 3963 3805 4038">
     <span class='ocr_line' id='line_1_81' title="bbox 2176 3963 3805 4038; baseline 0 -20"><span class='ocrx_word' id='word_1_645' title='bbox 2176 3964 2415 4038; x_wconf 85' lang='lat' dir='ltr'>Virgine</span> <span class='ocrx_word' id='word_1_646' title='bbox 2435 3967 2524 4019; x_wconf 82' lang='lat' dir='ltr'>est</span> <span class='ocrx_word' id='word_1_647' title='bbox 2546 3968 2733 4032; x_wconf 86' lang='lat' dir='ltr'>ortus,</span> <span class='ocrx_word' id='word_1_648' title='bbox 2752 3963 3110 4032; x_wconf 87' lang='lat' dir='ltr'>accedimus,</span> <span class='ocrx_word' id='word_1_649' title='bbox 3132 3963 3405 4037; x_wconf 87' lang='lat' dir='ltr'>abigatur</span> <span class='ocrx_word' id='word_1_650' title='bbox 3417 3964 3623 4037; x_wconf 87' lang='lat' dir='ltr'>procul</span> <span class='ocrx_word' id='word_1_651' title='bbox 3646 3969 3805 4020; x_wconf 85' lang='lat' dir='ltr'>terre-</span> 
     </span>
    </p>
   </div>
   <div class='ocr_carea' id='block_1_82' title="bbox 2178 4050 3805 4124">
    <p class='ocr_par' dir='ltr' id='par_1_82' title="bbox 2178 4050 3805 4124">
     <span class='ocr_line' id='line_1_82' title="bbox 2178 4050 3805 4124; baseline -0.001 -15"><span class='ocrx_word' id='word_1_652' title='bbox 2178 4070 2320 4109; x_wconf 89' lang='lat' dir='ltr'>naru</span> <span class='ocrx_word' id='word_1_653' title='bbox 2330 4071 2386 4108; x_wconf 87' lang='lat' dir='ltr'>m</span> <span class='ocrx_word' id='word_1_654' title='bbox 2401 4051 2586 4124; x_wconf 89' lang='lat' dir='ltr'>caligo</span> <span class='ocrx_word' id='word_1_655' title='bbox 2605 4050 3051 4123; x_wconf 78' lang='lat' dir='ltr'>rationum,tl)et</span> <span class='ocrx_word' id='word_1_656' title='bbox 3075 4051 3146 4107; x_wconf 90' lang='lat' dir='ltr'>ab</span> <span class='ocrx_word' id='word_1_657' title='bbox 3171 4051 3516 4109; x_wconf 79' lang='lat' dir='ltr'>illuminatae</span> <span class='ocrx_word' id='word_1_658' title='bbox 3534 4053 3665 4110; x_wconf 85' lang='lat' dir='ltr'>ﬁdei</span> <span class='ocrx_word' id='word_1_659' title='bbox 3678 4068 3805 4109; x_wconf 88' lang='lat' dir='ltr'>ocu-</span> 
     </span>
    </p>
   </div>
   <div class='ocr_carea' id='block_1_83' title="bbox 2176 4140 3804 4214">
    <p class='ocr_par' dir='ltr' id='par_1_83' title="bbox 2176 4140 3804 4214">
     <span class='ocr_line' id='line_1_83' title="bbox 2176 4140 3804 4214; baseline -0.002 -17"><span class='ocrx_word' id='word_1_660' title='bbox 2176 4141 2251 4197; x_wconf 89' lang='lat' dir='ltr'>lis</span> <span class='ocrx_word' id='word_1_661' title='bbox 2282 4142 2594 4197; x_wconf 67' lang='lat' dir='ltr'>mundauae</span> <span class='ocrx_word' id='word_1_662' title='bbox 2624 4140 2922 4214; x_wconf 68' lang='lat' dir='ltr'>sapientiae</span> <span class='ocrx_word' id='word_1_663' title='bbox 2952 4142 3154 4197; x_wconf 84' lang='lat' dir='ltr'>fumus</span> <span class='ocrx_word' id='word_1_664' title='bbox 3182 4141 3491 4209; x_wconf 86' lang='lat' dir='ltr'>abscidat;</span> <span class='ocrx_word' id='word_1_665' title='bbox 3521 4142 3804 4199; x_wconf 82' lang='lat' dir='ltr'>divinaest</span> 
     </span>
    </p>
   </div>
   <div class='ocr_carea' id='block_1_84' title="bbox 2176 4228 3804 4297">
    <p class='ocr_par' dir='ltr' id='par_1_84' title="bbox 2176 4228 3804 4297">
     <span class='ocr_line' id='line_1_84' title="bbox 2176 4228 3804 4297; baseline -0.002 -11"><span class='ocrx_word' id='word_1_666' title='bbox 2176 4230 2334 4287; x_wconf 87' lang='lat' dir='ltr'>enim</span> <span class='ocrx_word' id='word_1_667' title='bbox 2366 4228 2684 4284; x_wconf 87' lang='lat' dir='ltr'>auctoritas</span> <span class='ocrx_word' id='word_1_668' title='bbox 2715 4228 2809 4284; x_wconf 92' lang='lat' dir='ltr'>cui</span> <span class='ocrx_word' id='word_1_669' title='bbox 2859 4228 3176 4297; x_wconf 85' lang='lat' dir='ltr'>credimus,</span> <span class='ocrx_word' id='word_1_670' title='bbox 3209 4229 3413 4285; x_wconf 78' lang='lat' dir='ltr'>divina</span> <span class='ocrx_word' id='word_1_671' title='bbox 3438 4235 3531 4287; x_wconf 81' lang='lat' dir='ltr'>est</span> <span class='ocrx_word' id='word_1_672' title='bbox 3559 4228 3804 4287; x_wconf 87' lang='lat' dir='ltr'>doctrina</span> 
     </span>
    </p>
   </div>
   <div class='ocr_carea' id='block_1_85' title="bbox 2176 4316 3801 4392">
    <p class='ocr_par' dir='ltr' id='par_1_85' title="bbox 2176 4316 3801 4392">
     <span class='ocr_line' id='line_1_85' title="bbox 2176 4316 3801 4392; baseline -0.002 -18"><span class='ocrx_word' id='word_1_673' title='bbox 2176 4335 2353 4391; x_wconf 90' lang='lat' dir='ltr'>quam</span> <span class='ocrx_word' id='word_1_674' title='bbox 2396 4316 2720 4389; x_wconf 88' lang='lat' dir='ltr'>sequimur.</span> <span class='ocrx_word' id='word_1_675' title='bbox 2760 4316 3044 4383; x_wconf 89' lang='lat' dir='ltr'>Quoniam</span> <span class='ocrx_word' id='word_1_676' title='bbox 3077 4317 3197 4374; x_wconf 89' lang='lat' dir='ltr'>sive</span> <span class='ocrx_word' id='word_1_677' title='bbox 3226 4316 3372 4392; x_wconf 89' lang='lat' dir='ltr'>legis</span> <span class='ocrx_word' id='word_1_678' title='bbox 3398 4316 3801 4383; x_wconf 82' lang='lat' dir='ltr'>testiﬁcationi,</span> 
     </span>
    </p>
   </div>
   <div class='ocr_carea' id='block_1_86' title="bbox 2175 4404 3802 4481">
    <p class='ocr_par' dir='ltr' id='par_1_86' title="bbox 2175 4404 3802 4481">
     <span class='ocr_line' id='line_1_86' title="bbox 2175 4404 3802 4481; baseline -0.002 -18"><span class='ocrx_word' id='word_1_679' title='bbox 2175 4408 2294 4464; x_wconf 84' lang='lat' dir='ltr'>sive</span> <span class='ocrx_word' id='word_1_680' title='bbox 2325 4404 2576 4463; x_wconf 88' lang='lat' dir='ltr'>oraculis</span> <span class='ocrx_word' id='word_1_681' title='bbox 2597 4404 3169 4477; x_wconf 89' lang='lat' dir='ltr'>prophetarum,sive</span> <span class='ocrx_word' id='word_1_682' title='bbox 3193 4406 3701 4481; x_wconf 66' lang='lat' dir='ltr'>evangelicaetubaa</span> <span class='ocrx_word' id='word_1_683' title='bbox 3728 4405 3802 4460; x_wconf 86' lang='lat' dir='ltr'>in-</span> 
     </span>
    </p>
   </div>
   <div class='ocr_carea' id='block_1_87' title="bbox 2173 4493 3802 4567">
    <p class='ocr_par' dir='ltr' id='par_1_87' title="bbox 2173 4493 3802 4567">
     <span class='ocr_line' id='line_1_87' title="bbox 2173 4493 3802 4567; baseline -0.002 -15"><span class='ocrx_word' id='word_1_684' title='bbox 2173 4496 2446 4552; x_wconf 89' lang='lat' dir='ltr'>teriorem</span> <span class='ocrx_word' id='word_1_685' title='bbox 2498 4495 2914 4551; x_wconf 88' lang='lat' dir='ltr'>admoveamus</span> <span class='ocrx_word' id='word_1_686' title='bbox 2967 4494 3257 4566; x_wconf 88' lang='lat' dir='ltr'>auditum,</span> <span class='ocrx_word' id='word_1_687' title='bbox 3306 4513 3511 4553; x_wconf 85' lang='lat' dir='ltr'>verum</span> <span class='ocrx_word' id='word_1_688' title='bbox 3548 4500 3636 4553; x_wconf 86' lang='lat' dir='ltr'>est</span> <span class='ocrx_word' id='word_1_689' title='bbox 3661 4493 3802 4567; x_wconf 85' lang='lat' dir='ltr'>quod</span> 
     </span>
    </p>
   </div>
   <div class='ocr_carea' id='block_1_88' title="bbox 494 4604 3798 4743">
    <p class='ocr_par' dir='ltr' id='par_1_88' title="bbox 494 4604 3798 4743">
     <span class='ocr_line' id='line_1_88' title="bbox 494 4604 3798 4743; baseline -0.001 -67"><span class='ocrx_word' id='word_1_690' title='bbox 494 4623 571 4690; x_wconf 88' lang='grc' dir='ltr'>(α)</span> <span class='ocrx_word' id='word_1_691' title='bbox 597 4620 870 4687; x_wconf 70' lang='lat' dir='ltr'>Quasdam</span> <span class='ocrx_word' id='word_1_692' title='bbox 893 4619 1144 4743; x_wconf 69' lang='lat' dir='ltr'>antiquae</span> <span class='ocrx_word' id='word_1_693' title='bbox 1160 4619 1579 4686; x_wconf 73' lang='lat' dir='ltr'>editiones,lux</span> <span class='ocrx_word' id='word_1_694' title='bbox 1596 4624 1793 4677; x_wconf 88' lang='lat' dir='ltr'>vestra.</span> <span class='ocrx_word' id='word_1_695' title='bbox 1828 4620 1970 4678; x_wconf 90' lang='lat' dir='ltr'>Dein</span> <span class='ocrx_word' id='word_1_696' title='bbox 1998 4641 2067 4681; x_wconf 81' lang='lat' dir='ltr'>ex</span> <span class='ocrx_word' id='word_1_697' title='bbox 2099 4604 2144 4669; x_wconf 80' lang='grc' dir='ltr'><strong>Ι)</strong></span> <span class='ocrx_word' id='word_1_698' title='bbox 2174 4621 2313 4678; x_wconf 87' lang='lat' dir='ltr'>editi</span> <span class='ocrx_word' id='word_1_699' title='bbox 2336 4620 2574 4702; x_wconf 77' lang='lat' dir='ltr'>habent,</span> <span class='ocrx_word' id='word_1_700' title='bbox 2605 4620 2806 4701; x_wconf 78' lang='lat' dir='ltr'>inquit.</span> <span class='ocrx_word' id='word_1_701' title='bbox 2826 4620 2994 4676; x_wconf 83' lang='lat' dir='ltr'>Habet</span> <span class='ocrx_word' id='word_1_702' title='bbox 3021 4624 3217 4676; x_wconf 81' lang='lat' dir='ltr'>autem</span> <span class='ocrx_word' id='word_1_703' title='bbox 3247 4619 3367 4676; x_wconf 86' lang='lat' dir='ltr'>sive</span> <span class='ocrx_word' id='word_1_704' title='bbox 3394 4636 3511 4702; x_wconf 79' lang='lat' dir='ltr'>non</span> <span class='ocrx_word' id='word_1_705' title='bbox 3535 4624 3597 4677; x_wconf 88' lang='lat' dir='ltr'>et</span> <span class='ocrx_word' id='word_1_706' title='bbox 3621 4630 3798 4698; x_wconf 71' lang='lat' dir='ltr'>mecm</span> 
     </span>
     <span class='ocr_line' id='line_1_89' title="bbox 497 4690 3797 4743; baseline 0 0"><span class='ocrx_word' id='word_1_707' title='bbox 497 4692 549 4743; x_wconf 92' lang='lat' dir='ltr'>d.</span> <span class='ocrx_word' id='word_1_708' title='bbox 568 4690 626 4743; x_wconf 93' lang='lat' dir='ltr'>S.</span> <span class='ocrx_word' id='word_1_709' title='bbox 648 4690 797 4743; x_wconf 85' lang='lat' dir='ltr'>Petri</span> <span class='ocrx_word' id='word_1_710' title='bbox 818 4694 874 4743; x_wconf 88' lang='lat' dir='ltr'>et</span> <span class='ocrx_word' id='word_1_711' title='bbox 894 4708 1009 4743; x_wconf 88' lang='lat' dir='ltr'>uno</span> <span class='ocrx_word' id='word_1_712' title='bbox 1061 4690 1551 4743; x_wconf 76' lang='lat' dir='ltr'>’at..maanilicent</span> <span class='ocrx_word' id='word_1_713' title='bbox 1574 4691 1940 4743; x_wconf 73' lang='lat' dir='ltr'>scripsimus-</span> <span class='ocrx_word' id='word_1_714' title='bbox 1962 4713 2064 4743; x_wconf 85' lang='lat' dir='ltr'>nm</span> <span class='ocrx_word' id='word_1_715' title='bbox 2172 4710 2302 4743; x_wconf 79' lang='lat' dir='ltr'>suas</span> <span class='ocrx_word' id='word_1_716' title='bbox 2321 4708 2646 4743; x_wconf 75' lang='lat' dir='ltr'>reperimus</span> <span class='ocrx_word' id='word_1_717' title='bbox 2670 4708 2726 4743; x_wconf 84' lang='lat' dir='ltr'>1n</span> <span class='ocrx_word' id='word_1_718' title='bbox 2749 4691 2982 4743; x_wconf 83' lang='lat' dir='ltr'>duobus</span> <span class='ocrx_word' id='word_1_719' title='bbox 2998 4692 3163 4743; x_wconf 88' lang='lat' dir='ltr'>codd.</span> <span class='ocrx_word' id='word_1_720' title='bbox 3201 4692 3260 4743; x_wconf 90' lang='lat' dir='ltr'>S.</span> <span class='ocrx_word' id='word_1_721' title='bbox 3295 4691 3447 4743; x_wconf 83' lang='lat' dir='ltr'>Petn</span> <span class='ocrx_word' id='word_1_722' title='bbox 3478 4698 3535 4743; x_wconf 85' lang='lat' dir='ltr'>et</span> <span class='ocrx_word' id='word_1_723' title='bbox 3562 4691 3620 4743; x_wconf 89' lang='lat' dir='ltr'>in</span> <span class='ocrx_word' id='word_1_724' title='bbox 3649 4693 3797 4743; x_wconf 66' lang='lat' dir='ltr'>Casa-</span> 
     </span>
    </p>
   </div>
   <div class='ocr_carea' id='block_1_89' title="bbox 423 4690 2064 4767">
    <p class='ocr_par' dir='ltr' id='par_1_89' title="bbox 423 4690 2064 4767">
     <span class='ocr_line' id='line_1_90' title="bbox 423 4690 2064 4767; baseline 0.002 -20"><span class='ocrx_word' id='word_1_725' title='bbox 423 4690 626 4767; x_wconf 83' lang='lat' dir='ltr'>cod._S_.</span> <span class='ocrx_word' id='word_1_726' title='bbox 648 4690 797 4767; x_wconf 86' lang='lat' dir='ltr'>Petri</span> <span class='ocrx_word' id='word_1_727' title='bbox 818 4694 874 4767; x_wconf 78' lang='lat' dir='ltr'>et</span> <span class='ocrx_word' id='word_1_728' title='bbox 894 4708 1009 4767; x_wconf 67' lang='lat' dir='ltr'>uno</span> <span class='ocrx_word' id='word_1_729' title='bbox 1031 4690 1551 4767; x_wconf 77' lang='lat' dir='ltr'>Vat.,_magniﬁcent</span> <span class='ocrx_word' id='word_1_730' title='bbox 1574 4691 1940 4767; x_wconf 68' lang='lat' dir='ltr'>scripsimus,</span> <span class='ocrx_word' id='word_1_731' title='bbox 1959 4713 2064 4767; x_wconf 91' lang='lat' dir='ltr'>pro</span> 
     </span>
    </p>
   </div>
   <div class='ocr_carea' id='block_1_90' title="bbox 422 4708 1324 4834">
    <p class='ocr_par' dir='ltr' id='par_1_90' title="bbox 422 4708 1324 4834">
     <span class='ocr_line' id='line_1_91' title="bbox 423 4708 1291 4755; baseline -0.001 -8"><span class='ocrx_word' id='word_1_732' title='bbox 423 4708 549 4750; x_wconf 84' lang='lat' dir='ltr'>cou.</span> <span class='ocrx_word' id='word_1_733' title='bbox 568 4708 626 4747; x_wconf 70' lang='grc' dir='ltr'>δ.</span> <span class='ocrx_word' id='word_1_734' title='bbox 648 4708 797 4747; x_wconf 72' lang='lat' dir='ltr'>rem</span> <span class='ocrx_word' id='word_1_735' title='bbox 818 4708 874 4745; x_wconf 77' lang='lat' dir='ltr'>et</span> <span class='ocrx_word' id='word_1_736' title='bbox 894 4708 1009 4745; x_wconf 88' lang='lat' dir='ltr'>uno</span> <span class='ocrx_word' id='word_1_737' title='bbox 1040 4708 1185 4755; x_wconf 82' lang='lat' dir='ltr'>vat.,</span> <span class='ocrx_word' id='word_1_738' title='bbox 1200 4709 1291 4746; x_wconf 90' lang='lat' dir='ltr'>ma</span> 
     </span>
     <span class='ocr_line' id='line_1_92' title="bbox 422 4708 1324 4834; baseline -0.002 -17"><span class='ocrx_word' id='word_1_739' title='bbox 422 4763 726 4834; x_wconf 76' lang='lat' dir='ltr'>gloriﬁcent</span> <span class='ocrx_word' id='word_1_740' title='bbox 745 4779 765 4824; x_wconf 90' lang='grc'>,·</span> <span class='ocrx_word' id='word_1_741' title='bbox 797 4759 1089 4834; x_wconf 13' lang='grc' dir='ltr'>εἰωὶιιίίῑθν</span> <span class='ocrx_word' id='word_1_742' title='bbox 1117 4761 1270 4817; x_wconf 88' lang='lat' dir='ltr'>enim</span> <span class='ocrx_word' id='word_1_743' title='bbox 1292 4708 1324 4815; x_wconf 53' lang='grc' dir='ltr'><strong>ἵ</strong></span> 
     </span>
    </p>
   </div>
   <div class='ocr_carea' id='block_1_91' title="bbox 421 4833 1026 4904">
    <p class='ocr_par' dir='ltr' id='par_1_91' title="bbox 421 4833 1026 4904">
     <span class='ocr_line' id='line_1_93' title="bbox 421 4833 1026 4904; baseline -0.008 -13"><span class='ocrx_word' id='word_1_744' title='bbox 421 4837 481 4891; x_wconf 85' lang='lat' dir='ltr'>et</span> <span class='ocrx_word' id='word_1_745' title='bbox 509 4833 680 4890; x_wconf 77' lang='lat' dir='ltr'>scrm.</span> <span class='ocrx_word' id='word_1_746' title='bbox 707 4835 794 4899; x_wconf 76' lang='grc'>43,</span> <span class='ocrx_word' id='word_1_747' title='bbox 825 4849 948 4904; x_wconf 83' lang='lat' dir='ltr'>cap.</span> <span class='ocrx_word' id='word_1_748' title='bbox 977 4833 1026 4887; x_wconf 80' lang='grc'>4.</span> 
     </span>
    </p>
   </div>
   <div class='ocr_carea' id='block_1_92' title="bbox 514 4902 1631 4975">
    <p class='ocr_par' dir='ltr' id='par_1_92' title="bbox 514 4902 1631 4975">
     <span class='ocr_line' id='line_1_94' title="bbox 514 4902 1631 4975; baseline -0.001 -15"><span class='ocrx_word' id='word_1_749' title='bbox 514 4906 569 4975; x_wconf 91' lang='lat' dir='ltr'>b)</span> <span class='ocrx_word' id='word_1_750' title='bbox 595 4905 656 4960; x_wconf 89' lang='lat' dir='ltr'>In</span> <span class='ocrx_word' id='word_1_751' title='bbox 688 4921 798 4961; x_wconf 88' lang='lat' dir='ltr'>ms.</span> <span class='ocrx_word' id='word_1_752' title='bbox 830 4902 960 4959; x_wconf 66' lang='lat' dir='ltr'>vat.</span> <span class='ocrx_word' id='word_1_753' title='bbox 981 4902 1205 4961; x_wconf 88' lang='lat' dir='ltr'>collect.</span> <span class='ocrx_word' id='word_1_754' title='bbox 1230 4904 1266 4958; x_wconf 88' lang='grc'>5</span> <span class='ocrx_word' id='word_1_755' title='bbox 1294 4904 1458 4959; x_wconf 90' lang='lat' dir='ltr'>deest</span> <span class='ocrx_word' id='word_1_756' title='bbox 1484 4902 1631 4975; x_wconf 87' lang='lat' dir='ltr'>ﬁdei.</span> 
     </span>
    </p>
   </div>
   <div class='ocr_carea' id='block_1_93' title="bbox 490 4906 2065 5048">
    <p class='ocr_par' dir='ltr' id='par_1_93' title="bbox 490 4906 2065 5048">
     <span class='ocr_line' id='line_1_95' title="bbox 514 4906 1631 4975; baseline -0.001 -15"><span class='ocrx_word' id='word_1_757' title='bbox 514 4906 569 4975; x_wconf 91' lang='lat' dir='ltr'>b)</span> <span class='ocrx_word' id='word_1_758' title='bbox 595 4906 656 4960; x_wconf 89' lang='lat' dir='ltr'>In</span> <span class='ocrx_word' id='word_1_759' title='bbox 688 4921 798 4961; x_wconf 88' lang='lat' dir='ltr'>ms.</span> <span class='ocrx_word' id='word_1_760' title='bbox 830 4906 960 4959; x_wconf 87' lang='lat' dir='ltr'>Vat.</span> <span class='ocrx_word' id='word_1_761' title='bbox 981 4906 1205 4961; x_wconf 89' lang='lat' dir='ltr'>collect.</span> <span class='ocrx_word' id='word_1_762' title='bbox 1230 4906 1266 4958; x_wconf 88' lang='grc'>5</span> <span class='ocrx_word' id='word_1_763' title='bbox 1294 4906 1458 4959; x_wconf 90' lang='lat' dir='ltr'>deest</span> <span class='ocrx_word' id='word_1_764' title='bbox 1484 4906 1631 4975; x_wconf 87' lang='lat' dir='ltr'>ﬁdei.</span> 
     </span>
     <span class='ocr_line' id='line_1_96' title="bbox 490 4906 2065 5048; baseline 0.003 -18"><span class='ocrx_word' id='word_1_765' title='bbox 490 4906 560 5048; x_wconf 46' lang='grc' dir='ltr'>ξε)</span> <span class='ocrx_word' id='word_1_766' title='bbox 593 4975 697 5032; x_wconf 86' lang='lat' dir='ltr'>Ms.</span> <span class='ocrx_word' id='word_1_767' title='bbox 729 4976 785 5032; x_wconf 94' lang='lat' dir='ltr'>S.</span> <span class='ocrx_word' id='word_1_768' title='bbox 822 4975 1100 5048; x_wconf 74' lang='lat' dir='ltr'>P_etri,nec</span> <span class='ocrx_word' id='word_1_769' title='bbox 1126 4990 1195 5029; x_wconf 74' lang='lat' dir='ltr'>ex</span> <span class='ocrx_word' id='word_1_770' title='bbox 1224 4976 1724 5048; x_wconf 10' lang='lat' dir='ltr'>voluptategcarnis,</span> <span class='ocrx_word' id='word_1_771' title='bbox 1757 4992 1853 5032; x_wconf 84' lang='lat' dir='ltr'>nec</span> <span class='ocrx_word' id='word_1_772' title='bbox 1881 4993 1949 5032; x_wconf 69' lang='lat' dir='ltr'>ac</span> <span class='ocrx_word' id='word_1_773' title='bbox 1981 4994 2065 5035; x_wconf 90' lang='lat' dir='ltr'>vo-</span> 
     </span>
    </p>
   </div>
   <div class='ocr_carea' id='block_1_94' title="bbox 420 5045 2058 5129">
    <p class='ocr_par' dir='ltr' id='par_1_94' title="bbox 420 5045 2058 5129">
     <span class='ocr_line' id='line_1_97' title="bbox 420 5045 2058 5129; baseline 0.002 -28"><span class='ocrx_word' id='word_1_774' title='bbox 420 5045 626 5129; x_wconf 74' lang='lat' dir='ltr'>luptate</span> <span class='ocrx_word' id='word_1_775' title='bbox 650 5048 781 5129; x_wconf 44' lang='lat' dir='ltr'>viri:</span> <span class='ocrx_word' id='word_1_776' title='bbox 812 5046 906 5129; x_wconf 69' lang='lat' dir='ltr'>Sic</span> <span class='ocrx_word' id='word_1_777' title='bbox 930 5047 1113 5129; x_wconf 67' lang='lat' dir='ltr'>etiarn-</span> <span class='ocrx_word' id='word_1_778' title='bbox 1136 5046 1290 5129; x_wconf 90' lang='lat' dir='ltr'>apud</span> <span class='ocrx_word' id='word_1_779' title='bbox 1333 5045 1618 5129; x_wconf 62' lang='lat' dir='ltr'>Hilarium</span> <span class='ocrx_word' id='word_1_780' title='bbox 1650 5046 1750 5129; x_wconf 69' lang='lat' dir='ltr'>lib.</span> <span class='ocrx_word' id='word_1_781' title='bbox 1776 5048 2058 5129; x_wconf 55' lang='lat' dir='ltr'>1_de_&#39;l:ri-</span> 
     </span>
    </p>
   </div>
   <div class='ocr_carea' id='block_1_95' title="bbox 417 5116 2059 5245">
    <p class='ocr_par' dir='ltr' id='par_1_95' title="bbox 417 5116 2059 5245">
     <span class='ocr_line' id='line_1_98' title="bbox 417 5116 2059 5245; baseline 0.003 -73"><span class='ocrx_word' id='word_1_782' title='bbox 417 5116 687 5245; x_wconf 53' lang='lat' dir='ltr'>gi&#39;tlptp,p.</span> <span class='ocrx_word' id='word_1_783' title='bbox 720 5117 871 5187; x_wconf 85' lang='lat' dir='ltr'>lO,in</span> <span class='ocrx_word' id='word_1_784' title='bbox 892 5116 1289 5174; x_wconf 87' lang='lat' dir='ltr'>vetustissimo</span> <span class='ocrx_word' id='word_1_785' title='bbox 1307 5116 1501 5173; x_wconf 91' lang='lat' dir='ltr'>codice</span> <span class='ocrx_word' id='word_1_786' title='bbox 1522 5118 1785 5189; x_wconf 88' lang='lat' dir='ltr'>ejusdem</span> <span class='ocrx_word' id='word_1_787' title='bbox 1806 5119 2059 5177; x_wconf 64' lang='lat' dir='ltr'>basilica:</span> 
     </span>
     <span class='ocr_line' id='line_1_99' title="bbox 459 5205 669 5245; baseline 0 0"><span class='ocrx_word' id='word_1_788' title='bbox 459 5228 476 5245; x_wconf 93' lang='lat'>.</span> <span class='ocrx_word' id='word_1_789' title='bbox 541 5205 572 5245; x_wconf 90' lang='lat' dir='ltr'>e</span> <span class='ocrx_word' id='word_1_790' title='bbox 592 5206 631 5244; x_wconf 90' lang='lat' dir='ltr'>-r</span> <span class='ocrx_word' id='word_1_791' title='bbox 652 5230 669 5245; x_wconf 95' lang='lat'>.</span> 
     </span>
    </p>
   </div>
   <div class='ocr_carea' id='block_1_96' title="bbox 459 5205 669 5247">
    <p class='ocr_par' dir='ltr' id='par_1_96' title="bbox 459 5205 669 5247">
     <span class='ocr_line' id='line_1_100' title="bbox 459 5205 669 5247; baseline -0.005 0"><span class='ocrx_word' id='word_1_792' title='bbox 459 5228 476 5247; x_wconf 82' lang='grc' dir='ltr'><strong><em>ο</em></strong></span> <span class='ocrx_word' id='word_1_793' title='bbox 498 5205 538 5245; x_wconf 72' lang='lat'>1&#39;</span> <span class='ocrx_word' id='word_1_794' title='bbox 541 5205 669 5246; x_wconf 71' lang='grc' dir='ltr'><strong>θιϊι.</strong></span> 
     </span>
    </p>
   </div>
   <div class='ocr_carea' id='block_1_97' title="bbox 488 5259 2057 5333">
    <p class='ocr_par' dir='ltr' id='par_1_97' title="bbox 488 5259 2057 5333">
     <span class='ocr_line' id='line_1_101' title="bbox 488 5259 2057 5333; baseline 0.002 -18"><span class='ocrx_word' id='word_1_795' title='bbox 488 5260 564 5333; x_wconf 77' lang='grc' dir='ltr'>(ά)</span> <span class='ocrx_word' id='word_1_796' title='bbox 594 5264 659 5317; x_wconf 86' lang='lat' dir='ltr'>In</span> <span class='ocrx_word' id='word_1_797' title='bbox 692 5276 799 5316; x_wconf 86' lang='lat' dir='ltr'>ms.</span> <span class='ocrx_word' id='word_1_798' title='bbox 828 5264 1048 5317; x_wconf 88' lang='lat' dir='ltr'>Bonon.</span> <span class='ocrx_word' id='word_1_799' title='bbox 1071 5265 1127 5317; x_wconf 91' lang='lat' dir='ltr'>et</span> <span class='ocrx_word' id='word_1_800' title='bbox 1146 5260 1298 5327; x_wconf 72' lang='lat' dir='ltr'>Vat,</span> <span class='ocrx_word' id='word_1_801' title='bbox 1319 5276 1383 5315; x_wconf 87' lang='lat' dir='ltr'>ac</span> <span class='ocrx_word' id='word_1_802' title='bbox 1405 5259 1597 5333; x_wconf 88' lang='lat' dir='ltr'>prima</span> <span class='ocrx_word' id='word_1_803' title='bbox 1610 5259 2057 5327; x_wconf 83' lang='lat' dir='ltr'>editione,etiam</span> 
     </span>
    </p>
   </div>
   <div class='ocr_carea' id='block_1_98' title="bbox 416 5333 955 5545">
    <p class='ocr_par' dir='ltr' id='par_1_98' title="bbox 416 5333 955 5545">
     <span class='ocr_line' id='line_1_102' title="bbox 416 5333 955 5405; baseline 0.002 -18"><span class='ocrx_word' id='word_1_804' title='bbox 416 5333 479 5387; x_wconf 84' lang='lat' dir='ltr'>in</span> <span class='ocrx_word' id='word_1_805' title='bbox 544 5334 955 5405; x_wconf 85' lang='lat' dir='ltr'>rimogenitum.</span> 
     </span>
     <span class='ocr_line' id='line_1_103' title="bbox 485 5349 955 5545; baseline -0.006 -84"><span class='ocrx_word' id='word_1_806' title='bbox 485 5349 556 5545; x_wconf 46' lang='grc' dir='ltr'>ἔ)</span> <span class='ocrx_word' id='word_1_807' title='bbox 588 5405 693 5489; x_wconf 54' lang='lat' dir='ltr'>Ms:</span> <span class='ocrx_word' id='word_1_808' title='bbox 806 5402 955 5485; x_wconf 71' lang='lat' dir='ltr'>Petri</span> 
     </span>
     <span class='ocr_line' id='line_1_104' title="bbox 506 5474 955 5545; baseline -0.004 -14"><span class='ocrx_word' id='word_1_809' title='bbox 506 5478 554 5545; x_wconf 79' lang='grc' dir='ltr'>Ῑ)</span> <span class='ocrx_word' id='word_1_810' title='bbox 585 5475 744 5531; x_wconf 79' lang='lat' dir='ltr'>Edltr</span> <span class='ocrx_word' id='word_1_811' title='bbox 767 5480 824 5531; x_wconf 92' lang='lat' dir='ltr'>et</span> <span class='ocrx_word' id='word_1_812' title='bbox 850 5474 955 5545; x_wconf 70' lang='lat' dir='ltr'>aliq</span> 
     </span>
    </p>
   </div>
   <div class='ocr_carea' id='block_1_99' title="bbox 507 5420 537 5460">
    <p class='ocr_par' dir='ltr' id='par_1_99' title="bbox 507 5420 537 5460">
     <span class='ocr_line' id='line_1_105' title="bbox 507 5420 537 5460; baseline 0 0"><span class='ocrx_word' id='word_1_813' title='bbox 507 5420 537 5460; x_wconf 78' lang='grc' dir='ltr'><em>ϐ</em></span> 
     </span>
    </p>
   </div>
   <div class='ocr_carea' id='block_1_100' title="bbox 506 5482 530 5546">
    <p class='ocr_par' dir='ltr' id='par_1_100' title="bbox 506 5482 530 5546">
     <span class='ocr_line' id='line_1_106' title="bbox 506 5482 530 5546; baseline 0 0"><span class='ocrx_word' id='word_1_814' title='bbox 506 5482 530 5546; x_wconf 76' lang='grc' dir='ltr'><em>Ῑ</em></span> 
     </span>
    </p>
   </div>
   <div class='ocr_carea' id='block_1_101' title="bbox 1326 4762 2060 4839">
    <p class='ocr_par' dir='ltr' id='par_1_101' title="bbox 1326 4762 2060 4839">
     <span class='ocr_line' id='line_1_107' title="bbox 1326 4762 2060 4839; baseline 0.011 -24"><span class='ocrx_word' id='word_1_815' title='bbox 1326 4762 1518 4834; x_wconf 83' lang='lat' dir='ltr'>egitur</span> <span class='ocrx_word' id='word_1_816' title='bbox 1547 4762 1719 4819; x_wconf 80' lang='lat' dir='ltr'>serm.</span> <span class='ocrx_word' id='word_1_817' title='bbox 1742 4764 1832 4830; x_wconf 92' lang='lat'>38,</span> <span class='ocrx_word' id='word_1_818' title='bbox 1860 4762 1987 4839; x_wconf 71' lang='lat' dir='ltr'>cap.</span> <span class='ocrx_word' id='word_1_819' title='bbox 2006 4769 2060 4835; x_wconf 91' lang='lat'>3,</span> 
     </span>
    </p>
   </div>
   <div class='ocr_carea' id='block_1_102' title="bbox 538 5400 1877 5477">
    <p class='ocr_par' dir='ltr' id='par_1_102' title="bbox 538 5400 1877 5477">
     <span class='ocr_line' id='line_1_108' title="bbox 538 5400 1877 5477; baseline -0.004 -16"><span class='ocrx_word' id='word_1_820' title='bbox 538 5405 556 5477; x_wconf 88' lang='lat'>)</span> <span class='ocrx_word' id='word_1_821' title='bbox 588 5400 779 5477; x_wconf 48' lang='lat' dir='ltr'>Meis.</span> <span class='ocrx_word' id='word_1_822' title='bbox 806 5402 960 5477; x_wconf 78' lang='lat' dir='ltr'>Petri</span> <span class='ocrx_word' id='word_1_823' title='bbox 990 5402 1257 5477; x_wconf 74' lang='lat' dir='ltr'>etprima</span> <span class='ocrx_word' id='word_1_824' title='bbox 1284 5402 1460 5477; x_wconf 66' lang='lat' dir='ltr'>editio</span> <span class='ocrx_word' id='word_1_825' title='bbox 1490 5419 1503 5458; x_wconf 91' lang='lat'><strong>:</strong></span> <span class='ocrx_word' id='word_1_826' title='bbox 1536 5400 1687 5457; x_wconf 86' lang='lat' dir='ltr'>Sicut</span> <span class='ocrx_word' id='word_1_827' title='bbox 1711 5403 1877 5477; x_wconf 61' lang='lat' dir='ltr'>enim2</span> 
     </span>
    </p>
   </div>
   <div class='ocr_carea' id='block_1_103' title="bbox 533 5472 2057 5547">
    <p class='ocr_par' dir='ltr' id='par_1_103' title="bbox 533 5472 2057 5547">
     <span class='ocr_line' id='line_1_109' title="bbox 533 5472 2057 5547; baseline -0.002 -16"><span class='ocrx_word' id='word_1_828' title='bbox 533 5472 554 5544; x_wconf 83' lang='lat'><strong>)</strong></span> <span class='ocrx_word' id='word_1_829' title='bbox 585 5475 744 5531; x_wconf 83' lang='lat' dir='ltr'>Editi-</span> <span class='ocrx_word' id='word_1_830' title='bbox 767 5480 824 5531; x_wconf 92' lang='lat' dir='ltr'>et</span> <span class='ocrx_word' id='word_1_831' title='bbox 850 5472 1258 5547; x_wconf 49' lang='lat' dir='ltr'>aliquot—codd.</span> <span class='ocrx_word' id='word_1_832' title='bbox 1287 5473 1512 5547; x_wconf 87' lang='lat' dir='ltr'>addunt</span> <span class='ocrx_word' id='word_1_833' title='bbox 1537 5489 1657 5540; x_wconf 87' lang='lat' dir='ltr'>sua,</span> <span class='ocrx_word' id='word_1_834' title='bbox 1675 5473 1826 5546; x_wconf 90' lang='lat' dir='ltr'>quod</span> <span class='ocrx_word' id='word_1_835' title='bbox 1848 5472 2057 5530; x_wconf 89' lang='lat' dir='ltr'>delevi-</span> 
     </span>
    </p>
   </div>
   <div class='ocr_carea' id='block_1_104' title="bbox 411 5546 1619 5617">
    <p class='ocr_par' dir='ltr' id='par_1_104' title="bbox 411 5546 1619 5617">
     <span class='ocr_line' id='line_1_110' title="bbox 411 5546 1619 5617; baseline -0.002 -16"><span class='ocrx_word' id='word_1_836' title='bbox 411 5560 549 5602; x_wconf 89' lang='lat' dir='ltr'>mus</span> <span class='ocrx_word' id='word_1_837' title='bbox 573 5563 640 5603; x_wconf 84' lang='lat' dir='ltr'>ex</span> <span class='ocrx_word' id='word_1_838' title='bbox 653 5564 763 5609; x_wconf 83' lang='lat' dir='ltr'>ms.</span> <span class='ocrx_word' id='word_1_839' title='bbox 792 5548 847 5603; x_wconf 90' lang='lat' dir='ltr'>S.</span> <span class='ocrx_word' id='word_1_840' title='bbox 884 5546 1037 5602; x_wconf 87' lang='lat' dir='ltr'>Petri</span> <span class='ocrx_word' id='word_1_841' title='bbox 1068 5550 1125 5601; x_wconf 87' lang='lat' dir='ltr'>ct</span> <span class='ocrx_word' id='word_1_842' title='bbox 1144 5546 1331 5617; x_wconf 85' lang='lat' dir='ltr'>prima</span> <span class='ocrx_word' id='word_1_843' title='bbox 1351 5546 1619 5601; x_wconf 87' lang='lat' dir='ltr'>editione.</span> 
     </span>
    </p>
   </div>
   <div class='ocr_carea' id='block_1_105' title="bbox 484 5615 2056 5691">
    <p class='ocr_par' dir='ltr' id='par_1_105' title="bbox 484 5615 2056 5691">
     <span class='ocr_line' id='line_1_111' title="bbox 484 5615 2056 5691; baseline -0.01 -15"><span class='ocrx_word' id='word_1_844' title='bbox 484 5619 561 5691; x_wconf 82' lang='lat' dir='ltr'>(g)</span> <span class='ocrx_word' id='word_1_845' title='bbox 594 5619 754 5674; x_wconf 83' lang='lat' dir='ltr'>Enim</span> <span class='ocrx_word' id='word_1_846' title='bbox 777 5636 879 5691; x_wconf 83' lang='lat' dir='ltr'>pro</span> <span class='ocrx_word' id='word_1_847' title='bbox 900 5615 1404 5690; x_wconf 81' lang='lat' dir='ltr'>inquitsupposuit</span> <span class='ocrx_word' id='word_1_848' title='bbox 1424 5615 1803 5691; x_wconf 74' lang='lat' dir='ltr'>Quosnellus;</span> <span class='ocrx_word' id='word_1_849' title='bbox 1830 5634 1947 5690; x_wconf 78' lang='lat' dir='ltr'>qua</span> <span class='ocrx_word' id='word_1_850' title='bbox 1959 5635 2056 5672; x_wconf 72' lang='lat' dir='ltr'>au-</span> 
     </span>
    </p>
   </div>
   <div class='ocr_carea' id='block_1_106' title="bbox 412 5688 2056 5763">
    <p class='ocr_par' dir='ltr' id='par_1_106' title="bbox 412 5688 2056 5763">
     <span class='ocr_line' id='line_1_112' title="bbox 412 5688 2056 5763; baseline 0.002 -21"><span class='ocrx_word' id='word_1_851' title='bbox 412 5689 701 5756; x_wconf 86' lang='lat' dir='ltr'>ctoritate,</span> <span class='ocrx_word' id='word_1_852' title='bbox 738 5688 1118 5763; x_wconf 75' lang='lat' dir='ltr'>ignoramus:</span> <span class='ocrx_word' id='word_1_853' title='bbox 1168 5688 1370 5746; x_wconf 80' lang='lat' dir='ltr'>omnes</span> <span class='ocrx_word' id='word_1_854' title='bbox 1414 5689 1570 5746; x_wconf 87' lang='lat' dir='ltr'>enim</span> <span class='ocrx_word' id='word_1_855' title='bbox 1602 5688 1787 5745; x_wconf 89' lang='lat' dir='ltr'>nostri</span> <span class='ocrx_word' id='word_1_856' title='bbox 1819 5688 1962 5748; x_wconf 85' lang='lat' dir='ltr'>mss.</span> <span class='ocrx_word' id='word_1_857' title='bbox 1999 5693 2056 5746; x_wconf 88' lang='lat' dir='ltr'>et</span> 
     </span>
    </p>
   </div>
   <div class='ocr_carea' id='block_1_107' title="bbox 2172 4688 3797 4749">
    <p class='ocr_par' dir='ltr' id='par_1_107' title="bbox 2172 4688 3797 4749">
     <span class='ocr_line' id='line_1_113' title="bbox 2172 4688 3797 4749; baseline -0.002 -1"><span class='ocrx_word' id='word_1_858' title='bbox 2172 4710 2302 4749; x_wconf 86' lang='lat' dir='ltr'>suas</span> <span class='ocrx_word' id='word_1_859' title='bbox 2320 4690 2646 4749; x_wconf 80' lang='lat' dir='ltr'>reperimus</span> <span class='ocrx_word' id='word_1_860' title='bbox 2670 4688 2726 4746; x_wconf 87' lang='lat' dir='ltr'>in</span> <span class='ocrx_word' id='word_1_861' title='bbox 2749 4691 2982 4747; x_wconf 86' lang='lat' dir='ltr'>duobus</span> <span class='ocrx_word' id='word_1_862' title='bbox 2998 4692 3163 4748; x_wconf 90' lang='lat' dir='ltr'>codd.</span> <span class='ocrx_word' id='word_1_863' title='bbox 3201 4692 3260 4748; x_wconf 90' lang='lat' dir='ltr'>S.</span> <span class='ocrx_word' id='word_1_864' title='bbox 3295 4691 3447 4748; x_wconf 88' lang='lat' dir='ltr'>Petri</span> <span class='ocrx_word' id='word_1_865' title='bbox 3478 4698 3535 4748; x_wconf 92' lang='lat' dir='ltr'>et</span> <span class='ocrx_word' id='word_1_866' title='bbox 3562 4691 3620 4746; x_wconf 91' lang='lat' dir='ltr'>in</span> <span class='ocrx_word' id='word_1_867' title='bbox 3649 4688 3797 4747; x_wconf 69' lang='lat' dir='ltr'>Casi-</span> 
     </span>
    </p>
   </div>
   <div class='ocr_carea' id='block_1_108' title="bbox 2174 4758 3796 4835">
    <p class='ocr_par' dir='ltr' id='par_1_108' title="bbox 2174 4758 3796 4835">
     <span class='ocr_line' id='line_1_114' title="bbox 2174 4758 3796 4835; baseline -0.003 -16"><span class='ocrx_word' id='word_1_868' title='bbox 2174 4763 2360 4820; x_wconf 88' lang='lat' dir='ltr'>nensi.</span> <span class='ocrx_word' id='word_1_869' title='bbox 2376 4758 2435 4835; x_wconf 73' lang='lat' dir='ltr'>in</span> <span class='ocrx_word' id='word_1_870' title='bbox 2460 4762 2852 4835; x_wconf 77' lang='lat' dir='ltr'>anterioribus</span> <span class='ocrx_word' id='word_1_871' title='bbox 2878 4762 3070 4835; x_wconf 84' lang='lat' dir='ltr'>editis,</span> <span class='ocrx_word' id='word_1_872' title='bbox 3091 4767 3149 4819; x_wconf 91' lang='lat' dir='ltr'>et</span> <span class='ocrx_word' id='word_1_873' title='bbox 3170 4780 3312 4819; x_wconf 87' lang='lat' dir='ltr'>mss.</span> <span class='ocrx_word' id='word_1_874' title='bbox 3335 4762 3513 4819; x_wconf 83' lang='lat' dir='ltr'>trium</span> <span class='ocrx_word' id='word_1_875' title='bbox 3539 4758 3796 4835; x_wconf 59' lang='lat' dir='ltr'>posterio;</span> 
     </span>
    </p>
   </div>
   <div class='ocr_carea' id='block_1_109' title="bbox 2171 4830 3794 4905">
    <p class='ocr_par' dir='ltr' id='par_1_109' title="bbox 2171 4830 3794 4905">
     <span class='ocr_line' id='line_1_115' title="bbox 2171 4830 3794 4905; baseline -0.003 -15"><span class='ocrx_word' id='word_1_876' title='bbox 2171 4852 2303 4890; x_wconf 92' lang='lat' dir='ltr'>rum</span> <span class='ocrx_word' id='word_1_877' title='bbox 2330 4833 2738 4891; x_wconf 89' lang='lat' dir='ltr'>collectionum</span> <span class='ocrx_word' id='word_1_878' title='bbox 2767 4851 2780 4889; x_wconf 89' lang='lat'>:</span> <span class='ocrx_word' id='word_1_879' title='bbox 2813 4835 2927 4890; x_wconf 79' lang='lat' dir='ltr'>Non</span> <span class='ocrx_word' id='word_1_880' title='bbox 2961 4833 3137 4902; x_wconf 87' lang='lat' dir='ltr'>habet,</span> <span class='ocrx_word' id='word_1_881' title='bbox 3174 4836 3376 4905; x_wconf 83' lang='lat' dir='ltr'>inquit,</span> <span class='ocrx_word' id='word_1_882' title='bbox 3409 4830 3644 4890; x_wconf 73' lang='lat' dir='ltr'>mundus</span> <span class='ocrx_word' id='word_1_883' title='bbox 3669 4830 3794 4905; x_wconf 73' lang='lat' dir='ltr'>mni-</span> 
     </span>
    </p>
   </div>
   <div class='ocr_carea' id='block_1_110' title="bbox 2170 4901 3792 4977">
    <p class='ocr_par' dir='ltr' id='par_1_110' title="bbox 2170 4901 3792 4977">
     <span class='ocr_line' id='line_1_116' title="bbox 2170 4901 3792 4977; baseline -0.004 -16"><span class='ocrx_word' id='word_1_884' title='bbox 2170 4909 2330 4962; x_wconf 83' lang='lat' dir='ltr'>citias</span> <span class='ocrx_word' id='word_1_885' title='bbox 2359 4913 2598 4972; x_wconf 84' lang='lat' dir='ltr'>veras,et</span> <span class='ocrx_word' id='word_1_886' title='bbox 2614 4904 2830 4977; x_wconf 81' lang='lat' dir='ltr'>multos,</span> <span class='ocrx_word' id='word_1_887' title='bbox 2846 4905 3024 4961; x_wconf 88' lang='lat' dir='ltr'>etc.ln</span> <span class='ocrx_word' id='word_1_888' title='bbox 3056 4901 3170 4961; x_wconf 86' lang='lat' dir='ltr'>une</span> <span class='ocrx_word' id='word_1_889' title='bbox 3194 4901 3492 4976; x_wconf 82' lang='lat' dir='ltr'>Vaticano,</span> <span class='ocrx_word' id='word_1_890' title='bbox 3513 4906 3643 4977; x_wconf 84' lang='lat' dir='ltr'>quia</span> <span class='ocrx_word' id='word_1_891' title='bbox 3665 4901 3792 4958; x_wconf 87' lang='lat' dir='ltr'>mul-</span> 
     </span>
    </p>
   </div>
   <div class='ocr_carea' id='block_1_111' title="bbox 2170 4976 2731 5057">
    <p class='ocr_par' dir='ltr' id='par_1_111' title="bbox 2170 4976 2731 5057">
     <span class='ocr_line' id='line_1_117' title="bbox 2170 4976 2731 5057; baseline -0.002 -24"><span class='ocrx_word' id='word_1_892' title='bbox 2170 4986 2285 5057; x_wconf 47' lang='lat' dir='ltr'>tos,</span> <span class='ocrx_word' id='word_1_893' title='bbox 2304 4994 2408 5057; x_wconf 70' lang='lat' dir='ltr'>pro</span> <span class='ocrx_word' id='word_1_894' title='bbox 2438 4984 2490 5031; x_wconf 85' lang='lat' dir='ltr'>et</span> <span class='ocrx_word' id='word_1_895' title='bbox 2515 4976 2731 5057; x_wconf 60' lang='lat' dir='ltr'>multos.</span> 
     </span>
    </p>
   </div>
   <div class='ocr_carea' id='block_1_112' title="bbox 2182 5045 3791 5176">
    <p class='ocr_par' dir='ltr' id='par_1_112' title="bbox 2182 5045 3791 5176">
     <span class='ocr_line' id='line_1_118' title="bbox 2182 5045 3791 5176; baseline 0.002 -73"><span class='ocrx_word' id='word_1_896' title='bbox 2182 5122 2207 5176; x_wconf 55' lang='grc'><strong>4</strong></span> <span class='ocrx_word' id='word_1_897' title='bbox 2243 5045 2322 5132; x_wconf 41' lang='lat' dir='ltr'>(hi.</span> <span class='ocrx_word' id='word_1_898' title='bbox 2335 5048 2397 5104; x_wconf 88' lang='lat' dir='ltr'>In</span> <span class='ocrx_word' id='word_1_899' title='bbox 2412 5064 2555 5104; x_wconf 87' lang='lat' dir='ltr'>mss.</span> <span class='ocrx_word' id='word_1_900' title='bbox 2571 5048 2627 5103; x_wconf 92' lang='lat' dir='ltr'>S.</span> <span class='ocrx_word' id='word_1_901' title='bbox 2656 5046 2807 5104; x_wconf 87' lang='lat' dir='ltr'>Petri</span> <span class='ocrx_word' id='word_1_902' title='bbox 2828 5048 3020 5105; x_wconf 63' lang='grc' dir='ltr'>θίγω.</span> <span class='ocrx_word' id='word_1_903' title='bbox 3033 5088 3057 5117; x_wconf 47' lang='grc' dir='ltr'>,λ</span> <span class='ocrx_word' id='word_1_904' title='bbox 3070 5050 3201 5105; x_wconf 64' lang='lat' dir='ltr'>Atti</span> <span class='ocrx_word' id='word_1_905' title='bbox 3215 5065 3239 5112; x_wconf 82' lang='lat'><em>;</em></span> <span class='ocrx_word' id='word_1_906' title='bbox 3256 5047 3316 5104; x_wconf 85' lang='lat' dir='ltr'>in</span> <span class='ocrx_word' id='word_1_907' title='bbox 3334 5045 3791 5121; x_wconf 63' lang='lat' dir='ltr'>primaoditione.</span> 
     </span>
     <span class='ocr_line' id='line_1_119' title="bbox 2213 5137 2339 5176; baseline -0.008 0"><span class='ocrx_word' id='word_1_908' title='bbox 2213 5138 2242 5176; x_wconf 95' lang='lat' dir='ltr'>c</span> <span class='ocrx_word' id='word_1_909' title='bbox 2268 5137 2339 5176; x_wconf 77' lang='lat' dir='ltr'>si.</span> 
     </span>
    </p>
   </div>
   <div class='ocr_carea' id='block_1_113' title="bbox 2168 5137 2339 5176">
    <p class='ocr_par' dir='ltr' id='par_1_113' title="bbox 2168 5137 2339 5176">
     <span class='ocr_line' id='line_1_120' title="bbox 2168 5137 2339 5176; baseline -0.006 0"><span class='ocrx_word' id='word_1_910' title='bbox 2168 5137 2242 5176; x_wconf 68' lang='grc'>,10</span> <span class='ocrx_word' id='word_1_911' title='bbox 2268 5137 2339 5176; x_wconf 74' lang='grc' dir='ltr'>δι.</span> 
     </span>
    </p>
   </div>
   <div class='ocr_carea' id='block_1_114' title="bbox 2251 5187 3787 5318">
    <p class='ocr_par' dir='ltr' id='par_1_114' title="bbox 2251 5187 3787 5318">
     <span class='ocr_line' id='line_1_121' title="bbox 2251 5187 3787 5318; baseline -0.004 -72"><span class='ocrx_word' id='word_1_912' title='bbox 2251 5192 2379 5318; x_wconf 51' lang='grc' dir='ltr'>ξὶῐη</span> <span class='ocrx_word' id='word_1_913' title='bbox 2410 5190 2534 5248; x_wconf 83' lang='lat' dir='ltr'>rod.</span> <span class='ocrx_word' id='word_1_914' title='bbox 2590 5190 2648 5247; x_wconf 90' lang='lat' dir='ltr'>S.</span> <span class='ocrx_word' id='word_1_915' title='bbox 2684 5187 2857 5258; x_wconf 84' lang='lat' dir='ltr'>Petri,</span> <span class='ocrx_word' id='word_1_916' title='bbox 2888 5197 2965 5246; x_wconf 91' lang='lat' dir='ltr'>est</span> <span class='ocrx_word' id='word_1_917' title='bbox 2994 5191 3307 5248; x_wconf 61' lang='lat' dir='ltr'>veniens...</span> <span class='ocrx_word' id='word_1_918' title='bbox 3339 5206 3459 5264; x_wconf 65' lang='lat' dir='ltr'>quae</span> <span class='ocrx_word' id='word_1_919' title='bbox 3495 5198 3619 5247; x_wconf 88' lang='lat' dir='ltr'>cum</span> <span class='ocrx_word' id='word_1_920' title='bbox 3645 5200 3787 5243; x_wconf 86' lang='lat' dir='ltr'>ama-</span> 
     </span>
     <span class='ocr_line' id='line_1_122' title="bbox 2254 5279 2393 5318; baseline -0.022 0"><span class='ocrx_word' id='word_1_921' title='bbox 2254 5281 2269 5318; x_wconf 84' lang='grc' dir='ltr'><em>ι</em></span> <span class='ocrx_word' id='word_1_922' title='bbox 2312 5279 2393 5318; x_wconf 87' lang='lat' dir='ltr'>us.</span> 
     </span>
    </p>
   </div>
   <div class='ocr_carea' id='block_1_115' title="bbox 2167 5265 2393 5319">
    <p class='ocr_par' dir='ltr' id='par_1_115' title="bbox 2167 5265 2393 5319">
     <span class='ocr_line' id='line_1_123' title="bbox 2167 5265 2393 5319; baseline -0.013 -1"><span class='ocrx_word' id='word_1_923' title='bbox 2167 5265 2393 5319; x_wconf 80' lang='lat' dir='ltr'>toribus.</span> 
     </span>
    </p>
   </div>
   <div class='ocr_carea' id='block_1_116' title="bbox 2237 5328 3793 5407">
    <p class='ocr_par' dir='ltr' id='par_1_116' title="bbox 2237 5328 3793 5407">
     <span class='ocr_line' id='line_1_124' title="bbox 2237 5328 3793 5407; baseline -0.004 -18"><span class='ocrx_word' id='word_1_924' title='bbox 2237 5335 2301 5407; x_wconf 85' lang='lat' dir='ltr'>(j)</span> <span class='ocrx_word' id='word_1_925' title='bbox 2323 5332 2673 5389; x_wconf 89' lang='lat' dir='ltr'>Addidimus</span> <span class='ocrx_word' id='word_1_926' title='bbox 2685 5340 2733 5388; x_wconf 88' lang='lat' dir='ltr'>et</span> <span class='ocrx_word' id='word_1_927' title='bbox 2746 5348 2815 5389; x_wconf 83' lang='lat' dir='ltr'>ex</span> <span class='ocrx_word' id='word_1_928' title='bbox 2835 5330 3050 5390; x_wconf 88' lang='lat' dir='ltr'>nostris</span> <span class='ocrx_word' id='word_1_929' title='bbox 3071 5332 3237 5390; x_wconf 90' lang='lat' dir='ltr'>codd.</span> <span class='ocrx_word' id='word_1_930' title='bbox 3254 5333 3322 5390; x_wconf 89' lang='lat' dir='ltr'>ln</span> <span class='ocrx_word' id='word_1_931' title='bbox 3332 5331 3524 5406; x_wconf 89' lang='lat' dir='ltr'>prima</span> <span class='ocrx_word' id='word_1_932' title='bbox 3534 5328 3793 5394; x_wconf 86' lang='lat' dir='ltr'>editione,</span> 
     </span>
    </p>
   </div>
   <div class='ocr_carea' id='block_1_117' title="bbox 2169 5405 2756 5461">
    <p class='ocr_par' dir='ltr' id='par_1_117' title="bbox 2169 5405 2756 5461">
     <span class='ocr_line' id='line_1_125' title="bbox 2169 5405 2756 5461; baseline -0.003 0"><span class='ocrx_word' id='word_1_933' title='bbox 2169 5405 2249 5461; x_wconf 89' lang='lat' dir='ltr'>ibi</span> <span class='ocrx_word' id='word_1_934' title='bbox 2256 5405 2352 5461; x_wconf 74' lang='lat' dir='ltr'>est</span> <span class='ocrx_word' id='word_1_935' title='bbox 2383 5408 2433 5460; x_wconf 91' lang='lat' dir='ltr'>et</span> <span class='ocrx_word' id='word_1_936' title='bbox 2462 5421 2553 5461; x_wconf 89' lang='lat' dir='ltr'>cor</span> <span class='ocrx_word' id='word_1_937' title='bbox 2581 5413 2756 5461; x_wconf 90' lang='lat' dir='ltr'>tuum.</span> 
     </span>
    </p>
   </div>
   <div class='ocr_carea' id='block_1_118' title="bbox 2237 5472 3790 5548">
    <p class='ocr_par' dir='ltr' id='par_1_118' title="bbox 2237 5472 3790 5548">
     <span class='ocr_line' id='line_1_126' title="bbox 2237 5472 3790 5548; baseline 0 -17"><span class='ocrx_word' id='word_1_938' title='bbox 2237 5476 2310 5545; x_wconf 71' lang='lat' dir='ltr'>(lc)</span> <span class='ocrx_word' id='word_1_939' title='bbox 2341 5475 2505 5532; x_wconf 87' lang='lat' dir='ltr'>Unus</span> <span class='ocrx_word' id='word_1_940' title='bbox 2549 5476 2728 5548; x_wconf 73' lang='lat' dir='ltr'>codex</span> <span class='ocrx_word' id='word_1_941' title='bbox 2767 5477 2824 5548; x_wconf 80' lang='lat'>8.</span> <span class='ocrx_word' id='word_1_942' title='bbox 2860 5474 3051 5531; x_wconf 88' lang='lat' dir='ltr'>Petri:</span> <span class='ocrx_word' id='word_1_943' title='bbox 3104 5475 3290 5531; x_wconf 86' lang='lat' dir='ltr'>Sermo</span> <span class='ocrx_word' id='word_1_944' title='bbox 3338 5474 3395 5532; x_wconf 88' lang='lat' dir='ltr'>S.</span> <span class='ocrx_word' id='word_1_945' title='bbox 3428 5472 3621 5548; x_wconf 62' lang='lat' dir='ltr'>Leoni;</span> <span class='ocrx_word' id='word_1_946' title='bbox 3642 5481 3790 5545; x_wconf 69' lang='grc' dir='ltr'>ραρυτ</span> 
     </span>
    </p>
   </div>
   <div class='ocr_carea' id='block_1_119' title="bbox 2161 5547 3411 5603">
    <p class='ocr_par' dir='ltr' id='par_1_119' title="bbox 2161 5547 3411 5603">
     <span class='ocr_line' id='line_1_127' title="bbox 2161 5547 3411 5603; baseline 0 0"><span class='ocrx_word' id='word_1_947' title='bbox 2161 5552 2353 5603; x_wconf 82' lang='lat' dir='ltr'>contra</span> <span class='ocrx_word' id='word_1_948' title='bbox 2379 5548 2661 5603; x_wconf 62' lang='lat' dir='ltr'>haereticos</span> <span class='ocrx_word' id='word_1_949' title='bbox 2682 5547 2746 5602; x_wconf 86' lang='lat' dir='ltr'>de</span> <span class='ocrx_word' id='word_1_950' title='bbox 2768 5547 3154 5603; x_wconf 78' lang='lat' dir='ltr'>Incamatione</span> <span class='ocrx_word' id='word_1_951' title='bbox 3174 5548 3411 5603; x_wconf 83' lang='lat' dir='ltr'>Domini.</span> 
     </span>
    </p>
   </div>
   <div class='ocr_carea' id='block_1_120' title="bbox 2236 5609 3786 5685">
    <p class='ocr_par' dir='ltr' id='par_1_120' title="bbox 2236 5609 3786 5685">
     <span class='ocr_line' id='line_1_128' title="bbox 2236 5609 3786 5685; baseline -0.003 -12"><span class='ocrx_word' id='word_1_952' title='bbox 2236 5620 2297 5685; x_wconf 88' lang='grc' dir='ltr'>(ι)</span> <span class='ocrx_word' id='word_1_953' title='bbox 2324 5617 2417 5673; x_wconf 88' lang='lat' dir='ltr'>Sic</span> <span class='ocrx_word' id='word_1_954' title='bbox 2442 5635 2554 5674; x_wconf 91' lang='lat' dir='ltr'>ms.</span> <span class='ocrx_word' id='word_1_955' title='bbox 2577 5619 2636 5674; x_wconf 88' lang='lat' dir='ltr'>S.</span> <span class='ocrx_word' id='word_1_956' title='bbox 2669 5617 2838 5675; x_wconf 86' lang='lat' dir='ltr'>Petri.</span> <span class='ocrx_word' id='word_1_957' title='bbox 2865 5617 2977 5683; x_wconf 80' lang='grc' dir='ltr'>ΑΙ..</span> <span class='ocrx_word' id='word_1_958' title='bbox 2999 5619 3171 5675; x_wconf 88' lang='lat' dir='ltr'>oculo.</span> <span class='ocrx_word' id='word_1_959' title='bbox 3198 5617 3389 5674; x_wconf 80' lang='lat' dir='ltr'>Prima</span> <span class='ocrx_word' id='word_1_960' title='bbox 3418 5615 3614 5684; x_wconf 86' lang='lat' dir='ltr'>editio,</span> <span class='ocrx_word' id='word_1_961' title='bbox 3645 5617 3691 5671; x_wconf 79' lang='lat' dir='ltr'>cl</span> <span class='ocrx_word' id='word_1_962' title='bbox 3719 5609 3786 5669; x_wconf 78' lang='lat' dir='ltr'>i1-</span> 
     </span>
    </p>
   </div>
   <div class='ocr_carea' id='block_1_121' title="bbox 2164 5689 2814 5761">
    <p class='ocr_par' dir='ltr' id='par_1_121' title="bbox 2164 5689 2814 5761">
     <span class='ocr_line' id='line_1_129' title="bbox 2164 5689 2814 5761; baseline -0.002 -16"><span class='ocrx_word' id='word_1_963' title='bbox 2164 5691 2475 5746; x_wconf 87' lang='lat' dir='ltr'>luminante</span> <span class='ocrx_word' id='word_1_964' title='bbox 2497 5689 2627 5761; x_wconf 86' lang='lat' dir='ltr'>ﬁdei</span> <span class='ocrx_word' id='word_1_965' title='bbox 2639 5689 2814 5746; x_wconf 85' lang='lat' dir='ltr'>oculo.</span> 
     </span>
    </p>
   </div>
  </div>
