3964 6218
400 384 513 462 227

1522 394 1587 460 S.
1634 395 1913 462 LEONIS
1959 394 2209 526 MAGNJE
2256 397 2699 466 SERMONES.
2748 414 2753 415 ί

3685 359 3807 507 πεί

400 536 461 589 et
491 533 788 600 docemur,
828 536 891 587 ut
916 533 1000 601 (a)
1030 530 1198 587 nobis
1242 530 1611 589 Nativitatcm
1652 531 1900 600 Domini,
1935 548 2053 605 qua
2079 535 2134 603 Α
2154 518 2655 607 jacentem,quam
2687 535 2746 591 in
2768 534 2979 592 throno
2998 540 3251 610 paternae
3272 535 3603 593 altitudinis
3624 522 3807 595 censi?

337 672 339 675 .
402 621 631 678 Verbum
659 636 784 676 caro
830 622 1037 692 factum
1064 623 1143 675 est
1173 622 1351 689 (Joan.
1378 637 1416 688 I,
1443 619 1551 692 14),
1580 636 1696 675 non
1738 624 1858 675 tam
1904 638 2050 690 pra:-

397 711 632 766 teritam
659 708 1113 780 recolere,quam
1154 712 1500 783 praesentem
1529 709 1836 765 videamur
1866 709 2048 781 inspi-

397 816 545 856 cere.
574 799 735 866 Quod
767 797 923 853 enim
970 798 1305 869 pastoribus
1356 814 1461 870 pro
1509 813 1752 873 gregum
1802 813 2045 854 suorum

396 887 661 955 custodia
689 885 1070 960 vigilantibus
1099 885 1392 941 nuntiavit
1420 885 1666 958 angelus
1695 888 1767 956 (b)
1787 886 2041 955 Domini,

394 977 571 1034 etiam
603 979 871 1034 nostrum
893 973 1155 1049 implevit
1172 974 1470 1044 auditum;
1498 978 1555 1030 et
1575 974 1702 1030 ideo
1725 974 2044 1032 Dominicis

392 1066 597 1124 ovibus
626 1082 980 1138 praesumus,
998 1064 1136 1137 quia
1166 1063 1340 1120 verba
1364 1062 1645 1121 divinitus
1671 1063 1830 1120 edita
1853 1064 2044 1120 cordis

390 1172 531 1212 aure
542 1156 613 1227 (ο)
626 1170 952 1224 servamus,
964 1158 1270 1227 tamquam
1286 1155 1343 1208 et
1358 1151 1418 1206 in
1434 1151 1717 1208 hodierna
1730 1151 2044 1209 festivitate

388 1242 651 1300 dicatur:
673 1244 805 1297 Ecce
827 1257 922 1313 ego
951 1240 1262 1311 evangelise
1283 1240 1432 1295 vobis
1459 1240 1723 1311 gaudium
1751 1258 2041 1313 magnum,

387 1331 530 1404 quod
556 1333 663 1388 erit
684 1332 835 1386 omni
857 1331 1076 1401 populo,
1099 1331 1233 1402 quia
1256 1333 1418 1385 natus
1446 1337 1523 1386 est
1551 1329 1699 1385 vobis
1729 1329 1887 1386 hodie
1915 1330 2038 1386 Sul-

385 1429 559 1489 vator,
592 1420 688 1491 qui
736 1428 813 1474 est
861 1418 1110 1473 Christus
1167 1419 1453 1485 Dominus,
1490 1418 1548 1472 in
1604 1419 1822 1474 civitate
1867 1419 2039 1474 David

388 1510 536 1582 (Luc.
560 1525 623 1576 II,
650 1509 758 1579 10).
781 1506 962 1577 Cujus
992 1505 1421 1578 praedicationis
1443 1505 1767 1562 summitati
1789 1506 2038 1562 exsulta-

383 1599 466 1654 tio
483 1596 1004 1655 innumerabilium
1013 1596 1036 1667 j
1048 1594 1287 1668 ungitur
1302 1595 1640 1667 angelorum
1655 1595 1740 1668 (ut
1756 1594 2036 1652 excellen-

382 1687 501 1744 tius
524 1687 687 1744 ﬁeret
704 1684 1127 1752 testimonium,
1144 1684 1235 1739 cui
1258 1684 1479 1739 militia
1499 1683 1750 1740 ccelestis
1767 1684 2033 1740 multitu-

382 1777 457 1833 do
486 1774 837 1846 concineret)
862 1773 917 1828 in
955 1774 1233 1830 honorem
1266 1772 1368 1829 Dei
1385 1773 1461 1845 (d)
1483 1789 1602 1828 una
1631 1773 2033 1830 benedictione

381 1865 703 1923 dicentium
727 1881 740 1920 :
767 1862 947 1920 Gloria
976 1865 1037 1918 in
1058 1862 1282 1919 excelsis
1300 1864 1429 1929 Deo,
1450 1870 1503 1919 et
1529 1864 1590 1917 in
1619 1866 1769 1919 terra
1792 1879 1907 1935 paa:
1935 1863 2031 1920 ho-

2060 1912 2108 1979 B

2158 624 2416 680 dentem.
2437 624 2830 681 Immutabilis
2853 625 3009 682 enim
3036 625 3531 699 Deitas,quamvis
3552 626 3697 683 intra
3714 642 3792 685 se-

2158 713 2469 784 metipsam
2502 717 2560 768 et
2589 711 2912 771 claritatem
2935 731 3105 771 suam
3127 717 3183 770 et
3212 714 3535 788 potentiam
3557 715 3793 773 contine-

2156 805 2262 869 ret,
2278 818 2392 857 non
2412 802 2540 857 ideo
2558 806 2755 858 tamen
2774 820 2890 859 non
2911 806 3035 859 erat
3050 803 3123 878 (j)
3146 804 3364 860 inserta
3380 803 3793 878 nascenti,quia

2155 888 2417 947 humano
2448 890 2708 964 aspectui
2740 908 2856 948 non
2888 892 3158 965 patebat:
3185 896 3247 948 ut
3275 906 3379 964 per
3400 891 3526 950 veri
3553 892 3793 951 hominis

2152 977 2436 1035 inusitata
2454 979 2776 1051 primordia
2790 979 2888 1037 ille
2908 984 3321 1054 agnosceretur
3334 981 3697 1055 genitus,qui
3714 1000 3791 1039 re-

2154 1067 2247 1139 gis
2276 1067 2447 1124 David
2469 1072 2526 1124 et
2545 1068 2832 1125 Dominus
2863 1074 3017 1127 esset
3043 1074 3102 1127 et
3126 1069 3303 1126 filius.
3333 1072 3468 1144 Ipse
3488 1069 3643 1126 enim
3670 1088 3791 1144 pro-

2154 1155 2384 1228 phetico
2403 1157 2612 1229 spiritu
2636 1158 3059 1226 cantat,dicens
3088 1176 3101 1214 :
3125 1160 3280 1215 Dixit
3299 1161 3565 1215 Dominus
3584 1163 3788 1217 Domino

2148 1260 2306 1302 meo:
2334 1245 2466 1302 Sede
2512 1263 2546 1301 a
2591 1246 2801 1303 dextris
2838 1248 2973 1304 meis
3000 1248 3116 1320 (Ps.
3139 1265 3249 1315 nix,
3276 1248 3346 1321 1).
3371 1248 3501 1314 Quo
3545 1248 3788 1306 testimo-

2148 1333 2267 1401 nio,
2293 1334 2447 1391 sicut
2475 1335 2852 1408 Evangelium
2881 1337 3074 1405 refert,
3094 1336 3395 1393 confutata
3416 1340 3509 1393 est
3537 1335 3786 1411 impietas

2145 1422 2503 1479 Judaeorum.
2526 1424 2669 1480 Nam
2696 1441 2831 1480 cum
2852 1425 2993 1481 Jesu
3015 1424 3415 1501 interrogante
3433 1425 3687 1494 Judazos,
3704 1441 3788 1483 cu-

2137 1511 2240 1583 jus
2266 1512 2454 1569 ﬁlium
2477 1512 2738 1569 dicerent
2757 1513 3098 1573 Christum?
3120 1514 3587 1587 respondissent,
3609 1515 3782 1585 David,

2145 1601 2450 1656 confestim
2482 1601 2769 1658 Dominus
2791 1602 3110 1661 caecitatem
3141 1601 3377 1661 illorum
3406 1618 3658 1676 arguens
3676 1604 3780 1660 ait:

2144 1689 2415 1757 Quomodo
2443 1706 2570 1759 ergo
2600 1691 2774 1746 David
2814 1693 2872 1745 in
2914 1693 3112 1763 spiritu
3140 1700 3291 1750 vocat
3320 1708 3452 1749 eum
3482 1693 3778 1760 Dominum,

2139 1777 2358 1834 dicens:
2384 1780 2536 1835 Dixit
2583 1780 2845 1835 Dominus
2875 1781 3102 1836 Domino
3138 1797 3255 1838 meo
3284 1798 3303 1837 :
3333 1780 3474 1837 Sede
3519 1799 3553 1837 a
3591 1780 3781 1838 dextris

2138 1868 2276 1923 meis
2296 1867 2500 1934 (Matth.
2528 1885 2667 1937 xxii,
2690 1869 2819 1942 43)?
2845 1868 3269 1931 Interclusistis
3306 1870 3500 1940 vobis,
3523 1887 3557 1927 o
3587 1869 3775 1936 Judaei,

378 1954 620 2012 minibus
651 1955 800 2010 bonae
830 1953 1122 2009 voluntatis
1153 1952 1302 2024 (Luc.
1326 1969 1390 2020 IL,
1415 1951 1521 2024 14).
1547 1951 1648 2006 Dei
1679 1967 1814 2025 ergo
1843 1950 2031 2024 gloria
2060 1950 2108 1979 ”
2138 1954 2534 2030 intelligentia
2561 1957 2737 2023 viam,
2754 1962 2811 2014 et
2834 1959 2975 2014 dum
2999 1958 3187 2016 solam
3211 1963 3490 2019 naturam
3508 1957 3689 2016 carnis
3709 1958 3775 2029 (lt)

379 2049 472 2102 est
498 2060 567 2100 ex
608 2047 795 2098 matre
825 2041 1061 2114 Virgine
1089 2040 1303 2097 Christi
1350 2039 1642 2096 nascentis
1672 2039 1939 2110 infantia,
1972 2045 2030 2096 et

378 2131 668 2206 reparatio
697 2129 943 2187 humani
972 2129 1204 2202 generis
1231 2128 1441 2187 merito
1471 2129 1530 2184 in
1555 2127 1788 2185 laudem
1811 2129 1902 2185 sui
1935 2146 2024 2186 re-

378 2222 563 2278 fertur
584 2219 841 2281 auctoris
863 2237 876 2276 :
901 2219 1040 2291 quia
1055 2221 1112 2275 et
1131 2217 1203 2291 (e)
1223 2218 1348 2290 ipse
1368 2218 1550 2274 beatae
1580 2217 1773 2274 Maria:
1804 2217 2025 2275 missus

377 2329 411 2369 a
431 2312 547 2368 Deo
569 2308 801 2366 Gabriel
842 2306 1087 2381 angelus
1117 2306 1340 2363 dixerat
1366 2321 1378 2362 :
1407 2307 1650 2379 Spiritus
1677 2315 1894 2363 sanctus
1930 2323 2023 2362 su—

370 2400 651 2472 perveniet
697 2401 758 2454 in
796 2402 868 2465 te,
890 2402 942 2453 et
979 2398 1152 2453 virtus
1192 2396 1459 2452 Altissimi
1501 2395 1841 2451 obumbrabit
1885 2396 2020 2465 tibi;

374 2489 603 2561 ideoque
619 2497 671 2546 et
686 2487 827 2560 quod
841 2494 1095 2542 nascetur
1114 2501 1183 2540 ea:
1199 2487 1247 2540 te
1261 2493 1534 2551 sanctum,
1548 2484 1830 2540 vocabitur
1849 2486 1931 2539 Fit
1938 2487 2021 2539 ius

373 2579 473 2633 Dei
492 2580 642 2646 (Luc.
668 2595 706 2644 ι,
731 2576 841 2647 35).
867 2576 930 2631 In
974 2579 1131 2630 terra
1162 2578 1354 2629 autem
1389 2573 1486 2629 illa
1516 2590 1627 2645 pax
1665 2572 2018 2643 conceditur,

372 2684 501 2739 qua;
533 2666 801 2723 homines
829 2663 1011 2721 efﬁcit
1036 2663 1198 2719 bona;
1225 2662 1560 2718 voluntatis.
1579 2663 1701 2727 Quo
1723 2661 1877 2718 enim
1900 2662 2023 2735 Spi-

371 2755 488 2811 ritu
519 2756 590 2811 de
621 2754 975 2809 intemeratae
1007 2751 1214 2806 matris
1233 2750 1554 2807 visceribus
1584 2751 1846 2807 nascitur
1864 2751 2021 2807 Chri-

369 2848 498 2903 stus
517 2844 629 2902 hoc
657 2843 729 2899 de
759 2846 971 2901 sach
996 2839 1259 2897 Ecclesiae
1297 2845 1461 2896 utero
1503 2840 1833 2896 renascitur
1853 2840 2016 2897 Chri-

369 2935 597 2991 stianus
619 2934 697 3005 (Γ)
717 2932 812 2989 cui
843 2948 976 2988 vera
1004 2947 1115 3003 pax
1142 2934 1251 2999 est,
1275 2948 1311 2986 a
1332 2928 1433 2986 Dei
1464 2929 1759 2986 voluntate
1788 2947 1902 2987 non
1935 2929 2018 2985 di-

365 3023 508 3091 vidi,
532 3026 589 3079 et
612 3021 674 3077 in
700 3020 794 3077 his
822 3019 964 3077 solis
994 3036 1121 3092 quae
1152 3023 1304 3076 Deus
1334 3017 1525 3091 diligit
1553 3019 1847 3075 delectari.

437 3110 575 3168 CAP.
601 3111 669 3167 II.
692 3142 761 3151 -—
782 3107 1043 3166 Natalem
1074 3107 1272 3181 igitur,
1305 3105 1689 3176 dilectissimi,
1717 3106 1871 3163 diem
1902 3107 2012 3164 Do-

365 3200 517 3257 mini
537 3198 1021 3270 celebrantes,qui
1039 3215 1110 3254 ex
1126 3197 1404 3253 omnibus
1425 3195 1848 3268 praeteritorum
1869 3200 2013 3253 tem-

2139 2045 2424 2117 aspicitis,
2442 2049 2565 2102 tota
2579 2063 2679 2102 vos
2700 2047 2961 2104 veritatis
2980 2048 3110 2104 luce
3130 2048 3431 2121 privastis.
3450 2048 3777 2122 Exspectan-

2137 2136 2225 2189 tcs
2241 2134 2421 2201 enim,
2435 2135 2760 2191 secundum
2776 2138 2980 2192 vestra:
2992 2135 3397 2209 persuasionis
3412 2134 3776 2215 fabulantis-

2136 2227 2354 2290 menta,
2379 2222 2557 2278 David
2591 2222 2779 2280 {ilium
2810 2225 2881 2279 de
2928 2224 3055 2281 sola
3107 2226 3287 2298 stirpe
3324 2242 3625 2299 corporea,
3647 2226 3773 2283 dum

2135 2327 2297 2382 spem
2319 2316 2570 2368 vestram
2593 2312 2651 2367 in
2673 2313 2910 2370 homine
2932 2318 3161 2371 tantum
3181 2314 3769 2381 constituistis,Deum

2136 2400 2234 2455 Dei
2258 2400 2466 2457 Filium
2493 2401 2794 2474 repulistis
2817 2420 2831 2458 :
2852 2407 2916 2458 ut
2938 2403 3091 2475 quod
3117 2403 3285 2459 nobis
3307 2404 3371 2477 (ι)
3394 2402 3647 2478 profiteri
3666 2401 3767 2476 glo-

2133 2488 2354 2559 riosum
2375 2494 2485 2559 est,
2508 2490 2673 2546 vobis
2703 2491 2977 2562 prodesse
3016 2509 3129 2547 non
3174 2492 3383 2564 possit.
3416 2493 3563 2548 Nam
3594 2496 3645 2547 et
3672 2507 3764 2546 nos

2132 2576 2466 2653 interrogati
2499 2580 2668 2651 cujus
2718 2578 2875 2634 ﬁlius
2922 2579 2998 2637 sit
3027 2579 3316 2649 Christus,
3338 2597 3480 2638 voce
3525 2577 3762 2654 Apostoli

2128 2667 2475 2723 conﬁtemur
2504 2669 2659 2740 quod
2677 2670 2856 2740 factus
2874 2673 2951 2725 est
2966 2686 3036 2725 ex
3059 2671 3264 2751 semine
3283 2670 3463 2727 David
3489 2667 3758 2726 secundum

2125 2772 2347 2811 carnem
2367 2758 2539 2817 (Rom.
2559 2775 2597 2826 ι,
2614 2758 2691 2829 3);
2711 2761 2769 2814 et
2790 2758 2860 2813 de
2882 2757 3008 2830 ipso
3025 2757 3190 2815 initio
3212 2759 3561 2832 evangelica:
3578 2755 3761 2830 prsidi-

2124 2844 2371 2899 cationis
2403 2845 2773 2914 instruimur,
2797 2844 3055 2919 legentes
3081 2865 3093 2903 :
3120 2847 3282 2904 Liber
3298 2847 3666 2918 generationis
3680 2846 3757 2902 Je-

2122 2950 2187 2988 su
2214 2924 2435 3002 Christi,
2467 2934 2580 3004 ﬁlii
2605 2935 2777 2990 David
2808 2935 3010 3004 (Matth.
3041 2953 3081 3002 ι,
3113 2937 3189 3006 1).
3218 2937 3331 2998 Sed
3362 2936 3496 2994 ideo
3525 2953 3559 2993 ι
3583 2936 3757 2991 vestra

2121 3021 2422 3096 impietate
2451 3022 2866 3093 discernimur,
2883 3024 3025 3097 quia
3054 3041 3229 3098 quem
3256 3042 3328 3082 ex
3351 3025 3626 3101 progenie
3651 3022 3753 3079 Da-

2116 3111 2213 3167 vid
2246 3111 2545 3167 hominem
2575 3111 2844 3168 novimus
2873 3117 3081 3169 natum
3104 3114 3200 3186 (m)
3232 3114 3530 3185 eumdem,
3561 3127 3747 3171 secun-

2120 3200 2259 3255 dum
2284 3201 2438 3272 quod
2467 3201 2692 3257 Verbum
2711 3218 2837 3259 caro
2856 3203 3066 3274 factum
3083 3211 3162 3260 est
3180 3208 3365 3272 (Joan.
3390 3205 3562 3278 ι,11ι),
3585 3207 3748 3257 Deum

362 3306 574 3363 porum
596 3288 802 3345 diebus
820 3285 1039 3345 electus
1060 3285 1692 3358 est,licetdispensatio
1713 3285 2010 3342 actionum
2042 3282 2084 3350 C
2122 3288 2238 3346 Deo
2268 3290 2425 3345 Patri
2467 3289 2761 3347 credimus
2812 3295 3184 3348 coaeternum.
3214 3293 3381 3350 Unde
3429 3295 3479 3351 si
3521 3296 3754 3360 teneres.

363 3376 775 3451 corporalium,
806 3376 961 3433 sicut
1002 3380 1217 3432 aeterno
1247 3371 1489 3430 consilio
1518 3374 1707 3429 fuerat
1735 3375 2012 3446 praeordi-

2122 3377 2382 3447 oIsrael,
2432 3378 2519 3434 tui
2576 3378 2833 3435 nominis
2890 3380 3258 3453 dignitatem,
3295 3385 3351 3438 et
3404 3377 3750 3455 propheticas

363 3471 523 3535 nata,
546 3465 863 3533 transierit,
895 3468 1125 3535 totaque
1164 3460 1569 3534 Redemptoris
1618 3461 1921 3519 humilitas
1951 3463 2011 3518 in
2121 3466 2593 3524 denuntiationes
2651 3485 2767 3524 non
2817 3469 3103 3525 obcaecato
3150 3471 3325 3526 corde
3378 3479 3750 3545 percurreres,

363 3551 963 3626 gloriam(g)paterna3
982 3551 1308 3622 majestatis
1324 3554 1518 3605 evecta
1534 3550 1700 3616 sit,ut
1715 3553 1774 3606 in
1788 3553 2014 3608 nomine
2120 3555 2304 3612 Isaias
2338 3557 2438 3611 tibi
2470 3556 2863 3631 evangelicam
2906 3559 3186 3630 panderet
3213 3560 3535 3628 veritatem,
3567 3560 3620 3613 et
3647 3568 3748 3610 non

360 3642 487 3699 Iesu
513 3655 670 3696 omne
688 3656 832 3710 genu
856 3641 1109 3710 ﬂectatur
1135 3639 1450 3706 caelestium,
1472 3640 1837 3709 terrestrium,
1859 3648 1910 3695 et
1930 3642 2013 3695 in-
2120 3645 2335 3701 surdus
2365 3646 2598 3702 audires
2629 3646 2827 3702 divina
2856 3647 3239 3721 inspiratione
3269 3649 3558 3706 dicentem
3591 3662 3604 3702 :
3637 3645 3749 3699 Ecce

359 3731 665 3802 ramorum.
680 3741 732 3785 ϐι
749 3729 927 3784 omnis
947 3728 1142 3796 lingua
1156 3727 1633 3799 conﬁteatw',quia
1650 3729 1911 3791 Dominus
1927 3731 2011 3785 Je-
2124 3734 2283 3803 Virgo
2304 3734 2456 3791 105
2474 3736 2557 3806 (η)
2574 3737 2772 3807 accipit
2800 3737 2861 3792 in
2880 3740 3053 3806 utero,
3074 3745 3125 3793 et
3149 3740 3331 3810 pariet
3349 3737 3554 3810 ﬁlium,
3594 3737 3641 3790 et
3666 3746 3743 3786 vo-

359 3834 455 3876 sus
470 3817 550 3891 (h)
572 3819 631 3873 in
649 3818 832 3890 gloria
850 3817 1006 3873 104
1020 3820 1100 3872 est
1114 3816 1212 3871 Dei
1228 3817 1413 3871 Patris
1427 3817 1693 3889 (Philipp.
1707 3834 1771 3885 ιι,
1788 3818 1876 3888 10,
1897 3818 2008 3891 11),
2115 3823 2317 3878 cabunt
2335 3839 2533 3880 nomen
2552 3824 2669 3895 ejus
2688 3828 3035 3893 Emmanuel,
3049 3826 3191 3898 quod
3217 3831 3297 3883 est
3329 3825 3742 3900 interpretatum,

358 3906 759 3969 indesinenter
787 3911 983 3962 tamen
1013 3904 1208 3979 ipsum
1250 3909 1486 3978 partum
1536 3904 1847 3961 salutiferae
1876 3906 2010 3962 Vir-
2116 3911 2404 3968 Nobiscum
2420 3913 2563 3968 Deus
2588 3913 2739 3986 (Isai.
2761 3930 2861 3983 vn,
2886 3915 2983 3983 14;
3004 3915 3191 3971 Matth.
3215 3932 3253 3985 ι,
3274 3916 3388 3985 23).
3416 3918 3591 3982 Quem
3615 3909 3661 3966 si
3688 3907 3740 3960 in

357 3996 513 4071 ginis
544 3990 880 4063 adoramus,
905 3997 962 4052 et
989 3992 1153 4050 illam
1180 3992 1353 4050 Verbi
1381 3998 1440 4049 et
1467 3993 1661 4050 carnis
1691 3992 2006 4066 indissolu-
2116 4002 2279 4055 tanta
2308 3999 2664 4073 proprietate
2684 4002 2834 4058 sacri
2861 4002 3117 4059 nominis
3143 4019 3260 4058 non
3282 4004 3539 4069 videbas,
3562 4000 3615 4055 in
3644 3996 3740 4051 Da-

355 4084 536 4146 bilem
558 4084 829 4159 copulam
850 4101 966 4142 non
984 4083 1268 4157 minus(i)
1288 4082 1647 4156 suscipimus
1668 4082 1727 4138 in
1751 4100 2009 4159 praesepe
2112 4088 2303 4145 vidica
2333 4089 2540 4147 saltem
2577 4106 2717 4149 voce
2764 4090 3094 4165 didicisses,
3127 4108 3199 4149 ne
3244 4096 3446 4150 contra
3492 4086 3738 4149 ἰθειίίίοᾶ-

450 4288 504 4363 a)
533 4288 630 4363 _S_ie
658 4289 918 4363 plerique
948 4287 1132 4346 nostri
1162 4289 1330 4363 codd.
1364 4291 1422 4345 et
1446 4288 1661 4363 Quesn.
1692 4287 1780 4363 Al.
1814 4305 1932 4346 nos.

454 4359 505 4432 b)
533 4359 747 4432 vocem
786 4359 1009 4417 Domini
1041 4360 1442 4432 supplevimus
1473 4376 1543 4416 ex
1573 4360 1803 4417 duobus
1832 4362 2002 4418 codd.

356 4429 417 4487 S.
437 4429 624 4503 :Petri,
657 4436 714 4503 et
742 4432 953 4503 Veron)
985 4447 1051 4487 ac
1076 4429 1395 4503 Padiliron.

2187 4292 2264 4365 (g)
2287 4294 2430 4350 Tres
2460 4296 2630 4351 codd.
2657 4298 2714 4352 et
2741 4295 2934 4368 prima
2962 4296 3162 4364 editio,
3182 4301 3411 4355 eterna?
3440 4288 3734 4369 majestatis-

2214 4370 2408 4418 textus
2449 4366 2781 4418 Scrinturaa.
2805 4367 2903 4418 aui
2941 4367 3274 4418 subiicitur-
3294 4368 3470 4418 habet
3498 4369 3556 4418 in
3580 4363 3734 4418 alorta

2113 4365 2186 4419 At
2214 4370 2408 4448 textus
2449 4365 2781 4449 Scripturai,
2805 4367 2903 4493 qui
2941 4367 3275 4451 subjicitur,
3294 4368 3470 4425 habet
3498 4365 3556 4423 in
3579 4365 3737 4440 gloria

2111 4440 2323 4513 estDe:
2352 4438 2539 4493 Patris
2572 4454 2585 4494 :
2619 4443 2675 4494 et
2706 4454 2819 4512 pau
2848 4455 2880 4495 o
2910 4444 3044 4512 post
3069 4438 3344 4496 scribitur
3364 4449 3604 4513 paterna
3630 4432 3736 4488 alti-

426 4501 497 4573 (c)
517 4500 710 4582 Aliqui
733 4502 899 4582 codd.
922 4500 981 4558 et
1000 4501 1191 4582 prima
1210 4500 1462 4559 editione
1481 4518 1842 4582 maereamus.
1857 4503 2005 4582 Dein
2034 4516 2081 4582 ι)
2113 4507 2340 4582 tudinis.

353 4572 487 4629 EcCe
503 4587 599 4645 ego
618 4572 941 4645 adiecimus
957 4572 1025 4628 ei
1044 4573 1275 4645 duobus
1297 4590 1447 4645 mss.
1478 4576 1533 4645 Si.
1554 4573 1728 4645 Petri,
1759 4591 1829 4630 ex
1857 4575 2001 4632 Bon.

354 4647 411 4720 et
440 4642 631 4720 prima
661 4642 931 4720 editione.
953 4644 1019 4720 _ln
1056 4642 1184 4720 alio
1207 4644 1406 4720 codice
1513 4644 1663 4720 Petri
1695 4642 1858 4720 deest
1885 4663 2000 4720 ego.

355 4712 490 4790 Mox
517 4712 798 4790 intribus
825 4715 992 4770 codd.
1016 4719 1072 4770 et
1100 4714 1290 4790 prima
1317 4715 1571 4771 editione
1601 4715 1814 4790 legitur
1840 4712 2003 4775 natus

354 4787 618 4858 estnobis
652 4801 755 4856 pro
782 4790 948 4841 natus
977 4785 1261 4858 estvobis;
1289 4803 1416 4858 quas
1445 4785 1746 4858 postrema
1775 4787 1944 4847 lectio
1971 4808 2005 4847 a

359 4855 803 4928 nobisretenta,
836 4855 1168 4928 evangelico
1197 4855 1377 4928 textui
1411 4855 1699 4928 congruit.

423 4927 502 5000 (ά)
531 4927 673 5000 Mss.
703 4928 762 5000 S.
795 4926 1159 5000 Petri.,'Bon.
1183 4932 1240 4982 et
1270 4926 1459 5000 prima
1491 4926 1689 4996 editio,
1714 4947 1827 4985 una
1856 4947 1998 4988 voce.

350 4997 495 5073 Dein
526 4998 703 5073 iidem
742 4999 800 5073 S.
836 4998 985 5055 Petri
1017 4999 1185 5054 codd.
1219 4997 1286 5054 et
1304 4999 1515 5055 Veron.
1551 5016 1617 5056 ac
1659 5001 2000 5073 Padiliron.,

350 5070 532 5139 gloria
558 5072 619 5124 in
648 5071 952 5126 altissimis.

424 5141 497 5213 (e)
515 5141 575 5196 In
597 5141 873 5215 vulggtis,
899 5140 1503 5215 ipse.Em_endavimps
1523 5157 1658 5196 cum
1675 5142 1865 5215 prima
1883 5145 2001 5200 edi-

348 5202 508 5269 tio'ne
536 5228 607 5267 ex
636 5202 779 5268 m§§.
812 5202 872 5269 S;
900 5202 1094 5280 Petri,
1116 5211 1328 5267 Veron.
1353 5216 1407 5266 et
1424 5211 1566 5266 Bon.
1584 5229 1650 5268 ac
1675 5202 1994 5275 Padiliron.

351 5282 487 5356 Best
515 5283 819 5352 nonnulla,
851 5283 1107 5356 conditur
1152 5300 1256 5356 pro
1303 5282 1617 5339 conceditur
1643 5289 1732 5341 est
1763 5285 1821 5340 in
1852 5304 1995 5343 mss.

347 5353 481 5410 Vat.
515 5356 916 5428 posteriorum,
934 5353 1173 5428 collect?
1198 5356 1231 5409 4
1259 5359 1315 5409 et
1342 5356 1397 5409 5.

419 5428 497 5499 (Γ)
515 5424 593 5483 Ἰιι
624 5428 818 5502 prima
830 5426 1082 5502 editione
1107 5429 1240 5502 post
1261 5441 1459 5483 vocem
1482 5424 1827 5502 Christianus
1856 5445 2001 5502 pun-

349 5498 445 5554 cto'
462 5515 535 5570 ap
545 5498 749 5573 posito,
764 5499 856 5573 sie
884 5498 1123 5573 legitur}
1137 5498 1238 5553 Cui
1258 5514 1385 5573 vera
1398 5514 1516 5573 page
1533 5500 1613 5553 est
1630 5516 1665 5554 a
1689 5500 1787 5573 Dei
1804 5498 1996 5557 volun-

348 5572 459 5625 tate
486 5569 596 5625 non
622 5569 818 5637 dividi,
843 5569 972 5635 ποιῐ
972 5570 1178 5626 dubitet
1205 5578 1256 5626 et
1286 5571 1356 5625 iis
1383 5569 1515 5624 solis
1543 5585 1668 5639 qua?
1698 5571 1837 5628 Deus
1865 5573 1997 5628 dili-

345 5640 444 5714 git,
476 5639 753 5699 delectari.
778 5642 843 5698 In
874 5660 985 5700 ms.
1010 5640 1271 5711 Padilir.,
1298 5640 1401 5714 Cui
1427 5655 1556 5698 vera
1578 5658 1696 5714 pax
1718 5650 1797 5701 est
1822 5646 1883 5703 in
1901 5646 2001 5705 Dei

380 5682 731 5786 ὀῖαῆῐᾶἓῖἷὶ
740 5682 864 5779 ἠ’ὁὶι
874 5682 1220 5779 aetate
1228 5682 1555 5791 ante:
1564 5682 1676 5776 έὶἓῗ

2187 4579 2266 4650 (h)
2296 4579 2439 4638 Mss.
2472 4579 2676 4650 veron.
2707 4584 2765 4637 et
2793 4580 3107 4638 Palidiron.
3135 4582 3361 4640 addunt
3397 4582 3652 4645 Christus,
3681 4572 3735 4626 ιιι

2113 4649 2265 4722 apud
2297 4654 2354 4715 8,
2390 4649 2654 4707 Paulum.

2183 4721 2245 4802 (ἰ)
2277 4722 2453 4807 ῌάἱιί,
2471 4724 2819 4807 suscipimus.
2842 4723 3190 4807 Quesnellus
3202 4725 3736 4807 perruptioncmﬁ‘

2109 4796 2374 4917 Elpicatus
2402 4796 2700 4849 annotavit
2746 4796 2803 4849 in
2854 4796 3119 4868 margine
3149 4814 3162 4853 :
3201 4798 3366 4854 Forte
3390 4796 3733 4868 'suspicimw-

2159 4864 2590 4917 mendationem
2618 4865 2902 4917 ontimam
2924 4883 2990 4917 ac
3012 4868 3191 4917 textui
3221 4870 3587 4917 inserendam
3617 4873 3731 4917 nro-

2159 4864 2590 4937 mendationem
2616 4865 2902 4937 optimam
2924 4864 3195 4923 ac'textui
3221 4864 3587 4925 inserendam
3616 4864 3731 4934 pro?

2110 4934 2317 4991 bavere
2347 4935 2574 4991 codices
2602 4934 2939 4993 casinensis
2967 4944 3024 4994 et
3054 4938 3365 4996 Padiliron.

2201 5007 2252 5080 j)
2283 5007 2375 5080 Sic
2405 5006 2672 5080 plerique
2699 5012 2756 5080 et
2779 5008 3030 5080 potiores
3059 5010 3287 5068 codices
3315 5010 3428 5079 Al.,
3453 5006 3696 5068 conserta.

2202 5077 2257 5152 Is)
2281 5077 2547 5152 Quatuor
2572 5077 3091 5152 codd.,'i_nspicitis.
3417 5077 3422 5079 ’
3602 5147 3627 5152 _
3690 5138 3699 5148 .

2179 5147 2240 5220 (ι)
2263 5149 2514 5223 Sicduo
2543 5166 2687 5205 mss.
2719 5153 2776 5206 S.
2808 5147 2982 5223 Petri,
3005 5152 3156 5210 alius
3187 5153 3498 5211 Padiliron.
3523 5152 3575 5206 et
3592 5147 3726 5200 Casi-

2108 5220 2338 5295 nensis;
2358 5219 2471 5295 A1,,
2502 5222 2768 5295 confiteri.
3576 5293 3582 5295 _
3658 5282 3670 5295 .

2178 5292 2280 5368 (in)
2300 5292 2634 5348 Editionum
2680 5292 3407 5368 Quesnelloﬂanteriorum
3466 5292 3725 5368 syntax“?

2108 5359 2405 5436 quai’item
2431 5368 2526 5436 est
2555 5367 2887 5436 nostrorum
2910 5367 3196 5436 codicum,
3220 5359 3727 5436 restituim'usﬂuf”

2106 5428 2330 5491 snellus
2356 5434 2568 5508 delevit
2598 5434 2706 5508 hoc
2754 5435 2878 5508 loco
2907 5428 3255 5508 eumdem,'et
3294 5436 3587 5496 transtulit
3609 5428 3725 5486 ante

2104 5521 2304 5580 vocem
2338 5507 2524 5580 Deum.
2550 5505 2879 5580 Aliquando
2901 5514 3033 5580 post
3062 5509 3121 5565 in
3148 5505 3260 5566 ms.
3284 5510 3610 5567 Padiliron.,
3630 5509 3724 5554 πθπ

2103 5577 2288 5634 surdis
2317 5578 2543 5633 auribus
2571 5577 2806 5634 audires.

2177 5648 2422 5724 (n)Cod=
2454 5648 2689 5724 Vero_n.,
2727 5651 3024 5724 concipiet;
3080 5652 3218 5724 dein
3274 5652 3332 5709 in
3390 5650 3560 5710 editis
3598 5640 3723 5724 ante

2104 5711 2320 5789 Queen.
2336 5723 2393 5781 et
2406 5719 2469 5780 in
2490 5711 2846 5801 quibusdam
2864 5711 3033 5796 iussi,
3052 5723 3334 5786 vocabitur
3349 5741 3455 5803 pro
3470 5711 3722 5785 υοοαὺιιπιο
