3964 6218
118 410 208 490 233
1604 383 1870 482 suam
1919 420 2136 482 XXXI.
3449 426 3571 489 23s

116 546 153 615 (ι
180 545 289 602 Cor.
316 562 401 615 v1,
430 548 576 620 47),
613 555 878 622 quanto
906 549 1088 623 magis
1119 549 1374 606 Verbum
1408 567 1537 606 caro
1587 550 1803 608 factum
1835 552 1889 619 Α
1919 557 2009 608 est
2038 554 2214 610 unius
2243 555 2608 622 substantias,
2643 556 2796 613 idem
2836 556 3011 613 homo
3056 573 3229 614 verus
3258 559 3316 613 et
3353 573 3568 613 secun-

122 640 365 693 nnusest
390 635 709 695 Christus
732 640 767 696 ?
803 639 911 696 ubi
962 637 1099 696 nihil
1143 643 1234 695 est
1275 637 1515 695 alterius
1563 643 1805 707 naturas,
1919 641 2059 697 dum
2092 659 2326 699 carnem
2360 644 2533 700 matri
2551 645 3070 702 consubstantialis
3086 646 3380 714 existeret;
3403 649 3564 703 utro-

124 725 257 798 quod
282 742 402 782 non
434 726 525 782 sit
556 727 931 803 utriusque.
961 728 1248 801 Non-ergo
1280 728 1723 800 inﬁrmemur(a)
1746 728 1805 784 in
1916 746 2029 801 quo
2058 732 2413 804 gaudemus,
2436 733 2574 805 quia
2603 751 2715 789 non
2748 734 2863 790 nisi
2894 739 3141 807 utroque
3160 734 3478 792 salvamur:
3502 735 3564 791 in

128 814 349 872 consilio
372 815 842 874 misericordiae
856 817 977 884 Dci,
997 835 1121 890 qua:
1150 835 1258 873 nos
1280 821 1339 873 et
1361 817 1700 874 innocentia}
1724 834 1808 873 re-
1916 819 2079 876 nullo
2100 820 2421 878 dividentes
2452 822 2743 879 visibilem
2776 823 2848 879 ab
2878 823 3180 891 invisibili,
3212 838 3557 897 corporeum

131 906 321 964 format
350 909 413 961 et
442 906 626 975 vitae;
667 922 787 962 nec
810 907 950 979 quia
980 906 1038 961 in
1068 905 1362 962 Salvatore
1395 910 1593 962 nostro
1614 906 1803 962 mani-
1911 908 1984 964 ab
2016 909 2378 982 incorporeo,
2412 912 2755 982 passibilem
2787 913 2860 967 ab
2892 912 3269 986 impassibili,
3300 912 3564 986 palpabi-

130 996 263 1055 [θύει
290 994 1000 1068 cognoscimusgeminae
1025 996 1192 1069 signa
1209 1002 1451 1062 naturis,
1476 1000 1579 1051 aut
1601 996 1660 1050 in
1677 994 1802 1069 glo-
1909 997 2026 1055 lem
2057 999 2129 1053 ab
2161 998 2541 1071 impalpabili,
2578 1000 2824 1056 formam
2844 1001 2923 1073 (h)
2950 1002 3097 1058 servi
3125 1019 3160 1057 a
3185 1003 3373 1057 forma
3418 992 3559 1072 Dei;

128 1084 203 1142 ria
233 1083 328 1141 Dei
358 1084 718 1141 deveritate
752 1084 970 1152 carnis,
989 1089 1088 1141 aut
1118 1085 1177 1139 in
1190 1084 1522 1141 humilitate
1543 1083 1800 1141 hominis
1910 1089 2051 1161 quia
2079 1087 2187 1144 etsi
2217 1106 2401 1144 unum
2433 1094 2633 1145 manet
2662 1090 2734 1144 ab
2765 1090 3104 1159 aeternitate,
3129 1090 3289 1146 aliud
3322 1091 3495 1163 coepit
3523 1108 3559 1151 a

124 1172 440 1245 deDeitatis
453 1175 787 1244 majestate
809 1175 885 1229 du
896 1173 1164 1233 bitemus.
1175 1176 1190 1246 (
1199 1174 1417 1245 b)Idem
1431 1178 1521 1230 est
1533 1174 1591 1228 in
1614 1173 1801 1230 forma

119 1264 231 1332 Dei,
267 1264 375 1336 qui
408 1264 679 1320 formam
707 1263 972 1339 suscepit
1001 1264 1171 1319 servi.
1210 1263 1365 1318 [dem
1396 1266 1486 1318 est
1522 1262 1795 1335 incorpo-

115 1370 251 1410 reus
286 1369 576 1419 manens,
608 1355 671 1407 et
701 1368 917 1425 corpus
944 1368 1273 1408 assumens.
1309 1352 1466 1407 Idem
1499 1356 1587 1407 est
1607 1351 1666 1405 in
1691 1368 1798 1408 sua

111 1442 330 1498 virtute
360 1439 768 1507 inviolabilis,
803 1444 863 1496 et
882 1440 941 1495 in
964 1444 1167 1497 nostra.
1184 1440 1523 1496 inﬁrmitate
1546 1440 1794 1512 passibi-

107 1530 203 1586 lis.
238 1530 413 1586 Idem
445 1534 544 1586 est
575 1547 611 1585 a
643 1533 887 1602 paterno
920 1546 1035 1585 non
1086 1528 1308 1585 divisus
1351 1529 1583 1595 throno,
1634 1532 1693 1583 et
1722 1528 1795 1584 ab

105 1620 319 1693 impiis
349 1619 687 1676 cruciﬁxus
716 1618 777 1674 in
810 1618 988 1691 ligno.
1017 1618 1175 1674 Idem
1202 1621 1292 1675 est
1310 1634 1487 1690 super
1514 1616 1792 1673 caelorum

104 1708 479 1765 altitudines
526 1708 721 1765 victor
767 1708 976 1764 mortis
1023 1708 1363 1765 ascendens.
1396 1712 1453 1764 et
1501 1723 1689 1781 usque
1719 1706 1792 1762 ad

102 1796 707 1855 consummationem
739 1796 937 1853 saeculi
969 1797 1300 1853 universam
1327 1795 1645 1854 Ecclesium
1674 1814 1790 1854 non

99 1886 489 1960 relinquens.
528 1884 693 1942 Idem
718 1888 1015 1959 postremo
1045 1890 1152 1953 est,
1189 1885 1289 1958 qui
1320 1886 1379 1941 in
1413 1885 1640 1953 eadem,
1674 1902 1790 1959 qua

101 1976 411 2046 ascendit,
440 1991 623 2032 carne
651 1979 957 2042 venturus,
989 1975 1144 2030 sicut
1164 1975 1459 2045 judicium
1507 1975 1789 2032 sustinuit

100 2064 469 2137 impiorum,
502 2064 588 2120 ita
608 2063 991 2135 judicaturus
1019 2068 1110 2119 est
1136 2064 1206 2120 de
1254 2064 1519 2119 omnium
1560 2064 1788 2121 actione

101 2156 269 2211 IIO
302 2152 681 2210 mortalium.
715 2152 878 2209 Unde
909 2169 983 2208 ne
1007 2151 1279 2226 plurimis
1309 2152 1661 2209 testimoniis
1682 2152 1786 2208 im-

102 2259 443 2310 moremur,
476 2259 666 2298 unum
698 2241 920 2297 sufﬁcit
938 2258 1008 2297 ex
1028 2241 1341 2315 Evangelio
1365 2242 1515 2298 beati
1536 2242 1784 2299 Joannis

104 2332 410 2399 adhiberi,
447 2347 568 2404 quo
600 2331 729 2404 ipse
758 2330 1039 2386 Dominus
1070 2335 1267 2387 noster
1294 2331 1366 2402 (e)
1390 2331 1565 2385 dicit:
1593 2332 1780 2401 Amen,

103 2437 273 2476 mn.
302 2420 438 2476 dico
466 2420 639 2490 vobis,
670 2421 805 2492 quia
828 2421 975 2475 venit
1003 2420 1157 2485 hora,
1188 2423 1241 2474 et
1266 2436 1416 2475 nunc
1444 2426 1543 2490 est,
1568 2420 1782 2491 quando

101 2510 317 2565 morati
342 2509 580 2566 audient
609 2524 795 2565 vocem
814 2509 950 2563 Filii
979 2509 1101 2574 Dei;
1129 2516 1181 2564 et
1208 2511 1304 2581 qui
1349 2509 1647 2575 audierint,
1696 2510 1780 2565 vi-

104 2602 257 2654 vent.
284 2598 445 2655 Sicut
473 2599 628 2655 enim
650 2598 822 2653 Pater
851 2596 1011 2654 habet
1059 2600 1222 2653 vitam
1253 2600 1313 2653 in
1360 2601 1670 2671 semetipso,
1700 2600 1785 2656 sic

114 2687 268 2744 dedit
294 2697 349 2744 et
375 2688 523 2743 Filio
551 2689 724 2743 vitam
750 2686 949 2743 habere
991 2688 1052 2743 in
1095 2688 1381 2759 semetipso
1402 2705 1422 2744 :
1450 2705 1501 2744 et
1543 2692 1779 2759 potesta-

120 2780 228 2831 tem
256 2777 409 2833 dedit
436 2778 494 2832 ei
507 2777 791 2849 judicium
818 2779 1018 2848 facere,
1064 2778 1195 2848 quia
1243 2778 1393 2847 ﬁlius
1439 2777 1677 2833 hominis
1704 2785 1784 2834 est

120 2865 296 2935 illm.
329 2883 387 2932 v,
406 2868 497 2935 25,
521 2867 796 2939 26).Ergo
807 2866 919 2922 sub
933 2883 1051 2921 una
1062 2866 1351 2922 sententia
1373 2867 1626 2922 ostendit
1642 2867 1781 2939 quia

124 2954 354 3023 tdﬁdem
379 2955 562 3012 Filius
583 2954 685 3012 Dei
709 2960 887 3027 atque
910 2954 1063 3011 ﬁlius
1079 2954 1336 3011 hominis
1349 2960 1458 3011 est.
1488 2956 1650 3012 Unde
1675 2973 1778 3029 ap-

130 3051 283 3113 paret
301 3043 811 3117 quemadmodum
828 3043 1121 3100 Christum
1134 3044 1450 3100 Dominum
1473 3045 1531 3100 in
1556 3044 1777 3101 unitate

136 3149 382 3203 personae
410 3136 647 3190 credere
662 3132 1185 3207 debeamus,(e)qui
1205 3150 1338 3188 cum
1351 3133 1428 3189 sit
1448 3134 1629 3190 Filius
1656 3134 1749 3190 Dei
1760 3176 1774 3201 ,

136 3237 229 3291 per
256 3238 428 3294 quem
459 3222 593 3278 facti
629 3238 862 3288 sumus,
895 3221 1068 3276 etiam
1088 3222 1245 3277 lilius
1271 3222 1530 3279 hominis
1556 3240 1657 3295 per
1678 3240 1771 3279 as-

136 3291 515 3382 sumptionem
543 3311 744 3366 carnis
776 3312 867 3365 est
897 3312 1105 3376 lactus,
1140 3315 1206 3365 ut
1237 3291 1583 3378 moreretur,
1618 3312 1771 3367 sicut
1800 3291 1843 3358 (ἶ

134 3396 205 3452 ait
231 3398 565 3471 Apostolus,
594 3407 821 3472 propter
850 3398 1048 3454 delicta
1092 3409 1298 3468 nostra,
1341 3404 1400 3455 et
1443 3406 1774 3473 resurgeret

127 3489 333 3559 pmpter
350 3488 817 3561 justiﬁcationem
839 3496 1084 3543 nostram
1114 3491 1285 3554 (Rom.
1321 3507 1395 3556 1v,
1426 3490 1539 3551 25).

191 3580 321 3632 CAP.
361 3577 457 3633 VI.
492 3609 563 3617 -—
594 3577 727 3632 Hzec
774 3576 1083 3643 confessio,
1132 3576 1520 3644 dilectissimi,
1573 3576 1773 3634 nullus

128 3665 183 3735 ff)
218 3666 427 3721 metuit
456 3665 973 3732 contradictiones,
1027 3664 1210 3720 nullis
1257 3665 1410 3721 cedit
1450 3667 1771 3722 erroribus.

123 3754 506 3825 Agnoscimus
533 3755 697 3811 enim
727 3753 1193 3810 misericordiam
1216 3754 1317 3810 Dei
1350 3755 1421 3810 ab
1449 3753 1614 3810 initio
1641 3773 1774 3828 pro-

125 3842 382 3910 missam,
413 3850 473 3900 et
489 3848 628 3901 ante
640 3842 856 3900 secula
873 3847 1278 3916 praeparatam,
1306 3860 1407 3915 per
1419 3845 1776 3917 quam(g)so-

127 3930 235 3988 lam
265 3931 480 3990 resolvi
506 3932 867 4006 captivitatis
898 3931 1167 3988 humanae
1187 3932 1420 3989 vincula
1438 3938 1775 4005 potuerunt,

128 4022 337 4092 quibus
368 4021 628 4095 primum
645 4021 946 4078 hominem
960 4037 1053 4077 om
1064 4038 1315 4095 nemque
1328 4023 1460 4094 ejus
1476 4023 1780 4095 posterita-

128 4113 235 4165 tem
264 4110 654 4168 malesuadus
684 4111 904 4184 peccati
928 4111 1550 4181 auctorobstrinxerat,
1574 4117 1630 4168 et
1652 4129 1778 4186 pro-

128 4200 249 4272 pagi
258 4216 393 4255 nem
408 4199 742 4256 dedititiam
755 4198 1025 4272 originali
1049 4200 1164 4256 sibi
1176 4202 1315 4273 praej
1324 4201 1513 4257 udicio
1530 4201 1780 4258 vindica-

126 4285 237 4343 bat.
269 4287 419 4354 Quia
448 4288 635 4361 igitur
642 4287 1048 4360 justificandis
1064 4288 1406 4346 hominibus
1439 4290 1548 4346 hoc
1568 4290 1780 4363 princi-

128 4374 330 4444 paliter
355 4376 708 4450 opitulatur,
740 4377 897 4449 quod
925 4376 1272 4450 Unigcnitus
1292 4377 1394 4434 Dei
1425 4379 1599 4434 etiam
1623 4379 1779 4436 ﬁlius

129 4460 378 4521 hominis
407 4481 537 4522 esse
552 4464 835 4539 dignatus
847 4470 954 4532 est,
977 4470 1040 4521 ut
1055 4474 1309 4537 ὁμοούσιος
1340 4468 1495 4523 Patri
1520 4468 1693 4538 Deus,
1719 4468 1773 4523 id

166 4605 370 4685 __(_a)Si_c
400 4609 589 4685 nostri
612 4609 857 4665 codd.et
888 4609 1634 4685 Quesnellus.Aliiediti,in
1650 4628 1776 4685 con-

130 4677 287 4761 siliis.
320 4678 499 4761 Paulo
529 4686 663 4761 post
693 4697 798 4761 pro
827 4683 1135 4761 manifeste,
1170 4683 1339 4761 quod
1356 4686 1479 4738 erat
1501 4677 1774 4761 ineditis,

135 4747 464 4833 Quesnellus
494 4747 754 4833 scripsit,
772 4747 1293 4833 manifesta,,quod
1325 4754 1383 4808 in
1399 4753 1616 4811 nostris
1638 4747 1778 4828 quo;

141 4833 239 4888 que
272 4838 409 4876 mss.
438 4824 743 4879 inventum
771 4824 1148 4879 retinuimus.

205 4891 395 4971 (ῥζιρυο
425 4895 595 4949 codd.
629 4895 688 4971 S.
724 4894 895 4971 Petri.
920 4895 1063 4971 idem
1092 4896 1249 4971 homo
1279 4899 1354 4971 est
1377 4898 1435 4952 in
1461 4902 1640 4971 [arma
1658 4901 1773 4968 Dei,

174 4965 485 5085 ain/orntum
504 4967 710 5039 recepit
724 4968 888 5023 servi.
911 4967 1130 5039 Recepit
1156 4970 1246 5023 est
1265 4967 1442 5023 etiam
1462 4965 1525 5024 "in
1545 4965 1776 5028 duobus

174 5060 177 5078 ι
265 5051 443 5085 eams-

265 5051 443 5092 canis.

164 5106 601 5233 ΒέΞῚῖεὲδοοάίί.
636 5108 886 5177 addunt,
920 5109 1058 5173 haec;
1079 5110 1269 5183 prima
1296 5110 1475 5168 editio
1505 5128 1638 5168 cum
1663 5130 1774 5170 ms.

220 5192 296 5239 11..
326 5192 443 5234 1108.

208 5247 275 5319 (4)
290 5249 923 5328 Quesnellusinseruit
948 5270 1164 5328 vocem‘
1179 5251 1345 5319 idem,
1366 5270 1542 5326 quam
1562 5255 1779 5328 reperi-

94 5394 97 5399 }
166 5327 268 5405 mus
294 5321 347 5405 ip
378 5321 573 5405 prima
599 5323 855 5405 editione
885 5328 942 5380 et
964 5324 1264 5405 aliquibus
1288 5321 1434 5405 mss.

210 5390 270 5468 (ρ)
294 5390 398 5462 Qui
426 5411 531 5467 pro
562 5397 697 5468 quia
719 5390 1117 5468 revocavimiis
1145 5412 1214 5451 ex
1231 5396 1423 5468 prima
1450 5397 1704 5454 editione
1725 5403 1783 5454 et

210 5412 270 5461 ψ
294 5412 393 5462 qua
426 5412 531 5467 pro
598 5412 697 5451 uta
719 5412 1117 5451 revocavrmus
1145 5412 1214 5451 ex
1231 5412 1423 5468 prima
1450 5412 1704 5454 editione
1725 5412 1778 5454 et

162 5440 354 5549 duobus
384 5482 529 5549 mss.
663 5466 835 5549 Petri,
860 5483 1112 5549 necnon
1144 5484 1356 5549 θές-ξπιο
1386 5468 1515 5549 Vat.
1541 5474 1608 5549 et
1634 5470 1778 5549 Bgn.

173 5601 185 5611 .
206 5534 327 5611 (nlo
356 5542 613 5611 quatuor
632 5537 806 5594 codd.
825 5542 882 5611 et
904 5538 1095 5611 prima
1119 5538 1392 5611 editione,
1417 5542 1647 5596 invenit.
1672 5541 1778 5597 Re-

160 5605 410 5683 liquimu's
434 5607 754 5683 lectionem
787 5605 1108 5683 vulgatam,
1141 5627 1319 5682 quam
1351 5609 1408 5666 in
1455 5611 1586 5667 aliis
1637 5629 1777 5668 mss.

158 5678 299 5762 etiam
325 5680 588 5762 aptiquis
615 5678 1140 5762 deprehendimus,
1161 5678 1233 5762 eo
1254 5683 1691 5762 quodconfessio
1714 5684 1781 5762 fi-

157 5746 231 5809 dei
251 5751 317 5811 de
341 5746 573 5810 Christo
605 5746 810 5826 pldres
840 5752 1080 5827 quidem
1106 5746 1594 5813 Contradiction'ee
1610 5759 1782 5817 nacta

442 5878 724 5951 Pareat.
765 5878 926 5947 LIV.

1906 1182 2168 1250 tempore
2194 1196 2206 1246 ;
2237 1195 2364 1250 quae
2395 1181 2591 1234 tamen
2622 1178 2680 1233 in
2700 1178 2981 1235 unitatem
3015 1184 3429 1248 convenerunt,
3448 1195 3554 1237 nec

1908 1267 2335 1339 separationem
2353 1272 2601 1339 possunt
2620 1266 2857 1338 habere,
2873 1284 2979 1323 nec
3009 1266 3209 1335 ﬁnem;
3239 1267 3380 1323 dum
3401 1266 3554 1323 exal-

1905 1359 2039 1411 tans
2070 1360 2129 1412 et
2158 1354 2465 1425 exaltatus,
2499 1355 2834 1427 glorificans
2864 1359 2921 1411 et
2948 1355 3331 1427 gloriﬁcatus,
3362 1355 3443 1412 ita
3472 1356 3552 1413 si-

1904 1444 2538 1517 bimet(i)inhaeserunt,
2564 1447 2629 1499 ut
2645 1443 2764 1500 sive
2792 1443 2851 1500 in
2883 1444 3327 1517 omnipotentis,
3346 1444 3467 1502 sive
3487 1443 3549 1505 ia

1904 1533 2279 1602 contumelia,
2313 1550 2417 1590 nec
2446 1532 2642 1588 divina
2660 1533 2719 1589 in
2742 1532 2971 1590 Christo
2989 1536 3223 1589 careant
3246 1532 3550 1601 humanis,

1904 1642 2010 1680 nec
2040 1624 2302 1679 humana
2331 1621 2565 1678 divinis.

1973 1715 2120 1769 111
2160 1712 2294 1767 CAP.
2345 1711 2466 1766 VII.
2516 1741 2586 1752 -—-
2615 1710 2733 1767 Hoc
2779 1711 3102 1781 credentes,
3151 1709 3545 1780 dilectissimi,

1899 1804 1963 1877 (j)
1994 1802 2113 1859 veri
2146 1800 2458 1858 Christiani
2489 1817 2718 1869 sumus,
2749 1800 2867 1856 veri
2900 1800 3192 1867 Israelita},
3226 1799 3364 1856 etin
3405 1815 3549 1856 con-

1899 1891 2146 1948 sortium
2207 1890 2461 1946 ﬁliorum
2515 1889 2615 1945 Dei
2662 1889 2941 1945 veraciter
2989 1888 3277 1963 adoptati:
3321 1887 3462 1962 quia
3488 1891 3548 1945 et

1895 1995 2099 2036 omnes
2125 1978 2312 2035 sancti
2344 1976 2443 2049 qui
2475 1975 2790 2032 Salvatoris
2812 1977 2998 2033 nostri
3020 1980 3282 2050 tempora
3300 1992 3543 2048 praeces-

1894 2072 2116 2135 serunt,
2152 2085 2253 2140 per
2282 2067 2432 2122 hanc
2455 2066 2628 2121 ﬁdem
2651 2064 2983 2137 justiﬁcati,
3014 2069 3072 2121 et
3101 2082 3204 2138 per
3222 2065 3331 2121 hoc
3351 2081 3543 2121 sacra-

1893 2162 2158 2214 mentum
2190 2155 2401 2213 Christl
2435 2159 2575 2211 sunt
2616 2170 2827 2226 corpus
2875 2154 3086 2221 effecti,
3138 2157 3543 2227 exspectantes

1891 2245 2280 2303 universalem
2312 2244 2676 2300 credentium
2707 2244 3169 2315 redemptionem
3201 2242 3262 2298 in
3308 2242 3535 2299 semine

1891 2336 2157 2403 Abrabze,
2188 2336 2259 2390 de
2290 2351 2405 2407 quo
2418 2333 2562 2389 dicit
2588 2333 3188 2405 ApostolusMbrabw
3209 2332 3388 2390 dicta?
3405 2337 3541 2391 sunt

1889 2424 2384 2494 repromissiones,
2405 2432 2456 2478 et
2477 2423 2688 2479 semini
2697 2423 2840 2495 ejus.
2874 2426 2998 2479 Non
3018 2422 3177 2492 dicit,
3201 2422 3269 2479 Et
3290 2424 3535 2479 semini-

1892 2515 2016 2579 bus,
2048 2514 2216 2585 quasi
2244 2514 2302 2568 in
2320 2512 2538 2577 multis,
2559 2513 2661 2567 sed
2690 2498 2857 2585 quasi
2868 2512 3071 2580 inuno,
3103 2516 3175 2568 Et
3192 2512 3399 2567 semini
3407 2516 3531 2583 tuo,

1891 2604 2071 2678 (k)qui
2085 2612 2167 2659 est
2196 2602 2674 2669 Christus(GaIat.
2702 2618 2786 2668 ιιι,
2816 2600 2926 2664 16).
2960 2601 3200 2673 Propter
3219 2600 3375 2672 quod
3394 2600 3537 2657 Mat-

1888 2693 2076 2748 thaaus
2107 2690 2481 2763 evangelista,
2522 2694 2588 2745 ut
2634 2689 3084 2762 promissionem
3133 2689 3205 2744 ad
3235 2688 3533 2745 Abraham

1889 2782 2103 2839 factam
2130 2779 2537 2837 ostenderctin
2555 2778 2783 2834 Christo
2812 2793 2942 2833 esse
2959 2777 3333 2850 completam,
3356 2793 3532 2850 gene-

1888 2870 2182 2926 rationum
2241 2868 2504 2924 ordinem
2552 2866 2861 2939 percurrit,
2901 2870 2959 2921 et
2988 2866 3047 2921 in
3096 2882 3211 2938 quo
3255 2864 3531 2923 omnibus

1886 2959 2162 3033 gentibus
2184 2957 2469 3030 disposita
2500 2955 2707 3012 fuisset
2723 2953 3069 3023 benedictio,
3086 2955 3529 3014 demonstravit.

1888 3050 2075 3105 Lucas
2104 3063 2337 3121 quoque
2366 3044 2723 3116 evangelista
2751 3044 2823 3101 ab
2854 3042 2983 3117 ipso
3016 3042 3246 3100 Domini
3280 3046 3411 3100 ortu
3441 3058 3537 3102 se-‘

1884 3143 2027 3194 riem
2060 3136 2287 3211 generis
2316 3134 2407 3191 sui
2438 3152 2677 3190 sursum
2704 3151 2908 3191 versus
2946 3133 3193 3190 retexuit
3248 3134 3395 3197 (Luc.
3444 3151 3527 3206 In,

1880 3229 1992 3297 23),
2027 3234 2091 3282 ut
2119 3226 2294 3282 etiam
2326 3224 2427 3279 illa
2454 3224 2667 3279 saecula
2691 3241 2817 3296 quae
2849 3221 3204 3285 diluvium(l)
3237 3238 3527 3294 praevene-

1881 3321 2036 3383 rant,
2066 3320 2123 3371 et
2152 3315 2289 3370 huic
2338 3317 2703 3369 sacramento
2746 3312 2977 3368 doceret
3018 3310 3199 3366 fuisse
3244 3327 3525 3379 connexa,

1882 3420 2202 3475 omnesque
2232 3402 2480 3457 abinitio
2497 3402 2939 3469 successionum
2953 3400 3192 3472 gradus,
3216 3400 3289 3454 ad
3310 3415 3445 3455 eum
3465 3400 3533 3457 in

1883 3511 1999 3567 quo
2029 3510 2146 3549 uno
2173 3496 2294 3548 erat
2315 3491 2475 3547 salus
2496 3490 2782 3561 omnium,
2831 3488 3164 3546 tetendisse.
3217 3489 3342 3546 Non
3391 3505 3537 3564 ergo

1884 3582 2273 3639 dubitandum
2288 3584 2377 3636 est
2407 3581 2547 3653 quia
2564 3582 2772 3652 praeter
2789 3579 3087 3636 Christum
3120 3595 3231 3636 non
3259 3578 3537 3636 estaliud

1881 3688 2085 3729 nomen
2113 3674 2216 3727 sub
2229 3672 2364 3727 caelo
2377 3670 2573 3725 datum
2587 3671 2927 3736 hominibus,
2942 3669 3003 3724 in
3014 3684 3124 3740 quo
3143 3684 3245 3724 nos
3260 3677 3534 3739 oporteat

1881 3763 2069 3819 salvos
2098 3759 2237 3833 ﬁeri
2267 3761 2406 3824 (Act.
2432 3775 2509 3824 ιν,
2546 3758 2655 3825 12);
2689 3758 2791 3830 qui
2840 3774 2974 3814 cum
3024 3756 3192 3813 Patre
3220 3762 3277 3813 et
3309 3757 3543 3830 Spiritu;

1884 3854 2085 3907 sancto
2115 3848 2357 3921 aequalis
2390 3849 2448 3903 in
2479 3847 2763 3903 Trinitate
2782 3846 2921 3903 vivit
2942 3850 2999 3902 et
3030 3845 3308 3919 regnatin
3322 3845 3543 3902 saecula-

1887 3938 2252 3996 saeculorum.
2289 3940 2490 3993 Amen.
2642 3976 2657 3995 .

2303 4025 2545 4082 SERMO
2583 4025 2750 4081 XXXI
2790 4025 2892 4095 [Αι.
2938 4023 3120 4093 XXX].

1972 4122 2039 4173 In
2069 4116 2424 4173 solemnitate
2449 4116 2796 4240 Epigoni}?
2808 4112 3059 4240 [Domini
3084 4113 3279 4168 nostri
3309 4115 3446 4168 Iesu

2625 4202 2732 4240 ms
2761 4201 2778 4239 ι
2846 4225 2858 4239 .

1888 4258 2306 4317 SYNOPSIS.—I.
2344 4189 2901 4313 Cleristuglzdlgslab
2929 4253 3188 4311 omm’bus
3218 4253 3337 4309 vult
3353 4268 3545 4324 agnam

1958 4331 2164 4398 sci,dat
2195 4331 2421 4399 signum
2449 4328 2937 4399 slellw,simulque
2950 4327 3162 4399 (tonum
3176 4326 3536 4399 intelligendi

1958 4411 2012 4458 et
2026 4397 2383 4474 requirendi.
2392 4432 2456 4439 —
2465 4401 2522 4455 ll.
2534 4397 2779 4457 Frustra
2787 4397 3043 4474 Herodes
3054 4397 3302 4454 inCItrist
3310 4414 3402 4452 um
3434 4414 3534 4454 sa:-

1960 4476 2053 4530 vit.
2090 4471 2249 4545 Magi
2270 4474 2437 4544 [idem
2469 4488 2639 4528 suum
2666 4471 3000 4526 nruneribus
3025 4477 3436 4543 protestantur.
3462 4498 3532 4511 —-

1808 4646 1856 4712 1)
1888 4614 2568 4712 estaeteellssfsjft

1960 4689 2044 4761 (g)
2075 4686 2423 4761 Quesncllus
2454 4684 2649 4761 adidit
2666 4700 2866 4739 vocem
2896 4686 3081 4741 solam
3113 4700 3310 4761 eX‘ms.
3362 4684 3529 4741 Corb.

1883 4766 1939 4817 et
1967 4756 2286 4814 Gaudiival.
2326 4758 2605 4813 Eamdem
2636 4756 2696 4811 in
2729 4760 2983 4827 quatuor
3011 4756 3231 4812 nostris
3263 4772 3408 4827 mss.
3444 4771 3534 4811 re-

1884 4831 2165 4905 perimus,
2204 4847 2306 4905 nec
2333 4846 2447 4905 non
2483 4830 2540 4882 in
2566 4825 3221 4905 prima‘ed_itione.__D_ein
3242 4825 3535 4905 malesua-

1884 4898 2010 4969 Zlus,
2046 4904 2101 4957 in
2133 4902 2485 4974 quibusdam
2518 4898 2659 4955 mss.
2693 4903 2749 4954 et
2770 4898 2958 4974 prima
2987 4898 3257 4974 editione
3290 4916 3324 4974 a
3367 4899 3537 4974 nobis

1885 4969 2185 5031 inventum
2218 4973 2565 5038 Quesnellus
2614 4969 2849 5042 recepit.
2884 4971 2947 5026 In
2995 4969 3126 5027 aliis
3169 4970 3343 5026 editis
3392 4969 3537 5027 etin

1886 5064 1996 5102 ms.
2032 5046 2088 5100 S.
2132 5045 2286 5099 Petri
2319 5043 2677 5099 malesuasor
2707 5041 2942 5114 legitur.

1957 5119 2035 5186 (ἡ)
2070 5117 2177 5171 Ms.
2201 5117 2259 5171 S.
2294 5115 2467 5181 Petri,
2502 5114 2772 5186 hominis.

1958 5189 2022 5261 (ἰ)
2056 5188 2178 5261 Duo
2209 5188 2371 5261 codd.
2401 5187 2459 5241 S.
2494 5185 2670 5261 Petri,
2699 5186 3000 5261 inhaerent.

2052 5259 2414 5331 Adjectivum
2448 5256 2962 5331 veriinseruimus
2993 5272 3062 5311 ex
3091 5272 3234 5313 mss.
3269 5256 3329 5313 S.
3353 5254 3534 5321 Petri,

1887 5329 2175 5387 un'o'Bon.
2212 5336 2269 5385 et
2299 5329 2485 5402 prima
2518 5329 2790 5402 editione.

1960 5404 2039 5475 (Ic)
2069 5394 2409 5477 Trescddd.
2442 5400 2696 5477 etprima
2724 5397 3075 5477 ed_itio,_quod
3102 5394 3392 5477 cst.Paulo
3408 5394 3541 5477 post

1884 5469 2255 5546 percucurrit
2272 5489 2377 5546 pro
2395 5469 2694 5546 percurrit
2717 5473 2807 5526 est
2826 5469 2885 5524 in
2903 5469 3135 5524 duobus
3152 5469 3367 5525 nostris
3392 5476 3535 5516 mss.

1889 5543 2034 5601 etin
2070 5543 2565 5615 prima’editione.
2603 5613 2631 5615 ξ
2688 5614 2691 5615 ν
2740 5611 2749 5615 _
2817 5609 2861 5615 Α,
3331 5611 3343 5615 _
3397 5595 3493 5615 Ν,

1962 5598 2033 5690 (νζ)
2063 5598 2154 5690 ἐξα
2186 5598 2311 5670 ἀροῖ
2334 5598 2471 5690 mss.
2508 5615 2581 5690 S._
2602 5609 2911 5690 Petri._
2945 5611 3362 5690 prwveneratnt.
3397 5598 3544 5653 Dein

1888 5680 2216 5745 in'd'uobus
2248 5687 2377 5745 cod.
2410 5691 2468 5741 et
2495 5684 2689 5762 prima
2717 5680 2991 5748 editione,
3024 5686 3173 5733 esset
3192 5681 3367 5737 salus.
