3964 6218
477 500 595 563 239

1596 510 1659 569 S.
1693 506 1975 569 LEONIS
2022 505 2270 568 MAGNI
2317 506 2758 569 SERMONES.

3766 506 3879 565 240

476 640 534 693 et
562 638 1018 710 przenuntiatum
1042 637 1302 712 antiquis
1331 639 1890 697 oraculisChristum
1916 639 2118 696 alieni-
2151 639 2206 707 Α
2238 638 2346 695 bus
2366 639 2567 695 lumen
2601 657 2777 695 suum
2810 639 3386 696 invexit.llonoretur
3414 638 3620 711 itaque
3650 654 3685 694 a
3718 637 3874 694 nobis

476 741 760 799 genarum
792 728 965 783 corda
987 729 1292 785 discebant
1313 747 1327 797 ;
1347 746 1480 785 cum
1507 730 1843 786 Judacorum
1878 731 2126 785 inﬁdeli-

476 818 569 870 tas
593 814 895 871 veritatem
927 833 1024 874 orc
1054 818 1421 891 proferret,et
1442 818 1814 875 mendacium
1847 820 2019 874 corde
2043 836 2125 874 re-

474 902 699 961 tineret.
736 904 1060 963 Noluerunt
1080 907 1236 963 enim
1279 924 1595 981 agnoscere
1625 908 1813 965 oculis
1844 925 2019 981 quem
2052 909 2123 965 de

477 992 661 1049 sacris
686 993 763 1066 (a)
805 994 1202 1052 indicaverant
1230 995 1434 1052 libris:
1468 1002 1532 1051 ut
1562 1014 1736 1069 quem
1765 1014 1879 1053 non
1912 999 2122 1054 adora-

477 1081 622 1138 bant
642 1081 702 1138 in
732 1083 987 1140 infantiae
1008 1084 1347 1141 infirmitate
1375 1085 1681 1153 humilem,
1715 1090 1913 1158 postea
1944 1086 2124 1142 cruci-

481 1170 725 1244 ﬁgerent
754 1171 815 1227 in
845 1172 1127 1229 virtutum
1159 1172 1519 1230 sublimitate
1549 1174 1889 1247 fulgentem.

551 1263 684 1316 CAP.
704 1260 799 1315 III.
816 1293 883 1302 —
899 1262 1033 1327 Quae
1055 1261 1188 1330 ista,
1206 1263 1408 1333 Judaei,
1432 1267 1556 1320 tam
1580 1264 1849 1337 imperita
1878 1265 1937 1320 in
1958 1266 2122 1322 vobis

481 1348 725 1405 scientia
753 1353 860 1417 est,
877 1355 933 1406 et
956 1354 1076 1406 tam
1100 1352 1640 1410 indoctadoctrina?
1663 1355 2004 1429 Interrogati
2024 1357 2123 1411 ubi

483 1437 727 1494 Christus
748 1445 1061 1497 nasceretur
1078 1441 1309 1516 Matth.)
1345 1461 1401 1509 ιι,
1437 1443 1513 1515 4),
1533 1445 1812 1500 veraciter
1830 1450 1886 1500 et
1909 1462 2123 1501 memo-

478 1527 617 1583 riter
646 1528 839 1584 dicitis
861 1531 1014 1602 quod
1035 1531 1366 1605 1cgistis:ln
1395 1534 2117 1601 Bcthlccmluvlwabid.,5).

477 1616 573 1673 Sic
601 1617 756 1673 enim
791 1618 1073 1692 scriptum
1103 1626 1192 1678 est
1209 1638 1310 1695 per
1341 1623 1722 1696 prephetam:
1754 1626 1818 1679 Et
1848 1633 1924 1690 tu,
1960 1626 2120 1679 Beth-

477 1705 616 1761 leem
630 1709 946 1775 terraJulu,
972 1725 1081 1766 non
1098 1727 1153 1767 es
1172 1714 1409 1768 minima
1426 1714 1442 1785 (
1451 1714 1501 1783 b)
1518 1715 1661 1769 inter
1664 1716 1945 1785 principes
1955 1716 2116 1770 Iuda.

476 1796 559 1851 Ex
582 1806 632 1852 te
660 1799 811 1853 enim
842 1801 983 1854 exist
1022 1802 1275 1873 princeps
1304 1804 1400 1874 qui
1440 1807 1591 1874 regat
1622 1803 1889 1875 populum
1941 1820 2122 1859 meum

476 1886 644 1941 Israel
667 1887 843 1958 (Μίοή.
865 1905 920 1953 ν,
951 1889 1029 1961 2.)
1053 1889 1218 1945 Hunc
1242 1890 1563 1964 principem
1591 1896 1813 1958 natum,
1847 1895 1903 1947 et
1933 1898 2123 1964 pasto-

476 1974 643 2031 ribus
675 1976 866 2048 angeli
895 1979 1045 2045 (Luc.
1100 1996 1158 2045 ιι,
1200 1980 1301 2052 13),
1336 1985 1392 2035 et
1438 1981 1603 2036 vobis
1653 1980 1989 2037 nuntiavere
2021 2000 2121 2055 pa-
2158 2011 2204 2076 B

479 2066 665 2119 stores
695 2065 850 2131 (Ibid.
905 2066 1016 2137 18).
1051 2067 1217 2122 Hunc
1266 2068 1587 2141 principem
1637 2074 1841 2126 natum
1891 2070 2119 2143 longin-

479 2167 610 2223 quae
639 2152 1015 2211 Orientalium
1040 2155 1303 2228 gentium
1326 2158 1592 2214 nationes
1626 2159 1861 2216 insolito
1894 2161 2024 2217 novi
2051 2160 2125 2217 si-

478 2240 634 2296 deris
655 2240 961 2313 splendore
994 2244 1342 2301 didicerunt.
1369 2247 1438 2302 Et
1457 2265 1529 2303 ne
1558 2249 1628 2303 de
1658 2247 1783 2305 loco
1813 2250 1951 2305 editi
1972 2249 2126 2324 regis

478 2328 863 2403 ambigerent,
881 2336 1073 2387 vestra
1102 2333 1353 2391 eruditio
1378 2336 1631 2407 prodidit
1662 2355 1777 2410 quo
1804 2338 1972 2395 stella
2008 2357 2123 2396 non

477 2418 693 2475 docuit.
710 2420 997 2477 Curvobis
1012 2421 1163 2478 viam
1178 2440 1353 2495 quam
1374 2425 1504 2483 aliis
1525 2427 1763 2499 aperitis
1788 2428 2126 2485 Obstruitis?

478 2508 597 2564 Cur
623 2509 684 2564 in
713 2513 906 2565 vestra
946 2510 1288 2570 infidelitate
1328 2515 1542 2572 residet
1572 2516 1819 2572 dubium
1870 2518 2024 2589 quod
2057 2535 2126 2576 ex

476 2602 673 2654 vestra
686 2598 751 2653 fit
767 2600 1141 2671 responsione
1153 2603 1312 2659 mani
1323 2604 1782 2661 festum?Locum
1804 2606 2124 2663 nativitatis

478 2687 550 2743 de
570 2687 1002 2761 Scripturarum
1036 2691 1370 2749 testimonio
1402 2694 1838 2764 demonstratis,
1872 2712 2124 2769 przesen-

477 2776 621 2833 tiam
654 2778 936 2852 temporis
967 2780 1039 2836 dc
1068 2780 1192 2836 ασειί
1228 2786 1285 2837 et
1312 2788 1478 2839 terra:
1509 2784 1879 2841 atlestatione
1910 2802 2122 2858 cogno-

478 2865 681 2935 scitis;
712 2870 769 2923 et
797 2872 994 2925 tamen
1026 2869 1125 2925 ubi
1157 2870 1227 2926 ad
1260 2874 1729 2945 persequendum
1757 2875 1989 2931 animus
2020 2879 2126 2931 He-

478 2955 637 3012 rodis
669 2957 902 3024 exarsit,
936 2957 1016 3013 ibi
1046 2959 1117 3013 ad
1151 2976 1265 3015 non
1294 2963 1648 3019 credendum
1696 2968 1884 3020 vester
1913 2981 2123 3020 sensus

478 3043 777 3099 obduruit.
811 3044 1054 3101 Felicior
1082 3063 1218 3120 ergo
1267 3050 1596 3123 ignorantia
1626 3053 1940 3109 infantium
1974 3070 2121 3126 quos

478 3138 816 3204 persecutor
835 3135 1045 3191 occidit
1067 3137 1347 3208 (Matt/1.11,
1378 3140 1487 3211 l6),
1520 3158 1696 3214 quam
1728 3146 1922 3198 vestra
1938 3144 2121 3199 scicn-

473 3220 573 3286 tia,
608 3238 785 3294 quam
815 3222 874 3279 in
907 3242 1014 3281 sua
1033 3229 1467 3299 perturbatione
1488 3231 1759 3286 consulit.
1792 3231 1908 3287 Vos
1930 3231 2119 3289 nolui-

473 3310 582 3366 stis
614 3327 858 3384 regnum
890 3315 1018 3385 ejus
1051 3316 1327 3388 recipere,
1354 3319 1817 3390 cujusoppidum
1836 3321 2113 3392 potuistis

470 3400 793 3457 ostendere.
827 3401 914 3457 Illi
939 3407 1254 3474 potuerunt
1278 3422 1382 3477 pro
1402 3423 1468 3461 eo
1493 3407 1660 3477 mori,
1685 3423 1857 3480 quem
1883 3409 1952 3481 (ο)
1977 3428 2118 3467 non-

470 3486 611 3541 dum
639 3492 909 3559 poterant
963 3492 1245 3549 conﬁtcri.
1282 3494 1364 3548 Ita
1414 3494 1703 3563 Christus,
1745 3513 1818 3552 ne
1850 3498 2034 3555 ullum
2068 3500 2119 3556 ei

467 3578 704 3647 tempus
725 3580 880 3631 esset
902 3577 1123 3649 absque
1142 3580 1581 3647 miraculo,ante
1597 3600 1768 3639 usum
1790 3584 2003 3659 linguae
2018 3606 2117 3660 po-

468 3663 916 3720 testatemVerbi
930 3666 1146 3724 tacitus
1157 3671 1475 3737 exercebat;
1490 3675 1547 3727 et
1559 3673 1725 3744 quasi
1733 3674 1858 3745 jam
1878 3676 2115 3734 diceret:

470 3751 646 3808 Sinite
668 3753 930 3825 parvulos
958 3758 1142 3813 venire
1160 3758 1232 3813 ad
1259 3776 1361 3825 me,
1390 3761 1589 3816 talium
1616 3771 1696 3818 est
1726 3764 1873 3819 enim
1890 3781 2115 3834 regnum

467 3842 725 3899 calorum
758 3842 964 3915 (Matth.
993 3862 1107 3913 χιχ,
1144 3847 1246 3903 14ε
1291 3865 1438 3904 nova
1467 3849 1649 3922 gloria
1681 3854 1996 3910 coronabat
2026 3855 2116 3911 in-

467 3930 678 4002 fantes,
702 3932 852 3988 etde
885 3932 1071 3992 initiis
1100 3935 1224 3992 suis
1246 3938 1621 4009 parvulorum
1643 3940 1963 4012 primordia
1985 3961 2117 4001 con-

464 4021 769 4078 acerabat:
831 4024 971 4079 117
1006 4028 1071 4080 ut
1118 4025 1439 4083 disceretur
1480 4029 1773 4086 neminem
1804 4030 2108 4090 hominum

463 4110 643 4166 divini
674 4109 1013 4184 incapacem
1062 4131 1190 4171 esse
1235 4118 1604 4187 sacramenti,
1657 4121 1892 4192 quando
1936 4123 2109 4181 etiam

460 4197 562 4255 illa
591 4205 731 4255 astas
759 4200 954 4274 gloriae
985 4208 1140 4260 esset
1169 4208 1305 4278 apta
1333 4207 1618 4280 martyrii.

531 4291 659 4345 Cm.
680 4289 775 4346 IV.
790 4293 1830 4369 —Agnoscamusergo,dilectissimi,
1845 4300 1905 4356 in
1920 4304 2109 4378 magis

461 4375 541 4447 (ἀ)
563 4378 971 4438 adoratoribus
1001 4383 1579 4454 Christi,vocationis
1613 4392 1825 4445 nostra?
1856 4375 2109 4465 fideique

458 4465 774 4552 primitias,
808 4473 863 4524 et
882 4471 1312 4530 exsultantibus
1343 4475 1560 4531 animis
1593 4476 1772 4533 beatae
1795 4481 1918 4552 spei
1940 4481 2108 4540 initia

459 4551 839 4611 celebremus.
872 4558 1089 4616 Exinde
1119 4562 1274 4617 enim
1306 4562 1363 4617 in
1396 4569 1672 4622 mternam
1705 4551 2103 4628 hereditatem

459 4641 743 4713 ompimus
772 4644 1007 4703 iniroire
1033 4667 1045 4717 ;
1067 4650 1271 4707 exinde
1293 4653 1461 4709 nobis
1478 4652 1775 4713 Christum
1806 4655 2106 4725 loquentia

2232 728 2671 785 sacratissimus
2713 729 2860 797 dies,
2894 729 2953 784 in
3004 746 3118 802 quo
3150 728 3358 785 salutis
3388 732 3644 784 nostram
3685 730 3876 783 auctor

2232 817 2540 889 apparuit;
2574 822 2631 873 et
2661 834 2836 889 quem
2871 817 3027 890 magi
3054 818 3337 873 infantem
3364 815 3627 873 venerati
3660 816 3862 872 suntin

2231 905 2542 973 cunabuls,
2574 923 2681 962 nos
2731 905 3191 978 omnipotentem
3245 906 3565 962 adoremus
3596 905 3660 959 in
3701 903 3873 960 oculis.

2231 997 2308 1049 Ac
2342 995 2495 1050 sicut
2528 994 2609 1050 illi
2660 996 2730 1051 de
2784 995 3078 1051 thesauris
3129 995 3253 1051 suis
3302 995 3590 1069 mysticae
3639 993 3871 1051 Domino

2233 1100 2536 1139 menerum
2568 1084 2791 1157 species
2812 1084 3169 1153 obtulerunt,
3193 1084 3274 1140 ita
3300 1088 3355 1140 et
3377 1101 3485 1140 nos
3517 1084 3592 1140 de
3612 1083 3872 1139 cordibus

2233 1173 2470 1240 nostris,
2506 1191 2631 1246 qua:
2684 1174 2800 1230 Deo
2853 1178 2994 1230 sunt
3023 1175 3198 1247 digna
3230 1189 3579 1247 promanus.
3614 1172 3872 1239 Quamvis

2231 1262 2388 1317 enim
2420 1263 2687 1318 omnium
2719 1264 3007 1318 bonorum
3040 1262 3271 1335 sitipse
3301 1260 3574 1334 largitor,
3595 1261 3766 1317 etiam
3788 1278 3876 1315 no-

2233 1354 2366 1406 SlI‘EB
2398 1355 2595 1407 tamen
2629 1352 2883 1407 fructum
2926 1352 3134 1424 quaerit
3166 1350 3474 1407 industriae
3503 1368 3517 1406 :
3572 1367 3689 1406 non
3731 1350 3869 1405 enim

2232 1440 2661 1496 dormientibus
2710 1441 2973 1514 provenit
3020 1458 3270 1515 regnum
3331 1440 3637 1505 caelorum,
3687 1440 3780 1496 sed
3820 1438 3870 1493 in

2234 1530 2528 1585 mandatis
2560 1530 2661 1586 Dei
2692 1530 3097 1586 laborantibus
3152 1535 3329 1603 atque
3373 1528 3786 1602 vigilantibus;
3817 1531 3873 1582 ut

2233 1619 2281 1673 si
2313 1618 2468 1673 dona
2495 1618 2567 1680 (ε)
2599 1618 2789 1692 ipsius
2823 1637 2935 1676 non
2963 1619 3127 1675 irrita
3159 1619 3493 1688 fecerimus,
3530 1636 3636 1691 per
3663 1635 3729 1673 ea
3757 1634 3869 1689 qua

2232 1707 2391 1762 dedit
2422 1724 2752 1764 mereamur
2781 1710 3042 1781 accipere
3074 1709 3230 1781 quod
3263 1708 3561 1782 promisit.
3607 1706 3765 1762 Unde
3787 1722 3869 1761 co-

2232 1796 2539 1851 hortamur
2567 1796 2935 1853 dilectionem
2967 1802 3220 1853 vestram
3276 1801 3341 1852 ut
3390 1795 3753 1853 abstinentes
3780 1811 3866 1851 vos

2233 1885 2305 1939 ab
2337 1885 2494 1940 omni
2529 1902 2697 1958 opere
2731 1886 2903 1955 malo,
2941 1904 3066 1960 quae
3088 1890 3225 1942 sunt
3248 1890 3409 1942 casta
3444 1888 3684 1959 etjusta
3713 1889 3868 1940 secte-

2236 1973 2401 2030 mini.
2436 1974 2561 2029 Filii
2583 1976 2740 2031 enim
2790 1976 2939 2032 lucis
2969 1976 3221 2048 abjicere
3274 1976 3494 2032 debent
3525 1992 3699 2049 opera
3728 1979 3862 2029 tene-

2235 2064 2474 2119 brarum
2507 2065 2679 2137 (Rom.
2706 2081 2828 2134 xm,
2863 2066 2971 2135 4'2).
2993 2065 3196 2138 Itaque
3227 2065 3360 2121 odia
3391 2064 3703 2131 declinata,
3728 2079 3863 2118 men-

2234 2152 2399 2208 dacia
2429 2153 2683 2225 abjicite,
2736 2154 3072 2227 superbiam
3104 2153 3441 2210 humilitate
3473 2152 3767 2219 destruite,
3806 2153 3863 2221 ff)

2234 2240 2535 2298 avaritiam
2570 2243 2854 2315 projicite,
2886 2243 3215 2316 largitatem
3246 2242 3510 2315 diligile:
3545 2243 3706 2298 decet
3729 2238 3859 2295 enim

2234 2334 2298 2385 ut
2330 2331 2504 2403 capiti
2536 2349 2642 2388 suo
2675 2333 2940 2388 membra
2970 2333 3336 2401 conveniant,
3364 2336 3427 2386 ut
3460 2332 3861 2405 promissarum

2233 2418 2667 2476 beatitudinum
2701 2437 3032 2477 mereamur
3051 2437 3180 2477 esse
3210 2425 3517 2477 consortes
3543 2438 3557 2477 :
3578 2437 3677 2494 per
3695 2415 3859 2474 Domi-

2234 2525 2376 2563 num
2409 2514 2679 2565 nostrum
2721 2510 2925 2565 Jesum
2980 2510 3301 2581 Christum,
3334 2509 3437 2582 qui
3468 2526 3605 2565 cum
3634 2509 3788 2564 Patre
3813 2508 3859 2560 et

2233 2597 2452 2669 Spiritu
2488 2603 2691 2654 sancto
2720 2599 2856 2654 vivit
2885 2603 2942 2655 et
2973 2603 3175 2673 regnat
3199 2599 3351 2655 Deus
3381 2598 3444 2654 in
3473 2598 3683 2655 saecula
3707 2613 3857 2651 saecu-

2231 2685 2449 2742 lorum.
2484 2692 2694 2743 Amen.
3812 2686 3817 2695 ’

2600 2794 2842 2850 SERMO
2884 2794 3109 2851 xxxm
3152 2796 3236 2867 [At
3276 2794 3521 2867 XXXIL]

2605 2886 2669 2940 In
2698 2885 3027 2957 Epiphanim
3066 2886 3412 2941 solemnitate
3442 2887 3523 2941 Ill

2231 2976 2527 3026 Smorsxs.
2562 3005 2629 3011 —
2674 2972 2716 3028 Ι.
2763 2975 2907 3029 Tum:
2938 2974 3184 3031 Christus
3233 2974 3503 3029 mundum
3556 2975 3851 3030 liberaturus

2301 3044 2470 3110 venit,
2527 3059 2651 3098 cum
2701 3060 2884 3101 omnes
2924 3047 3167 3101 conclusi
3212 3053 3369 3101 erant
3400 3047 3505 3101 sub
3551 3046 3768 3110 peccato,
3804 3048 3852 3094 ut

2298 3130 2455 3186 nemo
2481 3114 2546 3169 de
2570 3117 2685 3170 suis
2701 3118 2915 3172 meritis
2945 3119 3295 3186 gloriaretur.
3319 3147 3389 3159 υ-
3422 3118 3494 3173 Il.
3532 3114 3640 3172 Cur
3661 3114 3751 3172 sub
3766 3114 3851 3167 lle-

2300 3185 2429 3240 rode
2465 3190 2650 3266 uatus,
2696 3204 2815 3266 cur,
2838 3185 3018 3266 stella
3045 3190 3486 3266 dernonstrams?
3514 3190 3698 3266 (irata;

2296 3257 2641 3336 operabatur,
2676 3267 2733 3314 ut
2748 3260 2983 3336 siquam
2993 3261 3425 3336 intelligeretur,
3442 3269 3503 3317 ut
3524 3257 3848 3336 Christus

2302 3330 2628 3407 qhuireretur.
2659 3360 2728 3407 ε
2761 3331 2912 3407 ll_8
2936 3331 3033 3407 ill.
3068 3330 3280 3407 Quanta
3308 3332 3638 3389 Judaeorum
3662 3330 3846 3407 cercile

2303 3400 2475 3454 Cristo
2496 3406 2774 3475 nascente.
2827 3403 3017 3474 Implet
3045 3406 3295 3475 gentium
3324 3407 3533 3459 vocalio
3556 3400 3841 3475 promissio-

2300 3487 2435 3549 uem
2469 3472 2704 3529 Abrahm
2744 3470 2971 3549 factum.
3028 3470 3096 3515 '—
3142 3474 3231 3530 lV.
3267 3474 3379 3530 Cur
3424 3470 3841 3549 inagitata"?

2303 3542 2535 3622 Christo,
2564 3558 2666 3622 per
2695 3542 2871 3622 aliam
2898 3547 3050 3622 piam
3075 3550 3409 3622 revertatur.
3443 3542 3555 3622 Cur
3584 3544 3777 3622 Christo
3791 3542 3837 3593 in

2299 3615 2595 3693 {Eg/gntum
2615 3618 2910 3693 transferri
2932 3618 3124 3693 uoluit.
3149 3616 3297 3672 -V.
3323 3617 3640 3693 Gratiarum
3656 3615 3838 3693 αειφηθ

2297 3685 2613 3760 celebrando
2644 3685 3061 3760 haec/“estivitas,
3081 3690 3137 3743 in
3156 3706 3265 3760 qua
3295 3689 3593 3749 vocationis
3621 3685 3833 3759 gentium

2292 3758 2581 3829 primitize.
2626 3758 2897 3827 Quomodo
2927 3761 3141 3816 stellam
3163 3758 3538 3817 imitabimur.

2297 3845 2431 3901 CAd.
2468 3834 2507 3902 l.
2531 3879 2596 3888 —
2620 3846 2896 3911 Quamvis
2924 3848 3129 3917 sciam,
3153 3848 3544 3919 dilec.issimi,
3562 3845 3707 3919 quod
3724 3857 3834 3899 san-

2225 3933 2481 3990 ctitatem
2515 3940 2765 3992 vestram
2823 3937 3116 3993 hodiernae
3141 3938 3479 3994 festivitatis
3527 3951 3697 3993 causa
3738 3944 3830 3985 non

2223 4022 2418 4091 lateat,
2443 4040 2690 4097 eamque
2714 4027 3036 4082 secundum
3067 4027 3551 4083 consuetudinem
3582 4016 3830 4093 evangeli-

2222 4128 2324 4167 cus
2355 4113 2520 4169 vobis
2551 4131 2743 4170 sermo
2759 4115 3118 4183 rescraverit,
3140 4120 3337 4171 tamen
3362 4121 3427 4171 ut
3451 4105 3830 4191 (g)nihilvobis

2222 4201 2406 4258 nostri
2439 4202 2591 4258 desit
2621 4203 2818 4271 ofﬁcii,
2849 4202 3008 4277 loqui
3039 4204 3111 4261 de
3158 4206 3361 4262 eadem
3394 4206 3551 4278 quod
3580 4198 3828 4260 Dominus

2221 4291 2522 4347 donaverit
2565 4292 2833 4349 audebo:
2886 4298 2953 4349 ut
2984 4293 3043 4349 in
3093 4295 3394 4353 communi
3453 4292 3659 4369 gaudio
3690 4288 3824 4344 tanto

2220 4380 2543 4454 religiosior
2570 4381 2922 4438 sitomnium
2938 4383 3143 4456 pietas,
3159 4388 3377 4457 quanto
3391 4371 3824 4458 magislhmmni

2216 4472 2329 4527 bus
2362 4470 2838 4527 fueritintellecta
2852 4472 3212 4530 selemnitas.
3228 4472 3590 4530 Providentia
3607 4475 3822 4534 namque

2217 4560 2627 4623 misericordiae
2658 4560 3120 4634 Deidispositum
3134 4562 3358 4619 habens
3388 4558 3643 4636 pereunti
3673 4566 3819 4610 mun'

2215 4650 2288 4705 do
2320 4650 2375 4705 in
2405 4649 3110 4724 novissimistemporibus
3136 4652 3464 4722 subvenire,
3484 4646 3816 4708 salvatiOnem

456 4729 892 4821 {scripturarum
938 4752 1149 4794 arcana
1180 4744 1532 4811 patuerunt;
1567 4749 1626 4800 et
1654 4746 1888 4816 veritas,
1924 4766 2102 4821 quam

2242 4739 2474 4795 mnium
2501 4738 2761 4810 gentium
2812 4740 3120 4812 praefinivit
3159 4740 3218 4796 in
3249 4741 3514 4813 Christo;
3548 4742 3608 4794 ut
3630 4730 3750 4821 quia
3772 4727 3818 4782 ei

456 4818 797 4877 Judaaorum
837 4824 1147 4882 obcacatio
1170 4844 1284 4883 non
1310 4830 1535 4902 recipit,
1560 4834 1833 4891 omnibus
1855 4818 2107 4895 nationi-

526 4958 605 5041 ςᾳ)
629 4960 813 5041 $ic_ex
836 4979 979 5041 mss.
1007 4966 1065 5041 S_.
1090 4966 1357 5041 Petritad
1392 4987 1540 5041 quos
1563 4974 1787 5029 accedit
1816 4977 1943 5035 cod.
1970 4983 2102 5036 Vat.

455 5028 679 5110 collect.
709 5034 764 5110 _5,
795 5035 893 5090 ubi
926 5034 1161 5110 legitur,
1191 5028 1590 5110 indicaverunt.
1625 5028 1737 5110 Al
1760 5028 2101 5107 iudicabam:

526 5101 828 5191 lb)Pr‘ima
877 5101 1053 5191 edint-io
1096 5101 1158 5164 et
1190 5109 1295 5164 cod
1346 5110 1593 5191 Verum,
1634 5101 2098 5191 iniprihciﬁbitg

453 5171 589 5256 Mox
616 5174 1045 5256 eadem_editio
1077 5196 1235 5256 cum_
1262 5197 1407 5256 mss.
1459 5187 1513 5239 S.
1570 5171 1750 5256 Petri;
1793 5171 2103 5250 veliti}:

452 5242 620 5325 Bon”
631 5249 790 5325 exiet
816 5246 949 5315 dux,
984 5268 1105 5320 pro,
1128 5253 1288 5325 pariet
1308 5254 1581 5325 princeps.

523 5316 592 5400 (ιζ)
630 5321 748 5373 Duo
781 5335 924 5400 mss.
945 5316 1014 5400 _et
1054 5323 1261 5400 prima,
1291 5316 1650 5400 editiofnou
1667 5334 1936 5400 poterant.
1971 5335 2101 5393 Mox

449 5401 518 5467 ex
547 5388 744 5444 decem
778 5391 993 5467 nostris
1018 5388 1185 5449 codd.
1213 5399 1272 5467 et
1304 5388 1491 5466 prima
1516 5388 1787 5467 editione,
1825 5404 1903 5459 Ita
1927 5388 2099 5463 cm:

447 5461 976 5538 stusreppsuimus,
1024 5461 1387 5538 propinque
1440 5467 1704 5526 Christus.
1764 5461 1942 5531 Porro
1981 5461 2097 5536 duo

447 5530 624 5608 codd.
645 5532 774 5588 Vat.
802 5539 860 5590 et
889 5530 1077 5608 prima
1097 5530 1304 5605 editio;
1323 5546 1382 5593 ut
1400 5539 1639 5608 nullum,
1665 5542 1789 5599 loco
1804 5563 1873 5601 ne
1896 5530 2093 5606 ullum:

444 5602 663 5693 Deinde
691 5602 990 5693 emercebat,
1017 5602 1390 5693 proerore'bat
1405 5609 1465 5666 in
1492 5602 1637 5668 mss:
1655 5614 1712 5670 S.
1730 5614 1903 5689 Petri,
1926 5602 2091 5693 Bon:

442 5670 661 5749 Veron.
690 5681 748 5749 et
776 5670 1271 5749 primaeditione.

514 5743 593 5891 ξιι)
616 5743 846 5804 ϐοάᾙᾶ
886 5752 1053 5817 Petri,
1083 5752 1442 5810 celerantibus
1477 5753 1735 5815 Cristum.

537 5818 586 5887 θ)
614 5816 702 5879 Ita
728 5824 950 5891 septem
986 5825 1171 5885 nostri
1200 5825 1372 5886 codd.
1417 5825 1481 5886 In
1510 5826 1708 5891 editis.

537 5818 586 5887 θ)
614 5816 702 5879 Ita
728 5824 950 5899 septem
986 5825 1171 5885 nostri
1200 5825 1372 5886 codd.
1417 5825 1481 5886 In
1510 5826 1708 5902 editis,
1740 5830 1897 5889 illius
1923 5835 2094 5894 irrita

2217 4832 2459 4884 cunctas
2486 4825 2750 4883 nationes
2781 4846 2814 4883 a
2861 4830 2980 4885 veri
3010 4829 3111 4886 Dei
3160 4830 3321 4887 cultu
3372 4831 3586 4904 impius
3624 4820 3813 4880 dudum

2213 4986 2322 5025 non
2338 4970 2590 5091 (erimus.
2627 4969 2775 5037 Mox,
2812 4988 2929 5043 quae
2965 4975 3223 5043 promisit
3254 4974 3314 5028 in
3347 4991 3489 5029 mss.
3521 4972 3577 5027 S.
3609 4960 3741 5022 Petri
3768 4958 3811 5010 et

2214 5058 2333 5091 uno
2388 5058 2421 5091 ἃ
2456 5081 2467 5091 .

2214 5041 2467 5095 unoVat.
2820 5041 2833 5043 “
2966 5041 2981 5043 “
3866 5054 3867 5095 ;

2236 5160 2241 5164 .
2284 5115 2348 5183 (Γ)
2364 5112 2513 5185 Editi
2529 5116 2660 5166 ante
2673 5113 3070 5179 Quesnellum,
3085 5118 3382 5172 avaritiam
3394 5113 3638 5185 largitate

2211 5177 2506 5263 Ita'etiam
2541 5185 2720 5263 nostri
2767 5186 2949 5263 codd._
2975 5177 3202 5263 collect.
3236 5190 3291 5263 3,
3325 5190 3357 5243 4
3387 5177 3521 5263 ειμὲ.
3552 5177 3807 5263 Αῌείξξξῗο

2213 5271 2346 5310 nem
2377 5272 2411 5308 a
2442 5254 2748 5319 Quesnello
2770 5258 2951 5312 textui
2973 5258 3251 5314 insertam
3277 5244 3597 5315 invenimus
3618 5250 3668 5305 in
3688 5244 3803 5319 ῥυο-

2211 5327 2321 5382 bus
2353 5315 2496 5380 mss.
2529 5326 2587 5381 S.
2622 5326 2794 5390 Petri,
2818 5328 2875 5383 in
2911 5329 3270 5386 Lectionario
3294 5328 3561 5385 Patavine
3580 5321 3674 5379 ΡΡ.
3696 5315 3802 5390 Ere?
3862 5332 3863 5390 ἐ

2210 5380 2605 5475 mitanorum,_
2624 5380 2688 5452 in
2712 5380 3077 5475 vnec
3108 5418 3222 5475 non
3252 5400 3313 5456 in
3350 5400 3516 5475 codd.
3555 5380 3799 5475 collect}

2207 5474 2265 5525 et
2292 5472 2344 5524 2.
2381 5468 2548 5544 Dein,
2587 5469 3015 5544 benedictionum
3051 5489 3152 5544 pro
3186 5473 3577 5530 beatitudinum
3605 5468 3798 5544 infla?

2206 5546 2340 5614 tuor
2369 5526 2586 5596 nostris
2616 5541 2784 5596 codd.
2818 5546 2874 5597 et
2905 5526 3093 5614 primla
3119 5526 3488 5600 editionelln
3519 5554 3621 5595 ms.
3650 5526 3799 5587 SIPO'

2203 5613 2276 5667 tri
2309 5618 2629 5686 mereantur
2657 5613 3120 5686 progmereamur.
3491 5682 3519 5686 __
3565 5679 3577 5686 _
3644 5677 3653 5686 ,

2254 5684 2349 5762 lg)
2379 5684 2472 5762 Sic
2491 5677 2715 5762 eam-8.
2746 5685 3127 5762 Petri.‘Alias,
3157 5677 3688 5762 nostrimihilaesit.

2276 5733 2353 5825 (ἦ)
2380 5733 3127 5814 aestatemagis;
3158 5733 3623 5814 assesasses
3656 5733 3793 5800 codd-

2287 5826 2467 5886 editis
2498 5831 2634 5886 ante
2663 5827 3061 5893 Quesnellum.

3860 5458 3861 5547 ι

3854 5720 3857 5835 l

3854 5894 3855 5970 ι
