3964 6218
196 274 272 343 249
1694 288 1962 356 SERMO
2005 287 2241 357 xxxv.
3553 291 3676 358 sse

194 411 603 478 thunatizetnr
634 422 981 497 impietas
1006 439 1019 493 ;
1051 422 1116 481 de
1147 441 1264 499 qua
1284 441 1389 482 nos
1423 423 1630 483 beatus
1648 426 1903 483 Joannes
1932 425 1985 492 Α
2015 427 2290 483 sensibus
2321 425 2532 484 inferat
2553 424 2923 485 salutiferam
2948 426 3294 501 mysterium
3318 442 3419 501 per
3438 425 3670 499 insigne

196 506 465 577 apostolus
503 529 661 568 non
707 514 936 571 dubio
967 531 1226 571 sermone
1256 515 1625 587 praemonuit,
1672 515 1911 572 dicens:
2024 515 3086 590 miraculum.Prascesserantquidem
3102 515 3674 583 multadocumenta,

196 595 340 653 Omnis
366 601 651 672 sqiritus
680 606 815 677 qui
844 604 1133 675 conﬁtetur
1161 606 1440 662 Christum
1465 606 1649 661 Iesum
1673 607 1733 661 in
1751 621 1918 661 carne
2023 621 2150 677 quae
2183 622 2521 679 corpoream
2535 606 2894 663 nativitatem
2918 606 3151 664 Domini
3174 605 3506 683 manifestis
3524 602 3676 661 indi-

2024 695 2132 750 ciis
2165 694 2545 765 declararent,
2578 695 2696 752 sive
2719 713 2852 751 cum
2873 697 3045 752 beata
3077 696 3261 753 Maria
3288 695 3463 768 Virgo
3486 695 3679 751 fecun-

2023 782 2278 838 dandam
2309 799 2370 839 se
2391 784 2608 855 Spiritu
2640 789 2861 850 sancto,
2885 784 3326 858 parituramque
3345 784 3445 840 Dei
3464 783 3676 840 Filium

2024 871 2246 927 audivit
2274 876 2329 927 et
2359 872 2626 938 credidit,
2659 873 2779 928 sive
2806 889 2941 928 eum
2959 874 3031 929 ad
3055 872 3464 929 salutationem
3488 872 3676 944 ipsius

2022 960 2081 1016 in
2098 964 2262 1016 utero
2275 959 2570 1016 Elisabeth
2589 961 2845 1016 nondum
2873 967 3047 1018 natus
3068 961 3324 1018 Joannes
3340 954 3679 1034 prophetica

2023 1048 2378 1105 exultatione
2408 1053 2738 1104 commotus
2768 1052 2857 1104 est
2884 1051 3037 1118 (Luc.
3070 1067 3110 1117 Ι,
3141 1048 3260 1120 24),
3293 1049 3466 1123 quasi
3497 1050 3675 1107 etiam

2021 1137 2178 1193 intra
2207 1137 2413 1193 matris
2444 1138 2665 1194 viscera
2687 1138 2813 1209 jam
2841 1136 3150 1194 clamaret:
3187 1144 3320 1195 Ecce
3346 1138 3529 1210 Agnus
3556 1140 3676 1205 Dei,

2022 1243 2132 1284 esse
2162 1228 2257 1298 qui
2286 1227 2428 1282 tollit
2445 1225 2515 1297 (c)
2542 1230 2762 1298 peccata
2776 1226 2971 1283 mundi
3001 1229 3179 1299 (Joan.
3211 1244 3251 1293 ι,
3284 1226 3404 1300 29);
3430 1226 3519 1283 vel
3541 1244 3678 1283 eum

2024 1319 2218 1371 ortum
2244 1314 2478 1371 Domini
2513 1314 2717 1387 angelo
2760 1315 3069 1371 nuntiante
3122 1318 3387 1387 pastores
3425 1314 3679 1372 ccelestis

2024 1404 2310 1460 exercitus
2343 1407 2484 1459 sunt
2512 1403 2775 1460 claritate
2821 1402 3166 1459 circumdati
3226 1404 3379 1475 (Luc.
3412 1421 3474 1472 II,
3505 1404 3585 1475 9),
3617 1407 3681 1459 ut

2025 1510 2141 1550 non
2174 1493 2536 1565 ambigerent
2564 1493 2644 1565 (d)
2659 1493 2730 1548 de
2743 1494 3048 1565 majestate
3060 1492 3226 1565 pueri
3249 1510 3421 1565 quem
3443 1493 3680 1549 erantin

201 689 390 757 venisse,
426 707 512 745 ex
550 692 687 748 Deo
728 697 871 762 est;
911 694 1053 750 127
1089 697 1141 750 et
1168 695 1348 750 omnis
1376 695 1605 766 spiritus
1645 697 1740 766 qui
1757 696 1917 751 solvit

202 778 368 845 Iesum,
400 794 483 836 ea:
516 780 650 837 Deo
686 799 830 838 non
853 785 938 838 est
964 785 1039 846 ξεί
1071 782 1162 838 hic
1188 785 1265 838 est
1296 782 1670 839 Antichrislus
1692 785 1739 856 (Ι
1754 786 1912 841 Joan.

206 884 271 933 ιγ,
291 870 344 933 2,
372 866 677 939 3).Nihil
718 886 882 943 ergo
896 870 1918 947 cum‘hujusmodibominibuscom-

211 973 369 1012 mune
399 958 485 1013 sit
498 958 837 1030 cuiquam
851 959 1201 1028 Christiano,
1236 958 1403 1015 nulla
1424 976 1557 1015 cum
1580 960 1797 1016 talibus
1818 961 1918 1017 ba-

212 1045 407 1105 beatur
432 1046 753 1114 societas,
797 1047 1153 1118 nullumque
1177 1048 1560 1103 consortium.
1581 1048 1915 1105 Prosituni-

215 1150 384 1190 versa:
409 1135 752 1204 Ecclesiae,
788 1136 951 1208 quod
977 1134 1146 1190 multi
1178 1136 1727 1208 ipsorum,Domino
1750 1138 1919 1194 mise-

146 1226 150 1229 ’
217 1228 377 1281 tante
406 1224 644 1281 detecti
684 1229 863 1291 sunt,
899 1228 956 1280 et
978 1223 1267 1298 inquibus
1290 1225 1613 1299 sacrilegiis
1637 1227 1912 1297 viverent,

224 1315 578 1371 eorumdem
596 1314 994 1370 confessione
1005 1313 1359 1387 patefactum
1373 1319 1478 1371 est.
1494 1315 1797 1372 Neminem
1812 1316 1916 1372 fal-

214 1402 340 1458 lant
373 1402 871 1458 discretionibus
889 1403 1178 1469 ciborum,
1210 1403 1486 1460 sordibus
1499 1406 1776 1472 vestium,
1797 1404 1918 1461 vul-

211 1496 525 1564 tuumque
538 1491 1041 1565 palloribus.Non
1064 1496 1203 1547 sunt
1219 1498 1379 1548 casta
1392 1493 1776 1567 jejunia,quze
1803 1511 1915 1550 non

210 1581 293 1638 de
322 1581 570 1638 ratione
598 1581 856 1638 veniunt
884 1581 1389 1647 continentiae,sed
1415 1583 1485 1638 de
1515 1587 1636 1639 arte
1655 1583 1915 1640 fallacia}.
2026 1598 2285 1655 praesepe
2314 1581 2500 1638 visuri
2527 1599 2540 1651 ;
2574 1597 2679 1637 nec
2710 1585 2982 1654 putarent
3013 1583 3167 1654 quod
3218 1582 3277 1638 in
3326 1581 3451 1637 sola
3472 1586 3686 1639 natura

208 1673 540 1727 Hactenus
576 1672 660 1744 (α)
696 1670 1011 1725 nocuerint
1031 1670 1302 1738 incautis,
1322 1670 1605 1728 hactenus
1627 1671 1920 1728 illuserint
2026 1670 2283 1727 hominis
2310 1676 2466 1727 esset
2493 1669 2819 1735 editus,cui
2846 1687 3113 1742 supernae
3135 1669 3355 1726 militia:
3374 1670 3684 1727 famulare-

212 1760 565 1833 imperitis,
598 1764 744 1864 post
774 1757 1152 1864 baae‘null‘ius
1175 1759 1529 1816 excusabilis
1550 1760 1659 1816 erit
1675 1760 1876 1834 lapsus
1900 1778 1914 1817 :
1950 1796 1999 1864 Β
2027 1765 2124 1816 tur
2152 1777 2452 1859 occursus.
2470 1759 2594 1858 .Sed
2629 1758 2751 1858 haec
2776 1762 2952 1832 atque
2974 1758 3087 1858 alia
3108 1758 3451 1864 bujusmpdi
3474 1758 3680 1831 paucis

214 1866 336 1907 nec
359 1850 502 1921 jam
535 1847 801 1922 simplex
829 1847 1137 1903 habendus
1167 1853 1276 1916 est,
1309 1849 1411 1904 sed
1443 1849 1611 1906 valde
1661 1867 1917 1922 nequam
1950 1846 1999 1864 ³³
2026 1853 2166 1904 tunc
2185 1847 2792 1905 videnturinnotuisse
2815 1846 3103 1920 personis,
3129 1864 3255 1921 quae
3270 1847 3363 1904 vel
3385 1847 3456 1904 ad
3475 1864 3681 1921 cogna-

216 1944 416 2012 atque
448 1955 800 2011 perversus,
831 1937 935 2009 qui
969 1937 1242 2010 deinceps
1270 1942 1534 2010 repertus
1588 1938 1763 1996 fuerit
1818 1956 1918 1995 ne-
2025 1937 2243 1993 tionem
2259 1936 2852 2010 MariaaVirginis,vel
2868 1938 2938 1993 ad
2958 1935 3681 2010 sanctiJosephfamiliam

220 2027 421 2083 fando
450 2026 787 2082 obstrictus
814 2041 1029 2081 errore.
1063 2025 1537 2081 Ecclesiasticum
1558 2043 1700 2082 sane
1746 2030 1919 2099 atque

220 2110 536 2172 divinitus
569 2114 921 2171 institutum
950 2131 1064 2169 non
1087 2112 1276 2170 solum
1300 2130 1414 2169 non
1439 2114 1799 2183 inhibemns,
1816 2116 1917 2173 sed

223 2205 425 2261 etiam
444 2204 777 2261 incitamus
791 2203 1343 2272 aifectum,utetiam
1368 2219 1471 2275 pro
1493 2202 1710 2260 talibus
1727 2203 1921 2260 nobis-

226 2310 379 2349 cum
414 2293 683 2350 Domino
717 2291 1068 2365 supplicetis
1094 2310 1107 2348 :
1138 2291 1420 2364 quoniam
1451 2296 1509 2347 et
1532 2309 1638 2348 nos
1653 2293 1918 2365 decepta-

230 2401 376 2439 rum
410 2382 764 2439 animarum
792 2380 996 2436 ruinas
1009 2397 1142 2436 cum
1172 2382 1308 2436 ﬂetu
1340 2385 1397 2437 et
1423 2381 1919 2438 mceroremisere-

234 2487 404 2539 mur,
442 2475 842 2542 exsequentes
875 2469 1204 2541 apostolicae
1230 2469 1464 2541 pietatis
1482 2468 1923 2542 exemplum,ut

237 2575 386 2616 cum
422 2559 879 2616 infirmantibus
912 2558 1285 2613 inﬁrmemur
1315 2559 1386 2629 (II
1419 2558 1541 2613 Cor.
1574 2576 1651 2625 xu,
1689 2560 1803 2631 59),
1864 2562 1923 2615 et

241 2666 384 2705 cum
419 2648 709 2705 ﬂentibus
741 2648 1066 2703 defleamus
1093 2647 1268 2720 (Rom.
1300 2662 1401 2713 χιι,
1447 2647 1547 2719 15).
1601 2648 1921 2721 Speremus

240 2739 409 2794 enim
424 2737 788 2794 exorandam
805 2736 1270 2791 misericordiam
1298 2736 1394 2791 Dei
1418 2736 1622 2793 multis
1649 2736 1923 2809 lacrymis

244 2831 306 2880 et
330 2824 607 2898 legitima
623 2823 1030 2880 satisfactione
1050 2823 1349 2895 lapsorum
1371 2842 1383 2880 :
1405 2824 1545 2897 quia
1565 2816 1707 2881 dum
1730 2824 1841 2882 hoc
1863 2825 1923 2881 in

247 2930 498 2988 corpore
527 2913 771 2980 vivitur,
807 2910 1029 2968 nullius
1061 2913 1428 2985 desperanda
1470 2914 1780 2987 reparatio,
1820 2916 1923 2970 sed

250 3002 527 3061 omnium
550 3006 646 3059 est
675 2992 935 3074 optanda
956 3001 1233 3058 correctio
1259 3001 1605 3071 ;anxiliante
1653 3002 1922 3065 Domino.

250 3094 352 3163 qui
381 3094 552 3163 erigit
577 3093 767 3158 elisos,
818 3091 981 3146 solvit
1037 3091 1378 3163 compeditos,
1433 3092 1719 3148 illuminat
1758 3108 1925 3149 caecos

2027 2026 2417 2100 pertinebant.
2450 2030 2569 2082 Hoc
2599 2031 2795 2082 autem
2841 2025 3100 2098 signum,
3146 2027 3305 2099 quod
3360 2042 3587 2098 magos
3620 2025 3681 2081 in

2027 2116 2304 2188 loginquo
2336 2117 2559 2189 positos
2588 2120 2645 2172 et
2672 2115 2982 2171 efficaciter
3028 2115 3227 2184 movit,
3255 2119 3311 2171 et
3365 2116 3438 2171 ad
3484 2114 3682 2177 Domi-

2027 2223 2171 2260 num
2201 2204 2403 2261 Jesum
2436 2209 2869 2277 perseveranter
2900 2205 3165 2278 attraxit,
3188 2204 3349 2261 illius
3389 2204 3516 2261 sine
3574 2205 3684 2261 du-

2027 2294 2124 2349 bio
2155 2293 2353 2367 gratias
2385 2298 2849 2362 sacramentum,
2898 2297 2956 2348 et
3001 2292 3163 2349 illius
3212 2293 3321 2349 fuit
3367 2278 3684 2353 vocationis

2028 2382 2351 2453 exordium,
2386 2399 2503 2454 qua
2531 2381 2813 2437 nimirum
2831 2398 2947 2437 non
2974 2381 3032 2437 in
3059 2382 3265 2437 Judaea
3298 2384 3548 2449 tantum,
3572 2381 3678 2437 sed

2029 2472 2206 2527 etiam
2238 2472 2297 2546 in
2327 2475 2446 2527 toto
2479 2472 2699 2527 mundo
2731 2470 2943 2527 Christi
2974 2475 3097 2526 erat
3128 2468 3499 2543 Evangelium
3523 2486 3668 2542 pra-

2030 2560 2385 2628 dicandum;
2421 2564 2485 2615 ut
2515 2576 2618 2631 per
2664 2557 2825 2613 illam
2885 2557 3116 2614 stellam
3174 2574 3300 2630 quas
3362 2574 3670 2631 magorum

2030 2647 2181 2703 visui
2208 2648 2526 2720 splenduit,
2562 2645 2960 2703 lsraelitarum
2991 2662 3125 2702 vero
3155 2645 3341 2701 oculis
3358 2662 3473 2700 non
3494 2645 3682 2700 reful-

2032 2736 2130 2804 sit,
2162 2741 2219 2793 et
2250 2735 2600 2791 illuminatio
2631 2734 2959 2807 signiﬁcata
2990 2734 3066 2789 sit
3093 2733 3382 2805 gentium,
3413 2736 3471 2789 et
3490 2732 3560 2805 (e)
3584 2750 3685 2789 caa-

2032 2824 2176 2881 eitas
2207 2825 2564 2881 Judaaorum.
3584 2876 3589 2881 .

2104 2915 2233 2970 CAP.
2271 2916 2340 2970 Il.
2357 2912 2957 2985 ~Permanetigitur,
2984 2909 3374 2981 dilectissimi,
3398 2911 3557 2968 sicut
3572 2910 3685 2969 evi-

2034 3003 2236 3059 denter
2248 3006 2506 3075 apparet,
2523 3001 2769 3073 mystico
2778 3018 2906 3056 rum
2919 3002 3110 3056 forma
3121 3003 3441 3073 gestorum;
3456 3004 3514 3056 et
3528 3001 3683 3077 quod

2031 3090 2287 3164 imagine
2299 3091 2704 3155 inchoabatur,
2716 3090 2832 3146 veri
2843 3093 2958 3145 tate
2971 3088 3314 3160 completur.
3329 3091 3396 3161 (f)
3409 3089 3688 3149 Badiante

253 3184 373 3245 (Ps.
407 3196 570 3248 δην,
603 3182 665 3248 7)
689 3178 921 3236 :cuiest
940 3178 1127 3235 honor
1145 3185 1201 3235 et
1217 3179 1404 3253 gloria
1432 3180 1493 3236 in
1515 3179 1729 3236 saecula
1748 3198 1926 3238 saecu-
1953 3172 1997 3241 C
2030 3198 2062 3238 θ
2092 3181 2232 3237 ccelo
2265 3179 2434 3237 stella
2462 3197 2564 3253 per
2605 3180 2880 3252 gratiam,
2913 3183 3032 3235 tres
3088 3177 3246 3250 magi
3287 3175 3687 3237 coruscatione

254 3266 474 3323 lorum.
506 3270 724 3324 Amen.

637 3402 884 3458 SERMO
916 3402 1110 3458 XXXV
1136 3402 1243 3476 [AL
1274 3402 1534 3473 XXXIV}.

621 3494 684 3547 In
707 3491 1041 3564 Epiphania
1067 3493 1414 3548 solemnitate
1447 3494 1501 3549 V.

248 3600 556 3656 SYNOPSIS.
576 3630 651 3639 ——
672 3603 716 3653 Ι.
730 3599 905 3654 Stella
916 3615 945 3669 q
955 3614 1042 3655 τίω
1054 3615 1237 3673 magos
1248 3601 1544 3673 efﬁcaciter
1556 3602 1723 3673 movit
1735 3610 1784 3656 et
1794 3617 1923 3673 per-

322 3680 647 3743 severanter
676 3673 934 3735 attraxit,
962 3670 1096 3743 quid
1113 3670 1406 3742 signiﬁcet.
1430 3702 1496 3712 --
1523 3672 1576 3727 II
1593 3672 1777 3728 Adhuc
1795 3670 1921 3727 Ἠε-

320 3743 484 3798 rodas
507 3746 565 3798 in
583 3741 807 3799 diabolo
823 3741 1184 3798 swm’lcontra
1214 3743 1473 3799 Ecclesiae
1496 3744 1665 3813 ﬁlios,
1686 3748 1737 3798 et
1751 3744 1926 3799 Judaei

322 3815 532 3886 Herodi
556 3813 1098 3886 serviuntobceecati,
1115 3818 1164 3869 et
1178 3817 1358 3886 omnis
1378 3814 1924 3886 religionisexpertes

316 3888 463 3958 facti
485 3885 719 3958 gihorum
731 3885 848 3958 loco
855 3894 1039 3955 gentes
1053 3885 1365 3958 succedunt.
1388 3916 1456 3925 —-
1478 3887 1569 3941 III.
1594 3888 1702 3941 Pro
1716 3885 1924 3944 Judwis

328 3957 615 4013 orandum
643 3972 777 4012 esse.
822 3956 1027 4013 Gratiae
1080 3957 1178 4011 Dei
1228 3961 1448 4028 strenue
1501 3957 1920 4028 cooperandum.

322 4028 520 4085 Gratia
571 4031 809 4101 praestat
852 4028 1135 4101 antliam
1159 4027 1509 4101 ;obedienlia_
1540 4027 1719 4084 mollit
1750 4030 1922 4101 impe-

321 4098 695 4156 rium.—‘IV.
722 4100 918 4155 Omnes
946 4100 1087 4154 Deus
1116 4100 1314 4154 invitat
1344 4098 1926 4168 beneﬁciis,cuisinon

320 4172 509 4227 obcdil
557 4172 740 4226 homo:
772 4171 882 4226 sibi
910 4171 1027 4242 ipsa
1055 4170 1388 4242 supplicium
1415 4178 1492 4225 est
1522 4187 1675 4228 mens
1703 4171 1843 4226 dura
1872 4180 1923 4228 et

328 4245 584 4314 ingrata.
613 4240 941 4298 Terrestria'
967 4240 1280 4315 deserenda,
1334 4243 1577 4298 ccclestia
1625 4243 1923 4315 appetenda

321 4318 548 4380 sunl,ut
574 4321 895 4369 sanctorum
919 4314 1164 4368 societati
1171 4314 1496 4385 jungamur.

318 4428 462 4487 CAP.
498 4432 541 4485 Ι.
578 4458 650 4471 -—
679 4428 1037 4485 Hodiernum
1067 4428 1469 4494 festivitatem,
1528 4426 1920 4499 dilectissimi,

242 4517 818 4609 apparitioADomini
848 4516 1243 4609 et_S_alvatoris
1299 4516 1507 4609 nostri,
1771 4517 1926 4575 sicut
1952 4543 2000 4609 Ι)

243 4609 464 4674 nostis,
500 4606 801 4675 illustrat;
827 4612 885 4662 et
912 4605 1010 4661 hic
1038 4604 1134 4661 ille
1165 4608 1253 4661 est
1284 4605 1408 4665 dies
1440 4606 1597 4678 quod
1618 4607 1691 4662 ad
1714 4622 1923 4680 cogno-

243 4691 1358 4769 scendnmadorandumqueDeiFilium
1374 4696 1492 4749 tres
1504 4695 1923 4767 magospraavia

241 4784 423 4841 stella
442 4783 743 4858 perduxit.
761 4783 946 4853 Cujus
969 4781 1104 4838 facti
1117 4782 1462 4838 memoriam
1486 4783 1691 4839 merito
1704 4783 1924 4856 placuit

239 4872 475 4930 honore
504 4889 708 4928 annuo
721 4870 1004 4928 celebrari
1033 4888 1046 4937 ;
1080 4876 1145 4925 ut
1160 4871 1303 4925 dum
1321 4871 1653 4943 evangelica
1672 4871 1920 4928 historia

244 4961 773 5037 (b)ineessabiliter
786 4959 1917 5033 recensetur,semperseintelligentiam

322 5079 402 5149 (a)
428 5083 559 5134 Duo
590 5077 775 5149 codd,
788 5076 855 5149 κε.
882 5075 1033 5130 Petri
1046 5077 1103 5131 et
1115 5074 1229 5149 duo
1242 5073 1394 5149 ναξ.)
1425 5092 1528 5131 nec
1547 5093 1663 5131 non
1679 5074 1917 5149 Veron.,

244 5145 580 5218 mw,
612 5154 690 5210 et.
722 5145 1446 5219 t‘lluserunt._Dein,nultus
1474 5147 1826 5219 pronullius,
1856 5147 1918 5202 in

249 5236 371 5277 uno
396 5222 534 5278 cod.
562 5216 624 5276 S.
659 5219 811 5275 Petri
844 5223 904 5274 et
935 5217 996 5273 in
1025 5216 1239 5271 Veron.

347 5294 398 5357 ὁ)
434 5292 633 5348 Prima
659 5290 861 5357 editio,
895 5291 1257 5346 incessanter.

347 5304 379 5348 ο
435 5304 633 5348 Prima
659 5304 861 5357 editio,
895 5304 1257 5346 incessanter.

320 5304 398 5435 ἶεῖ
427 5364 594 5420 Unus
624 5361 873 5435 S.APetri
903 5360 1059 5435 eod.,
1103 5362 1410 5435 peccatum.
1449 5359 1620 5435 Mox,
1677 5375 1805 5415 cum
1857 5362 1915 5415 in

250 5429 384 5492 orta
404 5437 657 5501 Domini,
688 5433 748 5490 in
779 5432 1016 5490 duobus
1042 5429 1184 5487 mss.
1219 5431 1277 5487 S.
1314 5429 1484 5487 Petri.

320 5507 397 5584 (ὁ)
432 5507 629 5584 ζήτω,
658 5505 837 5584 editio
868 5513 932 5584 et
959 5502 1093 5584 cod:
1123 5501 1371 5584 Bonon._,
1399 5502 1467 5557 de
1492 5505 1770 5584 potestate.

316 5572 393 5649 (ε)
428 5579 664 5635 Caecitas
688 5572 1326 5649 declaratqludeeorum,
1347 5573 1408 5649 in
1430 5572 1911 5649 pﬁmaeditione.

377 5645 382 5649 ⁷
422 5650 571 5705 Editi
605 5645 1081 5718 cumatiquibus
1135 5658 1306 5710 ures.,
1338 5645 1548 5701 Radiat.
1760 5660 1829 5699 ue
1886 5660 1916 5699 e

320 5650 391 5778 :(Q
411 5722 568 5778 stella
598 5721 981 5778 muralium.
1010 5717 1370 5778 ettresmaai,
1403 5719 1511 5773 etc.
1540 5661 1911 5773 Pmimus

258 5714 383 5778 calo
411 5722 568 5778 stella
591 5714 981 5795 per-gratiam,
1010 5717 1370 5785 ettresmagi,
1403 5719 1511 5773 etc.
1540 5714 1911 5773 Praetulimus

2031 3268 2347 3342 evangelici
2362 3268 2607 3342 fulgoris
2621 3267 2784 3323 acciti
2796 3267 2875 3335 ,in
2889 3266 3166 3323 omnibus
3184 3264 3444 3338 quotidie
3460 3266 3686 3323 nationi

2032 3357 2143 3414 bus
2161 3359 2231 3413 ad
2246 3358 2603 3413 adorandam
2620 3357 2938 3430 potentiam
2952 3355 3171 3412 summi
3187 3354 3361 3427 Regis
3373 3360 3678 3412 acurrunt.

2033 3447 2288 3503 Herodes
2310 3447 2625 3520 quoquein
2648 3445 2878 3502 diabolo
2905 3444 3102 3501 fremit
3142 3444 3350 3513 (Matth.
3385 3461 3450 3513 ιι,
3501 3445 3578 3514 3),
3631 3448 3689 3501 et

2032 3536 2248 3593 auferri
2273 3536 2387 3592 sibi
2405 3536 2735 3609 iniquitatis
2757 3553 2874 3591 suae
2899 3550 3143 3607 regnum
3160 3534 3219 3589 in
3239 3534 3312 3591 iis
3329 3532 3425 3607 qui
3442 3533 3512 3590 ad
3528 3532 3689 3610 Chri-

2033 3633 2189 3681 stum
2220 3631 2553 3690 transeunt,
2584 3624 2930 3698 ingemiscit.
2958 3624 3117 3680 Unde
3139 3623 3188 3678 si
3210 3622 3484 3695 parvulos
3507 3623 3687 3697 inter-

2035 3714 2210 3783 ﬁciat,
2240 3716 2443 3771 Jesum
2493 3710 2605 3771 sibi
2661 3714 2892 3770 videtur
2926 3713 3209 3769 occidere.
3271 3713 3435 3779 Quod
3484 3713 3688 3785 utique

2033 3804 2220 3859 facere
2235 3804 2362 3859 sine
2384 3802 2710 3859 cessatione
2731 3802 2989 3869 molitur,
3011 3803 3151 3857 dum
3174 3800 3512 3874 primordiis
3529 3818 3690 3857 rena-

2031 3897 2227 3948 torum
2242 3892 2526 3964 Spiritum
2540 3896 2808 3947 sanctum
2823 3892 3064 3962 eripere,
3079 3895 3135 3945 et
3148 3890 3464 3961 quamdam
3476 3892 3687 3950 teneras

2033 3981 2169 4037 ﬁdei
2200 3981 2357 4036 velut
2371 3978 2678 4036 infantiam
2694 3984 2880 4036 tentet
2892 3978 3276 4051 exstinguere.
3291 3978 3321 4033 J
3330 3976 3477 4032 ιιᾶωί
3528 3993 3683 4051 vero,

2034 4070 2136 4143 qui
2169 4075 2337 4126 extra
2349 4082 2595 4141 regnum
2616 4067 2828 4123 Christi
2852 4082 2980 4123 esse
3002 4066 3311 4121 voluerunt
3332 4063 3523 4119 adhuc
3546 4058 3685 4137 quo-

2034 4159 2348 4215 dummodo
2367 4159 2477 4213 sub
2494 4155 2737 4212 Herodis
2758 4160 2898 4211 sunt
2909 4153 3260 4227 principatu,
3276 4157 3332 4208 et
3345 4152 3686 4211 dominante

2034 4247 2145 4304 sibi
2170 4245 2483 4303 Salvatoris
2504 4245 2762 4311 inimico,
2790 4242 3127 4315 alienigenae
3154 4241 3689 4315 1298erviuntpo-

2033 4336 2250 4403 testati,
2284 4335 2453 4408 quasi
2478 4333 2743 4389 nesciant
2760 4332 3193 4406 prophetatum,
3219 4331 3447 4408 dicente
3472 4330 3678 4395 Jacob:

2032 4427 2149 4483 Non
2171 4425 2381 4495 deﬁciet
2396 4425 2654 4497 princeps
2683 4439 2754 4479 ex
2779 4421 2939 4491 Iuda,
2990 4424 3043 4477 et
3097 4420 3212 4477 dux
3257 4420 3322 4477 de
3372 4422 3677 4493 femoribus

2033 4516 2172 4588 ejus,
2205 4514 2372 4572 donec
2384 4514 2567 4569 veniat
2579 4521 2654 4584 (g)
2670 4514 2763 4567 cui
2777 4512 3011 4584 reposita
3027 4514 3158 4566 sunt
3176 4527 3198 4573 ;
3219 4519 3270 4567 et
3289 4512 3405 4582 ipse
3429 4518 3506 4566 est
3522 4528 3684 4584 expe-

2029 4605 2195 4660 ctatio
2222 4601 2641 4676 gentium(Gen.
2673 4617 2823 4667 xux,
2863 4600 2971 4674 10).
2996 4600 3109 4655 Sed
3154 4600 3416 4656 nondum
3465 4599 3685 4656 intelli-

2030 4697 2178 4767 gunt
2194 4691 2348 4765 quod
2372 4707 2584 4765 negare
2595 4706 2707 4746 non
2722 4691 2990 4762 possunt,
3013 4692 3069 4745 et
3092 4692 3285 4746 mente
3306 4705 3428 4757 non
3441 4688 3685 4761 capiunt

2029 4782 2185 4855 quod
2207 4780 2643 4853 Scripturarum
2668 4778 3002 4835 narratione
3024 4782 3312 4834 noverunt
3334 4794 3379 4857 ε⁴Ι
3396 4778 3678 4849 quoniam

2027 4869 2254 4926 insanis
2285 4868 2585 4943 magistris
2605 4869 2820 4924 veritas
2845 4866 3190 4923 scandalum
3235 4871 3348 4937 est,
3398 4870 3457 4921 et
3515 4868 3685 4924 caecis

2028 4959 2366 5015 doctoribus
2396 4960 2461 5013 fit
2478 4955 2685 5030 caligo,
2719 4956 2873 5028 quod
2892 4954 3091 5011 lumen
3139 4960 3251 5011 est.
3303 4954 3684 5028 Respondent

2026 5073 2338 5146 lectionem
2356 5073 2719 5146 optimorum
2727 5070 3021 5146 codicum.
3047 5070 3328 5146 nimirum
3348 5071 3604 5146 duorum
3618 5072 3678 5128 S.

2026 5144 2202 5213 Petri,
2228 5141 2453 5213 Veneti,
2486 5141 2771 5210 Vallicel.,
2806 5142 3076 5198 Casinea.
3123 5141 3348 5198 collect.
3369 5143 3393 5197 1
3418 5147 3476 5198 et
3504 5142 3680 5198 Casa-

2026 5222 2145 5272 nat.
2171 5217 2396 5273 collect.
2426 5220 2482 5282 2,
2514 5217 2574 5270 in
2605 5213 2823 5286 quibus
2866 5218 3096 5286 tantum
3136 5218 3272 5286 ante
3318 5229 3518 5269 vocem
3548 5215 3681 5269 caelo

2025 5288 2316 5363 omittitur
2345 5283 2656 5363 praepostio
2687 5292 2759 5363 (ε)
2791 5283 3440 5363 ob_similem_litteram.
3474 5288 3681 5363 [aqua

2025 5360 2243 5434 desinit
2260 5352 2609 5434 vocabulum
2647 5355 2997 5434 antesedens
3028 5355 3308 5434 (initiante,
3340 5352 3677 5434 vitalibra:

2025 5430 2107 5486 ris
2130 5431 2431 5487 familiari.
2462 5430 2604 5485 Dein
2631 5433 2748 5483 tres
2768 5443 2914 5483 mss.
2938 5426 3067 5492 Vat,
3088 5423 3356 5496 etprima
3370 5421 3569 5496 editio,
3602 5421 3677 5474 ad

2022 5502 2365 5558 adorandum
2393 5502 2599 5557 summi
2628 5500 2930 5570 infantiam
2942 5497 3116 5570 ARegis
3143 5494 3458 5570 accurrunt.

2088 5580 2173 5644 lg)
2204 5573 2487 5644 Superius
2517 5559 2699 5644 senm:
2728 5570 2818 5644 23,
2836 5585 2898 5644 ro.
2928 5567 2969 5622 2
2991 5559 3086 5620 cui
3110 5562 3406 5633 repositum
3450 5560 3529 5613 est
3549 5571 3570 5616 ;
3616 5559 3676 5609 et

2021 5639 2239 5700 ibidem
2267 5639 2460 5716 prima
2489 5640 2666 5699 editio
2687 5639 2870 5707 addit,
2902 5650 3153 5707 regnum.
