3964 6218
387 268 501 345 251

1505 269 1572 333 S.
1616 269 1892 336 LEONIS
1939 267 2188 367 MAG'NI
2231 266 2677 334 SERMONES.

3673 269 3780 336 25!

389 404 586 480 itaque
616 401 978 480 interrogati,
997 403 1151 479 quod
1184 402 1242 460 in
1265 401 1556 461 Bethleem
1586 404 1848 461 nascitur
1869 403 2033 460 Chri-
2061 405 2115 473 Α
2142 402 2213 479 6)
2237 420 2251 461 :
2274 402 2374 476 qui
2397 402 2565 461 nobis
2588 399 2767 461 nullis
2785 418 3026 477 operum
3050 399 3276 461 meritis
3308 401 3780 479 suifragantibus,

389 500 550 567 stus;
585 499 641 553 et
671 494 977 552 scientiam
1013 511 1203 563 suam,
1239 511 1357 567 qua
1388 493 1533 551 alios
1568 494 1870 551 instruunt
1918 511 2034 551 non

387 589 734 659 sequuntur.
770 582 1342 657 Perdideruntigitur
1354 582 1783 640 successionem
1807 599 2031 657 regum,

387 675 773 750 placationem
790 672 1342 743 hostiarum,‘_locum
1359 673 1871 746 supplicationum,
1888 674 2036 729 ordi-

391 782 522 821 nem
560 764 929 821 sacerdotum
958 780 970 830 ;
998 766 1055 818 et
1074 778 1207 817 cum
1223 761 1419 818 omnia
1451 762 1562 818 sibi
1595 762 1812 832 clausa,
1837 763 2036 818 omnia

386 855 760 927 experiantur
785 852 895 907 sibi
920 868 1048 907 esse
1080 851 1295 921 finitas,
1330 868 1446 906 non
1468 851 1667 907 vident
1687 852 1830 907 eain
1871 851 2031 907 Chri-

384 950 541 1002 stum
571 960 699 1000 esse
719 942 1023 998 translata.
1050 942 1213 997 Unde
1235 941 1389 1014 quod
1410 941 1494 995 illi
1518 945 1633 997 tres
1654 941 1781 1017 viri,
1808 942 2032 997 univer-

383 1051 580 1091 sarum
613 1032 872 1106 gentium
892 1047 1202 1104 personam
1214 1034 1505 1102 gerentes,
1530 1030 1764 1086 adorato
1790 1031 2030 1087 Domino

381 1121 746 1194 suntadepti,
779 1121 886 1175 hos
909 1112 968 1173 in
987 1117 1217 1191 populis
1235 1118 1358 1173 suis
1381 1134 1484 1190 per
1506 1119 1698 1187 (idem,
1724 1120 2032 1192 qumjusti.

380 1213 517 1267 ﬂeat
547 1211 778 1282 impios,
808 1213 968 1263 totus
991 1207 1249 1262 mundus
1262 1207 1597 1278 assequitur
1622 1212 1708 1275 ;et
1729 1208 2030 1265 haeredita-

379 1305 499 1357 tem
515 1298 887 1355 Dominiante
904 1294 1117 1350 saecula
1141 1300 1523 1367 praeparatam
1548 1296 1841 1369 accipiunt
1888 1300 2025 1353 ado-

381 1388 546 1462 ptivi,
576 1391 633 1443 et
663 1386 915 1459 perdunt
946 1383 1044 1456 qui
1077 1384 1416 1439 videbantur
1436 1400 1563 1441 esse
1585 1384 1849 1458 legitimi.
1874 1387 2030 1443 Resi-

380 1477 538 1550 pisce
558 1475 817 1539 tandem,
840 1472 1057 1539 Judme,
1078 1471 1381 1543 resipisce;
1406 1476 1461 1529 et
1481 1473 1551 1529 ad
1578 1474 2025 1547 Redemptorem

381 1565 559 1621 etiam
573 1568 739 1619 tuum
755 1562 1020 1635 deposita
1035 1561 1377 1618 infidelitate
1396 1567 1747 1620 convertere.
1769 1565 1893 1620 Noli
1910 1582 2028 1621 see.

376 1653 611 1711 leristui
635 1650 1243 1708 immanitateterreri:
1270 1667 1382 1705 non
1401 1651 1897 1723 justostristus,
1923 1655 2023 1710 sed

377 1747 713 1818 peccatores
741 1745 908 1797 vocat
937 1739 1151 1814 (Matth.
1185 1757 1263 1806 Ix,
1316 1740 1441 1812 13);
1501 1758 1604 1797 nec
1662 1742 2019 1815 impietatem

375 1837 540 1889 tuam
560 1830 805 1905 repellit,
826 1828 925 1903 qui
946 1847 1048 1902 pro
1062 1833 1137 1897 te,
1161 1845 1295 1885 cum
1318 1829 1631 1887 crucifixus
1650 1836 1821 1899 esset,
1837 1834 2023 1890 oravit

376 1923 527 1996 (Luc.
560 1938 726 1990 XXIII,
757 1920 869 1991 34).
907 1920 1198 1975 lmmitem
1225 1917 1549 1975 crudelium
1601 1926 1834 1994 patrum
1892 1927 2021 1979 tuo-

376 2028 506 2068 rum
537 2009 695 2068 solve
715 2008 1087 2071 sententiam.
1132 2024 1319 2080 neque
1348 2011 1405 2064 te
1462 2000 1662 2065 eorum
1715 2010 2022 2069 maledicto

374 2098 614 2174 patiaris
645 2096 956 2171 obstringi,
990 2097 1089 2169 qui
1122 2095 1442 2152 clamantes
1464 2098 1535 2153 de
1573 2097 1823 2167 Christo,
1881 2101 2019 2156 San-

373 2191 499 2261 guis
527 2190 642 2261 ejus
668 2200 832 2260 super
856 2188 1015 2241 noset
1040 2202 1203 2259 super
1222 2185 1366 2255 ﬁlios
1390 2194 1595 2242 nostros
1626 2188 1829 2256 (Matth.
1846 2207 2017 2259 xxvu,

372 2280 488 2347 25),
521 2276 746 2333 facinus
769 2275 827 2330 in
861 2278 925 2331 te‘
942 2273 1033 2330 sui
1055 2273 1318 2330 criminis
1339 2275 1798 2333 transfuderunt.
1819 2278 2021 2335 Redite

372 2368 443 2423 ad
478 2365 934 2431 misericordem,
953 2363 1186 2419 utimini
1200 2363 1510 2421 clementia
1526 2366 1896 2423 remittentis.
1911 2372 2021 2423 Sae-

370 2457 512 2512 vitia
540 2455 694 2511 enim
707 2458 933 2521 vestrae,
957 2452 1288 2526 iniquitatis
1302 2470 1579 2510 conversa
1594 2460 1683 2511 est
1701 2456 1757 2510 in
1777 2472 2016 2514 causam

372 2543 603 2601 salutis.
636 2543 793 2598 Vivit
813 2559 988 2615 quem
1009 2542 1197 2614 perire
1218 2540 1507 2598 voluistis.
1528 2544 1829 2601 Confitemi
1838 2547 1894 2601 ni
1918 2564 2018 2602 ne-

371 2636 597 2709 gatum,
611 2632 846 2688 adorate
865 2632 1166 2687 venditum
1184 2649 1196 2687 :
1214 2634 1278 2686 ut
1295 2631 1458 2688 vobis
1476 2632 1875 2691 bonitasillius
1892 2653 2020 2709 pro-

372 2724 468 2792 sit,
493 2722 586 2779 eui
612 2723 805 2777 vestra
835 2720 1173 2794 malignitas
1195 2737 1399 2777 nocere
1423 2738 1534 2776 non
1558 2724 1766 2795 potuit.

441 2813 577 2869 CAP.
612 2810 703 2867 Ill.
740 2841 806 2851 —
838 2810 1002 2875 Quod
1034 2826 1171 2883 ergo
1228 2811 1297 2866 ad
1352 2805 1568 2879 veram,
1628 2811 2015 2884 dilectissimi,

371 2903 622 2976 pertinet
636 2899 1003 2965 charitatcm,
1025 2915 1203 2972 quam
1224 2899 1396 2955 etiam
1439 2899 1694 2956 inimicis
1716 2904 1934 2958 nostris
1951 2920 2019 2959 ex

371 2991 665 3050 dominica
694 2990 775 3060 (η)
807 2990 1067 3044 oratione
1097 2990 1377 3045 debemus
1412 2989 1623 3063 (Matth.
1681 3009 1737 3059 v,
1796 2992 1902 3064 44),
1962 2996 2020 3049 et

371 3081 691 3155 optandum
714 3077 882 3134 nobis
904 3079 1059 3150 estjet
1079 3078 1432 3134 studendum
1450 3097 1462 3148 ;
1478 3082 1541 3134 ut
1562 3083 1618 3135 et
1634 3080 2015 3154 hicpopulus,

2146 498 2202 550 et
2234 497 2601 550 sacramento
2632 492 2925 550 consuluit
2954 498 3013 550 et
3027 493 3289 568 exemplo
3325 510 3340 550 :
3369 493 3517 550 utin
3538 493 3782 568 adoptio-

2145 600 2278 639 nem
2298 587 2532 639 vocatos
2550 600 2653 656 per
2669 581 2813 639 illud
2834 582 3174 655 proveheret
3194 584 3266 640 ad
3284 582 3667 656 salutem,per
3680 583 3778 644 hoc

2144 672 2432 728 imbueret
2451 672 2522 728 ad
2542 672 2820 728 laborem.
2847 672 2949 728 Hic
2967 677 3157 728 autem
3177 672 3364 741 labor,
3396 671 3775 743 dilectissimi,

2142 761 2256 834 piis
2289 757 2423 817 filiis
2449 766 2507 817 et
2539 761 2706 817 bonis
2738 760 2919 817 servis
2941 778 3053 817 non
3079 761 3267 817 solum
3313 779 3422 818 nec
3446 779 3634 835 asper,
3683 779 3777 822 nec

2143 867 2442 916 onerosus,
2479 852 2579 907 sed
2603 852 2779 907 etiam
2803 850 3000 907 suavls
3023 856 3080 906 et
3107 854 3183 923 (ὑ)
3205 852 3352 908 levis
3391 857 3508 920 est,
3567 852 3777 909 dicente

2141 940 2415 996 Domino:
2442 942 2639 997 Venite
2651 941 2731 996 ad
2748 957 3059 1007 me,omnes
3071 941 3170 1013 qui
3185 942 3481 996 laboratis
3493 946 3547 996 et
3563 941 3781 998 onerati

2139 1036 2221 1085 est
2230 1032 2299 1097 is,
2323 1038 2376 1085 et
2393 1046 2501 1103 ego
2524 1028 2790 1101 reﬁciam
2811 1044 2929 1085 vos.
2956 1030 3162 1084 Tollite
3173 1030 3389 1100 jugum
3411 1046 3603 1084 meum
3619 1046 3775 1100 super

2140 1135 2257 1187 vos,
2276 1128 2328 1175 et
2344 1119 2546 1175 discite
2561 1138 2598 1174 a
2616 1120 2872 1192 me,quia
2886 1119 3043 1176 mitis
3060 1135 3186 1174 sum
3199 1127 3251 1174 et
3272 1119 3513 1175 Immitis
3525 1119 3709 1187 corde,
3726 1124 3777 1177 et

2140 1208 2438 1263 invenietis
2451 1210 2702 1281 requiem
2717 1208 3020 1264 animabus
3030 1207 3253 1264 vestris.
3262 1209 3480 1281 Iugum
3491 1209 3645 1263 enim
3654 1224 3821 1271 meum

2135 1314 2308 1354 suave
2327 1307 2431 1366 est,
2446 1308 2499 1353 et
2516 1314 2659 1353 onus
2674 1313 2863 1352 meum
2884 1299 2999 1353 leve
3020 1301 3242 1361 (Matth.
3264 1314 3347 1363 x1,
3398 1296 3609 1369 28-30).
3633 1298 3774 1354 Nihil

2136 1385 2686 1459 ergo,dilectissimi,
2703 1386 2951 1441 arduum
2975 1389 3063 1441 est
3083 1384 3441 1456 humilibus,
3462 1384 3607 1440 nihil
3627 1403 3777 1459 aspe-

2137 1491 2265 1528 rum
2294 1474 2554 1541 mitibus,
2581 1477 2637 1529 et
2676 1473 2842 1529 facile
2880 1472 3078 1529 omnia
3119 1478 3412 1546 praecepta
3452 1472 3686 1529 veniunt
3722 1474 3773 1529 in

2134 1564 2424 1631 effectum,
2453 1563 2687 1635 quando
2728 1568 2784 1619 et
2812 1562 3003 1636 gratia
3040 1560 3352 1635 praetendit
3390 1560 3691 1631 auxilium,
3724 1568 3775 1619 et

2133 1652 2463 1709 obedientia
2477 1650 3521 1729 mollitimperiunm)lntonantenim
3535 1652 3772 1724 quotidie

2132 1742 2375 1799 auribus
2415 1743 2634 1798 nostris
2655 1741 2889 1815 eloquia
2921 1741 3046 1809 Dei,
3087 1746 3144 1798 et
3184 1743 3383 1799 omnis
3434 1741 3607 1798 homo
3645 1742 3771 1814 quid

2129 1830 2596 1902 divinaejustitize
2618 1830 2843 1904 placeat
2864 1830 3013 1886 scire
3055 1831 3447 1888 convincitur.
3489 1831 3602 1887 Sed
3644 1831 3770 1903 quia

2122 1920 2415 1993 judicium
2435 1919 2601 1989 illud,
2621 1937 2735 1993 quo
2757 1921 3139 1993 unusquisque
3154 1921 3402 1991 recipiet
3421 1928 3599 1989 prout
3612 1920 3771 1991 gessit

2125 2011 2241 2065 sive
2271 2009 2618 2079 bonum,sive
2643 2008 2871 2066 malum
2889 2013 2961 2075 (II
2984 2012 3114 2068 Cor.
3138 2027 3192 2077 v,
3219 2010 3335 2084 10),
3348 2008 3671 2081 judicaturi
3688 2026 3772 2081 pa-

2128 2090 2333 2155 tientia
2354 2103 2410 2155 et
2428 2098 2683 2154 bonitate
2705 2097 3419 2171 dilfertur,impunitatem
3442 2097 3555 2155 sibi
3577 2096 3769 2170 iniqui-

2127 2188 2267 2244 tatis
2287 2186 2612 2243 inﬁdelium
2636 2187 2812 2243 ccrda
2835 2187 3204 2260 promittunt,
3227 2191 3285 2242 et
3317 2190 3535 2260 putant
3571 2186 3763 2242 huma-

2130 2294 2339 2333 norum
2364 2281 2600 2332 actuum
2617 2275 2931 2349 qualitates
2952 2277 3024 2333 ad
3046 2276 3253 2332 divinae
3269 2275 3646 2349 providentia
3666 2291 3766 2332 non

2128 2366 2418 2439 pertinere
2431 2381 2738 2421 censuram
2750 2364 2939 2438 ,quasi
2957 2381 3072 2420 non
3087 2363 3523 2422 evidentisimis
3538 2364 3768 2438 plerum-

2129 2472 2242 2528 que
2271 2454 2576 2527 suppliciis
2599 2452 2751 2510 male
2780 2460 2946 2527 gesta
2979 2453 3331 2526 plectantur,
3366 2458 3472 2512 aut
3494 2471 3606 2510 non
3634 2467 3765 2525 saepe

2127 2543 2531 2619 (d)cmlestium
2547 2541 3072 2599 comminationum
3084 2547 3269 2600 terror
3280 2544 3642 2601 ostendatur:
3656 2541 3766 2615 qui-

2128 2635 2239 2690 bus
2262 2633 2463 2705 utique
2476 2636 2531 2688 et
2555 2632 2699 2689 fides
2714 2636 3066 2700 monetur,et
3088 2633 3412 2690 infidelitas
3429 2633 3761 2704 increpatur.

2198 2723 2331 2779 Cap.
2358 2721 2450 2777 IV.
2466 2754 2534 2762 —
2556 2721 2711 2777 Inter
2722 2721 2841 2778 haec
2856 2727 3053 2779 autem
3068 2727 3374 2796 permanet
3392 2738 3569 2796 super
3583 2734 3762 2776 omnes

2127 2811 2647 2886 benignitasDei,et
2666 2810 2811 2867 nulli
2835 2812 3297 2869 misericordiam
3317 2829 3490 2869 suam
3514 2811 3758 2882 denegat,

2128 2918 2261 2957 cum
2277 2900 2589 2956 indiscrete
2604 2900 3047 2957 universisbona
3060 2899 3759 2975 multalargiatur,eosque

2127 3007 2275 3064 quos
2297 2989 2502 3046 merito
2532 2989 2809 3045 subderet
2832 2989 3044 3062 pmnis,
3063 2989 3285 3045 mavult
3319 2990 3564 3045 invitare
3602 2988 3756 3043 bene-

2128 3079 2295 3136 ficiis.
2322 3078 2532 3135 Dilatio
2558 3078 2991 3134 enimvindictze
3022 3079 3122 3134 dat
3154 3078 3351 3135 locum
3393 3075 3749 3152 paenitentiae.

372 3169 472 3245 qui
489 3168 561 3226 ab
582 3168 683 3224 illa
700 3166 949 3241 spiritali
984 3170 1214 3240 patrum
1234 3167 1534 3224 nobilitate
1556 3168 1783 3237 defecit,
1835 3171 2017 3228 ramis
2048 3154 2090 3222 C
2125 3170 2443 3225 NECTAMEN
2460 3184 2571 3223 mc:
2593 3168 2872 3241 potestte)
2891 3167 3053 3223 nulla
3068 3168 3147 3223 ibi
3164 3185 3291 3225 esse
3309 3168 3480 3238 ultio,
3500 3166 3594 3223 ubi
3614 3162 3756 3220 nulla

266 3274 277 3281 ‘
373 3276 494 3315 suae
522 3256 747 3343 arboris
771 3256 1084 3312 inseratur.
1117 3254 1366 3311 Multum
1389 3257 1544 3311 enim
1574 3273 1679 3313 nos
1705 3262 1815 3314 Deo
1836 3259 2015 3315 bene-

370 3346 623 3404 volentia
642 3347 755 3403 ista
767 3345 1139 3402 commendat
1154 3363 1167 3401 :
1184 3344 1320 3417 quia
1341 3344 1469 3400 ideo
1482 3344 1759 3402 delictum
1782 3347 2017 3404 illorum

373 3435 541 3492 nobis
563 3432 973 3492 misericordiae
997 3433 1191 3488 locum
1216 3433 1367 3499 fecit,
1399 3437 1464 3488 ut
1510 3449 1610 3490 eos
1657 3436 1727 3491 ad
1775 3438 2019 3495 annula-

372 3526 591 3581 tionem
607 3521 814 3579 salutis
827 3521 1166 3594 recipiendae
1183 3522 1326 3578 fides
1345 3528 1544 3578 nostra
1554 3530 2017 3585 revocaret.Nam

372 3615 551 3669 vitam
575 3612 805 3686 piorum
829 3628 942 3666 non
962 3610 1151 3666 solum
1179 3610 1310 3680 sibi,
1346 3613 1499 3667 I30
1521 3613 1621 3668 sed
1674 3614 1848 3671 etiam
1891 3617 2022 3675 aliis

374 3718 504 3760 esse
533 3699 737 3757 utilem
761 3700 924 3754 decet
949 3715 960 3754 :
989 3703 1054 3753 ut
1076 3697 1232 3770 quod
1258 3700 1411 3772 apud
1436 3716 1535 3755 eos
1561 3701 1653 3773 agi
1674 3718 1788 3757 non
1833 3709 2024 3776 potest

374 3790 586 3860 verbis,
621 3788 955 3844 obtineatur
973 3786 1273 3859 exemplis.
1308 3787 1754 3845 Considerantes
1804 3792 2019 3865 itaque,

374 3875 765 3941 dilectissimi,
790 3875 1143 3932 ineffabilem
1165 3893 1303 3950 erga
1324 3893 1431 3932 nos
1448 3876 1778 3935 divinorum
1817 3898 2021 3938 mune-

376 3986 507 4026 rum
540 3967 891 4040 largitatem,
916 3970 1319 4039 cooperatores
1340 3965 1526 4022 simns
1543 3967 1740 4040 gratiae
1764 3969 1861 4026 Dei
1888 3987 2021 4043 ope-

376 4058 558 4115 rantis
606 4057 665 4112 in
688 4056 878 4113 nobis.
908 4056 1034 4112 Non
1069 4055 1225 4112 enim
1276 4054 1702 4114 dormientibus
1758 4060 2027 4131 provenit

376 4164 622 4221 regnum
645 4145 944 4213 caelorum,
970 4162 1077 4201 nec
1119 4145 1235 4202 otio
1271 4143 1612 4218 desidiaque
1658 4149 2026 4220 torpentibus

374 4236 673 4293 beatitudo
694 4235 1037 4292 aeternitatis
1054 4234 1371 4308 ingeritur;
1397 4235 1498 4290 sed
1530 4235 1688 4308 quia,
1712 4236 1862 4292 sicut
1882 4240 2029 4311 Apo-

376 4330 564 4383 stolus
588 4326 691 4392 ait,
725 4328 775 4381 si
802 4328 1182 4398 compatimur,
1215 4328 1265 4381 et
1294 4324 1831 4397 congloriﬁcabimur
1852 4328 2022 4400 (Rom.

374 4431 498 4483 vm,
524 4416 590 4469 17
615 4431 628 4482 ;
653 4413 703 4469 Il
736 4415 866 4469 Tim.
902 4432 962 4483 ιι,
998 4416 1106 4487 12),
1142 4413 1243 4469 illa
1266 4414 1434 4470 nobis
1477 4415 1762 4472 currenda
1791 4421 1880 4472 est
1935 4418 2028 4474 via

2127 3257 2427 3315 conversio
2450 3262 2557 3323 est,
2585 3258 2725 3330 quia
2746 3274 2914 3313 mens
2936 3257 3083 3314 dura
3120 3261 3177 3313 et
3216 3257 3453 3331 ingrata
3495 3257 3613 3326 jam
3655 3249 3754 3309 sibi

2126 3350 2254 3422 ipsa
2273 3346 2629 3420 supplicium
2650 3350 2757 3414 est,
2784 3347 2931 3403 131
2959 3350 3016 3402 et
3047 3346 3105 3402 in
3125 3345 3486 3403 conscientia
3523 3360 3625 3401 sua
3665 3357 3755 3414 pa-

2125 3438 2274 3493 titur
2294 3435 2579 3509 quidquid
2606 3435 2702 3491 Dei
2728 3436 2985 3491 bonitate
3007 3435 3293 3491 dill‘ertur.
3333 3436 3459 3493 Non
3504 3433 3581 3489 ita
3601 3430 3759 3504 igitur

2128 3525 2535 3598 delinquentes
2563 3527 2799 3597 peccata
2820 3524 3129 3594 delectent,
3154 3528 3220 3579 ut
3240 3523 3375 3580 illos
3403 3524 3459 3579 in
3494 3522 3614 3579 suis
3631 3517 3756 3576 acti-

2130 3616 2242 3673 bus
2262 3615 2390 3669 vita:
2412 3613 2591 3685 hujus
2641 3612 2775 3668 finis
2816 3612 3106 3669 inveniat:
3147 3613 3430 3686 quoniam
3452 3613 3509 3667 in
3550 3609 3754 3666 inferno

2130 3703 2292 3761 nulla
2312 3701 2710 3768 estcorrectio,
2732 3718 2837 3756 nec
2860 3718 3047 3757 parua
3066 3702 3395 3757 remedium
3428 3695 3752 3757 satisfactio-

2130 3794 2243 3862 nis,
2264 3792 2338 3865 (Γ)
2360 3790 2459 3847 ubi
2473 3791 2600 3863 jam
2620 3808 2731 3847 non
2752 3794 3021 3863 superest
3038 3790 3187 3846 actio
3208 3788 3525 3846 voluntatis
3544 3786 3750 3842 dicente

2132 3882 2416 3958 propheta
2441 3881 2613 3937 David
2641 3899 2653 3936 :
2677 3881 2959 3950 Quoniam
2983 3897 3095 3937 non
3126 3890 3213 3937 est
3246 3884 3309 3937 in
3339 3888 3526 3938 morte
3543 3876 3637 3951 qui
3661 3889 3759 3927 me-

2131 3989 2260 4030 mor
2288 3972 2361 4027 sit
2392 3972 2482 4027 tui
2505 3990 2525 4037 ,-
2557 3972 2618 4027 in
2650 3970 2878 4044 inferno
2898 3976 3095 4026 autem
3120 3970 3245 4044 quis
3282 3968 3638 4043 conﬁtebitur
3664 3959 3753 4018 tibi

2134 4067 2247 4135 (Ps.
2271 4079 2347 4117 vr.
2370 4059 2469 4130 6)?
2489 4058 2809 4131 Fugiantur
2831 4059 3014 4115 noxize
3039 4069 3114 4131 (gi
3150 4058 3499 4132 voluptates,
3550 4049 3761 4110 inimica

2133 4150 2350 4225 gaudia
2364 4154 2423 4206 et
2443 4148 2732 4205 desideria
2745 4148 3114 4221 jamjamque
3138 4148 3419 4222 peritura.
3464 4142 3598 4213 Quis
3618 4140 3762 4195 fruc-

2134 4246 2229 4296 tus
2251 4243 2359 4307 est,
2395 4255 2593 4311 quaeve
2618 4236 2859 4303 utilitas,
2878 4253 2946 4293 ea
2970 4237 3372 4293 indesinenter
3405 4248 3625 4307 cupere,
3648 4240 3756 4299 qua!

2133 4326 2364 4385 etiamsi
2392 4343 2507 4381 non
2532 4325 2804 4397 deserant
2824 4325 3149 4382 deserenda
3182 4323 3363 4381 sunt?
3382 4327 3556 4381 Amor
3586 4327 3756 4374 rerum

2135 4413 2532 4474 deficientium
2566 4414 2637 4469 ad
2680 4412 3148 4487 incorruptibilia
3186 4414 3585 4475 transferatur,
3617 4407 3667 4460 et
3694 4397 3755 4456 ad

374 4518 554 4577 quam
584 4501 709 4574 ipse
739 4501 1025 4559 Dominus
1056 4520 1117 4559 se
1137 4519 1265 4559 esse
1288 4506 1537 4559 testatus
1560 4507 1649 4559 est
1677 4505 1855 4577 (Joan.
1906 4522 2019 4574 xxv,
2053 4526 2098 4591 ο
2128 4504 2406 4563 sublimia
2426 4507 2666 4559 vocatus
2684 4502 2915 4558 animus
2933 4502 3271 4560 coelestibus
3287 4502 3615 4560 delectetur.
3635 4493 3759 4549 Con-

447 4677 528 4755 (a_)
549 4675 701 4733 Editi
714 4693 845 4755 cum
861 4678 1216 4755 quibusdam
1240 4680 2028 4755 mss._,erudition_e.Amplec—

378 4748 988 4820 tendamiputavimus
1018 4748 1325 4806 lectionem
1376 4750 1435 4806 in
1458 4768 1571 4807 ms.
1603 4748 1933 4809 Corbeiensi
1992 4773 2028 4812 a

379 4819 686 4904 Quosnello
699 4820 1237 4904 inventam_,quippe
1251 4839 1377 4904 quis
1395 4822 1455 4877 in
1468 4822 1675 4904 potiori
1685 4824 1805 4904 bus
1809 4826 2024 4904 nostris

381 4892 549 4948 codd.
572 4890 897 4965 przefertur,
922 4890 1145 4948 scilicet
1157 4890 1221 4965 _in
1245 4890 1537 4965 duobus—8
1586 4894 1756 4961 Petri,
1782 4900 2023 4965 Veneto,

380 4969 446 5036 et_
464 4961 608 5036 mss.
632 4961 856 5018 collect.
883 4968 904 5036 _t
942 4981 1009 5036 ac
1034 4967 1087 5021 2.
1105 4963 1327 5036 Alludit
1348 4964 1406 5019 S.
1441 4965 1700 5036 pontifex
1727 4984 1839 5023 non
1903 4961 2023 5025 tam

379 5034 453 5090 ad
467 5033 733 5109 quintam
736 5034 1028 5109 orationis
1048 5033 1731 5109 Dominiczepetitionem,
1757 5055 1932 5109 quam
1951 5041 2024 5097 ad

381 5104 704 5179 orationem
726 5105 941 5179 Christi
964 5106 1024 5161 in
1046 5121 1217 5161 cruce
1236 5104 1564 5179 pendentis,
1586 5110 1687 5179 qui
1700 5104 1813 5179 pro
1831 5116 1908 5179 te,
1961 5118 2026 5167 ut

379 5174 705 5249 paulogante
726 5176 970 5249 dixerat,
1004 5193 1135 5249 cum
1152 5174 1463 5249 cruci/imus
1492 5174 1660 5247 esset,
1681 5174 1892 5236 oravit.

452 5247 531 5323 (ὁ)
553 5247 638 5301 Ita
672 5262 764 5323 ex,
785 5248 1003 5323 nostris
1035 5248 1282 5323 codd._et
1304 5247 1495 5323 prima
1535 5249 1791 5323 editione
1827 5268 1930 5323 pro
1957 5270 2025 5310 eo

380 5317 535 5396 quod
568 5322 717 5396 erat,
745 5319 904 5396 lenis.
931 5318 1268 5396 Emendatio
1290 5317 1363 5373 ab
1385 5317 1844 5393 ipsoScripturai
1866 5326 2023 5396 quod

380 5389 674 5463 profertur
704 5390 1040 5463 testimonio
1071 5389 1339 5463 exigitur.

450 5463 527 5529 (c)
548 5460 688 5535 Hich
718 5460 888 5518 lectio
920 5466 1024 5535 gest
1054 5460 1435 5535 vetustiorum
1466 5464 1535 5535 _et
1582 5461 2021 5535 castigatiorum

377 5534 798 5605 exemplarium
834 5541 888 5589 Β.
917 5534 1087 5596 Petri,
1120 5531 1343 5598 Venet.,
1374 5530 1660 5605 Vallicel.,
1680 5530 1951 5605 Cisanat,
1969 5544 2027 5595 et

381 5602 664 5676 BarbiAl.
698 5605 757 5661 in
779 5605 950 5662 editis
971 5609 1029 5662 et
1047 5604 1271 5676 aliquot
1316 5619 1482 5676 mss.,
1531 5603 1824 5663 intonante
1870 5602 2024 5666 enim

378 5675 630 5748 quotidie
640 5677 886 5735 auribus
898 5678 1116 5735 nostris
1126 5675 1348 5748 eloquio
1369 5675 1491 5745 Dei,
1510 5677 1695 5735 omnis
1711 5679 1896 5750 homo,
1912 5686 2019 5740 etc.

2132 4685 2270 4740 Post
2290 4696 2495 4755 pauca,
2520 4687 2695 4755 prout
2725 4681 2967 4755 gesserit
2994 4679 3052 4737 in
3082 4681 3276 4755 prima
3295 4679 3565 4755 editione.

2203 4746 2360 4826 (d)ln
2387 4746 2502 4826 uno
2519 4746 2658 4826 mss.
2682 4746 2839 4826 Vat"
2855 4746 3177 4826 antestium
3196 4748 3630 4826 comminatione
3657 4746 3758 4826 te)":

2132 4809 2527 4882 rorostendat.
2548 4822 2608 4877 In
2637 4809 3103 4893 Prima'editione
3132 4809 3325 4881 etalio
3346 4824 3476 4879 Vat.
3501 4820 3557 4874 in
3569 4809 3757 4893 νεηθίο

2132 4903 2306 4970 atque
2321 4894 2521 4970 _C_asin.
2534 4885 2861 4970 ,cwlestium
2877 4897 3389 4970 comminationum
3403 4885 3758 4970 terroroslef:

2129 4952 2251 5048 ᾴαῖ.
2278 4968 2338 5021 Id
2361 4952 2558 5048 ipsum
2581 4964 2773 5048 prima
2796 4981 2975 5048 manu
2992 4967 3059 5048 in
3078 4965 3480 5048 C_asanatensi,
3506 4952 3754 5048 etgsolEE

2130 5022 2478 5112 invmargine
2499 5022 2877 5112 emendatum
2900 5022 3179 5094 addendo
3190 5022 3516 5112 pronomen
3551 5045 3607 5086 se
3639 5022 3754 5079 ante

2134 5108 2764 5184 vopem‘emtestiungL
2862 5177 2912 5184 Α,
3190 5108 3209 5112 “
3324 5180 3334 5184 _
3540 5168 3752 5184 Νη--.

2205 5182 2280 5258 (ς)
2302 5185 2365 5258 in.
2389 5195 2506 5258 μου
2528 5195 2644 5258 me:
2662 5178 2794 5258 Vet-
2819 5177 2954 5258 etis
2981 5184 3121 5235 Βοηυ
3149 5196 3219 5258 ea
3248 5180 3457 5258 prima.
3493 5172 3751 5258 θάὲίίοέὶῗῖ

2133 5247 2303 5309 Nulla
2323 5252 2406 5307 ibi
2425 5258 2505 5306 est
2535 5251 2696 5305 ultio.
2723 5250 2852 5305 Mox
2875 5250 3052 5307 iidem
3076 5247 3327 5307 codd.’et
3347 5250 3509 5314 edit,
3548 5247 3604 5298 in
3639 5247 3750 5292 con-

2130 5323 2374 5381 scientia
2397 5322 2545 5393 ipsa,
2575 5337 2679 5393 pro
2701 5321 2762 5393 in
2783 5323 3139 5379 conscientia
3160 5339 3289 5380 sua.

2199 5397 2272 5467 (f)
2295 5399 2356 5449 In
2380 5391 2864 5467 primaeditione,
2887 5394 2944 5449 si
2963 5395 3093 5467 jam
3122 5410 3234 5451 non
3260 5394 3540 5467 superest.
3604 5445 3662 5467 Α,

2299 5451 2437 5537 (λοδσ
2459 5461 2747 5537 ϐυάίίνὲιν
2772 5451 3086 5537 Ου’ϐεηέιιί,
3110 5451 3449 5522 voluntates.
3472 5462 3559 5537 _Ita
3595 5451 3749 5537 Θζὶξξ

2132 5524 2247 5594 duo
2262 5524 2398 5591 'Vat.
2422 5538 2479 5589 et
2501 5552 2655 5590 unus
2673 5524 2837 5600 Bon;
2860 5536 2961 5607 qui
2979 5524 3255 5608 praeterea
3276 5537 3431 5608 hunc
3471 5530 3652 5608 locum,
3681 5524 3751 5608 fg"

2130 5581 2410 5666 ἔιῑεζτιὶιῖἱζ
2424 5581 2964 5676 ’ῥεῖάὲῆἆῖἱόἓῶ
2979 5581 3521 5665 ἵὸὶῖιῖἱᾶἆιῗῖῦὶιιὶἐ
3538 5581 3653 5650 cod
3695 5581 3745 5637 S-

2130 5680 2323 5739 Petri:
2349 5678 2595 5750 Fugiunt
2616 5693 2757 5749 ergo
2784 5679 2981 5738 noxiae
3008 5678 3348 5754 voluptates.
