3964 6218
135 343 203 406 285

131 477 229 535 Vicit
242 481 367 536 enim
403 480 953 557 adversarium,
984 490 1050 543 ut
1077 486 1346 556 audistis,
1370 487 1722 544 testimoniis
1739 487 1814 545 lc-
1841 490 1896 556 Α

126 569 194 641 gis,
215 574 300 625 nan
326 572 681 646 potestate
710 575 1022 645 virtutis;
1049 580 1113 633 ut
1131 577 1240 633 hoc
1269 577 1396 649 ipso
1428 580 1484 632 et
1514 576 1812 633 hominem

122 658 207 731 plus
227 658 561 733 honoraret,
610 667 689 719 et
730 664 1177 723 adversarium
1208 665 1343 739 plus
1392 667 1647 739 puniret,
1676 684 1812 721 cum

120 748 245 806 hostis
260 750 490 823 generis
525 751 859 809 humani
889 754 973 827 (α)
994 772 1108 811 non
1140 755 1309 827 quasi
1332 773 1366 811 a
1399 760 1511 811 er
1540 756 1683 826 jam,
1709 756 1811 812 sed

118 838 231 912 quasi
244 840 301 895 ab
321 839 602 898 homine
631 841 1048 900 vinceretur.
1074 843 1356 918 Pugnavit
1379 861 1513 918 ergo
1532 843 1627 901 ille
1648 848 1808 911 tunc,

116 932 216 985 utet
240 946 326 985 nos
352 935 601 1004 postea
637 950 1101 1004 pugnaremus
1130 952 1144 1002 ;
1176 933 1315 990 vicit
1360 932 1480 1001 ille,
1508 938 1571 988 ut
1615 937 1673 988 et
1703 946 1810 990 nos

117 1006 807 1078 similitervinc‘eremus.
826 1021 1044 1078 NULLA
1066 1016 1213 1079 suu‘r
1231 1022 1809 1092 enim,dilectissimi,

118 1109 207 1165 sine
232 1109 654 1166 tentationum
683 1111 1147 1184 experimentis
1177 1128 1353 1185 opera
1372 1111 1627 1180 virtutis,
1648 1100 1812 1167 nulla

118 1200 171 1268 (ὁ)
185 1199 285 1255 sine
302 1199 833 1273 probationibus
860 1200 1035 1269 ﬁdes,
1055 1200 1281 1256 nullum
1303 1201 1428 1257 sine
1445 1200 1611 1256 hoste
1631 1205 1812 1257 certa-

117 1288 418 1355 men,nulla
483 1290 641 1346 sine
716 1290 1163 1363 congressione
1216 1291 1479 1346 victoria.
1512 1289 1644 1347 Vita
1686 1282 1811 1345 haec

114 1383 269 1434 nostra
293 1379 350 1434 in
382 1379 613 1435 medio
637 1378 729 1451 (c)
760 1378 1154 1448 insidiarum,
1178 1380 1238 1435 in
1261 1376 1453 1436 medio
1474 1370 1811 1452 praeliorum

113 1472 191 1534 est,
214 1468 269 1524 Si
298 1467 612 1525 nolumus
648 1462 1292 1540 decipi,vigilandum
1317 1472 1405 1524 est
1426 1469 1505 1537 ;si
1535 1466 1806 1523 volumus

112 1572 369 1628 superare,
401 1558 858 1630 pugnandum
893 1556 1004 1612 est.
1040 1556 1111 1612 Et
1152 1557 1282 1613 ideo
1331 1556 1805 1630 sapientissimus

112 1643 372 1714 Salomon,
404 1646 551 1716 Fili,
590 1645 842 1718 inquit,
880 1644 1139 1701 accedens
1200 1646 1271 1702 ad
1319 1648 1633 1702 servitutem
1683 1646 1799 1712 Dei,

110 1749 337 1808 praepara
364 1736 655 1790 animam
690 1743 861 1790 tuam
894 1733 967 1790 ad
1021 1736 1376 1792 tentationem
1409 1736 1593 1807 (Ecclz.
1628 1751 1688 1803 ιι,
1722 1734 1803 1807 4).

48 1856 51 1865 ›
112 1822 192 1878 Vir
207 1823 361 1880 enim
402 1822 738 1896 sapientia
773 1823 881 1880 Dei
908 1821 1349 1896 plenus,sciens
1370 1822 1635 1879 studium
1669 1821 1799 1879 reli-
1828 1864 1876 1930 Β

109 1911 277 1983 gionis
306 1912 602 1968 laborem
634 1911 874 1968 habere
904 1911 1265 1979 certaminis,
1297 1929 1432 1968 cum
1464 1912 1801 1985 przevideret

46 2062 51 2083 ι
111 1982 299 2074 pugna:
324 1999 722 2074 periculum,
757 2005 897 2056 ante
930 2001 1239 2059 admonuit
1264 1982 1700 2075 pugnaturum:
1726 2016 1798 2057 ne

110 2087 240 2142 forte
253 2088 303 2144 si
315 2088 395 2143 ad
425 2090 832 2162 ignorantem
850 2090 1104 2145 tentator
1116 2090 1519 2159 accederet,im
1527 2082 1807 2163 paratum

109 2175 273 2231 citius
298 2177 694 2233 vulneraret.

170 2266 310 2321 CAP.
328 2266 438 2323 Ν.
456 2298 534 2308 —-
551 2266 684 2321 Nos
704 2265 930 2337 itaque,
956 2265 1343 2336 dilectissimi,
1369 2267 1563 2340 qui(d)
1584 2267 1798 2324 divinis

109 2355 561 2411 eruditionibus
594 2352 885 2425 instituti,
909 2354 983 2410 ad
1009 2371 1253 2428 agonem
1276 2357 1581 2429 praesentis
1612 2362 1794 2414 certa-

106 2443 288 2500 minis
318 2444 592 2515 scienter
624 2444 988 2509 accedimus,
1009 2444 1320 2500 audiamus
1342 2446 1630 2501 dicentem
1650 2448 1795 2519 Apo-

102 2531 327 2588 stolam
354 2550 369 2589 :
396 2534 523 2590 Non
556 2535 638 2589 est
667 2532 829 2589 nobis
857 2533 1177 2590 colluctatio
1205 2534 1463 2590 adversus
1492 2551 1719 2591 carnem
1747 2544 1799 2592 et

102 2626 470 2692 sanguinem,
505 2622 603 2678 sed
632 2622 897 2678 adversus
911 2624 1192 2695 principes
1213 2632 1265 2679 et
1278 2626 1589 2695 potestates,
1614 2626 1685 2694 (ε)
1706 2623 1798 2679 ad-

100 2727 299 2766 versus
332 2712 546 2767 mundi
575 2722 814 2768 rectores
839 2711 1192 2766 tenebrarum
1223 2711 1441 2783 harum,
1472 2716 1661 2769 contra
1688 2716 1798 2785 spi-

100 2800 309 2855 ritalia
343 2803 654 2874 nequitiae,
688 2802 745 2855 ia
773 2796 1073 2855 caelestibus
1101 2800 1313 2873 (Ephes.
1346 2819 1423 2867 v1,
1457 2801 1561 2870 42;
1594 2806 1652 2857 et
1681 2792 1809 2873 non:

102 2888 475 2960 ignoremus
488 2890 651 2962 quod
667 2887 725 2944 hi
752 2888 953 2945 hostes
970 2889 1154 2945 nostri
1169 2894 1369 2945 contra
1389 2907 1451 2946 se
1461 2890 1584 2962 geri
1601 2878 1809 2946 omnia

100 2977 418 3045 sentiunt,
451 2978 851 3050 quascumque
882 2994 992 3033 nos
1022 2995 1126 3050 pro
1158 2974 1363 3034 nostra
1389 2978 1579 3035 salute
1629 2986 1799 3053 agere

101 3070 454 3135 tentamus;
475 3065 659 3123 ethoc
681 3065 1043 3139 ipso(f)quod
1060 3062 1427 3140 honialiquid
1441 3057 1807 3141 ap’petimus,

101 3154 507 3213 adversarius
540 3173 955 3229 provocamus.
980 3155 1109 3211 Haec
1138 3156 1294 3213 enim
1316 3156 1469 3213 inter
1497 3174 1603 3213 nos
1625 3161 1799 3229 atquc
1884 3208 1889 3215 .

98 3240 247 3298 illos
264 3247 308 3299 I
322 3247 438 3301 46
453 3262 560 3318 per
581 3242 888 3301 diabolicae
909 3242 1139 3300 invidiae
1180 3244 1440 3300 fomitem
1481 3247 1803 3302 inveterata
1831 3230 1892 3300 Ci

97 3330 434 3390 dissensio
461 3338 574 3405 est,
610 3338 679 3389 ut
707 3334 852 3406 quia
880 3332 969 3389 illi
1002 3333 1073 3390 ab
1113 3333 1207 3390 his
1234 3334 1405 3391 bonis
1436 3336 1797 3404 exciderunt,

94 3419 171 3473 ad
207 3437 357 3493 quae
390 3441 504 3480 nos
528 3425 644 3481 Deo
665 3422 990 3479 auxiliante
1030 3413 1424 3495 provehimur,
1458 3424 1675 3481 nostris
1696 3426 1799 3497 ju-

92 3510 593 3569 stiﬁcationibus
626 3515 1036 3584 torqueantur.
1073 3510 1130 3566 Si
1161 3528 1296 3584 ergo
1341 3529 1447 3568 nos
1495 3512 1798 3585 erigimur,

91 3594 185 3651 illi
220 3606 537 3656 corruunt
560 3619 574 3669 ;
601 3600 654 3657 si
670 3617 778 3656 nos
798 3599 1284 3668 convalescimus,
1303 3598 1387 3655 illi
1403 3600 1797 3658 infirmantur.

0 3690 1 3693 “
91 3683 419 3745 Remedia
438 3695 644 3746 nostra
664 3689 849 3763 plaga:
872 3688 1138 3762 ipsorum
1163 3694 1326 3757 sunt,
1342 3689 1481 3762 quia
1501 3691 1811 3747 curatione

8 3836 11 3839 .
101 3782 476 3836 nostrorum
507 3780 824 3836 vulnerum
859 3779 1271 3863 vulnerantur.
1300 3780 1449 3835 State
1477 3797 1622 3852 ergo,
1657 3781 1803 3836 dile-

185 3900 270 3977 ία)
306 3903 467 3961 Ante
496 3906 715 3971 Quesn.
749 3904 1073 3977 legebatur,
1100 3921 1209 3959 non
1229 3905 1407 3963 solum
1436 3906 1595 3977 quasi
1621 3922 1655 3961 a
1673 3906 1799 3974 Deo,

117 3952 207 4023 Sed
238 3952 619 4048 etiqquz‘iasi
647 3977 718 4048 ab
748 3952 969 4048 hognine
1000 3952 1413 4048 inipugncu'etur
1438 3952 1599 4048 litt/ue
1632 3952 1800 4032 vince:

120 4050 298 4116 retur.
338 4046 608 4102 Correxit
640 4047 739 4102 ille
769 4064 838 4102 ex
868 4046 1257 4103 tribus’codd.
1291 4046 1464 4116 Vict.,
1497 4046 1723 4103 Thuan.
1748 4053 1806 4104 et

122 4110 328 4191 Qui},
356 4118 966 4191 emendationemque
991 4118 1341 4191 confirmant
1371 4110 1486 4174 duo
1506 4120 1806 4176 Lectiona—

124 4186 209 4237 ria
240 4186 313 4241 S.
356 4188 532 4249 Petri.
567 4190 698 4245 cod.
732 4186 883 4244 Bonl
919 4193 978 4244 et
1008 4206 1151 4245 mss.
1185 4188 1406 4256 collect,
1436 4193 1491 4246 2.

190 4258 282 4333 (ὑλ
320 4262 412 4314 Ita
430 4261 660 4333 Thuan.
696 4266 755 4316 et
783 4261 954 4333 Corb.
992 4259 1098 4326 AL,
1128 4262 1250 4316 sine
1274 4262 1803 4333 perturbationibus,

306 4332 628 4407 manifeste
645 4331 999 4407 mendosum
1016 4336 1105 4407 est
1125 4328 1343 4387 etbono
1367 4349 1541 4407 sensu
1556 4328 1804 4389 vacuum

110 4402 181 4451 ut
218 4399 389 4456 illud
417 4407 656 4458 econtra
687 4402 851 4458 Pauli
885 4400 1161 4458 doctrinae
1195 4408 1251 4457 et
1279 4403 1472 4460 verbis
1502 4408 1805 4460 consenta-

109 4483 344 4547 neum:
380 4474 595 4538 Quesn.
628 4507 698 4514 —
730 4475 826 4532 Sic
856 4473 1078 4547 pariter
1105 4474 1289 4529 nostri
1322 4475 1545 4531 csdices
1575 4480 1631 4530 S.
1652 4474 1805 4531 Petri

120 4542 177 4591 εὶ
206 4543 453 4600 collect.
484 4550 539 4600 2.
856 4542 877 4547 ⁷
1878 4565 1887 4573 ’

190 4622 269 4681 (c)
307 4616 430 4709 πμ,
452 4616 880 4709 ξη.ςὶι1ἰίηίζνιιτρῑἌ
897 4615 1370 4698 Quesnellianam
1387 4616 1806 4673 correctionem
1837 4602 1886 4669 Π

131 4688 473 4755 Ipprobant
503 4704 653 4744 mss.
687 4689 744 4744 S.
779 4688 957 4744 Petri.

141 4820 181 4841 1,
188 4756 283 4841 ﬁt!)
277 4760 639 4841 linter-iores
668 4759 982 4841 editiones,
1004 4758 1208 4814 divinis
1212 4759 1665 4841 institutionibus
1686 4776 1808 4815 eru-

136 4820 663 4886 ἀὶίὶέΡι-εεῑυιίωυε
692 4820 1012 4887 lectionem
1046 4846 1190 4886 mss.
1210 4831 1269 4886 S.
1290 4830 1440 4885 Petri
1464 4836 1520 4886 et
1540 4831 1807 4887 codicum

138 4898 375 4975 colgct.
406 4905 465 4969 2,
485 4919 661 4975 quam
682 4903 1044 4975 confirmant
1069 4902 1243 4975 etiam
1276 4902 1806 4975 exemplariaCorb.

140 4974 184 5040 et
216 4971 469 5029 Thuan.
493 4971 527 5029 εἰ
551 4971 871 5038 Quesnello
905 4972 1163 5027 laudata.
1189 4971 1351 5028 Unus
1374 4971 1502 5027 Vat.
1528 4972 1733 5029 collect
1755 4975 1807 5040 4,

140 5036 349 5099 duini:
379 5036 839 5101 instructionibus
870 5044 1095 5099 eruditi.

203 5115 285 5174 (ε)
307 5116 673 5172 Duolaudati
693 5113 996 5181 Quesnelli
1019 5114 1187 5170 codd.
1210 5115 1374 5169 Corb.
1391 5119 1447 5169 ct
1469 5115 1694 5171 Thuan.
1712 5116 1812 5171 ha—

144 5176 300 5254 bent,
332 5189 600 5243 adversus
630 5176 829 5243 mundi
849 5189 1104 5258 rectores,
1138 5186 1334 5258 mundi
1360 5186 1524 5258 hujus
1561 5187 1811 5243 tenebra—

147 5267 265 5310 rum
286 5258 511 5314 harum.
530 5264 647 5316 Duo
669 5260 730 5315 S.
766 5258 923 5315 Petri
954 5263 1013 5312 et
1040 5256 1156 5312 duo
1179 5256 1335 5324 Vat.,
1358 5256 1615 5313 adversus
1645 5267 1812 5313 recto-

148 5338 257 5402 ζει
286 5329 485 5402 mundi
538 5330 701 5402 hujus
759 5330 1123 5402 tenebrarum
1173 5328 1395 5402 omissa
1421 5346 1558 5384 voce
1590 5328 1809 5402 harum.

152 5395 324 5456 Dsdd.
357 5395 724 5458 collectionis
753 5404 791 5456 2
816 5405 881 5457 ut
910 5400 972 5455 in
1008 5404 1169 5456 textu
1195 5405 1251 5455 et
1281 5400 1341 5456 in
1367 5405 1607 5473 vulgato
1657 5401 1814 5457 Scri-

155 5474 353 5542 pture.

242 5546 285 5615 ί)
314 5544 639 5601 Unus'cod.
672 5545 733 5601 S.
770 5544 947 5600 Petri.
982 5558 1106 5614 quo.

164 5674 177 5686 _
224 5594 299 5690 (ξ)
308 5594 504 5690 βῖίξιῖο.
1122 5615 1297 5690 ignea.
1318 5615 1498 5686 Ignita
1513 5628 1617 5688 pro
1634 5615 1813 5690 ignea.

162 5691 220 5749 In
244 5685 386 5748 inse.
404 5688 574 5745 Corb.
598 5692 659 5745 et
677 5685 941 5756 Thuan.,
957 5685 1267 5754 Quosnello
1302 5685 1666 5747 annotante.’
1687 5685 1819 5745 Mox

468 5816 741 5883 Ριτιοι..
787 5812 945 5882 LIV.

1578 352 1845 417 SERMO
1887 355 2156 417 XXXIX.

3449 359 3573 421 266

1961 487 2195 556 tissimi,
2231 491 2295 543 ut
2322 487 2636 562 Apostolus
2680 489 2778 559 ait,
2811 490 3073 546 succincti
3120 489 3327 548 lumbos
3370 496 3571 549 mentis

1874 606 1904 637 ι,
1955 580 2119 635 6δίνὲιέ
2147 579 2208 633 in
2236 579 2482 645 veritate,
2513 586 2563 635 et
2592 579 2821 635 calceati
2870 580 3032 652 pedes
3082 582 3143 635 in
3164 583 3572 653 preparations:

1920 667 2208 738 Evangelii
2228 669 2401 739 pacis,
2430 669 2491 722 in
2520 670 2769 724 omnibus
2799 678 3068 725 sumentes
3096 678 3307 727 scutum
3334 670 3484 743 ﬁdei,
3507 673 3569 727 in

1924 772 2027 828 quo
2051 758 2275 828 possitis
2301 759 2488 812 omnia
2502 758 2577 829 (g)
2593 759 2699 814 tela
2715 759 2950 829 maligni
2964 759 3123 830 ignea
3138 760 3501 831 exstinguere,
3515 764 3569 817 et

1918 842 2136 915 galeam
2164 846 2360 900 salutis
2388 849 2668 916 assumite,
2702 850 2753 904 et
2773 848 3021 920 gladium
3047 850 3296 920 spiritus,
3329 849 3469 922 quod
3488 852 3566 906 est

1918 935 2143 989 verbum
2172 934 2273 989 Dei
2320 935 2712 1006 Ephes.v1,14).
2731 935 2953 1005 Videte,
2982 935 3563 1011 dilectissimi,quam

1920 1022 2258 1095 potentibus
2300 1040 2405 1079 nos
2441 1023 2592 1093 telis,
2622 1041 2797 1096 quam
2838 1025 3333 1098 insuperabilibus
3368 1028 3562 1083 muni-

1920 1113 2134 1169 mentis
2166 1114 2284 1169 dux
2312 1112 2514 1169 multis
2546 1113 2793 1187 insignis
2835 1115 3174 1187 triumphis,
3208 1118 3265 1170 et
3311 1115 3563 1173 invictus

1918 1201 2257 1257 Christianas
2306 1201 2527 1257 militiae
2579 1203 2857 1275 magister
2903 1203 3234 1259 armaverit.
3267 1203 3565 1260 Succinxit

1916 1286 2152 1345 lumbos
2170 1288 2358 1345 balteo
2371 1290 2680 1360 castitatis,
2705 1290 3170 1363 calceavitpedes
3194 1289 3444 1348 vinculis
3467 1309 3565 1366 pa-

1917 1379 2033 1435 cis:
2060 1379 2197 1451 quia
2225 1383 2284 1434 et
2313 1379 2629 1449 distinctus
2653 1378 2820 1435 miles
2837 1379 3064 1453 cito,(h)
3087 1382 3159 1437 ah
3181 1380 3561 1454 impudicitia:

1912 1467 2211 1524 incentore
2232 1467 2500 1536 vincitur,
2521 1473 2579 1523 et
2598 1485 2711 1524 non
2734 1469 3025 1545 calceatus
3046 1469 3212 1526 facile
3233 1488 3268 1526 a
3293 1462 3562 1544 serpente

1914 1557 2232 1612 mordetur.
2249 1556 2492 1613 Scutum
2516 1556 2648 1612 ﬁdei
2679 1557 2750 1611 ad
2776 1557 3192 1629 protectionem
3221 1559 3401 1616 totius
3432 1577 3559 1616 cor-

1913 1644 2072 1717 poris
2095 1644 2274 1711 dedit,
2289 1643 2466 1716 capiti
2483 1643 2707 1716 galeam
2732 1644 3555 1719 salutisimposuit,dexteram

1911 1733 2128 1807 gladio,
2152 1733 2210 1789 id
2235 1738 2325 1790 est
2338 1734 2510 1790 verbo
2529 1734 2812 1804 veritatis,
2836 1734 3149 1790 instruxit:
3179 1739 3240 1791 ut
3270 1734 3559 1808 spiritalis

1914 1820 2207 1895 praeliator
2237 1840 2352 1878 non
2385 1821 2576 1879 solum
2608 1823 2686 1878 sit
2713 1827 2878 1879 tutus
2908 1842 2942 1879 a
2968 1823 3228 1891 vulnere,
3247 1824 3359 1881 sed'
3379 1829 3436 1880 et
3464 1826 3558 1882 rea

1906 1904 2269 1985 pugnantem
2301 1911 2488 1967 valeat
2515 1910 2840 1967 vulnerare.
3398 1978 3401 1979 ν
3559 1909 3563 1914 ’

1976 2000 2112 2057 CAP.
2144 1999 2211 2055 V.
2240 2033 2308 2039 —
2338 2001 2439 2055 His
2490 2000 2691 2073 igitur,
2733 2000 3127 2073 dilectissimi,
3168 2002 3300 2058 freti
3349 2003 3551 2073 armis,

1905 2088 2155 2162 impigre
2168 2092 2342 2160 atque
2360 2089 2645 2161 intrepide
2670 2090 3035 2163 propositum
3056 2090 3224 2147 nobis
3260 2093 3555 2149 certamen

1906 2177 2175 2234 ineamus
2196 2196 2208 2234 :
2228 2177 2369 2233 utin
2397 2178 2956 2250 istojcjuniorum(i)
2980 2179 3187 2249 stadio,
3204 2197 3319 2237 non
3342 2197 3409 2237 eo
3430 2185 3555 2238 tan-

1906 2270 2030 2322 tum
2046 2266 2232 2324 simus
2257 2266 2369 2323 ﬁne
2390 2267 2667 2337 contenti,
2688 2272 2751 2324 ut
2766 2268 2948 2324 solam
2974 2269 3237 2325 ciborum
3258 2269 3554 2328 abstinena

1905 2355 2048 2411 tiam
2084 2361 2360 2429 putemus
2400 2374 2531 2413 csse
2570 2358 2929 2414 sectandam.
2951 2358 3162 2415 Parum
3192 2360 3350 2415 enim
3381 2360 3471 2416 est
3500 2358 3548 2418 si

1906 2444 2097 2501 carnis
2132 2445 2465 2501 substantia
2488 2450 2781 2514 tenuatur,
2805 2451 2859 2502 et
2900 2448 3107 2503 animae
3132 2448 3407 2506 fortitudo
3435 2467 3551 2507 non

1907 2532 2101 2589 alitur.
2125 2533 2350 2590 Al‘ﬂicto
2372 2534 2678 2607 paululum
2711 2536 2988 2592 exteriore
3036 2536 3292 2607 homine,
3324 2533 3566 2596 reficis!

1905 2626 2004 2678 tur
2032 2621 2305 2690 interior;
2330 2628 2388 2678 et
2414 2623 2711 2678 subtracta
2732 2624 2892 2679 carni
2920 2625 3226 2681 saturitate
3256 2640 3573 2699 corporea,‘

1906 2709 2313 2783 spiritualihus
2345 2728 2512 2766 mens
2531 2711 2757 2767 deliciis
2775 2713 3097 2768 roboretur.
3115 2714 3564 2788 Circumspiciat

1906 2816 1968 2855 se
1997 2799 2188 2855 omnis
2212 2800 2408 2855 anima
2428 2799 2776 2867 Christiana,
2800 2805 2856 2856 et
2873 2818 3069 2857 severo
3083 2801 3345 2858 examine
3363 2798 3563 2860 cordis

1906 2888 1998 2944 sui
2027 2889 2258 2944 interna
2287 2889 2584 2946 discutiat.
2609 2888 2815 2945 Videat
2846 2906 2915 2946 ne
2945 2889 3087 2962 quid
3136 2890 3215 2946 ibi
3249 2890 3559 2948 discOrdiai

1906 2977 2223 3049 inhaeserit,
2248 2995 2318 3033 ne
2339 2978 2476 3050 quid
2501 2979 2836 3051 cupiditatis
2852 2976 3158 3036 insederit.
3181 2979 3433 3037 Castitas
3462 2981 3552 3038 in-

1905 3067 2322 3122 continentiam
2347 3066 2546 3140 procul
2570 3066 2764 3140 pellat,
2786 3066 2852 3141 ti)
2868 3068 3137 3126 tenebras
3159 3066 3554 3128 simulationis

1905 3155 2006 3211 lux
2018 3156 2215 3229 abigat
2234 3156 2514 3212 veritatis.
2534 3155 2910 3212 Detumescat
2929 3157 3225 3237 superbia,
3249 3158 3555 3231 resipiscat

1911 3245 2237 3312 iracundia,
2271 3247 2418 3301 141
2465 3245 2943 3301 comminuantur
2987 3246 3189 3317 jacula
3245 3246 3568 3318 noxarum,

1909 3338 1967 3390 et
1995 3333 2337 3390 obtrectatio
2368 3333 2580 3406 linguae
2611 3334 2888 3390 frenatur.
2913 3337 3154 3391 cessent
3181 3336 3468 3407 vindictae,
3497 3341 3555 3393 et

1908 3423 2183 3479 oblivioni
2216 3424 2570 3478 mandentur
2598 3422 2844 3495 injuriae.
2870 3425 3057 3481 Omnis
3080 3429 3373 3497 postremo
3392 3427 3554 3498 plan-

1909 3514 2043 3569 tatio
2072 3529 2235 3584 quam
2261 3528 2374 3567 non
2397 3514 2671 3585 plantavit
2700 3515 2866 3570 Pater
2892 3505 3141 3582 caelestis,
3170 3515 3433 3571 radicitus
3460 3532 3556 3571 au-

1908 3603 2127 3673 feratur
2156 3601 2358 3661 (Matth.
2389 3619 2481 3672 xv,
2516 3603 2624 3665 13).
2658 3603 2822 3658 Tunc
2878 3601 3033 3659 enim
3092 3603 3151 3658 in
3211 3598 3380 3661 nobis
3410 3594 3563 3661 bene

1908 3690 2189 3747 virtutum
2214 3690 2442 3746 semina
2457 3690 2818 3760 nutriuntur,
2833 3693 3067 3764 quando
3087 3693 3165 3756 (lc)
3186 3693 3259 3750 de
3277 3710 3418 3766 agro
3439 3710 3558 3749 cor-

1912 3778 2002 3835 dis
2026 3779 2210 3834 nostri
2234 3795 2405 3835 omne
2427 3792 2665 3851 germen
2687 3784 2990 3836 externum
3012 3780 3296 3837 evellitur.
3328 3783 3386 3837 Si
3417 3780 3552 3853 quis

1913 3920 2191 3960 assumere
2219 3920 2322 3975 pro
2352 3907 2615 3959 assumite
2634 3904 2693 3958 in
2716 3921 2833 3960 uno
2866 3922 2977 3960 ms.
3010 3908 3066 3960 S.
3096 3904 3268 3961 Petri.

1982 3979 2058 4047 (g)
2079 3979 2162 4030 Ita
2173 3974 2375 4031 omnes
2398 3975 2581 4031 nostri
2603 3976 2834 4031 codd.et
2854 3975 3138 4031 editiante
3158 3974 3555 4047 Quesnellum,

1912 4045 2019 4119 qui
2041 4064 2145 4102 cur
2173 4048 2451 4119 posuerit,
2480 4047 2946 4119 ab__impudenti$
2976 4046 3401 4119 incentore,iubi
3449 4045 3558 4119 hoc

1913 4116 2146 4174 comma
2174 4116 2422 4173 refertur
2438 4118 2509 4171 ad
2531 4116 2650 4184 illa,
2669 4116 2945 4173 succinxit
2974 4117 3184 4172 lumbos
3204 4117 3376 4173 balteo
3391 4118 3557 4172 casti-

1914 4191 2060 4257 tatis,
2094 4190 2457 4260 ignoramus.

1984 4258 2330 4329 (i)Qua=.dam
2344 4258 2629 4315 editiones
2641 4274 2775 4314 cum
2789 4258 3143 4327 quibusdam
3157 4258 3556 4329 codd.,studio.

1987 4328 2054 4403 (j)
2076 4332 2213 4386 Erat
2244 4331 2301 4403 in
2325 4330 2497 4386 editis
2525 4334 2582 4403 et
2609 4330 2669 4384 in
2692 4346 2838 4403 mss.
2857 4329 3255 4403 posteriorum
3279 4328 3564 4403 collectio-

1916 4400 2081 4469 num,
2113 4402 2358 4457 tenebras
2388 4401 2664 4456 mendacii
2683 4402 2784 4455 tua:
2811 4400 2997 4471 abigat
3025 4403 3275 4458 veritatis
3310 4402 3458 4529 [quia
3502 4408 3563 4458 os’

1916 4474 2056 4529 auod
2082 4475 2350 4528 mentitur
2376 4474 2621 4527 animam
2649 4474 2964 4528 mentientis
3001 4474 3279 4529 interﬁcit.
3357 4481 3560 4528 etume-

1915 4474 2056 4546 quod
2082 4475 2350 4528 mentitur
2372 4474 2621 4546 animam
2649 4474 2964 4528 mentientis
3001 4474 3279 4543 interﬁcit.
3310 4474 3560 4529 Det-ume-

1915 4544 2028 4601 scat
2054 4546 2329 4616 superbia,
2362 4544 2650 4616 humilitas
2681 4546 3311 4616 assumatur,resipiseat
3342 4546 3569 4600 iracun-

1914 4616 2028 4672 dia.
2059 4614 2426 4685 Quesnellus,
2450 4614 2575 4669 loco
2604 4615 2897 4681 mendacii,
2924 4614 3231 4672 substituit
3257 4617 3565 4672 simulatio-

1912 4689 2002 4769 nis
2026 4704 2038 4742 :
2058 4687 2118 4769 in
2147 4687 2388 4769 reliquis
2413 4686 2713 4769 vulgatum
2735 4689 2959 4769 textum
2982 4687 3239 4769 retinuit,
3259 4686 3565 4769 expurgatis

1915 4757 2055 4825 illis,
2079 4757 2365 4814 humilitas
2395 4757 2727 4824 assumatur,
2748 4757 2905 4829 quia,
2936 4758 3147 4829 inquit,
3166 4758 3225 4813 in
3256 4757 3399 4815 mss.
3419 4758 3567 4815 desi-

1916 4831 2277 4903 derantur,et
2297 4828 2460 4903 illum
2493 4828 3164 4903 oratianisahrumpunt.
3187 4829 3415 4886 Notavit
3430 4846 3570 4903 prie-

1917 4906 2076 4957 terea
2092 4902 2150 4954 in
2165 4901 2781 4972 margine,verha,quia
2793 4915 2849 4956 os
2862 4901 3002 4971 quod
3010 4903 3310 4958 meantitur
3318 4901 3568 4957 animum

1917 4973 2231 5028 mentientis
2262 4972 2543 5040 interﬁcit,
2569 4972 2771 5026 dessse
2803 4972 2861 5026 in
2882 4973 3047 5028 codd.
3069 4972 3311 5027 Corh.et
3335 4973 3568 5029 Thuan‘.

1919 5044 2036 5123 Nos
2066 5043 2186 5123 haec
2218 5059 2460 5123 quoque.
2481 5042 2857 5123 exclusimus,
2892 5043 3275 5123 guialahsunt
3294 5049 3573 5123 praeterea

1920 5116 1991 5171 ab
2024 5112 2283 5185 antiquis
2312 5112 2373 5168 et
2416 5114 2835 5169 sinceriorihus
2893 5112 3269 5171 Lectionariis
3294 5112 3360 5172 Β.
3395 5112 3569 5185 Petri,

1923 5203 2029 5242 nec
2062 5184 2181 5240 non
2201 5202 2233 5239 a
2252 5185 2418 5258 codd.
2438 5185 2907 5258 praestantior-um
2931 5185 3359 5258 collectionum,
3375 5186 3472 5258 qui
3490 5184 3574 5241 le-

1923 5258 2175 5330 ctionem
2199 5258 2380 5330 textui
2405 5256 3141 5330 insertamgexhihent._Mox
3158 5275 3260 5330 pro
3275 5256 3570 5330 noxarum,

1924 5330 2080 5402 quod
2103 5328 2314 5402 legitur
2332 5328 2667 5402 in‘antiquis
2686 5327 3065 5402 Lectionariis
3085 5334 3143 5385 et
3158 5326 3574 5402 vetustioribus

1924 5346 2080 5402 quoa
2103 5346 2155 5385 ie
2197 5346 2314 5383 Itur
2332 5346 2387 5382 in
2408 5346 2667 5399 antiquis
2686 5346 3065 5384 necuonarus
3085 5346 3143 5385 et
3159 5346 3574 5385 vetusuorinus

1924 5418 1979 5456 m
1992 5417 2071 5456 ss.
2088 5346 2717 5472 coﬁectionihusmxem
2724 5399 2887 5472 plum
2902 5398 3104 5470 prima:
3119 5398 3389 5455 editionis
3399 5394 3577 5472 habet

1923 5473 2227 5552 noxiarum
2248 5491 2268 5538 ;
2286 5469 2385 5552 q_ul
2406 5467 2629 5527 librarii
2659 5467 2862 5552 lapsus
2886 5467 3021 5552 cum
3043 5486 3174 5552 non_
3190 5467 3576 5552 detegeretul}

1926 5543 1985 5625 in
2005 5540 2431 5625 posterioribus
2459 5559 2603 5625 mss“.
2634 5540 3082 5625 collectionibus
3106 5541 3179 5596 ad
3201 5542 3582 5625 sensu-mupg-

1926 5609 2242 5672 ﬁniendum
2266 5612 2532 5669 additum
2567 5612 2676 5668 fuit
2695 5609 3578 5679 substantivum,cogitati0num.

2023 5686 2075 5753 k)
2107 5687 2193 5744 Ita
2221 5701 2290 5745 ex
2318 5689 2570 5764 quatuor
2599 5684 2817 5746 nostris
2848 5682 3016 5742 codd.
3050 5680 3164 5753 AL,
3187 5682 3256 5743 ab
3284 5688 3437 5753 agro.

3213 5809 3256 5895 ﬂ
