3964 6218
440 360 559 439 ἓὸἔ

1557 358 1622 424 S.
1670 355 1947 432 LEONIS
1972 356 2246 427 'MAGNI
2286 359 2735 428 BERMONES.

439 520 676 579 tuantur
696 512 1077 575 fundamenta
1094 511 1347 572 virtutis.
1372 515 1442 572 Et
1464 514 1595 573 ideo
1616 513 1865 572 infirmae
1886 513 2082 572 carnis
2109 494 2167 568 Α
2195 496 2432 556 δίδίωθί
2450 497 2510 555 in
2538 498 2829 559 unitatem
2853 494 3329 560 studeantredire
3358 501 3686 559 concordiis.
3713 503 3801 562 No-

438 606 779 667 istusufﬁeit
796 606 1100 679 tngritudo,
1118 619 1245 679 qua
1267 622 1421 677 saape
1453 618 1791 662 mensumm
1820 603 2082 662 volunta-

438 698 536 755 rie
557 694 1149 766 afﬂictionisexcedit,
1171 699 1401 752 tantum
1415 701 1479 752 ut
1492 710 1658 751 mens
1676 695 1739 751 ol‘
1739 694 1850 751 ﬁcii
1866 694 1957 749 sui
1978 694 2087 750 im-

437 786 595 859 pleat
615 788 828 858 partes,
854 789 915 842 et
931 801 1059 857 quae
1084 800 1361 856 corporea
1379 784 1711 857 epulatione
1733 800 1848 839 non
1875 783 2077 851 utitur,

390 888 397 891 '
437 875 598 933 nulla
609 874 917 947 iniquitate
934 873 1698 947 pascotur.Rationabilibus
1711 879 1904 930 autem
1918 890 1983 928 sa
1992 890 2080 929 nc-

434 964 890 1038 tisquejejuniis
913 962 1078 1021 nulla
1115 963 1317 1020 utilius
1352 978 1534 1036 quam
1575 963 2079 1035 eleemosynarum

434 1071 610 1128 spera
636 1053 1005 1127 copulantur,
1056 1070 1183 1125 quae
1215 1070 1329 1109 uno
1376 1052 1785 1109 misericordiae
1843 1053 2080 1108 nomine

433 1141 1413 1213 1:09multaslaudabilespictatis
1454 1142 1754 1198 continent
1795 1141 2076 1209 actiones,

431 1237 496 1288 ut
510 1233 778 1289 omnium
798 1232 1060 1288 ﬁdelium
1074 1246 1242 1303 pares
1258 1230 1437 1287 animi
1456 1247 1583 1287 esse
1626 1231 1856 1303 possint
1898 1230 2077 1287 etiam

429 1322 585 1378 inter
611 1321 870 1395 impares
922 1320 1248 1377 facultates.
1283 1320 1522 1376 Dilectio
1552 1320 1708 1376 enim
1742 1338 1869 1393 quae
1900 1320 2077 1376 simul

427 1414 544 1467 Deo
566 1410 907 1484 hominique
938 1411 1202 1478 debetur,
1227 1408 1404 1466 nullis
1446 1426 1726 1482 umquam
1752 1410 1825 1482 (α)
1851 1409 1931 1465 ita
1965 1410 2075 1465 im-

426 1500 663 1572 peditur
677 1499 1017 1566 obstaculis,
1033 1504 1099 1555 ut
1116 1516 1231 1555 non
1243 1499 1293 1555 ei
1318 1515 1552 1571 semper
1569 1499 1715 1555 bene
1736 1497 1880 1555 velle
1902 1499 1981 1554 sit
2000 1498 2075 1553 li-

424 1588 652 1645 beruni.
671 1588 1265 1662 Dicenti-busquippe:
1301 1588 1485 1644 Gloria
1510 1588 1568 1645 in
1600 1588 1827 1643 excelsis
1854 1589 1982 1656 Deo,
2025 1596 2077 1643 et

423 1677 484 1732 in
503 1684 651 1734 terra
661 1695 776 1751 pas:
791 1678 1102 1734 hominibus
1119 1678 1274 1735 bona:
1288 1678 1585 1733 voluntatis
1600 1676 1934 1748 (Lucania),
1954 1692 2071 1733 non

422 1765 616 1825 solum
647 1769 859 1824 virtute
900 1766 1329 1831 benevolentiae,
1364 1767 1468 1822 sed
1497 1767 1674 1822 etiam
1707 1766 1869 1839 pacis
1916 1766 2070 1821 bono

424 1856 639 1914 beatus
657 1857 928 1925 efficitur,
954 1857 1314 1929 quicumque
1343 1855 1474 1912 aliis
1494 1870 1865 1928 quacumque
1902 1854 2071 1910 misc—
2099 1871 2154 1939 Β

422 1947 512 2003 ria
530 1945 1236 2004 taborantibuscharitate
1256 1945 1333 2017 (b)
1351 1944 1728 2027 cognpatitur.
1758 1942 2074 2000 Latissima

421 2036 580 2093 enim
593 2040 732 2091 sunt
745 2051 919 2108 Opera
936 2032 1188 2107 pietatis,
1204 2051 1331 2106 qua:
1345 2033 1473 2107 ipsa
1490 2033 1581 2089 sui
1607 2031 1881 2089 varietate
1897 2033 1953 2087 id
1986 2048 2075 2088 ve-

423 2125 504 2180 ris
524 2123 832 2179 conferunt
852 2122 1221 2189 Christianis,
1242 2127 1306 2177 ut
1328 2123 1386 2177 in
1402 2121 1812 2178 distributione
1824 2120 2071 2177 elecmo-

422 2227 703 2285 synarum
721 2228 837 2268 non
850 2210 1038 2267 solum
1057 2210 1266 2267 divites
1279 2215 1335 2267 et
1347 2211 1733 2279 abundantes,
1763 2211 1863 2267 sed
1894 2210 2072 2266 etiam

422 2299 747 2357 medioeres
776 2304 834 2356 et
864 2317 1168 2373 pauperes,
1205 2316 1344 2356 suas
1375 2300 1635 2356 habeant
1655 2300 1981 2373 portiones;
2018 2305 2075 2354 et

422 2389 522 2461 qui
553 2388 994 2463 Iargitatissunt
1016 2389 1241 2445 viribus
1262 2388 1601 2462 inaequales,
1637 2389 1853 2446 mentis
1876 2393 2071 2444 tamen

423 2476 724 2535 affectione
751 2477 869 2533 sint
898 2478 1139 2535 similes.
1164 2478 1311 2534 Nam
1334 2495 1466 2535 cum
1490 2479 1601 2535 sub
1623 2477 1808 2535 oculis
1840 2475 2073 2534 Domini

426 2566 596 2624 multi
622 2567 681 2623 in
702 2566 1113 2641 gazOphylacio
1138 2585 1207 2624 ex
1223 2567 1521 2640 opulentia
1535 2585 1644 2624 sua
1659 2567 1843 2623 multa
1855 2567 2076 2625 confer-

363 2704 375 2715 .
421 2660 569 2722 rent,
587 2656 764 2712 vidua
780 2656 1047 2728 quaedam
1071 2656 1218 2711 duos
1247 2656 1445 2712 intulit
1467 2673 1742 2713 nummos
1763 2659 1916 2727 (Luc.
1950 2673 2067 2727 xm,

419 2746 490 2813 2;
512 2745 677 2801 Marc.
700 2760 801 2812 xu,
823 2747 937 2814 b2),
960 2747 1017 2801 et
1038 2745 1138 2800 tali
1155 2744 1296 2803 Jesu
1323 2745 1538 2801 Christi
1565 2746 1900 2803 testimonio
1925 2762 2075 2803 mer-

428 2834 517 2890 uit
538 2836 824 2904 coronari,
843 2834 980 2890 utin
1006 2838 1124 2890 tam
1149 2853 1323 2909 parvo
1342 2838 1606 2893 muneris
1624 2837 1794 2892 modo
1807 2836 2072 2892 omnium

428 2924 606 2980 fuerit
621 2923 912 2980 collationi
929 2927 1000 2992 (ε)
1022 2924 1197 2999 digna
1210 2925 1463 2998 praeferri
1488 2943 1501 2982 :
1527 2926 1665 2998 quia
1685 2926 1838 2981 inter
1858 2941 2075 2998 magna

424 3028 625 3070 eorum
657 3013 829 3082 dona,
864 3014 1081 3086 quibus
1113 3013 1299 3071 multa
1347 3015 1701 3084 residebant,
1724 3014 1884 3071 illius
1915 3016 2071 3087 quod

420 3100 535 3159 fuit
552 3102 850 3174 exiguum,
874 3102 984 3159 fuit
1002 3107 1213 3160 totum.
1239 3104 1299 3160 Si
1329 3121 1460 3160 vero
1492 3104 1707 3177 aliquis
1731 3109 1904 3161 tautae
1928 3121 2069 3178 pau-

418 3193 661 3265 pertatis
678 3192 1328 3266 eoaretaturangustiis,
1346 3199 1411 3250 ut
1428 3211 1530 3249 nec
1547 3195 1618 3249 ad
1637 3195 1751 3251 duo
1778 3211 1891 3249 tera
1909 3194 2063 3266 inopi
2096 3234 2141 3305 α

418 3281 801 3305 2.......-ιέ-..,1-
830 3281 1080 3305 ---rn-2-;
1127 3282 1297 3305 ‘L_L-L
1316 3282 1370 3305 2..
1394 3284 1693 3305 __..-__1.1_
1718 3282 1943 3305 n-__:_.:
1966 3300 2039 3305 --μ

418 3281 809 3355 impertienda
829 3281 1102 3350 sufﬁciat,
1127 3282 1299 3338 habet
1316 3282 1373 3337 in
1393 3284 1696 3356 praeceptis
1717 3282 1946 3340 Domini
1966 3300 2068 3340 un-

419 3371 493 3426 de
509 3370 753 3444 impleat
782 3371 946 3426 bona;
977 3371 1294 3427 voluntatis
1326 3371 1605 3428 ofﬁcium.
1638 3372 1938 3446 Siquidem
1963 3372 2063 3446 qui

420 3458 643 3515 sitienti
674 3460 914 3532 pauperi
947 3459 1187 3515 calicem
1219 3476 1380 3533 aquae
1429 3460 1651 3531 frigidas
1685 3462 2052 3530 ministrarit,

420 3548 747 3603 mercedem
779 3551 865 3603 est
895 3548 985 3603 sui
1016 3548 1208 3620 operis
1257 3548 1575 3621 adepturus
1606 3551 1814 3622 (Matth.
1837 3566 1892 3618 x,
1928 3552 2053 3626 42):

419 3639 586 3692 tanta
613 3636 801 3692 servis
827 3636 953 3691 suis
992 3636 1236 3693 Domino
1267 3637 1340 3691 ad
1372 3635 1757 3695 obtinendum
1810 3656 2057 3713 regnum

421 3740 596 3782 suum
627 3729 989 3799 praeparante
1034 3726 1400 3798 compendia,
1453 3731 1518 3781 ut
1564 3727 1741 3784 etiam
1795 3730 2057 3802 praebitio

419 3832 604 3888 aquae,
639 3815 812 3887 cujus
861 3831 1006 3872 usus
1058 3814 1350 3888 gratuitus
1382 3820 1919 3889 atque‘communis
1950 3823 2058 3885 est,

416 3905 652 3979 praemio
675 3922 789 3961 non
807 3908 1044 3961 careret.
1069 3904 1231 3969 Quod
1254 3922 1323 3961 ne
1345 3904 1465 3960 ulla
1486 3905 1897 3964 intercluderet
1912 3908 2062 3963 difﬁ-

414 3994 621 4052 cultas.
643 3995 718 4051 de
736 4011 892 4068 aqua
913 3993 1124 4068 frigida
1144 3994 1333 4050 forma
1355 3999 1444 4051 est
1468 3996 1775 4067 proposita
1800 3997 2056 4068 pietatis:

415 4101 487 4141 ne
502 4078 804 4158 putarctsc
824 4085 1089 4141 mercede
1110 4083 1450 4152 cariturum,
1470 4083 1563 4140 cui
1586 4084 1656 4140 de
1680 4085 2059 4143 calefactione

416 4174 891 4248 potuslignorum
909 4172 1276 4248 impendium
1297 4173 1602 4231 defuisset.
1627 4174 1839 4247 Dequo
1862 4179 2059 4233 tamen

413 4244 592 4321 calice
608 4244 721 4320 non
742 4244 960 4321 frustra
973 4244 1250 4321 admonet
1265 4262 1549 4319 Dominus
1569 4265 1636 4319 ut
1649 4264 1707 4318 in
1723 4244 2059 4337 nomineip-

414 4351 541 4407 sius
555 4352 897 4424 praebeatur:
917 4353 1017 4424 qui
1032 4352 1308 4424 bamque
1327 4369 1428 4425 per
1439 4368 1500 4408 se
1517 4368 1579 4408 se
1597 4356 1736 4408 sunt
1750 4352 2061 4421 vilia,{ides

412 4439 611 4495 effiieit
627 4439 963 4512 prctiosa,et
980 4458 1107 4512 qua:
1124 4442 1196 4497 ab
1214 4440 1549 4498 inﬁdelibus
1567 4440 2064 4507 ministrantur,et

413 4526 698 4583 si’l‘uerint
719 4533 959 4601 sumptu
982 4545 1216 4602 magna.
1242 4530 1401 4586 omni
1423 4533 1617 4587 tamen
1628 4530 2058 4601 justiﬁcatione

412 4620 565 4687 sunt;
584 4632 780 4673 vacua.

482 4703 619 4759 CAP.
658 4704 755 4760 lll.
789 4735 857 4747 —
882 4704 1239 4761 Celebraturi
1300 4707 1480 4780 igitur
1522 4707 1748 4764 Pascha
1795 4708 2053 4778 Domini,

413 4791 798 4862 dilectissimi,
825 4793 908 4850 ita
930 4810 1034 4850 vos
1065 4795 1286 4852 sanctis
1301 4800 1570 4853 exercete
1592 4797 1857 4869 jejuniis,
1893 4802 1956 4854 ut
1985 4800 2059 4855 ab

413 4881 690 4939 omnibus
712 4881 1251 4954 perturbationibus
1270 4883 1437 4941 liberi
1458 4883 1532 4944 ad
1553 4886 1701 4941 festa
1731 4887 2061 4953 saeratissi-

415 4988 512 5029 ma
532 4970 1097 5043 veniatis.Snperbia3
1115 4972 1460 5044 spiritus,de
1472 4990 1588 5046 quo
1604 4978 1743 5030 sunt
1759 4976 1958 5031 omnia
1971 4993 2063 5032 or-

413 5064 477 5117 ta
494 5063 731 5133 peccata
752 5058 1103 5115 humilitatis
1119 5076 1315 5117 amore
1334 5059 1602 5133 pellatur;
1623 5065 1680 5117 et
1700 5062 1800 5135 qui
1813 5063 2061 5122 elatione

413 5151 770 5214 tumuerunt,
797 5149 1247 5205 mansuetudine
1272 5149 1634 5222 migitentur.
1658 5150 1915 5214 Quorum
1928 5170 2060 5210 vero

414 5238 643 5295 animos
672 5237 871 5310 aliqua
909 5237 1270 5312 exasperavit
1298 5236 1561 5295 offensio.
1594 5238 1668 5309 (d)
1704 5241 2061 5298 reconciliati

481 5456 504 5479 "
528 5452 882 5511 Particulam
903 5456 980 5511 ita
992 5452 1326 5511 addidimus
1343 5468 1410 5507 ex
1425 5450 1656 5508 duobus
1687 5467 1832 5509 mss.
1868 5453 1930 5510 S.
1957 5455 2060 5513 Pe-

416 5524 489 5581 tri
507 5529 564 5598 et
574 5524 704 5598 Vat.
725 5523 1001 5598 eollectJi
1024 5527 1143 5591 et5,
1160 5524 1482 5598 eaqueipso
1505 5527 1774 5579 contextu
1790 5525 2058 5598 exigitur.

488 5597 566 5661 (b)
599 5597 662 5652 In
694 5614 838 5653 mss.
866 5597 1086 5654 collect.
1110 5598 1161 5661 4,
1196 5596 1483 5669 c0putatur
1502 5596 1928 5669 etcompatituf.
2011 5617 2020 5625 ·

511 5675 564 5734 e)
591 5669 686 5724 Sic
717 5685 785 5725 ex
813 5686 954 5727 mss.
987 5674 1044 5725 S.
1076 5666 1389 5733 Petri.'Al.,
1417 5666 1707 5737 condigna.

511 5681 564 5734 e)
591 5681 686 5724 Sic
717 5685 785 5725 ex
813 5686 954 5727 mss.
987 5681 1044 5725 δ.
1076 5681 1247 5725 Petri.
1276 5681 1389 5733 AL,
1417 5681 1707 5737 condigna.

487 5681 568 5809 id)
601 5743 687 5795 Ita
715 5755 849 5799 eum
880 5741 1093 5807 Quesn.
1123 5741 1237 5797 duo
1269 5738 1437 5797 codd.
1471 5738 1528 5795 S.
1555 5737 1728 5796 Petri.
1752 5737 2064 5812 Al.,recon-

2192 589 2336 645 mini
2362 590 2575 646 "totum
2588 606 2690 662 pro
2714 590 2860 647 maio
2886 590 3184 662 redderues,
3210 599 3265 649 et
3304 591 3562 649 donantes
3593 593 3795 650 invicem

2191 679 2361 746 vobis,
2388 681 2528 735 sicut
2553 679 2806 736 Christus
2844 680 3065 739 donavit
3085 681 3241 737 nobis
3259 683 3433 752 (Rom.
3457 695 3557 749 xu,
3590 681 3686 754 17),
3707 681 3794 738 hu-

2192 783 2399 824 manas
2429 767 2766 826 inimicitias
2798 785 2938 843 pace
2966 769 3171 838 delete;
3195 775 3253 826 et
3281 770 3331 826 si
3354 770 3455 843 qui
3488 770 3557 826 de
3576 771 3797 827 subditis

2194 858 2231 913 I
2248 859 2348 913 70
2362 858 2567 914 vestris
2579 863 2680 914 ant
2695 858 3241 916 elaustracusto’dize
3252 906 3264 928 ,
3278 863 3381 915 aut
3394 858 3619 915 vincula
3634 859 3696 929 (e)
3708 876 3802 917 me-

2192 948 2455 1013 ruerunt,
2478 945 2933 1003 misericorditer
2956 946 3288 1003 relaxentur
3309 964 3322 1003 :
3343 953 3409 1002 ut
3428 947 3527 1020 qui
3551 946 3804 1020 quotidia-

2190 1049 2276 1089 nse
2306 1033 2682 1108 indulgentiae
2713 1036 2989 1093 remediis
3008 1035 3367 1109 indigemus,
3389 1050 3505 1092 non
3526 1034 3802 1091 difﬁculter

2188 1123 2441 1194 peccatis
2468 1123 2847 1197 ignoscamus
2878 1124 3103 1182 alienis.
3127 1124 3401 1181 Dicentes
3433 1124 3583 1182 enim
3614 1124 3679 1181 ad
3707 1125 3793 1182 Do-

2188 1211 2416 1269 minum
2439 1213 2668 1270 Patrem
2691 1220 2961 1271 nostrum
2987 1232 3000 1270 :
3025 1216 3246 1271 Dimitte
3258 1215 3417 1270 nobis
3435 1214 3609 1271 debita
3620 1222 3794 1283 nostra,

2185 1304 2323 1357 sicut
2351 1311 2403 1359 et
2430 1319 2527 1359 nos
2565 1304 2897 1362 dimittimus
2926 1304 3261 1362 debitoribus
3291 1306 3495 1361 nostris
3524 1302 3710 1377 (Matth.
3738 1318 3797 1369 vi,

2191 1391 2299 1462 12),
2332 1391 2728 1449 certissimum
2750 1398 2843 1450 est
2863 1393 3018 1466 quod
3051 1408 3185 1449 cum
3219 1391 3473 1449 alierum
3497 1391 3712 1448 delictis
3729 1407 3803 1448 ve-

2186 1478 2343 1535 niam
2358 1480 2696 1550 tribuimus,
2730 1482 2899 1539 nobis
2925 1482 3183 1539 divinam
3199 1480 3575 1539 clementiam
3610 1497 3801 1554 praepa-

2185 1584 2404 1624 ramus.
2438 1571 2506 1643 (Γ)
2528 1570 2635 1626 Per
2664 1571 2976 1627 Dominum
3004 1576 3266 1627 nostrum
3285 1572 3494 1629 Je‘sum
3514 1570 3799 1634 Christum,

2181 1656 2281 1729 qui
2313 1674 2447 1714 cum
2491 1659 2659 1715 Patre
2698 1663 2757 1717 et
2786 1659 3009 1732 Spiritu
3040 1660 3244 1716 sancto
3273 1658 3419 1715 vivit
3448 1661 3504 1715 et
3530 1658 3719 1731 regnat
3750 1654 3799 1710 in

2180 1745 2394 1803 saacula
2423 1748 2793 1805 saeculorum.
2821 1750 3027 1807 Amen.

2605 1891 2846 1949 εει).Μο
2876 1891 3017 1949 XLV
3049 1891 3157 1965 [Αι.
3189 1890 3401 1965 XLIV].

2675 1999 2750 2050 De
2780 1999 3188 2063 Quadragesima
3224 1997 3338 2049 VII.

2178 2092 2428 2147 SYNOPSIB.
2486 2124 2546 2133 -—
2602 2098 2640 2147 Ι.
2683 2096 2895 2159 Omnes,
2965 2097 3069 2147 sive
3113 2097 3309 2161 justas,
3377 2095 3487 2146 site
3538 2095 3792 2157 peccatores

2251 2168 2355 2218 sive
2391 2168 2793 2229 catechumenos,
2831 2182 3020 2232 parare
3066 2168 3286 2219 Domino
3324 2167 3466 2218 viam
3502 2166 3674 2217 debere
3718 2172 3797 2232 pet

2244 2240 2715 2305 Quadragesimam.
2774 2229 2842 2277 —‘
2874 2242 2937 2290 ll.
2982 2238 3351 2291 Misericordia
3387 2240 3439 2289 et
3503 2236 3696 2287 veritati
3738 2229 3798 2281 ad

2243 2315 2582 2364 imitationem
2616 2313 2723 2372 Dei,
2753 2310 2943 2374 ﬁdeiel
2971 2311 3217 2360 charitati
3251 2310 3558 2360 instandum
3589 2306 3797 2369 Quadra-

2241 2388 2446 2451 gesimz
2491 2388 2731 2448 tempore.
2763 2382 2936 2440 -οίῐῐΙ,
2997 2381 3200 2432 Christo
3261 2380 3512 2445 impendi,
3571 2377 3700 2444 quod
3712 2392 3797 2451 pro

2245 2449 2449 2507 Christo
2474 2454 2746 2521 praebetur.
2779 2483 2839 2491 —
2871 2453 2953 2503 ιν.
2996 2453 3235 2503 Omnium
3281 2452 3535 2503 virtutum
3579 2449 3791 2501 exercitio

2243 2527 2635 2581 incumbentium
2664 2527 2757 2576 hoc
2790 2529 3032 2589 tempore.

2250 2668 2381 2719 CAP.
2425 2663 2465 2718 Ι.
2500 2692 2569 2702 -
2596 2659 2819 2723 Virtus.
2850 2655 3238 2722 dilectissimi,
3262 2659 3319 2712 et
3362 2653 3645 2729 sapientia
3682 2649 3795 2709 ﬁdei

2180 2751 2714 2819 Christianae,amor
2731 2747 2831 2804 Dei
2850 2752 2957 2815 est,
2972 2750 3206 2802 etamor
3221 2745 3495 2819 proximi;
3512 2760 3688 2817 neque
3698 2741 3807 2797 ullo'

2180 2846 2337 2899 caret
2363 2840 2598 2915 pietatis
2624 2836 2833 2905 ofﬁcio,
2867 2837 2959 2893 cui
2982 2834 3244 2891 studium
3292 2838 3388 2891 est
3416 2833 3600 2891 colere
3629 2829 3797 2888 Domi-

2181 2936 2344 3000 num,
2378 2935 2434 2989 et
2449 2931 2655 3002 juvare
2686 2942 3053 2983 conservum.
3087 2925 3306 2981 Harum
3347 2928 3544 2981 autem
3574 2919 3799 2979 affectio-

2180 3038 2323 3079 num
2346 3018 2562 3092 duplex
2592 3016 2788 3074 unitas
2836 3013 2995 3071 omni
3021 3013 3260 3086 quidem
3285 3018 3377 3071 est
3401 3018 3652 3085 tempore
3667 3025 3801 3065 exer-

2180 3111 2447 3177 e'enda,et
2460 3106 2829 3182 proﬁcienter
2849 3104 3249 3176 augenda,sed
3273 3118 3433 3159 nunc
3456 3098 3799 3158 incrementis

2181 3197 2568 3272 amplioribus
2588 3193 2978 3261 dilatanda,ut
3009 3190 3404 3264 quadraginta
3424 3191 3645 3247 dierum
3659 3188 3797 3261 jeju-

2177 3288 2364 3353 nium,
2393 3286 2545 3360 quod
2569 3284 2699 3342 festi
2728 3281 3023 3357 paschalis
3046 3285 3135 3338 est
3163 3278 3467 3353 prwvium,
3491 3280 3564 3353 (g)
3586 3275 3794 3334 interio—

2176 3393 2299 3434 rem
2331 3375 2524 3433 cordis
2556 3373 2827 3430 auditum
2863 3369 3024 3427 illius
3053 3369 3209 3426 vocis
3239 3368 3432 3425 instar
3460 3371 3798 3436 moveat,qua

2175 3466 2366 3523 verbis
2412 3464 2575 3522 Isaiae
2626 3461 2920 3536 prophetis
2950 3460 3206 3516 Joannes
3238 3457 3503 3531 Baptista
3542 3456 3783 3514 dicebat:

2171 3557 2372 3612 Parata
2399 3555 2547 3609 viam
2575 3552 2814 3617 Domini,
2844 3557 3018 3606 rectas
3036 3549 3198 3620 facite
3242 3549 3471 3603 semitas
3518 3548 3631 3618 ejus
3659 3541 3787 3613 (Isai.

2170 3663 2259 3716 xc,
2291 3645 2364 3714 3;
2395 3641 2581 3699 Matth.
2608 3657 2691 3707 ιιι,
2723 3640 2799 3709 3).
2828 3639 2960 3696 Sive
2985 3637 3141 3694 enim
3163 3635 3327 3692 illam
3365 3640 3588 3710 partem
3609 3627 3783 3707 populi

2169 3733 2496 3808 cogitemus
2529 3747 2657 3803 quae
2687 3728 2912 3785 dudum
2937 3725 3259 3783 certamina
3278 3724 3594 3798 evangelici
3612 3718 3790 3795 egenis

2169 3822 2456 3896 ingressa,
2487 3836 2590 3892 per
2626 3816 2912 3891 spiritalis
2942 3814 3117 3874 stadii
3146 3830 3390 3873 cursum
3423 3811 3795 3896 indesinenter

2168 3895 2358 3968 tendit
2373 3910 2446 3966 ad
2468 3908 2760 3981 palmam;
2784 3906 2904 3963 sive
2925 3905 3086 3960 illam
3112 3921 3241 3976 quae
3262 3902 3566 3960 lethalium
3586 3895 3792 3956 conscia

2169 4003 2562 4073 peccatorum,
2577 4012 2680 4070 per
2695 3992 3186 4052 reconciliationis
3203 3990 3485 4048 auxilium
3502 3988 3721 4046 festinat
3732 3981 3793 4073 ad

2168 4072 2431 4157 veniam;
2458 4088 2575 4144 sive
2608 4085 2770 4141 illam
2790 4098 2916 4157 quin
2939 4083 3122 4140 sancti
3149 4072 3788 4154 Spiritus‘rcgcneranda

2169 4177 2548 4251 baptismate,
2593 4176 2886 4231 vetustate
2914 4171 3103 4228 Adam
3130 4170 3287 4237 exui,
3317 4172 3375 4226 et
3405 4165 3615 4229 Christi
3655 4159 3793 4251 cupit

2168 4249 2422 4322 novitate
2449 4263 2668 4331 vestiri,
2723 4266 2855 4334 apte
2904 4264 2961 4316 et
3012 4258 3235 4315 utiliter
3282 4258 3557 4314 omnibus
3603 4249 3793 4309 dicitur

2168 4356 2366 4410 Parata
2392 4354 2543 4409 viam
2570 4352 2810 4418 Domini,
2831 4356 3005 4406 rectas
3032 4350 3200 4420 facile
3234 4348 3463 4403 semitas
3508 4346 3635 4415 ejus.
3666 4340 3783 4405 One

2167 4446 2363 4501 autem
2380 4441 2482 4498 viae
2503 4439 2752 4509 Domini,
2770 4454 2969 4512 quaeve
2984 4437 3108 4493 sint
3131 4434 3377 4504 semitas,
3402 4433 3657 4508 ejusdem
3670 4440 3793 4521 prte-

2169 4530 2447 4589 dicatoris
2474 4527 2874 4586 cohortatione
2906 4525 3229 4594 discamus,
3260 4523 3365 4596 qui
3388 4520 3590 4579 divinas
3618 4516 3790 4591 gratiae

2086 4607 2147 4673 Di
2165 4637 2340 4695 opera
2368 4624 2427 4676 et
2444 4619 2601 4675 dona
2634 4616 3006 4689 promittens,
3041 4615 3382 4670 futurarum
3406 4602 3793 4695 commutatio-

2167 4690 2311 4765 num
2342 4707 2639 4765 reserabat
2659 4706 2924 4774 effectus,
2949 4704 3176 4762 addens
3209 4701 3565 4760 sententiam
3577 4690 3793 4769 prophe-

2166 4798 2267 4855 tici
2298 4795 2775 4853 sermonisJTl
2817 4798 2875 4850 et
2897 4793 3137 4851 dicens:
3176 4791 3363 4849 Omnis
3413 4789 3572 4846 vallis
3621 4778 3789 4853 imple.

2169 4887 2335 4952 bitur,
2371 4889 2421 4942 et
2467 4885 2646 4941 omnis
2693 4899 2847 4939 mons
2904 4886 2957 4938 et
3006 4881 3164 4938 collis
3192 4878 3610 4942 humiliabitur;
3645 4870 3788 4927 eum!

2163 4992 2338 5047 prava
2369 4976 2431 5029 in
2474 4973 2700 5039 directa,
2736 4975 2788 5027 et
2822 4987 3017 5043 aspera
3054 4971 3113 5026 in
3158 4970 3280 5024 vias
3316 4968 3508 5038 planas
3545 4964 3662 5027 Usa.
3706 4969 3783 5018 XL.

2169 5065 2247 5130 4).
2279 5061 2464 5118 Vallis
2496 5062 2697 5135 itaque
2728 5058 3244 5116 mansuetudinem
3276 5050 3784 5141 neminemnam

2169 5156 2227 5209 et
2253 5150 2417 5208 collis
2466 5149 2775 5206 elationem
2809 5147 3030 5205 indicat
3058 5145 3469 5218 superborum.
3518 5136 3620 5195 Sed
3647 5136 3784 5223 quia!

2171 5242 2323 5297 sicut
2340 5240 2567 5296 Veritas
2583 5237 2745 5309 dicit,
2768 5239 2868 5310 qui
2883 5253 2940 5292 se
2959 5236 3242 5305 humiliat,
3262 5230 3610 5295 excitabitur,
3638 5229 3686 5279 ει
3704 5229 3783 5290 9‘“

2172 5455 2451 5512 citatione.

2242 5530 2315 5594 (ε)
2346 5524 2539 5580 Prima
2570 5522 2766 5594 editio,
2796 5522 3143 5594 meruerint:
3200 5592 3204 5594 ἓ
3251 5588 3262 5594 _
3554 5580 3560 5585 ,
3645 5573 3682 5594 υ

2346 5575 2435 5680 itii.
2443 5575 2596 5680 5119'
2608 5575 2975 5680 Lectiong‘aria
2986 5575 2991 5577 ⁷
3004 5575 3065 5648 S.
3079 5575 3089 5578 ⁷
3107 5575 3274 5680 Petri
3283 5678 3289 5680 Δ
3299 5678 3307 5680 ξ
3319 5575 3788 5680 aliiq‘nefodim-

2170 5659 2345 5725 Ed‘it'i.
2380 5667 2484 5721 Per
2513 5665 2790 5721 Christum
2817 5665 3109 5721 Dominum
3141 5668 3407 5717 nostrum.
3438 5659 3617 5712 Amen.

2246 5739 2317 5811 (ρ)
2348 5737 2489 5793 Mss.
2524 5737 2584 5794 S.
2621 5736 3092 5804 Petri,.interiore
3118 5732 3297 5791 cordis
3324 5729 3535 5788 auditu.
3624 5744 3629 5747 ί
