3964 6218
1633 314 1903 424 sam
1942 357 2117 423 XLV.

192 491 456 562 umltat,
486 487 926 557 humiliabitur
966 492 1111 566 (Luc.
1140 510 1256 561 XIV,
1302 492 1366 551 41
1393 519 1409 564 ς
1438 502 1490 551 et
1517 511 1675 563 xvm,
1711 495 1824 564 14),
1855 494 1906 564 Α
1938 494 2393 566 promerendum
2427 497 2485 550 et
2530 493 2855 551 videndum
2907 493 3092 553 Deum
3141 497 3368 571 puritas
3416 513 3581 555 mena

189 582 353 641 merito
366 580 443 654 (a)
461 585 523 637 et
539 582 823 640 vallibus
846 583 1199 656 adimpletio,
1218 584 1599 640 etmontibus
1619 587 1709 639 est
1729 600 1830 639 an-

188 671 419 728 nuntiata
444 671 848 745 depresssie:
873 677 939 728 ut
952 677 1008 729 et
1027 672 1200 746 plana
1227 672 1373 728 nihil
1397 672 1830 740 oﬂensionis,et

190 760 373 817 directa
401 760 555 817 nihil
578 761 855 818 habeant
883 761 1200 834 pravitatis.
1233 761 1513 829 Quamvis
1543 760 1699 816 enim
1730 776 1829 816 an-

187 858 321 919 gusta
344 854 397 905 et
420 850 610 906 ardua
640 853 721 907 sit
751 853 867 918 via,
899 866 1018 923 quas
1045 851 1197 907 ducit
1218 852 1290 907 ad
1316 852 1483 907 vitam
1499 850 1703 922 (Matth.
1728 867 1826 918 vn,

185 940 279 1008 lt),
294 943 619 995 nontamen
642 940 701 995 in
735 956 808 997 ea
825 939 1138 996 difﬁculter
1159 939 1397 1008 incedit,
1423 955 1597 1013 quem
1616 938 1829 995 veritas

189 1029 474 1085 conﬁrmat
505 1036 568 1085 et
593 1029 792 1102 pietas
816 1047 830 1095 ;
865 1046 972 1086 nec
996 1032 1151 1086 caret
1168 1028 1547 1085 delectatione
1567 1028 1832 1102 gradien-

1936 581 2013 638 tis
2042 582 2346 650 attollitur,
2380 600 2451 640 ne
2489 600 2663 641 onere
2705 601 2981 641 curarum
3013 585 3341 643 carnalium
3386 587 3581 660 deprio

1934 676 2134 728 matur
2164 714 2176 726 .
2209 673 2353 728 Nam
2387 672 2487 745 qui
2529 673 2649 728 ait:
2684 673 2816 730 Sine
2842 673 3313 748 ﬁde‘impossibile
3350 684 3429 733 est
3451 677 3579 749 pla-

1934 776 2053 816 cere
2077 761 2184 817 Deo
2212 761 2395 833 (Hebr.
2429 763 2597 834 x1,6);
2624 762 2782 819 idem
2813 761 2986 819 dicit:
3022 764 3082 821 Si
3109 766 3345 822 habuero
3368 781 3584 822 omum

1936 849 2118 922 ﬁdem,
2150 852 2231 906 ita
2255 859 2315 907 ut
2331 854 2539 908 montes
2560 855 2910 924 transferam,
2933 855 3251 910 charitatem
3269 858 3455 911 autem
3471 870 3580 910 non

1937 939 2186 1002 habeam.
2210 941 2356 996 nihil
2383 940 2582 1003 sum-(1
2613 944 2737 998 Cor.
2771 958 2894 1009 xm,
2922 946 2978 1012 2)
3004 943 3165 998 Unde
3186 943 3260 1016 (g)
3293 948 3358 999 ut
3387 960 3587 999 sacra»

1939 1031 2272 1085 mentorum
2291 1029 2658 1101 paschalium
2682 1030 2880 1086 divina
2911 1032 3186 1103 mysteria
3204 1032 3383 1105 digno
3405 1032 3587 1089 susci-

181 1117 249 1185 ἀί,
276 1118 443 1189 cujus
484 1118 602 1174 iter
629 1118 817 1174 efﬁcit
875 1119 1159 1175 virtutum
1194 1122 1363 1191 petra
1410 1117 1685 1187 solidum,
1712 1133 1830 1172 non

178 1207 431 1263 vitiorum
466 1224 654 1263 arena
678 1207 1050 1263 succiduum.

238 1294 368 1368 Cap.
409 1296 478 1351 ιι.
510 1326 582 1338 -
614 1296 837 1353 Verum
870 1301 931 1352 ut
966 1296 1196 1370 plenius
1227 1296 1566 1353 noverimus
1595 1311 1700 1369 per
1729 1312 1829 1351 cu-

168 1383 419 1455 iusmodi
453 1385 583 1441 vias
607 1386 782 1442 nobis
812 1386 892 1442 sit
922 1387 992 1441 ad
1030 1386 1126 1442 Dei
1156 1385 1451 1458 promissa
1470 1385 1828 1440 tendendum

173 1474 481 1531 audiamus
512 1475 699 1531 David
729 1474 1078 1548 prophetam
1111 1475 1250 1547 quid
1283 1476 1518 1531 doceat:
1556 1476 1831 1531 Universte

170 1565 267 1617 sic
290 1564 539 1633 Dontini,
598 1563 984 1619 misericordia
1042 1567 1091 1619 et
1132 1565 1333 1619 veritas
1378 1565 1491 1625 (Ps.
1527 1579 1679 1628 xxiv,
1714 1560 1823 1633 l0).

166 1651 374 1707 Forma
403 1652 590 1725 igitur
634 1652 1098 1709 conversationis
1129 1651 1393 1709 fidelium
1441 1653 1515 1708 ab
1566 1650 1829 1723 exemplo
1938 1650 3588 1724 gentia:(h)concessionnesubjicimur,eidempietatisimi

162 1741 315 1797 venit
340 1756 599 1816 operum
631 1741 967 1797 divinorum
994 1759 1009 1811 ;
1043 1745 1099 1797 et
1132 1741 1341 1797 merito
1373 1745 1523 1797 Deus
1548 1739 1828 1795 imitatio-
1937 1738 2157 1795 tatione
2181 1740 2526 1812 jungamur.
2562 1743 2685 1795 Vox
2713 1739 2811 1795 Dei
2841 1743 2966 1795 est:
3000 1740 3191 1795 Sancti
3243 1743 3425 1807 estote,-
3456 1740 3590 1812 quia

161 1846 291 1886 nam
321 1830 418 1887 sui
448 1830 525 1885 ab
545 1830 637 1887 eis
665 1830 846 1903 exigit
876 1846 1023 1903 quos
1042 1830 1113 1885 ad
1137 1830 1453 1903 imaginem
1474 1833 1531 1884 et
1553 1827 1825 1885 similitu-
1853 1864 1907 1903 π
1937 1843 2032 1899 ego
2049 1834 2268 1883 sanctus
2289 1844 2414 1883 sum
2443 1831 2588 1893 (Lev.
2611 1846 2689 1895 x1,
2722 1829 2793 1883 44
2816 1846 2830 1897 ;
2853 1832 3011 1896 etxx,
3035 1828 3091 1901 7)
3113 1833 3207 1896 ;et
3224 1844 3334 1884 vox
3354 1828 3588 1885 Domini

159 1919 361 1976 dinem
384 1936 553 1975 suam
581 1919 738 1975 fecit.
756 1921 939 1991 Cujus
962 1919 1165 1991 utique
1187 1917 1385 1992 gloriae
1404 1918 1687 1991 dignitate
1710 1933 1826 1973 non
1854 1917 1911 1933 "
1939 1920 2065 1973 est:
2102 1917 2280 1973 Eslote
2302 1917 2698 1985 misericordes,
2726 1918 2867 1973 sicut
2898 1919 2959 1973 in
2985 1918 3151 1974 Pater
3169 1922 3345 1974 vester
3370 1918 3592 1975 miseri.

157 2006 333 2064 aliter
362 2007 656 2081 potiemur
676 2026 858 2081 quam
882 2009 931 2063 si
965 2008 1023 2065 in
1056 2008 1226 2064 nobis
1244 2012 1301 2064 et
1321 2006 1727 2063 misericordia
1749 2007 1833 2061 in-
1937 2021 2055 2060 cors
2074 2012 2152 2061 est
2181 2006 2329 2077 (Luc.
2366 2023 2442 2074 v1,
2476 2006 2591 2078 36).
3584 2044 3589 2049 η

156 2097 433 2153 veniatur
451 2101 509 2154 et
534 2098 775 2154 veritas.
810 2099 922 2154 Per
945 2114 1072 2169 quae
1095 2098 1250 2153 enim
1277 2097 1346 2152 ad
1374 2095 1685 2153 salvandos
1706 2095 1829 2151 Sal-
2011 2094 2147 2149 CAP.
2176 2094 2271 2149 III.
2296 2096 2374 2150 Ac
2395 2110 2467 2150 ne
2492 2095 2831 2151 dubitemus
2865 2098 2977 2150 Deo
2998 2090 3175 2151 tribui
3198 2097 3594 2169 quodlimpeni

151 2191 325 2242 vator
357 2187 616 2258 advenit,
643 2187 716 2260 (ὁ)
748 2204 853 2259 per
881 2186 1003 2242 haec
1029 2187 1101 2242 ad
1126 2186 1447 2243 salvantem
1471 2186 1833 2257 debentpro-
1940 2182 2101 2238 ditur
2128 2182 2439 2257 indigenti,
2468 2184 2913 2257 dispensatores
2946 2185 3445 2259 clcemosynarum
3463 2202 3591 2259 qua:

155 2292 373 2347 parare
393 2275 598 2333 salvati
628 2294 640 2332 :
678 2281 743 2333 ut
777 2293 884 2332 nos
915 2280 972 2332 et
1024 2275 1427 2332 misericordia
1452 2274 1554 2331 Dei
1604 2274 1833 2331 miscri-
1943 2272 2297 2328 commercia
2321 2272 2522 2329 ineant
2556 2273 2889 2343 audiamus,
2922 2273 3170 2330 Domino
3207 2276 3435 2331 dicente
3464 2293 3593 2349 qua)

158 2365 393 2429 sordes,
427 2370 481 2422 et
508 2365 728 2423 veritas
762 2365 936 2421 iaciat
982 2382 1108 2422 esse
1139 2381 1395 2422 veraces.
1429 2364 1592 2421 Sicut
1636 2364 1836 2436 itaque
1944 2362 2143 2417 futura
2173 2360 2251 2417 sit
2274 2362 2487 2433 judicii
2523 2362 2611 2419 sui
2644 2363 2851 2431 forma,
2876 2380 3010 2419 cum
3033 2364 3187 2419 dicet
3205 2364 3275 2419 ad
3296 2364 3593 2421 dexteram

155 2469 263 2525 per
287 2455 448 2511 viam
470 2455 739 2523 veritatis
769 2471 938 2511 mens
963 2456 1148 2527 justa,
1179 2454 1260 2510 ita
1292 2472 1394 2528 per
1420 2454 1575 2510 viam
1610 2453 1835 2509 miseri—
1945 2451 2011 2523 (ἱ)
2042 2449 2310 2507 collatis:
2351 2453 2551 2520 Venite,
2614 2452 2881 2508 benedicti
2917 2454 3103 2508 Patris
3145 2455 3273 2525 mei,
3329 2454 3595 2525 possidete

156 2544 384 2599 col-dias
412 2545 678 2601 ambulat
702 2561 871 2601 mens
896 2544 1173 2618 benigna.
1196 2543 1313 2600 Nec
1334 2549 1527 2600 tamen
1550 2559 1835 2615 umquam
1938 2547 2200 2612 paratum
2230 2539 2378 2595 vobis
2407 2556 2640 2609 regnum
2664 2557 2698 2595 a
2725 2542 3113 2597 constitutione
3139 2542 3353 2598 mundi.
3372 2544 3596 2600 Esurivi

159 2630 391 2690 itinera
417 2634 530 2690 ista
557 2634 633 2705 (c)
686 2632 876 2689 divisa
906 2637 1065 2697 sunt,
1094 2631 1262 2705 quasi
1293 2632 1507 2688 borum
1548 2632 1835 2687 bonorum
1944 2630 2112 2697 enim,
2145 2631 2197 2684 et
2237 2628 2461 2684 dedistis
2490 2629 2628 2684 mihi
2670 2630 3022 2685 manducare.
3053 2629 3235 2698 Sitivi,
3267 2639 3318 2686 et
3369 2632 3594 2687 dedistis

160 2720 416 2794 singula
444 2723 699 2779 diversis
728 2721 1070 2778 tramitibus
1093 2724 1462 2794 expetantur,
1488 2725 1545 2777 ct
1574 2720 1730 2777 aliud
1764 2721 1842 2777 sit
1944 2718 2087 2774 mihi
2116 2718 2313 2773 bibere.
2348 2720 2678 2787 Peregrinus
2706 2721 2945 2782 eram,et
2961 2719 3257 2790 collegislis
3274 2736 3380 2776 me.
3405 2721 3594 2776 Nudus

158 2810 589 2867 misericordia
619 2827 904 2878 crescere,
939 2810 1022 2882 (d)
1052 2810 1210 2866 aliud
1263 2810 1507 2866 veritate
1538 2811 1834 2883 proficere.
1945 2822 2116 2875 eram,
2147 2810 2199 2862 et
2225 2808 2578 2879 cooperuislis
2624 2823 2731 2862 me.
2786 2807 3063 2877 Inﬁrmus,
3094 2816 3146 2864 et
3197 2810 3463 2865 visitastis
3482 2825 3588 2866 me.

158 2896 301 2954 Non
337 2900 817 2967 estmisericors’,
849 2899 1111 2955 veritatis
1166 2898 1432 2968 alienus;
1467 2916 1573 2955 nec
1595 2899 1839 2970 justitiaa
1948 2901 2015 2952 In
2069 2911 2285 2951 carcere
2330 2911 2523 2967 eram,
2562 2904 2613 2951 et
2659 2896 2887 2951 venistis
2941 2896 3011 2951 ad
3060 2913 3147 2952 me
3195 2897 3401 2969 (Matth.
3459 2915 3588 2968 xxv,

160 3001 371 3060 capax
388 2993 494 3056 est,
519 2989 595 3062 (ε)
607 2989 848 3062 pietatis
859 2991 1190 3044 extraneos.
1206 2987 1645 3044 Ncutravirtute
1657 2988 1843 3045 utitur
1948 2985 2157 3057 34-36).
2177 2983 2580 3049 Quaerentibus
2595 2988 2789 3041 autem
2799 2984 2983 3057 justis
3004 2987 3237 3058 quando
3249 2987 3313 3059 (j)
3333 2991 3434 3043 aut
3455 3004 3598 3060 qua-

163 3077 279 3148 qui
318 3094 434 3134 non
465 3084 724 3150 utraque
754 3077 995 3133 ditatur.
1028 3076 1293 3133 Charitas
1316 3076 1496 3133 robur
1517 3077 1673 3148 ﬁdei,
1696 3078 1842 3135 ﬁdes
1923 3072 2083 3129 .liter
2102 3072 2399 3145 potuerint
2415 3072 2531 3129 ista
2550 3072 2896 3145 dependere,
2922 3076 3283 3147 respondens
3305 3077 3423 3134 Rex
3442 3080 3594 3138 dicet

161 3163 464 3222 fortitudo
494 3170 588 3222 est
615 3165 950 3222 charitatis.
982 3165 1051 3220 Et
1099 3168 1240 3220 tunc
1270 3182 1471 3221 verum
1533 3182 1743 3223 nomen
1776 3182 1843 3223 ac
1883 3234 1915 3240 μ
1950 3162 2108 3218 illis:
2143 3163 2331 3230 Amen,
2356 3178 2517 3218 amen
2545 3162 2663 3218 dico
2691 3164 2858 3231 vobis,
2889 3163 3154 3236 quamdiu
3180 3166 3595 3240 fecistis(lt)heeo

157 3268 359 3311 verus
384 3259 473 3311 est
503 3256 736 3311 [ructus
768 3254 1099 3320 ambarum,
1124 3270 1258 3309 cum
1289 3252 1623 3312 insolubilis
1646 3259 1843 3313 manet
1870 3234 1919 3305 α
1951 3253 2055 3307 uni
2072 3267 2142 3307 ea:
2163 3253 2414 3307 minimis
2431 3251 2700 3323 fratribus
2719 3254 2876 3318 meis,
2892 3234 3039 3308 inihi
3055 3234 3598 3330 Ιϐείσέιίδυὺίιέ-,ᾏΟν

159 3342 493 3416 utriusque
523 3341 834 3399 connexio.
867 3341 975 3398 Ubi
1029 3341 1187 3398 enim
1220 3345 1336 3397 non
1394 3342 1572 3398 simul
1603 3344 1838 3417 fuerint,
1953 3342 2101 3407 Quid
2135 3340 2249 3397 hoc
2274 3356 2445 3413 opere
2477 3340 2883 3397 fructuosius?
2913 3342 3051 3414 quid
3085 3342 3195 3399 hac
3225 3343 3597 3405 humanitate

157 3427 609 3500 Iimuldesunt,
635 3430 779 3504 quia
799 3430 1048 3486 invicem
1068 3430 1178 3487 sibi
1202 3436 1259 3487 et
1267 3432 1546 3502 juvamen
1569 3432 1840 3493 etlumen
1949 3433 2011 3502 (ι)
2026 3429 2424 3501 felicius?qua3
2436 3429 2943 3502 utiquelaudesua
2964 3432 3287 3489 fraudauda
3311 3450 3424 3490 non
3438 3441 3597 3493 esset

156 3525 342 3589 sunt,
359 3520 542 3579 donec
563 3519 931 3577 desiderium
944 3518 1310 3576 credulitatis
1324 3520 1565 3593 impleat
1576 3538 1696 3579 rem
1707 3541 1844 3582 une-
1951 3520 2001 3576 si
2022 3518 2286 3593 propteri
2295 3535 2462 3590 psam
2479 3524 2699 3574 naturis
2719 3519 3189 3577 communionem
3207 3523 3467 3593 juvando
3489 3525 3601 3582 ho-

152 3607 328 3665 ratio
353 3610 623 3680 visionis,
659 3614 721 3665 et
743 3608 1308 3665 incommutabiliter
1328 3609 1593 3666 videatur
1611 3616 1669 3668 et
1690 3629 1844 3670 ame-
1950 3608 2093 3663 mini
2120 3608 2196 3663 ab
2223 3606 2461 3663 homine
2479 3607 2577 3679 (τη)
2600 3612 2990 3680 prmataretur.
3007 3610 3116 3666 Sed
3139 3611 3280 3683 quia
3298 3614 3454 3685 quod
3477 3631 3599 3672 non

155 3697 297 3764 tur,
336 3700 491 3770 quod
524 3714 685 3755 nunc
716 3702 776 3754 et
820 3698 950 3753 sine
983 3699 1096 3753 ﬁde
1127 3699 1280 3755 172
1324 3714 1439 3754 non
1470 3699 1753 3773 diligitur,
1786 3707 1844 3759 et
1950 3714 2018 3754 ex
2049 3695 2184 3752 fidei
2215 3697 2369 3757 178
2400 3696 2662 3768 procedit
2683 3698 2858 3765 fonte,
2892 3699 2962 3754 ad
2982 3700 3220 3772 prtemia
3244 3706 3458 3759 aeterna
3474 3721 3593 3760 non

158 3783 238 3855 (Γ)
259 3786 398 3842 sine
413 3787 729 3844 dilectione
745 3803 862 3842 non
886 3786 1165 3842 creditur.
1185 3787 1332 3851 Quia
1350 3803 1507 3859 ergo,
1528 3789 1681 3845 sicut
1700 3793 1844 3863 Apo-
1950 3786 2213 3860 pervenit
2237 3805 2250 3856 ;
2283 3786 2398 3842 alia
2427 3789 2518 3841 est
2546 3786 2800 3843 conditio
2829 3804 3071 3860 operum
3103 3788 3446 3860 ccclestium,
3480 3792 3597 3850 alia

164 3873 372 3933 stolus
422 3876 526 3944 ait,
560 3878 619 3932 in
661 3875 879 3930 Christo
906 3876 1035 3930 Iesu
1063 3890 1236 3947 neque
1263 3876 1604 3932 circumcisio
1631 3880 1844 3951 aliquid
1950 3875 2649 3937 terrenorum.Mundana
2666 3875 3067 3933 benevolentia
3085 3878 3145 3932 in
3169 3878 3241 3933 iis
3262 3895 3413 3951 quos
3434 3880 3596 3951 adju-

165 3962 338 4030 παισί,
374 3980 548 4037 neque
571 3966 937 4036 prmputium,
966 3963 1059 4018 sed
1077 3963 1233 4033 ﬁdes,
1254 3981 1374 4035 qua?
1386 3981 1489 4036 per
1500 3965 1845 4025 dilectionem
1951 3968 2064 4034 vat,
2087 3964 2265 4021 habet
2294 3965 2506 4033 finem;
2540 3963 2872 4021 Christiana
2890 3965 3166 4037 pietasin
3189 3983 3364 4021 suum
3383 3969 3595 4024 transit

176 4062 448 4120 operatur
476 4052 683 4115 (Galat.
741 4066 798 4121 v,
830 4053 911 4123 6),
951 4051 1132 4107 simul
1191 4057 1364 4125 atque
1395 4055 1753 4127 conjunctim
1787 4060 1845 4114 et
1951 4058 2278 4122 auctorem;
2315 4053 2373 4109 in
2407 4051 2604 4126 ipsum
2629 4054 2711 4122 (η)
2756 4053 3010 4108 dicimur
3039 4053 3295 4126 benigni,
3331 4071 3503 4127 quem
3531 4056 3591 4111 in

173 4137 446 4198 charitati
477 4142 831 4198 studeamus
863 4146 921 4197 et
951 4141 1108 4196 ﬁdei.
1142 4140 1243 4197 Hic
1270 4146 1360 4197 est
1389 4142 1545 4199 enim
1598 4146 1839 4217 quidam
1950 4142 2119 4199 nobis
2141 4142 2489 4199 confitemur
2504 4140 3285 4213 operari,dicenteDomino:
3308 4142 3400 4199 Sic
3414 4143 3596 4199 luceai

179 4226 637 4286 efﬁcacissimus
665 4229 1042 4301 geminorum
1072 4229 1296 4286 alarum
1337 4230 1588 4302 volatus,
1620 4250 1738 4306 quo
1767 4235 1839 4291 ad
1951 4232 2136 4293 lumen
2164 4238 2400 4287 vestrum
2426 4244 2612 4286 coram
2639 4228 2968 4297 hominibus,
3001 4232 3061 4284 ut
3081 4229 3300 4286 videant
3324 4247 3491 4303 opera
3506 4248 3595 4288 ve-

1938 1118 2180 1190 piantur
2194 1117 2408 1186 ofﬁcio,
2434 1118 2549 1175 duo
2580 1118 2721 1187 haec,
2755 1119 2817 1173 in
2846 1118 3064 1191 quibus
3091 1120 3355 1175 omnium
3373 1136 3585 1193 praece-

1938 1210 2172 1280 ptorum
2206 1207 2475 1262 doctrina
2502 1207 2818 1275 concurrit,
2853 1207 3178 1264 studiosius
3209 1213 3582 1281 appetuntur,

1939 1295 2156 1368 quibus
2186 1295 2404 1367 singuli
2434 1296 2654 1369 quique
2684 1295 2945 1352 ﬁdelium
3000 1301 3055 1351 et
3085 1296 3436 1353 sacrificium
3469 1297 3586 1353 Deo

1937 1384 2268 1441 efﬁciantur
2296 1389 2356 1440 et
2405 1384 2713 1457 templum.
2747 1385 2928 1442 Instat
2957 1386 3103 1442 fides
3145 1401 3379 1459 sperare
3429 1386 3587 1459 quod

1938 1473 2124 1529 credit
2141 1491 2155 1541 ;
2170 1473 2349 1529 instet
2363 1474 2431 1529 ch
2441 1475 2621 1530 aritas
2634 1474 2951 1547 propitiare
2963 1476 3116 1546 quod
3132 1475 3352 1548 diligit:
3368 1479 3591 1531 utrum-

1939 1578 2053 1633 que
2085 1562 2339 1617 amantis
2368 1567 2477 1632 est,
2504 1564 3151 1634 utrumque-credente.
3173 1564 3244 1619 Et
3262 1562 3586 1619 cuiintelli.

250 4345 329 4413 (a)
344 4347 430 4401 Ita
441 4362 510 4402 ex
522 4344 744 4401 nostris
760 4344 930 4400 codd.
946 4349 1121 4413 atque
1134 4344 1306 4401 editis
1319 4349 1449 4402 ante
1463 4348 1842 4413 Quesnellum
1948 4348 2178 4403 demus.

186 4414 334 4487 apud
365 4425 624 4489 quem,et
648 4417 809 4472 vallis
837 4414 1158 4497 adimplelio
1187 4421 1239 4472 et
1259 4420 1477 4500 montis.
1684 4491 1695 4503 _
2020 4418 2095 4543 sg)
2118 4414 2474 4473 Particulam
2494 4419 2574 4481 ut,
2602 4432 2728 4487 quae
2755 4415 2953 4470 deerat
2978 4414 3391 4501 in_editis_ante
3412 4420 3592 4485 Ques-

250 4487 837 4543 (blOuesnelluscum
856 4488 1160 4543 Ralnaudo
1184 4488 1490 4543 addiditet.
1510 4490 1839 4543 DeleVImus
1949 4506 2020 4543 ne
2047 4489 2193 4543 lum.
2220 4489 2291 4543 ab
2321 4488 2430 4543 hoc
2478 4492 2674 4543 autem
2705 4486 2938 4543 praeﬁxa
2967 4487 3080 4543 fuit
3127 4504 3251 4543 V001
3283 4490 3452 4543 lzano.
3483 4490 3592 4543 hoc

250 4486 837 4562 (b)Quesnellu_scum
856 4487 1160 4562 Rainaudo
1184 4487 1490 4562 ad‘diditet.
1510 4490 1839 4550 Delevimus
1949 4486 2193 4562 nellum,
2220 4489 2291 4544 ab
2312 4488 2430 4562 hoc
2478 4486 2674 4562 autem
2704 4486 2938 4562 praeﬁxa
2967 4487 3080 4562 fuit
3118 4488 3452 4562 vociligno,
3483 4490 3593 4548 hoc

184 4561 509 4641 exemeris
524 4559 707 4641 editis
751 4558 1087 4641 nostrisque
1118 4560 1285 4616 codd.
1343 4561 1472 4616 Mox
1500 4580 1605 4635 pro
1634 4564 1839 4621 salvati
1872 4600 1917 4641 η
1947 4559 2464 4641 locoinseruimus
2490 4575 2559 4614 ex
2587 4558 2822 4641 duobus
2851 4575 2996 4615 mss.
3034 4560 3093 4616 S.
3117 4559 3295 4641 Petri.

181 4627 367 4703 prima
394 4630 576 4703 editio
610 4630 790 4703 habet
818 4600 1092 4703 salvaridi.
1133 4700 1147 4703 _
1176 4700 1188 4703 Α
1254 4699 1280 4703 ᾗ
1316 4700 1345 4703 _
1453 4700 1463 4703 _
1500 4600 1536 4635 γ
1573 4600 1605 4620 υ
1634 4600 1836 4621 “mm
1866 4600 1917 4665 Ι)
2020 4631 2099 4703 (Ιι)
2132 4629 2500 4703 Quesnellus,
2558 4631 2928 4703 consensione,
2963 4632 3431 4703 repugnantibus
3475 4650 3591 4690 non

246 4700 314 4773 (ε)
345 4701 444 4757 Sic
472 4718 611 4784 cum
645 4702 863 4764 Quesn.
897 4701 1015 4755 duo
1046 4700 1213 4765 codd.
1247 4699 1467 4756 S.Petri
1499 4705 1555 4757 et
1584 4710 1838 4775 quatuor
1947 4699 2141 4784 solum
2168 4701 2556 4784 anteriorihus
2586 4700 2779 4783 editis,
2805 4701 2909 4757 sed
2938 4699 3420 4761 etiam'omnibus
3451 4719 3591 4761 nos-

181 4768 303 4826 Vat.
333 4772 448 4832 AL.
474 4772 693 4829 dwersa
723 4775 874 4827 sunt.
1945 4778 2054 4829 tris
2084 4774 2251 4828 codd.
2283 4773 2665 4832 Intellzgenltw
2695 4788 2813 4827 non
2839 4775 3134 4832 consensio.
3158 4791 3286 4832 aute
3305 4774 3590 4832 voluntati

291 4816 303 4826 .
333 4789 448 4837 AL,
474 4789 693 4829 (Inversa
723 4789 874 4827 sunt.
1945 4789 2054 4829 IP18
2084 4789 2251 4828 οοαα.
2283 4789 2531 4837 [menige

248 4788 303 4826 lt.
333 4788 448 4837 AL,
474 4788 693 4829 (Inversa
723 4788 874 4827 sunt.

248 4842 319 4909 (di
352 4843 504 4900 Editi
541 4843 635 4899 hic
668 4848 947 4915 repetunt
993 4848 1045 4899 et
1104 4842 1433 4901 Delevimus
1485 4848 1829 4904 auctoritate

1945 4788 2054 4829 tris
2084 4788 2251 4828 cono.
2283 4788 2665 4841 Intelligennw
2695 4788 2813 4827 non
2839 4788 3134 4842 consensio,
3158 4791 3286 4846 quae
3305 4788 3590 4832 votuntati

1945 4844 2240 4915 competit,
2276 4844 2377 4899 sed
2406 4844 2672 4899 concessio
2700 4843 2759 4898 in
2790 4844 3070 4901 cessionis
3101 4846 3588 4915 signiﬁcationem

187 4912 426 4997 duoruhrn
457 4915 632 4997 codd.
666 4912 799 4969 Vat.
918 4989 926 4997 ι
972 4984 982 4995 ¹
1364 4985 1398 4997 Α
1592 4985 1628 4997 η
1739 4988 1785 4997 η
1946 4912 2426 4997 τθρῐόλῐτὶὺᾳίωγ,
2460 4915 2721 4997 uti'apud
2743 4915 3084 4997 .Apostolum
3108 4933 3123 4972 :
3149 4912 3489 4989 Captivantes
3508 4920 3609 4975 inr

251 4989 319 5054 (e)
349 4987 445 5043 Sic
499 4987 766 5059 quinque
797 4984 983 5040 nostri
1017 5003 1161 5041 mss.
1194 5001 1328 5040 cum
1360 4985 1689 5059 Quesnello.
1720 4988 1833 5058 A1,,
1944 4988 2218 5059 tellectum
2246 4988 2304 5059 in
2337 4984 2653 5059 obsequium
2680 4984 2827 5059 ﬁdei.

190 5060 442 5114 veritatis.
466 5056 621 5126 Mox,
644 5056 1205 5129 necutraquevirtute
1218 5071 1523 5129 perperam
1542 5056 1835 5116 habebant
1984 5057 2285 5129 7(i)7l‘3diti,
2314 5057 2685 5129 collocandis.
2718 5056 2927 5114 Melius
2954 5073 3023 5113 ex
3070 5076 3215 5115 mss.
3251 5059 3308 5115 S.
3351 5059 3501 5116 Petri
3531 5063 3609 5117 et.

188 5129 456 5186 editiones
487 5127 804 5200 Quesnello
838 5126 1161 5184 antenores
1191 5126 1643 5200 cum—plerisque
1661 5131 1829 5187 codd.
1944 5126 2210 5185 alio‘Vat.
2245 5127 2468 5184 collect.
2500 5130 2553 5194 5,
2583 5128 2880 5200 collocatis.

192 5200 262 5271 Is,
291 5200 428 5257 forte
458 5217 641 5258 sensu
674 5198 965 5272 exigente,
1016 5197 1367 5272 emendavit,
1398 5216 1498 5272 nec
1540 5197 1834 5272 ulterutra,
1960 5200 2073 5272 77(1),
2103 5201 2208 5255 Aut
2239 5216 2343 5272 pro
2374 5207 2426 5255 et
2449 5198 2638 5272 magis
2667 5198 2889 5271 placuit
2915 5217 2985 5257 ex
3013 5202 3205 5260 tribus
3236 5202 3454 5260 nostris
3488 5216 3584 5257 co-

192 5269 335 5344 quod
365 5276 559 5328 tamen
593 5272 654 5327 in
688 5269 855 5344 nullo
887 5286 998 5344 ms.
1032 5271 1378 5344 reperimus.
1410 5269 1623 5344 Veram
1644 5270 1836 5344 lectio-
1941 5269 2192 5344 dici'bus.

195 5339 314 5414 nem
339 5353 529 5400 neutra
559 5342 781 5400 obtulit
803 5339 1202 5399 Lectionarius
1224 5340 1370 5398 liber
1383 5358 1495 5397 ms.
1519 5340 1831 5400 Patavinus
2013 5342 2090 5414 (k)
2122 5341 2409 5414 Addimus
2437 5339 2551 5414 [uec
2569 5357 2639 5398 ex
2666 5357 2809 5397 mss.
2835 5342 2895 5398 S.
2926 5343 3100 5399 Petri.

194 5413 522 5472 S.Justina3.
764 5482 827 5485 __
917 5481 929 5485 _
1052 5484 1055 5485 ν
1318 5484 1321 5485 ν
1684 5483 1695 5485 _
2012 5412 3224 5485 (l)QuidamAeditianteQuesn.,facilius.

259 5486 315 5557 (ῃ
336 5488 511 5559 Hujus
534 5481 985 5559 propositionis,
1006 5482 1549 5559 sinedilectionenon
1569 5483 1829 5555 creditur,
2011 5479 2109 5559 (τὴ)
2139 5485 2226 5559 ita
2252 5499 2322 5559 ex
2347 5483 2577 5540 duobus
2609 5500 2750 5559 mss.
2785 5485 2843 5541 S.
2876 5479 3049 5540 Petri.
3078 5483 3192 5559 AL,
3219 5479 3573 5559 praeberetur.

198 5547 489 5641 Ralm.”
520 5547 723 5641 {Ima}?
757 5547 981 5641 ιερρὲξί
1002 5558 1194 5641 men}?
1215 5554 1579 5641 ρῖοροείῒαφ
1605 5571 1673 5641 εἶξε
1695 5547 1829 5613 ηοεί
2009 5547 2101 5625 (η)’
2122 5554 2233 5624 AL,
2263 5554 2549 5620 dicamur;
2577 5559 2635 5613 et
2661 5554 2793 5613 dein
2821 5572 2927 5629 pro
2957 5547 3294 5627 conﬁtemur,
3316 5547 3415 5615 ala
3434 5550 3575 5621 fate-

197 5623 725 5688 tﬁsobservationib
735 5642 809 5698 us
821 5623 1378 5698 colliges,ubi_étiain
1393 5625 1829 5685 annotationem
1935 5623 2082 5686 mur.

203 5698 634 5775 hinnuuesnello
652 5694 991 5777 subjectani
1001 5694 1401 5761 describemus
1417 5700 1593 5779 atque
1613 5713 1827 5778 expen-
