3964 6218
446 347 566 414 ὨΜ

1569 352 1634 414 S.
1681 348 1968 415 LEONlS‘
2002 350 2254 415 MAGNI
2299 351 2741 418 SERMONES.

3749 358 3862 422 292

451 495 534 542 sta
564 486 722 552 bona,
754 487 805 539 et
835 483 1185 554 magniﬁcent
1211 484 1435 540 Patrem
1466 492 1702 541 vestrum
1731 487 1828 556 qui
1852 487 1914 541 in
1945 485 2092 541 caelis
2119 486 2178 553 Α
2273 488 2648 564 eteemosynis,
2678 487 2770 564 sed
2798 496 2850 564 et
2875 489 3205 564 offensarum
3232 486 3853 564 remissionejejunium

454 583 531 631 est
560 574 766 642 (Matth.
801 589 856 644 v,
889 572 1000 642 46).

526 665 660 719 CAP.
694 662 787 718 IV.
815 692 884 701 —-
916 660 1115 717 Gaude
1145 661 1345 734 igitur,
1380 678 1548 718 mens
1578 661 1864 731 ﬁdelium,
1889 667 1945 718 et
1976 662 2098 735 glo-

455 753 602 808 riam
622 756 784 807 tuam
803 749 862 805 in
886 750 1013 821 ejus
1030 749 1215 822 gloria
1231 751 1331 822 qui
1348 751 1407 806 in
1427 755 1482 807 te
1494 756 2099 825 operaturagnoscens

454 842 524 897 de
553 841 683 913 ipsa
702 837 962 913 paschali
994 838 1066 910 (a)
1097 838 1409 895 festivitate
1430 840 1699 897 fervesce.
1733 840 1919 896 Debiti
1941 840 2095 896 enim

450 930 537 984 tui
563 932 671 996 est,
704 931 769 982 ut
797 924 846 982 ei
882 924 980 998 qui
1014 942 1118 997 pro
1144 926 1419 982 omnibus
1440 943 1653 999 passus
1677 932 1766 983 est
1795 933 1996 1000 parata
2016 929 2097 985 sis

452 1015 731 1090 compati:
783 1015 1061 1087 quoniam
1095 1013 1193 1086 pia
1237 1015 1357 1070 vita
1384 1019 1723 1071 sanctorum
1770 1033 2096 1089 numquam

451 1105 641 1169 aliena
668 1109 759 1161 est
779 1103 937 1159 cruci
958 1102 1192 1170 Christi,
1217 1103 1359 1158 dum
1379 1103 1788 1160 continuentiaa
1810 1104 1988 1162 clavis
2003 1107 2098 1163 de-
2130 1160 2133 1171 ,

451 1194 665 1252 sideria
713 1192 907 1249 carnis
964 1191 1245 1265 conﬁgit,,
1278 1195 1335 1247 et
1392 1209 1698 1265 corporeae
1745 1194 2094 1267 cupiditates

448 1282 663 1338 virtute
694 1280 946 1352 Spiritus
977 1278 1036 1334 in
1068 1295 1131 1334 se
1152 1278 1478 1336 habitantis
1516 1279 1811 1337 interﬁcit.
1844 1281 2093 1339 Difﬁcile

449 1374 539 1427 est
595 1385 955 1441 quemquam
1011 1367 1072 1422 in
1103 1384 1165 1423 se
1192 1385 1306 1423 non
1364 1367 1578 1425 habere
1609 1370 1764 1441 quod
1824 1370 2089 1442 perimat.

448 1458 886 1531 Exstinguenda
932 1462 1022 1513 est
1066 1456 1389 1527 iracundia,
1423 1459 1831 1515 mortiﬁcanda
1874 1464 1964 1516 est
1993 1477 2091 1516 su-

447 1548 668 1621 perbia,
702 1546 1057 1603 destruenda
1091 1545 1341 1612 luxuria,
1375 1547 1539 1602 radix
1571 1563 1805 1621 quoque
1837 1549 2089 1605 avaritias

446 1638 625 1694 altius
655 1635 1056 1710 persequenda
1079 1639 1204 1691 est:
1243 1640 1306 1691 ut
1344 1634 1612 1692 omnium
1646 1636 1936 1693 malorum
1968 1654 2093 1710 ger-

444 1743 579 1783 men
610 1724 792 1783 excidi
822 1724 1033 1795 valeat,
1065 1725 1135 1795 si.
1167 1742 1367 1781 eorum
1401 1726 1655 1797 potuerit
1681 1726 1869 1782 fomes
1900 1726 2088 1783 evelli.

443 1816 588 1872 Cum
622 1818 814 1870 autem
848 1813 957 1869 hac
990 1812 1295 1886 diligentia
1320 1812 1721 1913 indesinenter
1748 1813 1825 1870 sit
1853 1816 2089 1872 animus
2117 1850 2167 1916 Β

443 1903 812 1971 excolendus,
845 1907 903 1958 et
927 1903 1212 1958 utendum
1254 1902 1336 1957 ita
1365 1901 1441 1958 sit
1468 1918 1727 1975 corpore,
1773 1907 1839 1958 ut
1878 1905 2086 1961 rectori

443 2010 551 2049 suo
580 1990 978 2047 necessarium
1033 1990 1287 2062 praebeat
1317 1993 1527 2044 natura
1564 1990 1804 2046 inferior
1835 1991 2087 2048 famula-

443 2088 594 2145 tum,
626 2095 783 2135 uunc
814 2078 1064 2133 Maxime
1094 2077 1274 2133 frenis
1305 2077 1673 2134 continentize
1704 2096 1837 2136 caro
1886 2081 2087 2136 mode-

442 2170 627 2226 randa
655 2172 768 2235 est,
802 2171 858 2221 et
888 2165 1132 2237 quiquid
1156 2165 1511 2221 sublimibus
1536 2166 1842 2223 desideriis
1871 2168 2083 2236 obviat,

442 2257 889 2330 amputandum.
916 2254 1064 2309 Dum
1096 2254 1250 2309 enim
1283 2255 1559 2326 congruis
1578 2255 2085 2326 puriﬁcationibus

440 2348 512 2402 ad
546 2345 957 2402 celebrandum
991 2342 1212 2399 Pascha
1252 2343 1483 2399 Domini
1527 2348 1773 2417 utraque
1806 2346 2081 2402 substan-

438 2437 519 2493 tia
550 2437 934 2508 przeparatur,
956 2432 1261 2505 profutura
1291 2432 1450 2488 omni
1480 2437 1740 2505 tempore
1768 2440 2080 2491 consuetu-

438 2527 512 2582 do
545 2523 820 2580 nutritur.
853 2522 1055 2578 Severe
1089 2522 1148 2576 in
1209 2520 1475 2578 subditos
1506 2523 1583 2593 (ὁ)
1623 2522 1868 2596 imperia
1914 2524 2079 2580 detu-

438 2617 721 2679 mescent,
775 2614 961 2668 cesset
986 2608 1244 2665 vindicta
1294 2610 1536 2682 peccati,
1568 2614 1626 2667 et
1657 2611 1725 2684 (ε)
1771 2613 1852 2668 rei
1883 2612 2079 2669 crimi-

438 2720 581 2761 num
615 2702 685 2758 ad
718 2701 826 2757 hos
856 2699 981 2755 dies
1013 2699 1345 2771 pervenisse
1366 2716 1427 2756 se
1447 2701 1761 2771 gaudeant,
1786 2701 1845 2757 in
1865 2702 2081 2774 quibus

437 2795 509 2868 (ἀ)
543 2792 652 2847 sub
684 2789 901 2846 sanctis
933 2787 1162 2861 piisque
1214 2787 1576 2861 principibus
1606 2789 1782 2846 etiam
1814 2791 2080 2863 publica-

436 2901 568 2940 rum
581 2878 894 2938 austeritas
909 2877 1228 2933 remittitur
1242 2876 1915 2937 ultionum.Aboleantur
1925 2881 2077 2950 odia,

436 2970 710 3029 deﬁciant
754 2966 1104 3034 simultates,
1138 2966 1295 3038 pacis
1326 2970 1383 3021 et
1423 2967 1837 3024 benevolentia:
1881 2970 2080 3026 multi-

439 3060 689 3134 plicetur
718 3056 789 3129 (ε)
825 3057 1085 3122 affectus,
1117 3059 1174 3111 et
1231 3055 1329 3127 qui
1363 3057 1552 3128 potuit
1605 3057 1831 3114 malitia
1873 3058 2077 3132 pollui,

440 3149 674 3206 studeat
694 3145 1052 3219 benignitate
1072 3145 1331 3217 purgari.
1347 3145 1629 3208 Quoniam
1641 3146 1932 3218 judicium
1952 3149 2076 3220 Dei,

2279 568 2333 613 et
2362 562 2662 615 orationem
2679 561 2961 631 fructuosa
2990 561 3164 618 reddi.

2209 646 2342 702 CAP.
2366 647 2409 703 Ι.
2432 675 2503 690 -
2550 648 2882 704 Devotionis
2912 649 3150 721 quidem
3205 656 3438 721 vestrae,
3473 651 3853 721 dilectissimi,

2207 735 2479 792 novimus
2509 736 2667 792 hunc
2695 753 2823 793 esse
2850 738 3239 810 fervorem,ut
3266 738 3330 811 (Γ)
3365 740 3720 812 iujejuniis,
3743 759 3854 813 quae

2207 823 2440 879 Domini
2475 824 2696 881 Pascha
2735 831 3123 898 praecurrunt,
3155 827 3324 883 multi
3379 834 3626 885 nostros
3659 847 3855 901 praeve-

2207 912 2385 968 niatis
2415 913 2701 971 hortatus.
2724 914 2832 970 Sed
2854 915 2992 986 quia
3012 915 3235 973 utilitas
3258 917 3329 989 (g)
3352 917 3735 974 continentiae
3751 937 3853 975 non

2207 1001 2290 1057 sol
2302 1019 2399 1057 um
2417 1003 2611 1059 carnis
2623 1003 3220 1076 castigationi,verum
3237 1005 3421 1061 etiam
3437 1007 3661 1063 mentis
3678 1024 3854 1064 neces-

2205 1091 2362 1145 saria
2373 1094 2460 1147 est
2482 1091 2743 1164 puritati,
2756 1092 3185 1149 observantiam
3207 1099 3473 1151 vestram
3488 1096 3579 1152 sic
3598 1096 3850 1169 cupimus

2203 1196 2332 1235 esse
2370 1181 2707 1251 perfectam,
2749 1186 2815 1236 ut
2841 1182 2922 1254 (h)
2955 1182 3109 1237 sicut
3138 1200 3171 1238 a
3199 1182 3524 1240 desideriis
3556 1186 3747 1241 carnis
3774 1202 3851 1241 re-

2202 1267 2400 1324 ciditis
2427 1268 2776 1341 voluptates,
2801 1269 2884 1325 ita
2913 1270 2986 1326 ab
3019 1271 3202 1326 animi
3233 1273 3523 1329 sensibus
3543 1273 3848 1330 excludatis

2201 1372 2446 1413 errores.
2479 1357 2623 1413 Nam
2656 1358 2919 1431 paschali
2952 1361 3119 1427 festo,
3152 1360 3216 1433 (i)
3251 1361 3308 1416 in
3341 1378 3466 1433 quo
3500 1362 3703 1418 omnia
3732 1363 3848 1419 reli-

2201 1444 2390 1517 gionis
2419 1451 2630 1502 nostra;
2663 1452 3030 1504 sacramenta
3051 1455 3442 1517 concurrunt,
3476 1450 3532 1506 is
3546 1468 3684 1507 vera
3702 1456 3755 1507 et
3773 1469 3849 1507 ra-

2201 1533 2465 1590 tionabili
2498 1536 2902 1607 purificatione
2930 1554 2992 1593 se
3020 1543 3329 1610 praeparat,
3354 1540 3541 1611 cujus
3571 1556 3671 1596 cor
3701 1540 3847 1596 nulla

2202 1619 2546 1677 inﬁdelitate
2568 1620 2867 1694 polluitur,
2890 1622 3128 1679 Dicente
3151 1623 3305 1680 enim
3329 1626 3657 1698 Apostolo:
3688 1631 3847 1685 Omne

2201 1709 2340 1781 quod
2368 1725 2476 1765 non
2507 1718 2585 1766 est
2612 1726 2683 1766 em
2710 1711 2833 1780 ﬁde,
2849 1721 3130 1783 peccatum
3148 1722 3227 1770 est
3247 1715 3427 1787 (Rom.
3448 1733 3570 1783 x1v,
3592 1716 3702 1788 23),
3723 1716 3838 1771 inu-

2198 1797 2326 1853 tilia
2346 1802 2519 1853 erunt
2548 1804 2605 1854 et
2633 1816 2784 1855 vana
2813 1816 3014 1857 eorum
3039 1801 3270 1873 jejunia
3300 1820 3459 1876 quos
3483 1803 3840 1861 illusionibus

2198 1885 2323 1942 suis
2354 1887 2642 1942 mendacii
2674 1891 2837 1961 pater
2865 1889 2933 1961 (j)
2956 1889 3364 1962 decipit(Joan.
3399 1909 3528 1957 vm,
3548 1893 3661 1967 41),
3681 1899 3735 1949 et
3754 1908 3836 1949 ve-

2197 1991 2263 2030 ra
2292 1975 2507 2032 Christi
2538 1993 2671 2033 caro
2702 1994 2815 2032 non
2850 1979 3058 2050 pascit.
3094 1979 3259 2035 Sicut
3287 1997 3433 2055 ergo
3457 1982 3677 2038 divinis
3696 1999 3840 2037 man-

2196 2064 2349 2120 datis
2379 2081 2651 2138 sameque
2682 2066 2958 2123 doctrinae
2990 2072 3111 2125 toto
3142 2071 3315 2126 corde
3337 2070 3748 2127 famulandum
3761 2075 3838 2126 est

2196 2154 2278 2209 ita
2306 2155 2466 2209 omni
2491 2156 2799 2226 prudentia
2825 2156 2896 2211 ab
2919 2155 3118 2229 impiis
3139 2163 3228 2214 est
3248 2159 3534 2216 sensibus
3556 2160 3836 2215 abstinen-

2192 2244 2355 2298 dum.
2391 2244 2554 2298 Tunc
2583 2244 2736 2299 enim
2768 2245 2842 2316 (k)
2876 2261 3043 2301 mens
3072 2251 3345 2302 sanctum
3373 2249 3503 2322 agit
3531 2252 3701 2322 atque
3728 2248 3832 2320 spi-

2193 2332 2357 2387 ritale
2379 2331 2696 2403 jejunium,
2747 2350 2880 2388 cum
2913 2334 3125 2391 erroris
3185 2335 3350 2393 cibos
3383 2342 3567 2410 atque
3624 2353 3831 2393 venena

2192 2422 2395 2495 adjicit
2424 2422 2697 2478 falsitatis
2722 2441 2736 2491 ;
2770 2440 2895 2495 qua:
2919 2423 3160 2481 dolosus
3187 2442 3255 2481 ac
3276 2431 3561 2484 versutus
3580 2424 3830 2482 inimicus

2190 2528 2347 2583 nunc
2395 2512 2737 2569 insidiosius
2768 2513 2999 2586 ingerit,
3032 2516 3270 2586 quando
3330 2516 3468 2588 ipso
3500 2514 3828 2573 venerande

2190 2601 2521 2657 festivitatis
2552 2618 2795 2657 recursu
2826 2603 3020 2658 omnis
3055 2602 3314 2660 Ecclesia
3360 2607 3437 2662 ad
3471 2602 3829 2677 intelligenda

2190 2689 2399 2745 salutis
2429 2707 2546 2746 suae
2600 2691 2875 2763 mysteria
2921 2691 3271 2763 generaliter
3298 2691 3363 2761 (ι)
3420 2696 3824 2750 commonetur.

2190 2779 2245 2834 Is
2274 2779 2430 2835 enim
2472 2780 2918 2836 resurrectionis
2976 2780 3190 2836 Christi
3219 2798 3395 2840 verus
3448 2783 3745 2839 confessor
3777 2784 3826 2835 et

2192 2867 2381 2924 cultor
2399 2872 2507 2935 est,
2540 2868 2639 2940 qui
2669 2872 2726 2923 et
2752 2869 2825 2925 de
2858 2869 3128 2941 passione
3145 2872 3274 2942 ejus
3295 2889 3416 2929 non
3442 2870 3818 2934 contunditur,

2188 2964 2244 3015 et
2274 2959 2345 3013 de
2375 2974 2651 3029 corporea
2679 2957 2977 3014 nativitate
3011 2976 3122 3015 non
3147 2959 3388 3017 fallitur.
3424 2961 3573 3017 Nam
3604 2957 3820 3032 quidam

2187 3048 2598 3104 erubescentes
2629 3046 3006 3119 Evangelium
3034 3048 3226 3105 crucis
3256 3049 3500 3118 Christi,
3533 3052 3599 3104 ut
3628 3048 3818 3105 auden-

2188 3137 2306 3193 tius
2337 3142 2686 3191 avacuarent
2715 3141 3056 3209 susceptum
3080 3154 3184 3209 pro
3214 3136 3816 3209 mundiredemptione

438 3239 592 3298 sicut
621 3216 951 3291 immitibus
971 3216 1306 3299 vehemens,
1331 3234 1412 3289 ita
1462 3235 1572 3290 erit
1596 3236 2076 3294 misericordibus
2106 3216 2150 3283 (ἶ
2188 3223 2565 3297 εΗΡΡῙίοίιιῐῐι,
2603 3223 2794 3296 ipsam
2823 3241 2968 3280 verm
2996 3226 3189 3282 carnis
3219 3226 3279 3282 in
3310 3228 3563 3284 Domino
3601 3238 3814 3297 negave-

434 3326 691 3384 clemens
715 3343 730 3393 ;
763 3328 821 3380 et
849 3323 1106 3378 detrusis
1140 3322 1199 3376 in
1219 3321 1413 3395 ignem
1438 3323 1715 3395 gehennae
1739 3329 1973 3396 propter
1994 3326 2079 3381 in-

434 3414 862 3472 humanitatem
886 3410 1165 3478 sinistris,
1190 3410 1423 3467 dextros
1439 3410 1941 3485 eleemosynarum
1965 3414 2080 3487 pie-

432 3507 549 3560 tate
582 3501 849 3558 laudatos
880 3499 1085 3572 (Matth.
1115 3516 1246 3567 xxv,
1294 3498 1383 3566 34,
1418 3500 1545 3569 42),.
1579 3504 1794 3557 mterna
1833 3502 2078 3560 caelestis

432 3589 597 3663 regni
618 3587 918 3645 beatitudo
974 3586 1276 3658 suscipiet.
1312 3587 1418 3643 Per
1464 3589 1778 3646 Dominum
1811 3596 2077 3651 nostrum

430 3679 632 3735 Jesum
667 3675 987 3743 Christum,
1016 3675 1115 3748 qui
1174 3692 1305 3730 cum
1352 3677 1519 3733 Patre
1548 3682 1605 3733 et
1632 3679 1847 3750 Spiritu
1876 3687 2077 3739 sancto

430 3766 572 3823 vivit
601 3771 659 3823 et.
682 3767 886 3838 regnat
918 3763 976 3819 in
1010 3762 1221 3820 saecula
1254 3764 1623 3821 saeculorum.
1655 3770 1861 3823 Amen.

751 3882 908 3937 114
937 3879 1170 3936 saeuo
1208 3878 1377 3935 XLVI
1418 3881 1524 3952 [AL
1558 3881 1735 3953 XLV].

892 3969 970 4024 De
999 3966 1427 4040 Quadragesima
1463 3970 1600 4025 VIII.

428 4088 727 4166 SYNOPSlS.
761 4116 830 4166 _—-
862 4084 906 4140 Ι.
954 4085 1073 4166 Non
1119 4084 1296 4139 solum
1323 4084 1483 4150 vitia,
1533 4085 1636 4166 sed
1651 4089 1703 4141 et
1730 4103 1941 4166 errores
1968 4105 2079 4166 esse

496 4157 832 4230 repellendos
848 4174 869 4219 ;
896 4157 1279 4283 qeminamque
1335 4157 1726 4240 agnosceadam
1776 4160 1836 4243 ia
1869 4159 2077 4245 Christo

496 4234 776 4284 naturam.
805 4259 873 4268 —-
933 4228 975 4282 l.
1006 4228 1067 4282 In
1098 4228 1349 4282 omnibus
1368 4229 1676 4283 actionibus
1697 4228 2079 4288 Chrzstzvaria

496 4234 776 4284 naturam.
805 4259 873 4268 —-
904 4234 975 4283 ll.
1006 4234 1067 4282 In
1098 4234 1349 4282 omnibus
1368 4234 1676 4283 actionibus
1697 4234 1906 4286 Christi
1918 4234 2078 4288 varia

496 4302 708 4381 etucere
737 4301 1026 4381 utriusque
1056 4302 1272 4381 naturae
1288 4300 1720 4381 testiinonium—
1742 4301 1837 4381 I_l_I.
1865 4302 1994 4381 Quae
2012 4303 2078 4360 de

500 4371 721 4427 Christo
751 4369 1037 4426 incantato
1059 4370 1170 4424 sint
1198 4369 1485 4426 credenda.
1520 4399 1587 4411 -—
1617 4370 1707 4427 IV.
1756 4369 2079 4431 Nonvsolum

495 4493 569 4563 (a)
600 4491 712 4571 A_|.,
739 4494 1112 4571 galemaitate.
1147 4493 1283 4548 Post
1312 4511 1500 4571 pauca
1529 4499 1653 4552 erat
1683 4496 1743 4571 in
1774 4497 1948 4555 editis
1973 4516 2078 4571 pa-

424 4572 579 4643 ratus
604 4566 696 4619 sis.
733 4562 1105 4643 Praetulimus
1132 4562 1334 4643 parata
1353 4567 1449 4633 sis,
1476 4583 1615 4643 _non
1648 4567 1839 4643 solum
1866 4562 2070 4643 ex_ali-
2099 4578 2149 4643 Β

426 4638 569 4716 quot
599 4650 768 4704 mss.,
798 4650 998 4688 verum
1030 4634 1204 4690 etiam
1236 4634 1377 4706 quia
1404 4637 1603 4692 referri
1636 4638 1864 4695 videtur
1892 4641 1963 4697 ad
1997 4643 2073 4698 fe-

426 4721 716 4761 mlmnum
739 4720 950 4759 nomen
972 4721 1140 4761 "16118.

496 4777 574 4850 (ὁέ)
604 4775 781 4850 Codd.
814 4774 1035 4850 collect.
1060 4777 1112 4841 4,
1131 4778 1379 4850 imperia
1398 4793 1509 4834 non
1536 4780 1670 4835 sint.

493 4846 564 4918 (ε)
595 4846 804 4921 Confer
859 4846 1291 4921 observationes
1333 4853 1586 4921 nostras,
1631 4852 1730 4906 ubi
1765 4855 2066 4912 annotatio

424 4912 715 4983 Quesnelli
750 4916 1129 4973 describatur.

496 4989 571 5071 (ά)
603 4987 959 5044 Particulam
987 4989 1087 5044 sub
1117 5005 1220 5060 pro
1253 5006 1287 5043 a
1317 5005 1385 5045 ex
1416 5007 1557 5046 mss.
1604 4993 1662 5049 S.
1708 4998 1861 5052 Petri
1895 5014 2065 5071 repo-

425 5077 581 5274 euge];
586 5077 740 5186 1'll‘sres
764 5129 946 5186 nostri
981 5130 1149 5186 codd.
1183 5135 1240 5185 et
1268 5130 1457 5212 prima
1489 5133 1683 5202 editio,
1719 5138 1955 5209 effectus.

515 5205 567 5274 Γ)
597 5201 951 5258 Particulam
990 5203 1051 5257 in
1082 5201 1420 5259 addidimus
1469 5219 1537 5259 ex
1566 5205 1796 5263 duobus
1826 5227 1949 5266 mss

386 5263 395 5267 _
424 5274 464 5284 ﬁ
493 5201 576 5284 (Γ).
597 5201 951 5258 Particulam
990 5203 1051 5257 in
1082 5201 1420 5259 addidimus
1469 5219 1537 5259 ex
1566 5201 1796 5263 duObus
1826 5227 1971 5267 mss.
2003 5211 2064 5268 S.

424 5274 864 5427 1:66;)!‘Sic'cum
890 5343 1204 5427 Quesnello
1235 5360 1303 5427 ex
1332 5344 1542 5401 iisdem
1565 5346 1623 5402 S.
1645 5347 1793 5404 Petri
1818 5350 1986 5409 codd.
2010 5357 2068 5410 et

423 5415 654 5474 duobus
674 5415 803 5472 Vat.
835 5416 949 5485 AL,
983 5416 1345 5471 abstinentiae.

463 5489 573 5561 -(h)
599 5488 749 5544 Editi
774 5494 908 5561 ante
936 5487 1174 5561 Quesn.,
1204 5489 1347 5561 sicut
1372 5486 1649 5561 desiderii,
1678 5490 1764 5546 vel
1783 5492 2066 5552 desideriis

418 5558 605 5615 carnis
619 5559 943 5616 rescenditis
962 5559 1507 5627 votuptates.Textus
1524 5558 1690 5617 lectio
1708 5569 1797 5619 est
1813 5564 1873 5620 in
1896 5567 2062 5624 codd.

419 5629 485 5691 S.
513 5630 664 5687 Petri
694 5633 752 5687 et
780 5631 839 5687 in
871 5631 998 5689 Vat.
1031 5630 1256 5688 collect.
1288 5632 1343 5687 5.

491 5700 557 5789 (ἰ)
586 5705 671 5764 Ita
690 5702 806 5766 duo
838 5719 981 5765 mss.
1012 5706 1069 5775 8,
1102 5701 1277 5764 Petri.
1311 5700 1460 5763 Editi
1479 5706 1536 5764 et
1564 5701 1746 5784 aliqui
1778 5707 1970 5781 oodd.,
2002 5726 2065 5772 in

2186 3330 2248 3369 re
2278 3317 2570 3381 naturam,
2631 3330 2745 3368 non
2795 3312 3186 3387 intelligentes
3245 3314 3674 3388 impassibilem
3726 3308 3809 3366 Dei

2185 3402 2356 3458 Verbi
2379 3406 2554 3474 atque
2571 3402 3113 3459 incommutabilem
3134 3406 3175 3460 ι
3190 3407 3227 3460 7
3241 3405 3285 3462 5
3307 3405 3618 3473 Deitatem,
3638 3400 3728 3474 (γη)
3744 3398 3811 3453 ita

2186 3490 2527 3547 inclinatam
2561 3491 2631 3546 ad
2685 3489 3004 3547 humanam
3036 3491 3308 3563 salutem,
3356 3498 3512 3551 utet
3568 3491 3807 3565 potenter

2185 3579 2421 3654 propria
2450 3596 2564 3636 non
2593 3580 2912 3648 amitteret,
2939 3585 2996 3637 et
3014 3582 3477 3641 misericorditer
3497 3586 3689 3638 nostra
3707 3591 3814 3632 sus-

2186 3670 2422 3742 ciperet.
2461 3668 2720 3740 Duplicis
2750 3660 2946 3741 itaque
2979 3670 3037 3725 in
3069 3670 3302 3728 Christo
3334 3674 3535 3729 forma:
3566 3685 3678 3726 una
3700 3680 3809 3738 per-

2187 3775 2331 3813 sona
2347 3761 2456 3823 est,
2481 3760 2536 3813 et
2557 3756 2741 3813 Filius
2766 3757 2882 3826 Dei,
2906 3758 3178 3832 idemque
3199 3760 3358 3817 ﬁlius
3380 3758 3656 3824 hominis,
3678 3766 3809 3810 unus

2188 3850 2275 3902 est
2306 3846 2615 3913 Dominus,
2649 3846 3043 3903 conditionem
3077 3848 3345 3905 servilem
3375 3846 3621 3907 consilio
3651 3842 3808 3916 pieta-

2184 3934 2262 3990 tis
2295 3935 2604 4007 recipiens.
2633 3936 2711 4006 (η)
2742 3952 2857 3991 non
2905 3935 3031 4010 lege
3078 3938 3449 3995 necessitatis
3493 3937 3805 3991 incurrens:

2187 4023 2327 4096 quia
2358 4027 2646 4096 potestate
2677 4024 2868 4081 factus
2897 4030 2990 4081 est
3018 4025 3287 4093 humilis,
3320 4028 3606 4100 potestate
3638 4013 3804 4111 passi:

2186 4112 2636 4184 bilis,potestate
2660 4112 2927 4169 mortalis
2950 4131 2964 4183 ;
2999 4118 3066 4170 ut
3080 4115 3154 4171 ad
3176 4115 3595 4172 destruendum
3613 4106 3802 4182 peccati

2189 4201 2515 4273 mortisque
2545 4200 2937 4269 dominatum,
2969 4207 3025 4257 et
3056 4221 3239 4276 preme
3271 4221 3454 4277 capax
3482 4203 3629 4257 esset
3656 4193 3801 4251 subs-

2184 4289 2370 4345 tantia
2402 4289 2786 4361 inﬁrmitatis,
2816 4294 2872 4347 et
2904 4291 3051 4347 nihil
3074 4292 3269 4366 gloriae
3301 4310 3421 4349 sum
3437 4288 3687 4366 perderet
3706 4296 3796 4338 na-

2185 4383 2319 4435 tura
2346 4377 2597 4434 virtutis.
3393 4384 3405 4393 '

2187 4502 2327 4578 quod
2348 4502 2554 4578 Lapud
2586 4504 2825 4578 Quesn_.,
2858 4521 2983 4578 quo.
3038 4575 3084 4578 __
3265 4572 3297 4578 λζ
3467 4577 3472 4578 ί
3552 4571 3565 4578 _
3691 4566 3700 4578 _

2253 4574 2324 4653 (λλ
2348 4571 2513 4653 Unus
2536 4590 2646 4629 ms.
2678 4578 2734 4629 S.
2772 4571 2921 4630 Petri
2951 4580 3008 4653 et
3037 4575 3167 4653 Vat.
3193 4572 3418 4653 collect.
3452 4577 3502 4644 4,
3520 4571 3771 4653 decepit.“
3843 4626 3847 4632 ι

2256 4636 2577 4718 ἰἹίλγροεω
2604 4661 2775 4718 mens.
2802 4663 2927 4718 qua:
2957 4646 3017 4702 in
3048 4647 3356 4713 Quesnello
3378 4636 3555 4713 deest,
3576 4636 3791 4697 ex'czete-

2181 4716 2261 4771 ris
2290 4716 2461 4788 editis
2482 4716 2835 4788 nostrisque
2857 4718 3024 4773 codd.
3059 4736 3422 4775 revocamus.

2251 4788 2316 4863 (ι)
2347 4771 2450 4842 Sic
2470 4771 2829 4863 Quesn.cu_m_
2858 4771 3114 4863 sanitas
3138 4771 3422 4863 Ᾱιὶῐίιέἕρζ
3473 4803 3543 4845 an
3574 4776 3712 4841 1583,
3739 4771 3784 4824 et

2177 4857 2439 4931 plerique
2458 4857 2664 4931 nostri
2680 4859 2856 4931 codd.
2886 4860 2999 4928 AL,
3028 4857 3409 4917 commovetur.

2248 4925 2573 5001 (nu—Prima
2602 4929 2801 4992 editio.
2832 4932 2912 4986 ita
2938 4925 3268 4988 iactinatam
3295 4932 3365 4987 ad
3394 4932 3673 5001 humanam
3698 4925 3782 5001 ηρ-

2180 4995 2364 5056 turam
2394 5008 2444 5055 et
2473 4999 2681 5067 advius
2702 5001 2958 5058 salutem.
2972 5002 3060 5058 Ali
3069 5022 3113 5058 ω
3134 5003 3419 5063 editiones
3435 5004 3561 5057 ante
3577 4995 3777 5067 01153591

2175 5074 2255 5127 ita
2284 5087 2341 5125 se
2372 5060 2735 5127 inclinaatem
2791 5073 2861 5128 ad
2891 5075 3193 5130 humanam
3238 5060 3497 5130 ﬂaturam
3524 5071 3573 5124 et
3600 5060 3661 5118 ad
3685 5060 3782 5127 ⁸1⁸⁸⁵

2173 5143 2428 5199 salutem.
2462 5142 2828 5209 Quesnellus,
2863 5147 2945 5200 ita
2975 5147 3303 5201 inclinatam
3318 5145 3387 5200 ad
3407 5145 3683 5199 humanam
3696 5138 3777 5209 ’Ψ

2177 5195 2380 5281 saria.
2395 5195 2732 5287 suisset?
2745 5195 2828 5271 ἷιᾶ
2856 5217 2974 5287 ejus
3000 5217 3232 5272 salutem
3245 5234 3265 5278 ρ·
3290 5233 3423 5272 cum
3446 5195 3776 5287 tamet???

2176 5288 2248 5341 tis
2279 5270 2497 5341 mentio
2529 5270 3197 5360 potissimumexigatur
3216 5270 3773 5360 lablantecedentilﬂlf:

2175 5364 2478 5462 is‘uscleptum
2493 5342 2593 5462 prro
2619 5357 2820 5462 1pmsz
2836 5342 3204 5462 redemptione
3221 5342 3647 5462 supplicilttﬂfsﬂag
3671 5347 3774 5462 αξξ

2220 5428 2269 5462 in
2314 5444 2454 5462 nnna
2487 5444 2546 5462 na
2574 5444 2637 5462 an
2665 5446 2734 5462 nn
2826 5445 2924 5462 ann
2959 5428 2973 5462 ἶ
3008 5446 3213 5462 anan
3248 5444 3452 5462 nvnmn
3478 5439 3551 5462 om
3615 5449 3630 5462 ι
3655 5451 3667 5462 .

2175 5425 2271 5501 hic
2292 5414 2456 5501 locus
2487 5414 2751 5501 refertur.
2786 5428 2977 5484 Secuti
3008 5414 3216 5485 sumus
3247 5414 3590 5501 eiemplariia
3614 5414 3667 5469 S-
3694 5414 3775 5462 Ρθ·

2174 5498 2252 5555 tri
2284 5503 2341 5555 et
2368 5499 2485 5553 duo
2518 5498 2649 5555 Vat.

2245 5545 2702 5643 ζνῖῖῐῖἷρὶιὲἕη.
2738 5587 2874 5627 cum
2914 5588 3031 5628 uno
3091 5588 3202 5630 ms.
3237 5570 3409 5629 Petri.
3437 5565 3545 5633 Α1.,
3597 5566 3685 5615 ηεο
3708 5545 3771 5603 λθ·

2169 5657 2316 5718 gem.
