3964 6218
195 324 285 388 293
1320 394 1323 397 ,
1625 328 1853 393 SERMt

2021 316 2186 390 ,νηΐ
3487 339 3608 398 294

259 459 368 515 CAP.
399 459 473 515 Il.
508 493 584 501 ——
619 460 791 519 Cum
827 462 1046 536 itaque,
1070 459 1456 532 dilectissimi,
1485 462 1741 538 legentes
1760 463 1848 520 vel
1878 466 1932 533 Α
1963 462 2178 520 Christi
2204 462 2552 519 inconcusso
2584 462 2757 520 corde
2774 466 3069 522 servantes
3101 464 3175 521 ab
3204 467 3479 526 omnibus
3494 470 3607 525 hm—

201 549 466 606 audientes
496 551 941 626 Evangelium,
976 554 1236 626 quaedam
1274 554 1332 609 in
1364 554 1611 610 Domino
1643 558 1842 611 nostro
1953 552 2542 624 retieorumjejunate
2563 553 2966 623 mendaciis,et
2988 554 3070 609 ita
3099 555 3267 612 vobis
3285 555 3607 614 misericor-

198 638 317 695 Jesu
342 638 573 696 Christo
608 642 984 715 cognoscitis
1007 642 1268 714 subjecta
1288 643 1543 715 injuriis,
1578 643 1843 716 quaedam
1953 641 2060 697 diae
2084 657 2255 713 opera
2282 642 2497 697 credite
2518 642 2931 714 profutura,ita
2952 643 3246 700 fructuosa
3277 644 3605 702 habendam

203 726 463 785 illustrata
489 729 840 798 miraculis,
872 731 953 787 ita
984 736 1048 787 ut
1078 731 1137 787 in
1160 732 1364 788 eodem
1396 749 1550 788 nunc
1584 731 1847 788 humana
1955 730 2326 787 continentiae
2355 730 2690 803 puriiatcm,
2717 730 2767 787 si
2796 736 3023 788 mentes
3043 737 3247 788 vestra:
3280 732 3443 790 nulla
3473 751 3606 806 pra-

207 822 515 891 appareant,
551 835 723 875 nunc
756 819 958 875 divina
989 818 1436 893 resplendeant;
1465 820 1642 877 nolite
1674 822 1847 894 quid-
1955 836 2163 875 varum
2181 818 2525 891 opinionum
2547 819 3607 895 constaminationesorduerint.Abji-

206 922 360 979 quam
379 905 597 963 horum
618 908 921 966 ascribere
942 908 1198 978 falsitati,
1216 913 1518 982 tamquam
1540 909 1596 965 in
1622 909 1849 966 Christo
1959 908 2069 964 cite
2089 924 2261 963 exosa
2280 908 2527 963 Domino
2545 909 2614 981 (e)
2637 908 2934 980 sapientiae
2958 910 3269 965 mundanae
3292 927 3603 983 argumen-

209 993 1152 1066 nutsolasithumanitas,autsola
1171 998 1458 1054 Divinitas
1482 999 1604 1067 ;sed
1629 1002 1851 1054 utrum-
1960 1001 2021 1053 ta
2046 1014 2150 1069 per
2178 1013 2355 1069 quam
2401 1013 2573 1053 nemo
2605 997 2675 1052 ad
2715 997 3101 1070 cognitionem
3129 999 3389 1055 veritatis
3417 1001 3607 1073 potuit

206 1100 306 1157 que
335 1083 588 1141 ﬁdeliter
614 1085 859 1155 credite,
893 1090 1215 1159 utrumque
1257 1087 1560 1144 humiliter
1585 1088 1849 1144 adorata:
1960 1085 2278 1159 pervenire,
2311 1088 2368 1142 et
2397 1085 2505 1140 hoc
2539 1086 2718 1141 ﬁxum
2747 1084 2955 1141 habete
2980 1086 3035 1140 in
3072 1087 3287 1156 animo,
3321 1089 3477 1160 quod
3516 1089 3605 1144 di-

202 1178 261 1229 ut
286 1172 341 1228 in
374 1173 604 1229 unitate
632 1174 810 1230 Verbi
843 1179 901 1231 et
922 1175 1113 1232 carnis
1127 1193 1242 1232 non
1257 1177 1333 1231 sit
1363 1175 1483 1232 ulla
1505 1176 1854 1245 divisio,nec
1962 1175 2093 1230 citis
2123 1176 2181 1228 in
2214 1172 2509 1247 Symbolo.
2537 1173 2760 1229 Credite
2777 1173 3310 1246 consempiternum
3344 1177 3498 1233 Patri
3522 1178 3609 1234 Fi-

203 1262 334 1336 quia
361 1262 685 1319 manifesta
708 1264 947 1320 fuerunt
966 1264 1025 1320 in
1046 1265 1184 1321 Jesu
1208 1264 1378 1338 signa
1395 1264 1857 1334 divina,falsavi-
1960 1263 2109 1319 lium
2139 1262 2259 1330 Dei,
2293 1280 2395 1336 per
2424 1279 2597 1335 quem
2640 1262 2792 1318 facta
2820 1266 2959 1317 sunt
2988 1263 3206 1335 omnia,
3252 1269 3308 1320 et
3336 1264 3460 1322 sine
3491 1283 3607 1339 quo

195 1352 441 1408 deantur
479 1352 840 1409 documenta
869 1371 1163 1426 corporea.
1194 1354 1346 1410 Vera
1374 1358 1432 1410 et
1462 1354 1696 1427 copiosa
1716 1359 1858 1411 sunt
1964 1353 2185 1407 factum
2215 1355 2303 1407 est
2333 1350 2476 1405 nihil
2502 1352 2741 1421 (Joan.1,
2760 1351 2836 1423 3),
2870 1352 3194 1408 secundum
3210 1369 3444 1410 carnem
3471 1372 3609 1427 quo-

192 1445 265 1513 (α)
300 1440 364 1496 in
404 1440 537 1513 ipso
566 1442 887 1514 utriusque
922 1443 1258 1500 testimonia
1287 1447 1529 1510 naturae,
1560 1444 1633 1499 ad
1660 1444 1768 1499 hoc
1790 1460 1859 1501 ex
1966 1458 2080 1514 que
2108 1440 2167 1495 in
2201 1441 2313 1495 ﬁne
2337 1446 2665 1513 temporum
2688 1442 3290 1514 generatum.Credite
3318 1442 3475 1499 hunc
3491 1460 3612 1500 cor-

191 1530 377 1585 divini
409 1530 644 1588 consilii
670 1531 979 1589 altitudine
1004 1534 1433 1603 concurrentia,
1454 1538 1521 1590 ut
1548 1534 1738 1590 Verbo
1767 1535 1856 1590 in-
1966 1527 2241 1602 poraliter
2259 1528 2622 1598 cruciﬁxum,
2642 1533 2964 1598 mortuum,
2997 1530 3343 1587 suscitatum
3363 1536 3420 1588 et
3434 1549 3612 1606 super

187 1618 449 1676 violabili
476 1637 594 1676 non
621 1627 1135 1693 separatoacarne
1157 1622 1420 1695 passibili
1442 1623 1735 1695 particeps
1759 1640 1860 1696 per
1968 1618 2309 1693 altitudines
2340 1616 2661 1673 cmlestinm
2705 1617 3173 1673 dominationum
3207 1619 3518 1689 elevatum,
3549 1623 3608 1678 in

186 1708 396 1763 omnia
418 1706 790 1782 intelligatur
810 1713 867 1764 et
894 1709 1090 1765 Deitas
1110 1710 1325 1780 carnis,
1350 1715 1407 1767 et
1436 1728 1569 1767 caro
1588 1712 1850 1768 Deitatis.
1966 1707 2155 1763 Patris
2187 1706 2421 1762 dextera
2436 1706 2847 1771 constitutum,
2878 1707 2947 1760 ad
2961 1707 3353 1778 judicandum
3373 1710 3532 1767 vivos
3551 1716 3611 1768 et

188 1796 365 1853 Mens
393 1797 578 1871 igitur
633 1796 985 1865 Christiana,
1018 1798 1194 1871 fugax
1225 1800 1534 1867 mendacii,
1569 1800 1859 1873 discipula
1890 1838 1934 1873 η
1968 1799 2232 1852 mortuos
2262 1795 2319 1849 in
2349 1795 2549 1850 eadem
2574 1811 2768 1862 carne,
2801 1811 2918 1867 quo
2951 1796 3236 1869 ascendit,
3268 1803 3607 1856 venturum.

184 1885 481 1954 veritatis,
496 1886 837 1959 evangeliea
851 1890 1014 1943 utere
1027 1887 1548 1957 ﬁdenterhistoria,
1572 1893 1630 1945 et
1649 1889 1858 1962 (b)qute
1888 1882 1935 1903 "
1968 1885 2085 1941 Hoc
2112 1884 2267 1939 enim
2292 1883 2579 1939 universis
2610 1882 2882 1939 ﬁdelibus
2900 1882 3211 1956 Apostolus
3233 1886 3609 1958 prmdicatdi-

187 1974 511 2031 visibiliter
539 1980 684 2031 sunt
712 1979 877 2049 gesta
906 1992 1008 2047 per
1026 1976 1362 2043 Dominum,
1396 1982 1699 2051 tamquam
1730 1979 1861 2052 ipsa
1968 1991 2105 2030 cens
2130 1991 2143 2029 :
2179 1973 2239 2027 Si
2264 1973 2685 2027 ronsurrexistis
2705 1988 2829 2026 cum
2853 1971 3084 2041 Christo,
3108 1989 3233 2045 quae
3250 1992 3465 2032 sursum
3482 1988 3614 2034 sunt

192 2079 338 2117 cum
376 2063 658 2137 apostolis
704 2069 1038 2137 aggregata,
1071 2081 1227 2121 nunc
1256 2065 1502 2136 spiritali
1538 2066 1857 2135 intellectu,
1966 2064 2219 2135 quaerite,
2252 2062 2349 2116 ubi
2380 2061 2625 2116 Christus
2653 2065 2730 2115 est
2764 2062 2818 2115 in
2852 2061 3074 2117 dextera
3105 2063 3204 2118 Dei
3229 2064 3457 2128 sedens;
3486 2082 3614 2138 quae

180 2168 646 2225 nunccorporeo
662 2153 1773 2227 discerneconspectu.Dahominiquod
1790 2156 1860 2211 de
1967 2169 2187 2208 sursum
2215 2159 2341 2205 sunt
2381 2158 2574 2221 sapite,
2608 2166 2713 2205 non
2768 2165 2895 2220 qua’
2932 2167 3096 2221 super
3140 2159 3363 2207 terram.
3416 2154 3615 2210 Μονίυί

178 2241 445 2298 muliere
457 2259 605 2315 puer
620 2243 916 2309 nascitur;
942 2244 1101 2313 (s)da
1122 2243 1236 2311 Deo
1251 2243 1403 2315 quod
1440 2260 1542 2299 nec
1575 2249 1857 2317 conceptu
1968 2244 2116 2296 enim
2146 2242 2298 2307 estis,
2331 2242 2379 2294 et
2413 2241 2522 2293 vita
2541 2243 2715 2294 vestra
2738 2239 3050 2293 abscondita
3071 2248 3148 2296 est
3165 2257 3289 2297 cum
3314 2241 3526 2298 Christo
3554 2246 3615 2299 in

182 2328 435 2386 laeditur
451 2330 763 2403 virginitas
782 2334 1069 2399 materna,
1095 2347 1198 2387 nec
1212 2336 1404 2403 partu.
1426 2332 1693 2388 Formam
1710 2334 1859 2389 servi
1967 2331 2093 2385 Deo.
2117 2328 2251 2384 Cum
2281 2330 2431 2383 enim
2452 2328 2699 2383 Christus
2725 2330 3045 2400 apparuerit
3068 2330 3175 2384 vita
3206 2334 3537 2400 vestra,tunc
3562 2337 3616 2389 et

185 2418 546 2475 obvolutum
582 2420 820 2492 pannis,
846 2419 1216 2491 jacentemin
1248 2420 1859 2495 prmsepiocognosce;
1975 2434 2065 2474 vos
2086 2418 2420 2490 apparebitis
2448 2434 2574 2472 cum
2604 2418 2718 2488 ipso
2750 2419 2809 2472 in
2839 2418 3258 2488 gloria(Caloss.
3293 2436 3379 2486 ιιι,
3404 2421 3541 2493 1-4).

192 2508 310 2563 sed
348 2508 755 2565 annuntiatam
779 2510 851 2566 ab
872 2508 1117 2583 angelis,
1149 2508 1499 2566 declaratam
1520 2511 1591 2567 ab
1609 2512 1861 2569 elemen-
2042 2506 2173 2562 CAP-
2213 2505 2305 2570 ιν,
2337 2538 2404 2545 -
2453 2505 2744 2560 Habentes
2802 2521 2961 2577 ergo,
3021 2505 3406 2580 dilectissimi,
3439 2512 3615 2564 tantm

191 2595 302 2664 tis,
343 2598 642 2655 adoratam
664 2615 698 2653 a
730 2597 919 2673 magis
938 2598 1185 2655 formam
1201 2598 1428 2655 Domini
1450 2600 1725 2658 conﬁtere
1750 2602 1865 2658 Hu-
1972 2592 2381 2669 promissionis
2411 2593 2708 2663 ﬁduciam,
2757 2600 2939 2649 estote
2970 2611 3083 2650 non
3133 2595 3324 2652 solum
3358 2614 3481 2670 spe,
3514 2599 3617 2654 sed

192 2700 457 2741 manum
478 2685 765 2759 intellige,
791 2686 944 2759 quod
978 2703 1093 2741 non
1125 2686 1438 2743 declinavit
1456 2688 1714 2761 nuptiale
1735 2706 1868 2747 con-
1973 2683 2147 2741 etiam
2196 2682 2629 2739 conversatione
2682 2681 2968 2738 cmlestes.
3020 2683 3089 2737 Et
3132 2684 3401 2755 quamvis
3457 2687 3617 2742 omni

177 2773 245 2826 vi
258 2774 459 2840 vium;
489 2775 756 2831 divinum
787 2776 1065 2848 approba,
1090 2776 1243 2848 quod
1267 2793 1480 2848 aquam
1514 2777 1864 2834 convertitin
1974 2777 2235 2845 tempore
2265 2771 2622 2827 studendum
2655 2770 2733 2826 sit
2775 2770 3185 2827 santiﬁcationi
3233 2776 3291 2828 et
3319 2774 3532 2829 mentis
3562 2779 3620 2831 et

198 2860 423 2918 vinum
459 2866 637 2927 (Joan.
671 2881 733 2932 ιι,
767 2862 845 2924 9).
878 2864 1085 2920 Nostra
1132 2864 1235 2920 tibi
1261 2865 1588 2921 innotescat
1617 2867 1866 2936 affectio,
1974 2860 2625 2932 corporis,nunctamen
2644 2859 2702 2912 in
2735 2858 2865 2913 istis
2883 2859 3273 2932 quadraginta
3298 2860 3523 2917 dierum
3535 2862 3622 2933 je-

193 2964 319 3005 cur
342 2958 571 3009 mortuo
602 2953 793 3009 amico
835 2953 1008 3009 fletus
1029 2953 1423 3027 impenditur;
1457 2954 1650 3010 divina
1671 2960 1868 3028 poten-
1966 2950 2178 3022 juniis,
2213 2947 2652 3003 sollicitioribus
2672 2964 2773 3003 vos
2796 2947 3030 3019 pletatis
3050 2948 3325 3020 operibus
3347 2949 3616 3023 expolite,

180 3037 273 3094 tia
308 3042 625 3109 sentiatur,
660 3058 797 3098 cum
854 3041 1010 3097 idem
1055 3047 1188 3115 post
1241 3042 1702 3115 quatriduanam
1739 3046 1866 3117 jam
1977 3056 2093 3095 non
2124 3037 2314 3094 solum
2348 3036 2405 3092 in
2429 3034 2850 3092 distribuendis
2872 3034 3276 3110 eleemosynis,
3310 3055 3437 3111 quae
3466 3041 3610 3095 177

180 3126 441 3186 iaetidus
470 3130 862 3203 sepulturam,
913 3130 1037 3187 salo
1083 3130 1238 3187 vocis
1267 3132 1513 3204 imperio
1542 3132 1867 3189 viviﬁcatus
1977 3143 2258 3201 magnum
2276 3123 3007 3197 habent(f)emendationis
3027 3125 3424 3193 eﬁ‘eetum,sed
3442 3127 3619 3183 etiam

181 3216 453 3290 erigitur
479 3223 663 3292 (Joan.
696 3237 775 3285 Ix,
799 3220 912 3288 39).
946 3220 1156 3275 Lutum
1173 3220 1244 3276 de
1275 3224 1447 3293 sputo
1465 3225 1523 3276 et
1543 3226 1696 3277 terra
1717 3223 1865 3291 ficri,
1897 3208 1939 3275 C
1978 3216 2035 3271 in
2055 3214 2419 3272 remittendis
2439 3213 2860 3269 offensionibus
2882 3218 2938 3269 et
2952 3219 3327 3287 peccatorum
3358 3216 3621 3272 reatibus

182 3309 468 3379 corporei
500 3308 611 3365 fuit
640 3308 838 3381 operis
882 3308 1058 3368 (Joan.
1099 3326 1175 3377 ιι,
1207 3307 1298 3378 6);
1334 3310 1435 3366 sed
1468 3309 1629 3366 illinc
1656 3328 1863 3383 super-
1975 3303 2326 3361 relaxandis:
2350 3307 2415 3358 ut
2444 3301 2698 3358 conditio
2742 3318 2921 3374 quam
2967 3304 3119 3358 inter
3141 3320 3202 3359 se
3221 3307 3278 3359 et
3319 3303 3621 3361 hominem

185 3390 343 3451 litos
374 3399 508 3453 caeci
543 3396 747 3454 oculos
792 3396 1139 3464 illuminari,
1168 3414 1282 3453 non
1311 3398 1559 3454 dubium
1590 3404 1680 3455 est
1702 3399 1865 3456 illius
1972 3393 2475 3466 Deusposuit,non
2493 3391 3331 3449 resistatorantibus.Dicentes
3348 3392 3623 3460 enim,se-

189 3480 391 3540 t'uisse
422 3484 683 3552 virtutis,
714 3503 844 3558 quae
860 3486 1014 3557 quod
1035 3486 1340 3558 principiis
1361 3490 1581 3541 natura:
1612 3504 1727 3542 non
1759 3488 1865 3543 de-
1973 3484 2235 3540 cundum
2282 3481 2608 3537 doctrinam
2652 3481 2923 3537 Domini:
2965 3482 3190 3537 Dimitte
3238 3481 3395 3538 nobis
3441 3482 3621 3538 debita

1971 3581 2176 3638 nastra,
2207 3573 2348 3626 sicut
2404 3574 2455 3627 et
2512 3586 2610 3626 nos
2654 3569 2989 3626 dimittimus
3035 3570 3371 3627 debitoribus
3417 3574 3557 3627 nostr
3573 3573 3620 3627 is

1970 3660 2179 3731 (Matth.
2212 3676 2289 3726 V1,
2326 3660 2437 3728 12),
2483 3659 2767 3715 debemus
2798 3663 2918 3715 toto
2969 3660 3141 3716 corde
3188 3658 3431 3732 implere
3463 3660 3620 3732 quod

1970 3749 2242 3806 dicimus.
2262 3749 2427 3804 Tunc
2449 3748 2607 3804 enim
2630 3748 2731 3803 ﬁet
2746 3748 2986 3804 omnino
3009 3749 3162 3821 quod
3178 3749 3237 3804 in
3260 3765 3619 3821 consequen-

1968 3839 2130 3894 tibus
2161 3837 2550 3911 postulamus,
2585 3836 2737 3892 utin
2787 3838 3174 3893 tentationem
3228 3854 3344 3892 non
3376 3837 3617 3893 induca-

1970 3944 2122 3994 mur,
2150 3932 2209 3983 et
2239 3944 2273 3982 a
2299 3925 2483 3982 mtelis
2517 3926 2793 3981 omnibus
2814 3925 3162 3981 liberemur:
3184 3942 3285 3997 per
3306 3925 3618 3981 Dominum

186 3570 394 3644 derat,
430 3576 584 3631 116
635 3576 707 3629 ad
743 3574 1274 3629 manifestationem
1309 3592 1427 3630 suae
1458 3574 1653 3648 gloriae
1680 3592 1863 3632 reser-

182 3666 389 3718 varat.
440 3662 571 3718 Veri
630 3667 720 3720 est
769 3662 1029 3718 hominis
1080 3663 1475 3736 fatigationem
1524 3681 1861 3737 corpoream

186 3752 398 3806 somni
455 3751 650 3824 quiete
695 3750 951 3808 relevare
984 3751 1166 3814 (Marc.
1200 3769 1279 3820 ιν,
1311 3753 1429 3815 1Ι);
1478 3754 1578 3809 sed
1609 3753 1729 3809 veri
1760 3753 1863 3810 Dei

188 3836 314 3900 est.
341 3840 463 3895 vim
492 3841 857 3896 saevientium
887 3839 1274 3913 procellarum
1297 3842 1570 3915 praecepti
1605 3842 1864 3914 increpa-

193 3923 361 3982 tione
373 3944 754 4002 compescere.
767 3928 828 3984 Ci
838 3929 941 3985 bos
958 3929 1356 3986 esurientibus
1374 3947 1664 4002 apponere
1681 3932 1858 3997 (Joan.

198 4027 283 4079 vx,
316 4014 431 4083 38),
460 4017 732 4072 humanae
765 4016 1145 4090 benignitatis
1182 4016 1257 4087 (ἀ)
1288 4023 1396 4088 est,
1424 4022 1480 4074 et
1511 4018 1744 4075 socialis
1774 4022 1864 4075 est

210 4102 421 4171 animi;
436 4106 531 4162 sed
550 4106 812 4178 quinque
827 4105 1079 4178 panibus
1097 4110 1151 4161 et
1164 4106 1393 4163 duobus
1405 4107 1666 4179 piscibus
1689 4109 1862 4180 quin-

216 4204 335 4260 que
363 4193 522 4250 milia
549 4196 833 4261 virorum,
860 4193 1117 4267 exceptis
1140 4194 1489 4251 mulieribus
1510 4196 1860 4268 etparvulis,

222 4280 451 4354 satiare,
483 4282 618 4354 quis
634 4299 848 4355 negare
868 4282 1081 4338 audeat
1096 4299 1244 4355 opus
1276 4299 1403 4339 esse
1434 4283 1716 4341 Deitatis?
1733 4302 1861 4357 quas

209 4372 652 4441 cooperantibus
682 4387 885 4427 secum
907 4387 1055 4426 vera:
1087 4370 1281 4427 carnis
1312 4371 1540 4440 ofﬁciis,
1574 4378 1633 4428 et
1661 4390 1724 4429 se
1755 4373 1858 4429 ho-

210 4454 372 4522 mini,
394 4464 449 4514 et
477 4460 779 4515 hominem
806 4458 921 4515 sibi
945 4458 1136 4515 inesse
1168 4462 1559 4516 monstrabat:
1586 4462 1860 4533 quianon

209 4541 368 4602 aliter
394 4548 451 4603 in
482 4549 749 4605 humana
778 4552 991 4603 natura
1029 4548 1224 4603 sanari
1255 4552 1524 4620 poterant
1552 4548 1854 4622 originalis
1886 4574 1931 4639 Ι)

212 4632 439 4691 vulnera
484 4637 819 4705 vetustatis,
872 4635 987 4692 nisi
1038 4636 1111 4692 de
1141 4639 1303 4692 utero
1327 4636 1585 4709 Virginis
1616 4654 1852 4694 carnem

210 4720 310 4777 sibi
342 4730 680 4782 assumente
718 4726 811 4781 Dei
846 4724 1058 4792 Verbo,
1101 4725 1161 4779 in
1213 4742 1330 4780 una
1371 4727 1572 4782 eadem
1605 4743 1855 4799 persona

207 4807 374 4867 simul
405 4818 460 4869 et
487 4831 623 4870 caro
658 4817 1000 4870 nasceretur
1028 4817 1085 4868 et
1119 4815 1396 4870 Verbum.

270 4900 400 4957 CAP.
432 4903 526 4959 III.
562 4935 632 4945 —-
662 4903 847 4969 Hanc,
871 4901 1266 4971 dilectissimi,
1293 4902 1721 4960 incarnationis
1747 4906 1855 4961 Do-

213 4988 427 5045 minicze
460 4992 663 5059 ﬁdem,
716 5008 821 5064 per
850 5007 1029 5064 quam
1062 4994 1182 5046 tota
1230 4991 1487 5047 Ecclesia
1526 5008 1737 5065 corpus
1767 4998 1856 5050 est

273 5153 342 5228 (ᾳ)
358 5151 504 5228 Editi
533 5152 909 5228 antegQuesn.
920 5155 987 5228 _et
1009 5151 1315 5228 non‘pauci
1342 5169 1511 5228 ms_s.,
1537 5155 1597 5228 ira
1613 5153 1849 5228 Christo.

274 5220 345 5291 (ὁ)
380 5224 461 5278 Ita
488 5241 626 5280 cum
658 5220 974 5294 Quesnello
1006 5220 1249 5294 quidam
1271 5224 1450 5279 nostri
1484 5224 1651 5279 codd.
1683 5227 1853 5281 Ante-

212 5291 378 5349 riores
404 5295 716 5363 editiones,
751 5308 878 5365 qua:
896 5291 1194 5365 ﬁdetiteret
1221 5294 1722 5350 visibiliter.Editio
1739 5302 1851 5351 An-

213 5365 545 5438 tuerpiensis
578 5384 677 5423 an.
734 5364 897 5438 1583,
926 5380 1053 5437 quae
1077 5365 1316 5437 ﬁdeliter
1341 5373 1394 5421 et
1437 5367 1848 5436 universaliter,

213 5441 265 5493 et
282 5436 347 5493 in
364 5437 645 5511 margine,
682 5437 1001 5511 visibilium.

280 5510 342 5575 te)
369 5512 430 5564 In
460 5506 642 5566 d'uob.
677 5524 828 5564 mss.
862 5507 922 5562 S.
956 5507 1126 5574 Petri,
1160 5506 1229 5562 da
1264 5507 1442 5563 Verbo.

279 5575 343 5653 (αξ
370 5578 621 5638 Verbum
654 5589 738 5653 est
789 5577 878 5633 uti
928 5578 1289 5653 superﬂuum
1337 5578 1606 5634 emititur
1628 5577 1691 5653 in
1722 5578 1850 5653 qui-

222 5650 437 5717 busdam
467 5651 781 5715 mss.Dein
811 5650 1161 5730 operantibus
1189 5666 1294 5727 pro
1324 5650 1854 5728 cooperantibusfest

1969 4021 2233 4073 nostrum
2255 4016 2458 4072 Jesum
2482 4015 2804 4082 Christum,
2832 4013 3091 4086 quicum
3119 4014 3285 4069 Patre
3317 4018 3374 4070 et
3395 4013 3615 4086 Spiritu

1968 4110 2172 4162 sancto
2204 4104 2342 4160 vivit
2369 4109 2426 4159 et
2455 4109 2659 4177 regnat
2688 4103 2746 4158 in
2770 4102 2983 4159 saecula
3012 4102 3383 4159 saculorum.
3405 4102 3613 4159 Amen.

2362 4244 2603 4302 SERMO
2633 4244 2829 4301 XLVII
2858 4245 2965 4317 [ΑΙ.
3007 4244 3219 4315 XLVI].

2416 4335 2490 4403 (g)
2521 4334 2593 4389 De
2626 4333 3057 4405 Quadragesima
3084 4334 3167 4389 IX.

1968 4437 2268 4493 SYNOPSIS.
2298 4464 2363 4473 -—
2398 4433 2440 4487 I.
2473 4431 2774 4506 Majorum,
2812 4431 2870 4487 id
2898 4435 2995 4498 est,
3043 4432 3615 4506 quadragesimalium

2028 4507 2373 4580 jejuniorum
2404 4512 2642 4580 tempore
2666 4504 2968 4573 per‘crucis
3003 4504 3458 4580 tolerantiamad
3480 4522 3610 4577 pas-

2031 4574 2186 4632 chale
2207 4578 2407 4648 festum
2438 4574 2774 4628 Christianos
2787 4578 3131 4648 praeparari.
3164 4606 3233 4648 -έ-
3264 4576 3329 4633 ΙΙ.
3366 4574 3497 4632 Novi
3522 4593 3609 4633 so-

2034 4650 2147 4703 lam
2186 4646 2519 4719 probitatem
2564 4646 2912 4719 ser-pandam,
2944 4646 3035 4701 sed
3059 4655 3111 4702 et
3137 4647 3332 4719 ﬁdem;
3365 4650 3612 4704 maxime

2032 4736 2159 4775 vero
2186 4716 2533 4773 'Divinitatis
2562 4724 2613 4771 et
2643 4716 3007 4772 humanitatis
3053 4720 3115 4773 in
3140 4716 3379 4774 Christo.
3412 4750 3482 4760 —
3511 4720 3608 4776 IIl.

2030 4790 2405 4846 Misericordia
2485 4796 2538 4843 et
2591 4789 2922 4860 offensarum
2996 4791 3241 4845 maxime
3294 4792 3613 4848 remissione

2031 4864 2200 4918 Deum
2224 4861 2461 4933 placari.

2040 4995 2177 5049 CAP.
2212 4993 2253 5049 Ι.
2285 5024 2352 5035 --
2384 4992 2448 5048 In
2479 4992 2775 5062 omnibus,
2809 4992 3195 5062 dilectissimi,
3228 4994 3611 5053 solemnitati-

1961 5154 2021 5210 in
2050 5153 2242 5226 prima
2272 5152 2549 5226 editione.

2033 5223 2104 5291 (e)
2132 5231 2192 5281 In
2223 5224 2395 5280 editis
2425 5228 2559 5299 ante
2591 5224 2804 5299 Quesn.
2838 5229 2895 5280 et
2925 5225 3149 5299 aliquot
3178 5242 3348 5293 mss.,
3371 5223 3603 5281 munda-

1957 5312 2051 5354 ηιῗ
2077 5303 2407 5366 argumenta
2433 5297 2697 5351 scientiae.

2035 5370 2089 5451 (f
2116 5365 2310 5451 Aliqui
2348 5366 2513 5422 codd.
2540 5365 2928 5439 posteriorum
2958 5367 3391 5433 collectionum,
3414 5379 3603 5420 emun-

1962 5439 2424 5635 prima
2442 5508 2696 5564 editione
2711 5512 2770 5563 et
2799 5524 2942 5564 mss.
2963 5509 3185 5565 collect.
3210 5507 3244 5560 3
3260 5505 3382 5559 haec
3405 5499 3604 5582 inscri-

1962 5581 2080 5635 ntio
2110 5598 2226 5635 ora:
2252 5580 2461 5635 mitur:
2495 5580 2570 5634 De
2598 5579 2748 5634 Festo
2779 5579 3035 5634 Paschati
3063 5578 3247 5633 Sermo
3274 5575 3319 5635 Ι,
3350 5577 3408 5628 et
3438 5586 3600 5627 81ml-

2000 5575 2461 5653 tio'prazﬁgitur:
2495 5580 2570 5634 De
2598 5579 2748 5634 Festo
2779 5579 3035 5653 Paschati
3063 5578 3247 5653 Sermo
3274 5575 3408 5653 I,_et
3438 5575 3600 5653 simi-

2007 5658 2095 5712 ter
2111 5639 2243 5712 ‘duo
2273 5639 2585 5728 aequantes
2614 5664 2912 5709 sermones
2941 5648 3081 5707 dicti
3111 5645 3296 5703 Sermo
3326 5642 3377 5700 11
3401 5645 3457 5700 et
3503 5639 3601 5698 Ill.
