3964 6218
426 334 546 407 295

1540 340 1603 405 S.
1650 343 1929 405 LEONIS
1974 342 2225 405 MAGNI
2271 342 2717 407 SERMONES.

3712 339 3829 409 236

428 482 539 537 bus
568 477 927 536 Christianis?
945 493 1061 534 non
1085 476 1424 550 ignoramus
1446 475 1720 548 paschale
1747 490 2073 533 sacramen-
2099 476 2157 545 Α
2186 473 2607 549 cupiditatibus
2637 477 2825 534 noxiis
2852 476 3045 535 illccta
3060 480 3366 549 consentit,
3387 479 3681 553 quoniam
3697 492 3824 538 con-

425 574 555 625 tum
579 584 707 624 esse
728 565 1209 641 praecipuum,cui
1234 565 1521 637 condigne
1536 570 1593 620 et
1609 581 1865 638 congrue
1882 565 2069 621 susci-

428 657 640 731 piendo
661 656 839 713 totius
856 655 1093 728 quidem
1117 671 1223 710 nos
1244 653 1523 727 temporis
1546 653 1814 710 instituta
1836 655 1909 727 (a)
1932 672 2073 727 prte-

428 748 721 813 formant;
763 746 863 801 sed
912 743 1273 800 devotionem
1324 747 1587 799 nostram
1626 747 1940 815 praesentes
1981 743 2068 799 vel

423 834 676 891 maxime
704 834 827 890 dies
853 833 1110 907 exigunt,
1130 849 1278 906 quos
1303 830 1389 887 illi
1412 830 1839 887 sublimissimo
1861 831 2065 886 divina;

417 922 831 980 misericordia;
855 926 1222 979 sacramento
1245 922 1466 977 scimus
1487 936 1616 976 esse
1644 920 1971 992 contiguos.
2000 920 2067 975 In

415 1013 631 1085 quibus
662 1012 870 1069 merito
885 1030 919 1067 a
938 1010 1158 1067 sanctis
1172 1008 1453 1082 apostolis
1472 1026 1577 1081 per
1593 1008 1918 1065 doctrinam
1934 1008 2065 1081 Spi-

414 1102 563 1159 ritus
611 1100 798 1158 sancti
848 1101 1075 1172 majora
1102 1103 1244 1154 sunt
1292 1098 1559 1154 ordinata
1580 1098 1833 1169 jejunis,
1867 1101 1932 1153 ut
1963 1114 2067 1171 per

416 1204 728 1247 commune
758 1188 1117 1245 consortium
1150 1187 1341 1243 crucis
1367 1185 1579 1242 Christi
1611 1185 1787 1242 etiam
1820 1202 1927 1242 nos
1956 1185 2061 1242 ali-

416 1279 557 1351 quid
582 1278 642 1334 in
672 1295 739 1334 eo
756 1277 913 1351 quod
946 1280 1182 1349 prepter
1212 1292 1319 1332 nos
1348 1276 1532 1349 gessit
1562 1290 1891 1347 ageremus,
1914 1275 2066 1329 sicut

412 1366 726 1440 Apostolus
758 1367 840 1423 ait
871 1386 885 1424 :
920 1368 982 1423 Si
1007 1366 1392 1438 compatimur,
1443 1369 1494 1420 et
1523 1364 2064 1435 congloriﬁcabimur

413 1456 587 1529 (Rom.
619 1473 741 1527 vni,
777 1458 877 1525 i7;
909 1457 956 1514 II
990 1458 1121 1512 Tim.
1169 1473 1232 1525 ιι,
1266 1455 1377 1524 12).
1426 1454 1612 1511 Ceam
1653 1458 1824 1526 atque
1857 1470 2062 1510 secura

412 1546 875 1621 estexspcctatio
906 1547 1207 1619 promissae
1235 1543 1743 1614 beatitudinis,ubi
1767 1547 1856 1599 est
1885 1544 2061 1615 parti-

413 1636 629 1711 cipatio
657 1636 971 1692 Dominicae
994 1634 1307 1708 passionis.
1330 1632 1402 1706 (b)
1435 1633 1616 1689 Nemo
1640 1649 1753 1687 non
1777 1635 1885 1698 est,
1919 1631 2060 1688 dile-

410 1724 677 1794 ctissimi,
711 1724 803 1783 cui
832 1742 934 1799 per
963 1724 1356 1781 conditionem
1382 1721 1663 1794 temporis
1683 1721 1836 1778 178
1867 1721 2057 1777 socie-

407 1820 498 1873 tas
529 1815 707 1888 hujus
738 1814 934 1890 glorire
965 1814 1305 1885 denegatur,
1337 1816 1619 1884 tanquam
1657 1810 2056 1883 tranquillitas

409 1905 568 1977 pacis
595 1920 780 1960 vacua
808 1904 885 1959 sit
915 1903 1218 1959 occasione
1251 1900 1521 1968 ,virtutis.
1554 1899 1867 1973 Apostolus
1898 1900 2055 1957 enim

408 1994 700 2065 praadicat,
751 1992 990 2048 dicens:
1039 1992 1233 2047 Omnes
1273 1991 1370 2061 qui
1397 1992 1488 2060 pie
1527 1989 1717 2044 volunt
1763 1991 1945 2045 vivere
1994 1991 2055 2046 in

409 2081 643 2149 Christo,
671 2083 1099 2153 persecutionem
1133 2080 1417 2151 patientur
1446 2078 1517 2151 (ll
1549 2080 1680 2133 Tim.
1724 2095 1805 2145 ιιι,
1842 2079 1967 2151 12);
2001 2084 2057 2135 et

407 2170 537 2225 ideo
568 2186 848 2232 ΝυΜουΑιιι
874 2169 1037 2224 deest
1052 2166 1349 2223 tribulatio
1366 2167 1863 2239 persecutionis,si
1883 2185 2053 2223 num-

407 2275 587 2331 quam
616 2259 769 2314 desit
797 2257 1163 2315 observantia
1188 2256 1443 2327 pietatis,
1460 2258 1530 2327 (e)
1551 2255 1834 2313 Dominus
1855 2256 2052 2331 ipsein

406 2346 911 2403 exhortationibus
942 2346 1065 2402 suis
1097 2346 1275 2401 dicit:
1309 2346 1417 2414 Qui
1452 2361 1563 2401 non
1612 2347 1812 2417 accipit
1838 2363 2053 2405 crucem

402 2453 581 2503 suam,
616 2445 667 2492 et
694 2440 942 2510 sequitur
986 2453 1092 2501 me,
1124 2440 1253 2504 :non
1280 2438 1361 2490 est
1403 2451 1489 2490 me
1517 2435 1714 2506 dignus
1753 2436 1959 2507 (Matth.
1992 2457 2047 2508 x,

403 2529 529 2598 38);
564 2544 669 2583 nec
700 2527 967 2582 dubitare
995 2528 1276 2581 debemus
1300 2526 1451 2581 hanc
1480 2542 1678 2581 vocem
1711 2542 1822 2581 non
1857 2526 2047 2583 solum

403 2619 476 2673 ad
508 2616 827 2689 discipulos
858 2615 1091 2681 Christi,
1125 2615 1225 2671 sed
1250 2615 1321 2671 ad
1349 2602 1589 2670 cunctos
1608 2614 1828 2683 tideles,
1864 2621 2045 2672 totam

401 2723 514 2780 que
545 2705 861 2762 Ecclesiam
886 2706 1195 2776 pertinere,
1224 2720 1350 2775 quae
1372 2703 1625 2758 salutare
1656 2720 1829 2758 suum
1864 2705 1921 2758 in
1956 2706 2048 2762 his

398 2799 465 2851 ut
491 2797 731 2853 aderant
762 2793 1167 2851 universaliter
1180 2793 1471 2850 audiebat.
1507 2792 1669 2847 Sicut
1696 2810 1832 2865 ergo
1864 2795 2045 2851 totius

397 2889 486 2942 est
506 2885 580 2958 (εἰ)
612 2885 892 2957 temporis
925 2883 1016 2955 pie
1044 2881 1255 2949 vivere,
1287 2883 1369 2936 ita
1408 2882 1591 2937 totius
1636 2887 1724 2938 est
1763 2884 2045 2956 temporis

397 2988 626 3029 crucem
678 2974 857 3029 ferre:
905 2971 975 3045 (e)
1023 2972 1227 3027 merito
1280 2970 1594 3042 unicuique
1643 2987 1752 3026 sua
1806 2972 2040 3040 dicitur,

395 3061 535 3134 quia
564 3062 812 3135 propriis
843 3061 1036 3116 modis
1066 3066 1239 3133 atque
1269 3059 1563 3115 mensuris
1592 3059 1666 3115 ab
1689 3076 2043 3133 unoquoque

394 3151 694 3207 toleratur.
728 3150 921 3207 Unum
955 3166 1165 3205 nomen
1193 3154 1282 3205 est
1312 3148 1753 3221 persecutionis,
1788 3151 1887 3206 sed
1919 3168 2036 3206 non

2179 565 2436 621 tinentize
2467 566 2649 622 clavis
2678 570 2735 622 et
2764 567 2865 623 Dei
2914 566 3124 624 timore
3159 568 3556 641 transﬁgitur.
3592 564 3655 624 in
3685 570 3827 628 bono

2179 670 2317 727 ergo
2349 655 2650 727 proposito
2661 656 3327 714 constitutisinimicitiee
3346 660 3428 729 (g)
3446 658 3820 716 dissimilium

2179 743 2410 800 diabolo
2440 744 2758 819 instigante
2780 762 2893 802 non
2917 746 3151 817 desunt,
3174 751 3233 802 et
3262 746 3431 804 facile
3463 747 3525 805 in
3549 748 3679 804 odia
3700 766 3820 822 pro-

2176 836 2480 905 rumpunt,
2522 844 2773 905 quorum
2826 833 3075 906 improbi
3124 850 3317 891 mores
3361 834 3823 892 detestabiliores

2176 920 2327 976 fiunt
2374 923 2811 994 comparatione
2860 927 3171 979 rectorum.
3206 922 3499 995 Iniquitas
3537 939 3677 980 cum
3706 927 3821 996 jus-

2173 1010 2303 1065 titia
2333 1027 2446 1066 non
2480 1011 2654 1068 habet
2686 1027 2909 1084 pacem,
2928 1012 3378 1084 temperantiam
3399 1011 3530 1069 odit
3560 1012 3815 1080 ebrietas,

2175 1098 2412 1155 falsitati
2434 1098 2597 1155 nulla
2609 1104 2699 1156 est
2727 1116 2861 1156 cum
2877 1101 3116 1156 veritate
3130 1101 3485 1170 concordia;
3521 1116 3637 1158 non
3671 1107 3814 1158 amat

2173 1189 2449 1261 superbia
2478 1189 3014 1256 mansuetudinem,
3035 1188 3359 1262 petulantia
3386 1190 3812 1257 verecundiam,

2173 1278 2418 1333 avaritia
2448 1277 2782 1351 largitatem
2805 1295 2819 1334 :
2840 1282 2897 1334 et
2922 1282 3042 1334 tam
3075 1278 3403 1352 pertinaces
3437 1279 3622 1336 habet
3650 1280 3816 1337 diva»

2172 1368 2315 1424 sitas
2345 1368 2459 1422 ista
2488 1365 2812 1433 conﬂictus,
2859 1371 2923 1422 ut
2964 1368 3194 1423 etiamsi
3225 1369 3488 1425 exterius
3518 1369 3816 1443 conquies-

2170 1461 2286 1525 cat,
2312 1456 2443 1528 ipsa
2471 1462 2668 1511 tamen
2700 1455 2934 1528 piorum
2953 1456 3219 1512 cordium
3242 1458 3576 1529 penetralia
3602 1457 3817 1530 inquie-

2170 1551 2296 1602 tare
2328 1561 2445 1601 non
2479 1545 2741 1613 desinat;
2792 1550 2856 1601 ut
2902 1561 3106 1601 verum
3137 1546 3217 1601 sit
3244 1546 3404 1617 quod
3428 1549 3532 1618 qui
3558 1548 3816 1604 voluerint

2168 1637 2229 1690 in
2260 1635 2471 1691 Christo
2497 1636 2590 1706 pie
2619 1636 2797 1691 vivere
2821 1637 3251 1707 persecutionem
3265 1638 3572 1707 patiuntur
3592 1636 3661 1697 (Il
3690 1637 3811 1692 ποι.

2171 1740 2250 1792 ιιι,
2282 1724 2408 1793 42);
2439 1727 2498 1779 et
2525 1740 2727 1780 verum
2759 1723 2835 1779 sit
2866 1724 3023 1796 quod
3051 1724 3245 1780 omnis
3280 1725 3407 1782 haec
3436 1725 3562 1782 vita
3586 1725 3813 1782 tentatio

2167 1817 2257 1869 est
2285 1814 2399 1878 (Job
2428 1831 2528 1879 v11,
2564 1815 2636 1877 1).
2684 1815 2838 1870 179
2870 1814 3019 1887 Ipsis
3065 1814 3489 1886 experimentis
3538 1816 3663 1872 suis
3683 1801 3810 1871 uus-

2168 1902 2421 1975 quisque
2451 1900 2641 1958 ﬁdelis
2672 1903 2934 1971 edoctus,
2966 1902 3183 1958 Christi
3214 1918 3387 1959 cruce
3441 1908 3721 1975 armetur,
3753 1908 3807 1960 ut

2164 1992 2395 2048 Christo
2426 1991 2504 2053 (h)
2537 1991 2752 2065 dignus
2784 1990 3086 2048 habeatur.

2236 2080 2369 2137 CAP.
2399 2081 2465 2137 ll.
2503 2112 2567 2122 —-
2598 2081 2706 2136 Per
2734 2082 2914 2137 istum
2945 2098 3079 2138 vero
3110 2098 3385 2154 agonem,
3419 2080 3801 2148 dilectissimi,

2164 2172 2233 2227 ad
2257 2170 2494 2244 praemia
2513 2171 3134 2238 aaternatendentibus,
3157 2172 3216 2227 in
3236 2188 3302 2227 eo
3326 2174 3587 2229 maxime
3606 2171 3807 2228 diaboli

2164 2259 2478 2317 insidiatur
2506 2260 2744 2327 astutia,
2761 2264 2825 2316 ut
2846 2275 3102 2331 quorum
3138 2264 3471 2332 pervertere
3493 2278 3608 2319 non
3631 2265 3805 2334 potest

2162 2350 2536 2421 probitatem,
2560 2350 2810 2405 subruat
2831 2348 3102 2404 ﬁdem.ln
3126 2348 3299 2405 aliam
3340 2350 3507 2407 enim
3539 2351 3803 2407 transfer—

2160 2442 2258 2493 tur
2283 2438 2458 2505 viam,
2473 2437 2744 2510 quisquis
2759 2454 2792 2492 a
2812 2436 3177 2493 confessione
3194 2438 3463 2495 veritatis
3486 2439 3799 2504 abducitur,

2160 2532 2355 2599 totusq
2367 2544 2435 2583 uc
2447 2528 2574 2598 ejus
2588 2543 2796 2582 cursus
2818 2526 3111 2583 abscessio
3124 2531 3297 2593 est,et
3312 2532 3481 2584 tanto
3511 2528 3619 2584 erit
3640 2528 3798 2583 morti

2157 2616 2417 2684 vicinior,
2452 2621 2670 2689 quanto
2718 2616 2892 2671 fuerit
2920 2634 2954 2670 a
3003 2616 3289 2672 catholica
3318 2619 3377 2678 (ἰ)
3416 2617 3550 2674 luce
3581 2618 3796 2690 longin-

2158 2706 2346 2779 quior.
2381 2706 2539 2771 Quod
2573 2706 2747 2760 etiam
2781 2705 2839 2759 in
2867 2705 3074 2761 diebus
3107 2706 3323 2762 nostris
3372 2724 3484 2779 per
3513 2723 3676 2764 suam
3703 2723 3791 2779 pa—

2156 2796 2385 2850 tiuntur
2401 2794 2708 2861 incuriam,
2733 2796 2831 2866 qui
2852 2795 2923 2850 de
2953 2795 3165 2867 spiritu
3186 2795 3329 2851 olim
3351 2795 3795 2852 destructione

2154 2884 2235 2939 ris
2249 2883 2508 2956 olimque
2534 2883 2794 2939 damnati
2808 2889 3055 2939 veterem
3076 2884 3366 2940 insaniam
3386 2889 3784 2959 conceperant,

2154 2974 2212 3045 (j)
2242 2972 2344 3045 qui
2375 2972 2671 3045 geminam
2694 2973 2752 3026 in
2777 2971 3005 3028 Christo
3032 2973 3249 3028 audent
3267 2990 3487 3045 negare
3507 2979 3782 3041 naturam,

2152 3066 2254 3117 aut
2282 3078 2409 3116 non
2430 3065 2703 3133 suscepta
2722 3060 2916 3117 carnis
2939 3060 3160 3118 scilicet
3179 3062 3445 3129 veritate,
3472 3068 3575 3119 aut
3592 3063 3649 3119 in
3669 3078 3781 3119 car-

2152 3167 2284 3206 nem
2305 3150 2528 3206 Deitate
2540 3165 2814 3206 conversa
2836 3168 2847 3218 ;
2873 3153 2938 3205 ut
2953 3155 3055 3206 aut
3069 3151 3392 3207 secundum
3413 3152 3779 3208 Manicheum

393 3256 511 3296 una
526 3244 616 3296 est
644 3255 819 3296 causa
840 3238 1258 3306 certaminis,et
1275 3213 1407 3309 plus
1430 3213 1776 3310 plerumque
1798 3238 2040 3310 periculi
2074 3213 2118 3281 C
2152 3239 2316 3295 nulla
2345 3241 2474 3310 ejus
2506 3240 2584 3295 sit
2605 3213 3151 3311 resurrectio,cujus
3172 3239 3334 3295 nulla
3352 3246 3447 3297 est
3464 3241 3676 3315 passio,
3693 3244 3782 3296 aut

393 3333 483 3385 est
512 3329 571 3384 in
604 3328 947 3385 insidiatore
975 3326 1168 3383 oculto
1209 3318 1387 3396 quam
1418 3326 1477 3380 in
1508 3326 1675 3381 hoste
1706 3327 2036 3385 manifesto.

393 3416 603 3474 Beatus
635 3417 744 3473 Job
766 3416 1190 3472 alternantibus
1212 3415 1382 3470 bonis
1412 3430 1479 3470 ac
1510 3414 1681 3470 malis
1704 3416 1907 3471 mundi
1928 3416 2037 3473 bu-

381 3507 484 3577 jus
514 3506 780 3561 eruditus
811 3504 904 3577 pie
931 3504 1327 3575 veraciterque
1367 3503 1595 3559 dicebat
1615 3521 1628 3559 :
1652 3506 1840 3561 Nonne
1860 3512 2037 3563 tenta-

388 3595 463 3649 tio
508 3597 585 3649 est
614 3594 731 3649 vita
759 3593 995 3649 hominis
1040 3608 1205 3665 super
1233 3596 1438 3647 terram
1468 3593 1590 3664 (Job
1631 3609 1730 3662 vn,
1754 3594 1807 3666 4)
1831 3595 1859 3650 ‘?
1892 3612 2035 3668 quo-
2070 3618 2077 3627 ί

388 3682 549 3739 niam
581 3698 701 3737 non
735 3681 876 3737 solis
904 3680 1204 3737 doloribus
1233 3681 1490 3753 corporis
1522 3686 1698 3754 atque
1729 3683 2039 3755 suppliciis

383 3771 581 3829 anima
594 3771 785 3828 fidelis
802 3770 1123 3844 impetitur,
1145 3786 1344 3826 verum
1364 3771 1539 3826 etiam
1555 3771 1715 3828 salva
1730 3762 2038 3829 incolumi4

386 3867 503 3921 tate
524 3861 948 3928 membrorum,
967 3860 1125 3933 gravi
1142 3859 1343 3915 morbo
1358 3863 1617 3934 urgetur,
1649 3861 1696 3917 si
1730 3862 1923 3917 carnis
1945 3880 2038 3919 vo-

382 3953 606 4026 luptate
630 3950 1039 4007 mollitur.Sed
1062 3965 1197 4004 cum
1214 3964 1346 4003 caro
1374 3948 1735 4021 concupiscit
1754 3950 2034 4008 adversus

381 4041 759 4116 spiritum,(f)
790 4040 1035 4113 spiritUs
1050 4042 1245 4094 autem
1263 4037 1544 4094 adversus
1573 4039 2035 4112 carnem,praasi-

381 4132 476 4188 le
508 4130 698 4188 crucis
739 4128 951 4185 Christi
980 4145 1145 4184 mens
1177 4126 1483 4183 rationalis
1521 4126 1837 4185 instruitur
1880 4145 1892 4184 :
1928 4145 2033 4185 nec

449 4254 525 4327 (a)
558 4256 644 4312 Ita
672 4272 808 4312 cum
840 4251 1152 4322 Quesnello
1180 4256 1401 4326 septem
1424 4254 1609 4309 nostri
1631 4253 1880 4310 codices.
1914 4254 2028 4323 Al.,

380 4330 709 4398 reformant.

449 4398 533 4469 (ξι)
559 4398 652 4453 Sic
681 4415 751 4453 ex
779 4399 1010 4454 duobus
1043 4415 1187 4453 mss.
1222 4396 1283 4453 S.
1318 4396 1490 4453 Petri.
1519 4395 1681 4469 Editi
1700 4398 1832 4452 anfe
1855 4398 2032 4461 Queso

378 4466 746 4523 nellumcum
765 4469 1122 4540 quibusdam
1146 4485 1314 4535 mss.,
1336 4470 1500 4524 Nemo
1522 4476 1601 4523 est
1622 4484 1643 4528 ,·
1668 4467 1778 4524 iste
1810 4475 2026 4535 autem,

2150 3329 2473 3383 secundum
2506 3327 2901 3400 Apollinarem
2933 3329 3062 3401 ipsa
3078 3330 3275 3385 Deitas
3296 3330 3475 3387 Verbi
3499 3328 3781 3386 mutabilis

2148 3418 2278 3490 ipsa
2306 3417 2383 3473 sit
2403 3418 2553 3473 facta
2567 3416 2883 3490 passibilis.
2904 3418 3022 3473 Hoc
3050 3422 3245 3475 autem
3276 3420 3519 3488 sentire,
3551 3420 3657 3475 hoc
3685 3433 3780 3473 au-

2147 3506 2309 3562 ribus
2357 3506 2699 3563 Christianae
2753 3505 2941 3579 plebis
2970 3507 3254 3580 ingerere,
3289 3509 3433 3582 quid
3466 3509 3621 3567 aliud
3679 3512 3776 3577 est,

2146 3613 2322 3670 quam
2356 3597 2485 3668 ipsa
2516 3596 2904 3670 religionis(k)
2930 3603 3139 3654 nostrae
3163 3599 3547 3655 fundamenta
3572 3595 3776 3655 convel-

2144 3686 2283 3756 lere,
2307 3692 2363 3742 et
2393 3687 2547 3758 quod
2572 3703 2741 3742 verus
2776 3686 2952 3742 Filius
2983 3687 3107 3755 Dei,
3141 3688 3582 3744 verussitﬁlius
3610 3684 3777 3743 homi-

2144 3774 2258 3842 nis,
2291 3775 2606 3848 denegare?
2624 3780 2681 3830 ln
2704 3792 2819 3848 quo
2842 3775 2965 3831 solo
2988 3781 3077 3832 est
3105 3776 3346 3832 humani
3373 3776 3604 3850 generis
3625 3773 3775 3831 resti-

2144 3862 2293 3919 tutio
2324 3864 2637 3920 testiﬁcata
2656 3882 2759 3937 per
2776 3864 2987 3938 legem,
3014 3865 3304 3937 promissa
3326 3881 3431 3938 per
3451 3864 3768 3938 Prophetas,

2143 3957 2200 4009 et
2230 3953 2505 4011 omnibus
2535 3954 2747 4010 veteris
2776 3954 3134 4010 Testamenti
3167 3955 3226 4020 (ι)
3257 3952 3767 4028 significationibus

2143 4043 2412 4098 nuntiata
2433 4060 2447 4097 :
2469 4046 2827 4115 utmagnum
2848 4041 2993 4099 illud
3021 4046 3078 4099 et
3104 4044 3333 4101 seculis
3364 4044 3635 4101 omnibus
3656 4056 3767 4114 pro-

2142 4131 2406 4189 futurum
2438 4132 2646 4187 dlvinae
2690 4132 3104 4189 misericordiae
3135 4138 3593 4201 sacramentum,
3631 4126 3767 4203 quod

2142 4263 2294 4315 stros
2336 4256 2584 4330 codices.
2642 4260 2880 4330 Quesn.,
2912 4261 2963 4313 et
2991 4259 3219 4330 spiritus
3266 4258 3523 4316 adversus
3549 4268 3768 4317 carnem

2139 4336 2197 4386 et
2227 4346 2358 4384 mox
2385 4327 2597 4385 delevit
2630 4329 2852 4385 Christi.

2210 4402 2282 4470 (g)
2314 4401 2528 4472 Eorum
2561 4399 2784 4456 scilicet
2827 4399 2929 4472 qui
2961 4404 3107 4472 sunt,
3149 4400 3471 4458 dissimiles
3504 4397 3761 4472 moribus.

2142 4474 2204 4528 ln
2230 4467 2610 4544 sequentibvs
2640 4488 2810 4544 porro
2829 4467 3005 4544 ginihil
3055 4470 3439 4529 discessimus
3479 4489 3513 4527 a
3539 4467 3761 4526 lectione

376 4540 540 4593 Nemo
572 4541 721 4594 enim
770 4545 870 4605 est,
923 4541 1007 4595 uti
1039 4541 1098 4595 in
1145 4557 1260 4602 uno
1292 4541 1417 4595 cod.
1464 4540 1683 4595 Veneto
1713 4545 1770 4595 et
1796 4541 2029 4597 duobus
2062 4588 2102 4609 η
2136 4540 2427 4599 editorum
2446 4546 2579 4599 ante
2597 4540 2973 4609 Quesnellum
2992 4545 3337 4600 confirmata
3355 4544 3624 4601 omnibus
3646 4551 3763 4609 nos-

376 4609 573 4665 Patav.
606 4610 665 4665 s.
696 4588 953 4676 Antonii,
984 4617 1042 4666 et
1088 4612 1148 4666 s.
1181 4596 1448 4679 ιυειίηεε,
1499 4611 1597 4666 ubi
1644 4613 1798 4666 enim
1828 4613 2027 4668 minus
2059 4588 2105 4653 Ι)
2135 4588 2243 4671 {ris
2274 4588 2577 4670 codicibus

373 4680 603 4752 videtur
632 4698 969 4752 congruere,
1019 4686 1076 4736 et
1122 4683 1269 4737 forte
1301 4698 1411 4737 non
1440 4683 1499 4737 in
1529 4683 1679 4737 enim
1731 4687 2023 4739 mutatum

375 4751 503 4824 fuit.
536 4751 845 4824 LocutiOne
866 4757 1060 4807 autem
1079 4753 1232 4824 apud
1262 4753 1496 4808 Latinos
1521 4754 1712 4823 proba
1735 4760 1882 4810 notae
1906 4772 2023 4810 non

372 4822 918 4898 infrequentimemo
949 4841 1081 4878 cum
1106 4822 1389 4898 negativis
1403 4822 1706 4898 particulis
1723 4826 2026 4898 jungitur,

374 4911 503 4969 quae
534 4894 679 4949 nihil
721 4894 1006 4969 ofﬁciunt,
1041 4896 1141 4969 sed
1188 4894 1307 4969 vim
1356 4894 1656 4969 sententiae
1701 4894 2019 4969 adaugent,

372 4965 455 5021 ita
487 4969 735 5038 utinemo
768 4982 878 5021 non
909 4967 1061 5022 idem
1094 4968 1305 5022 fortius
1335 4966 1628 5038 signiticet
1652 4984 1716 5022 ac
1744 4965 1922 5023 nemo

442 5040 511 5163 sf)
545 5037 842 5093 Editiones
874 5039 1193 5093 anteriores
1222 5037 1461 5105 Quesn.,
1493 5038 1755 5093 Dominus
1782 5042 1932 5094 enim
1963 5042 2023 5094 in

479 5109 864 5163 ortationibus.
889 5126 1212 5163 perperam.
1238 5108 2022 5163 EmendationemOuesnelli

371 5108 864 5176 exhortationibus,
889 5126 1212 5181 perperam.
1238 5108 2022 5174 EmendationemQuesnelli

370 5182 630 5254 quinque
662 5181 847 5254 nostri
879 5180 1090 5254 condd.
1127 5180 1397 5254 probant.

441 5251 517 5324 (ά)
538 5250 636 5324 ita
653 5251 1015 5324 (Quesnellus
1046 5256 1103 5307 et
1127 5250 1373 5324 quidam
1395 5250 1575 5324 nostri
1602 5266 1744 5307 mss.
1771 5250 1883 5320 AL,
1907 5269 2019 5308 cor-

405 5322 537 5379 oris.
570 5323 767 5379 Prima
797 5323 977 5379 editio
1002 5322 1180 5379 etiam
1211 5322 1272 5377 in
1304 5322 1560 5378 secundo
1592 5329 1880 5380 commate
1910 5324 2020 5380 ha-

410 5400 466 5480 e?
492 5398 735 5480 90:29?“
759 5411 981 5480 ,σνιίεειη
1007 5397 1172 5467 rem
1267 5467 1296 5480 ._
1398 5468 1419 5480 .
1517 5466 1526 5477 .
1666 5466 1675 5476 .
1759 5467 1768 5477 .

436 5469 509 5541 (e)
539 5468 809 5551 Editante
839 5469 1102 5549 Quesn.,_
1137 5468 1328 5549 merito
1386 5468 1526 5536 ferri
1573 5468 1871 5547 unicuique
1919 5484 2019 5523 sua

364 5538 541 5612 detur.
577 5540 780 5612 Melior
809 5538 1105 5605 Quesnelli
1156 5538 1345 5605 lectio,
1396 5554 1524 5609 quas
1555 5541 1644 5593 est
1669 5554 1728 5593 ιιι
1768 5539 2015 5612 exempl.

370 5611 726 5759 stgeélelcuti
745 5698 955 5743 sumus
975 5698 1183 5743 omnes
1205 5680 1523 5742 anteriores
1541 5680 1823 5740 editiones
1844 5687 1901 5740 et
1922 5700 2020 5742 no-

2584 4658 2597 4682 ,
2618 4606 2771 4739 quos
2801 4613 2955 4670 inter
2982 4616 3396 4688 suntquinque
3428 4606 3758 4697 Lectionaria

2602 4686 2644 4739 ll
2672 4703 2703 4739 e
2745 4690 2940 4739 autem
2972 4686 3117 4739 forte
3147 4686 3361 4739 clarius
3392 4684 3756 4739 exnlicaturus

2134 4686 2366 4768 optimae
2399 4690 2565 4740 notae.
2602 4684 2703 4768 Ille
2745 4690 2940 4741 autem
2972 4686 3117 4742 forte
3147 4684 3361 4743 clarius
3392 4684 3756 4765 explicaturus

2134 4759 2343 4808 Leonis
2392 4761 2742 4808 sententiam
2794 4757 2957 4808 nullo
3009 4775 3121 4808 ms.
3183 4757 3432 4808 allegato
3491 4753 3759 4808 edidit.“

2134 4757 2343 4813 Leonis
2392 4757 2742 4811 sententiam
2794 4757 2957 4813 nullo
3009 4775 3121 4813 ms.
3183 4757 3432 4831 allegato
3466 4757 3677 4817 ‘edidit,
3706 4757 3754 4802 ut

2130 4830 2296 4900 [iteite
2326 4829 2385 4881 in
2434 4828 2563 4883 odia
2597 4836 3002 4900 prorumpunt;
3032 4833 3089 4884 et
3134 4835 3338 4900 postea
3357 4830 3625 4901 justorum
3666 4832 3754 4893 pro

2132 4909 2420 4957 rectorum.
3358 4925 3366 4935 .

2204 4972 2279 5041 (ἢ)
2310 4970 2583 5033 Quzedam
2614 4970 2899 5027 editiones
2930 4979 2982 5028 et
3034 4972 3162 5028 Vat.
3198 4970 3420 5027 collect.
3449 4972 3502 5039 3,
3532 4964 3748 5041 dignior.

2202 5030 2764 5115 (‘2')'AS'ic_Quesnellus
2787 5059 2922 5098 cum
2955 5049 3207 5115 quatuor
3237 5030 3616 5115 nostris‘mss'.

2127 5114 2252 5184 ﬁde.
2288 5112 2465 5186 Paulo
2496 5114 2903 5186 antequidam
2936 5110 3105 5171 codd.
3135 5130 3236 5186 pro
3275 5116 3447 5169 morti
3467 5110 3667 5168 habent
3683 5112 3748 5159 te-

2127 5183 2333 5249 nebris,
2370 5185 2513 5240 forte
2545 5183 2779 5240 melius.
3135 5183 3152 5186 “
3721 5243 3730 5254 ,

2201 5258 2267 5328 (j)
2300 5260 2421 5312 Duo
2452 5255 2621 5312 codd.
2656 5258 2715 5313 Β.
2737 5255 2885 5312 Petri
2913 5259 2969 5313 et
2996 5273 3151 5312 unus
3171 5255 3445 5325 Venetus,
3476 5268 3578 5330 qua
3603 5260 3748 5320 gem:-

2128 5345 2280 5471 ηαὸιῖ
2305 5398 2517 5453 Vocem
2565 5402 2787 5471 nostrae,
2822 5415 3000 5471 quam
3032 5398 3231 5454 omisit
3279 5394 3632 5471 Quesnellus,
3664 5401 3740 5442 r8-

2128 5469 2433 5527 stituimus
2463 5487 2531 5525 ex
2574 5470 2798 5526 caeteris
2841 5469 3200 5526 editionibus
3244 5469 3625 5541 omnibusque
3651 5473 3738 5517 n0‘

2130 5542 2270 5599 stris
2300 5541 2619 5598 cedicibus.

2200 5613 2263 5688 (ι)
2294 5612 2474 5671 Codd.
2504 5613 2563 5671 S.
2598 5611 2771 5684 Petri,
2794 5612 3094 5687 mysteriis.
