3964 6218
156 348 258 413 191

1554 349 1822 413 SERMO
1861 351 2120 413 XLVIII.
2220 386 2227 395 ~

3418 350 3538 412 298

161 497 288 553 saepe
315 483 370 535 et
396 480 499 535 diu
528 481 736 537 fuerat
762 478 1166 551 significatum,
1191 480 1248 535 in
1283 481 1609 553 praestituto
1638 487 1781 537 tem-
1815 484 1865 550 Α
1958 486 2038 533 1V.
2094 512 2152 519 ——-
2200 484 2546 533 Misericordia
2605 500 2853 548 quemque
2900 486 3080 533 dobere
3136 485 3539 535 misericordiam

157 587 283 642 pore
301 586 412 626 non
444 569 835 626 dubitaretur
862 569 1178 641 impletum.
1203 570 1366 631 Unde
1410 570 1562 638 licet,
1580 588 1648 626 cx
1668 589 1784 644 quo

157 659 365 714 Verbum
406 674 539 715 caro
585 661 813 732 factum
856 667 930 713 est
955 659 1128 731 (Joan.
1155 677 1191 723 ι,
1227 660 1330 729 14),
1354 658 1437 714 ita
1465 659 1525 714 in
1558 660 1785 717 Christo

145 747 231 803 Dei
250 753 417 818 atque
432 746 709 803 hominis
728 764 847 803 una
865 764 1107 819 persona
1129 748 1228 817 sit,
1248 752 1313 803 ut
1333 747 1392 803 in
1410 747 1592 803 nullis
1613 749 1788 804 actio-

146 834 293 891 nibus
310 835 383 907 (a)
401 836 507 892 ﬁat
526 839 769 891 naturae
792 836 1092 907 utriusque
1114 836 1320 891 divisio
1340 855 1353 904 ;
1375 838 1571 893 studet
1585 841 1782 893 tamen

142 923 446 999 evangelica
477 925 703 981 veritas
737 924 929 997 ipsum
974 942 1149 998 quem
1183 926 1282 981 Dei
1315 924 1543 1003 Filium
1572 925 1780 998 pracdi-

141 1020 233 1080 cat,
253 1013 579 1087 saepissime
612 1013 805 1071 ﬁlium
830 1013 1082 1072 hominis
1099 1014 1360 1087 profiteri
1385 1032 1398 1071 :
1427 1018 1491 1070 ut
1514 1014 1782 1087 quamvis

138 1120 193 1159 ea
226 1120 342 1177 quae
399 1103 818 1172 disseruntur,
865 1102 978 1160 alia
1036 1105 1156 1159 sint
1214 1103 1621 1169 humanitatis,
1668 1103 1781 1160 alia

137 1193 373 1260 Deitatis,
405 1194 524 1251 sub
557 1193 806 1251 nomine
834 1197 1029 1250 tamen
1077 1193 1177 1248 ﬁlii
1224 1192 1480 1249 hominis
1534 1198 1780 1266 utraque

135 1288 549 1341 memorentur:
576 1299 657 1339 ne
693 1282 841 1339 ﬁdes
889 1282 1198 1339 Dominum
1226 1283 1429 1339 Jesum
1476 1282 1775 1339 Christum

132 1378 306 1427 natum
335 1390 402 1428 ex
446 1371 650 1427 Maria
679 1370 920 1444 virgine,
944 1372 1128 1427 Deum
1171 1372 1348 1427 simul
1382 1376 1564 1444 atque
1587 1371 1775 1427 homi-

129 1476 241 1531 nem
268 1461 592 1528 creditura,
617 1465 920 1517 conctetur
944 1461 1110 1516 fateri
1138 1465 1240 1515 aut
1268 1459 1329 1515 in
1359 1461 1476 1517 Deo
1507 1461 1777 1517 humani-

128 1554 301 1617 tatem,
331 1555 436 1606 aut
466 1550 530 1605 in
568 1549 813 1605 homine
846 1549 1164 1618 Deitatem;
1199 1553 1265 1604 ut
1296 1553 1352 1605 et
1380 1550 1439 1604 in
1474 1550 1652 1605 Verbo
1683 1568 1777 1606 su-

126 1639 281 1711 scepti
326 1638 599 1694 hominis
653 1656 786 1693 vera
818 1640 894 1692 sit
916 1638 992 1707 (b)
1024 1637 1356 1707 humilitas,
1387 1642 1443 1693 et
1489 1638 1549 1693 in
1600 1655 1774 1695 carne

124 1727 476 1799 suscipientis
509 1727 620 1783 Dei
654 1744 787 1781 vera
818 1728 1116 1797 majestas.

180 1816 300 1871 CAP.
342 1816 440 1872 Ill.
466 1846 539 1856 -—
582 1814 758 1884 Haec,
799 1815 1186 1884 dilectissimi,
1245 1833 1348 1889 per
1406 1816 1770 1872 occasionem

123 1904 387 1975 paschalis
435 1904 603 1976 festi,
631 1904 727 1960 cui
777 1905 1091 1978 puritatem
1133 1905 1395 1961 cordium
1444 1922 1771 1979 praeparare

124 1994 395 2063 debemus,
411 1996 487 2050 de
521 1994 941 2049 incarnatione
961 1994 1133 2049 Verbi
1162 1994 1571 2065 perstrinxisse
1604 1996 1767 2051 sufﬁ-
1792 1988 1802 1997 ⁷

126 2083 237 2151 ciat,
258 2083 538 2155 quoniam
593 2082 911 2159 aliquoties
944 2082 1080 2137 hinc
1125 2082 1442 2140 instructos
1488 2100 1592 2139 vos
1641 2100 1770 2139 esse

127 2172 470 2229 meministis.
495 2172 675 2229 Nunc
702 2172 1071 2228 devotionem
1102 2177 1355 2227 vestram
1388 2173 1459 2227 de
1489 2189 1576 2242 co,
1612 2172 1767 2244 quod

125 2264 327 2335 tempus
358 2262 581 2335 poscit,
608 2261 769 2317 180
795 2261 1081 2317 admoneo
1113 2265 1177 2316 ut
1212 2266 1478 2317 sanctum
1511 2278 1575 2316 ac
1606 2261 1767 2317 salu-

127 2351 512 2423 brejejonium
546 2350 837 2423 operibus
859 2350 1090 2422 pietatis
1130 2351 1467 2406 ornatis.Et
1494 2350 1632 2422 quia
1662 2368 1765 2423 p‘o

126 2438 457 2514 indulgentia
478 2438 750 2495 maxime
771 2438 1161 2495 laborandum
1184 2443 1273 2494 est
1293 2439 1658 2505 delictorum,
1683 2439 1768 2494 in-

126 2529 474 2586 dubitabilem
495 2529 675 2585 vobis
702 2526 964 2583 divinam
988 2527 1446 2583 misericordiam
1467 2527 1766 2600 promitta-

124 2617 202 2683 tis,
221 2618 265 2673 si
292 2618 399 2691 ipsi
432 2634 688 2690 quoque
710 2616 779 2689 (ο)
807 2616 960 2671 circa
989 2616 1257 2671 subditos
1278 2621 1499 2671 vestros
1528 2632 1762 2671 omnem

128 2706 369 2763 oti‘ensam
400 2704 844 2763 transtuleritis
892 2704 965 2759 ad
1006 2704 1255 2760 veniam.
1292 2704 1555 2761 Placidos
1604 2704 1761 2760 enim

128 2800 269 2867 atque
294 2797 622 2852 concordes
671 2795 748 2850 ad
793 2798 1016 2849 tantam
1049 2793 1419 2848 festivitatem
1468 2794 1633 2850 decet
1661 2794 1763 2848 Dei

130 2885 338 2956 pepulos
360 2886 689 2941 convenire
715 2900 728 2939 :
756 2887 824 2939 ut
843 2882 1122 2938 severitas
1142 2881 1585 2954 ultionum,qu.'e
1608 2899 1762 2938 nunc

128 2972 271 3028 etiam
314 2974 372 3029 in
423 2973 696 3047 publicis
719 2970 963 3042 judiciis
1006 2970 1315 3041 relaxatur,
1342 2971 1526 3027 multo
1573 2973 1762 3044 magis

132 3061 177 3115 in
202 3061 664 3119 Christianorum
706 3060 983 3116 cordibus
1033 3060 1352 3131 mitigetur,
1380 3061 1519 3132 quia
1550 3062 1620 3117 ad
1654 3061 1763 3117 hoc

131 3150 288 3218 potius
316 3152 547 3208 intenta
579 3150 762 3207 debet
791 3165 919 3205 esse
946 3165 1087 3204 cura
1115 3154 1471 3218 sanctorum,
1502 3166 1572 3205 ne
1605 3148 1762 3205 ullus

1801 1860 1847 1925 B

1953 556 2324 618 promereri.-
2362 557 2417 605 V.
2450 556 2809 619 Eteemosynas
2858 557 3061 607 abunde
3107 571 3211 607 esse
3256 558 3544 620 erOganclas

1958 626 2050 676 hoc
2079 629 2175 674 tem
2178 641 2318 689 pore.

1965 747 2098 803 CAP.
2136 750 2273 803 1.-
2306 750 2462 804 Inter
2509 766 2733 817 omnes,
2775 750 3164 817 dilectissimi,
3210 749 3334 807 dies
3395 766 3544 822 quos

1892 835 2095 891 multis
2126 838 2317 893 modis
2347 837 2718 895 honorabiles
2745 839 2919 895 habet
2939 838 3271 895 Christiana
3290 838 3538 907 devotio,

1890 923 2090 980 nullus
2114 925 2188 997 (ιι)
2220 930 2309 981 est
2354 926 2724 982 excellentior
2767 927 3076 983 festivitate
3124 926 3405 999 paschali,
3437 942 3543 999 per

1890 1031 2069 1086 quam
2090 1016 2149 1070 in
2172 1015 2428 1071 Ecclesia
2444 1016 2541 1072 Dei
2570 1017 2973 1072 universarum
2996 1015 3435 1072 solemnitatum
3457 1015 3543 1071 di-

1886 1105 2081 1176 gnitas
2112 1111 2503 1160 consecratur.
2524 1104 2828 1176 Siquidem
2855 1104 3029 1160 etiam
3059 1104 3187 1178 ipsa
3215 1105 3447 1161 Domini
3468 1122 3538 1160 ex

1887 1199 2074 1249 matre
2090 1194 2386 1267 generatio
2404 1193 2539 1248 huic
2554 1194 2620 1266 (ε)
2635 1200 2723 1250 est
2738 1193 3004 1266 impensa
3015 1196 3380 1249 sacramento
3398 1211 3410 1260 ;
3429 1208 3536 1248 nec

1887 1280 2000 1337 alia
2028 1283 2139 1338 fuit
2190 1282 2287 1339 Dei
2332 1282 2474 1337 Filio
2505 1299 2681 1338 causa
2711 1282 3009 1350 nascendi,
3035 1299 3211 1354 quam
3262 1284 3329 1337 ut
3374 1281 3534 1337 cruci

1884 1375 2083 1443 posset
2108 1371 2286 1444 afﬁgi.
2313 1372 2373 1426 In
2407 1376 2570 1427 utero
2605 1372 2760 1427 enim
2790 1371 2935 1426 181
2970 1371 3229 1444 Virginis
3261 1375 3536 1442 suscepta

1884 1465 1973 1515 est
1992 1477 2124 1515 caro
2148 1460 2444 1527 mortalis;
2469 1462 2526 1515 in
2550 1476 2721 1515 carne
2744 1459 2975 1517 mortali
2996 1459 3282 1532 completa
3304 1463 3392 1515 est
3413 1459 3535 1514 dis-

1883 1548 2093 1620 positio
2125 1550 2449 1621 passionis;
2473 1550 2859 1620 eIfectumque
2880 1553 2970 1603 est
2990 1548 3271 1604 ineffabili
3292 1548 3534 1604 consilio

1882 1637 2293 1694 misericordia:
2320 1637 2440 1707 Dei,
2466 1642 2531 1692 ut
2557 1644 2712 1693 esset
2743 1637 2912 1693 nobis
2934 1636 3291 1692 sacriﬁcium
3312 1637 3536 1692 redem-

1879 1727 2115 1799 ptionis,
2149 1726 2386 1782 abolitio
2426 1726 2664 1798 peccati,
2698 1730 2755 1782 et
2793 1727 2864 1781 ad
2905 1730 3178 1783 aeternam
3208 1725 3387 1781 vitam
3419 1725 3530 1780 ini-

1870 1817 2027 1877 tium
2062 1815 2424 1887 resurgendi.
2460 1815 2902 1870 Considerantes
2935 1820 3130 1869 autem
3151 1817 3225 1886 (Γ)
3258 1814 3397 1887 quid
3426 1830 3530 1886 per

1879 1922 2111 1961 crucem
2128 1904 2361 1961 Domini
2383 1905 2592 1975 adepta
2612 1909 2699 1959 est
2720 1903 3065 1959 universitas
3089 1903 3529 1976 mundi,coguo~

1879 1995 2100 2051 scimus
2142 1995 2215 2049 ad
2265 1992 2679 2049 celebrandum
2712 1992 2942 2049 Pascha:
2975 1992 3129 2048 diem
3179 1993 3386 2048 merito
3420 2009 3525 2048 nos

1880 2084 2266 2158 quadraginta
2281 2084 2507 2138 dierum
2523 2083 2752 2154 jejunio
2773 2081 3106 2154 praeparari,
3123 2086 3189 2137 ut
3208 2081 3371 2155 digni
3392 2099 3524 2154 pos-

1877 2175 2066 2231 simus
2084 2173 2295 2228 divinis
2316 2172 2597 2228 interesse
2615 2170 2927 2243 mystcriis.
2947 2171 3069 2225 Non
3087 2169 3244 2226 enim
3261 2187 3526 2226 summos

1878 2268 2106 2318 tantum
2140 2262 2453 2329 antistites,
2483 2267 2584 2317 aut
2633 2260 2875 2317 secundi
2907 2260 3128 2315 ordinis
3172 2260 3525 2328 sacerdotes,

1876 2371 1980 2409 nec
2010 2352 2166 2408 solos
2197 2356 2697 2406 sacramentorum
2729 2349 3050 2420 ministros,
3075 2350 3175 2405 sed
3202 2366 3374 2405 omne
3404 2366 3528 2405 cor-

1874 2460 1985 2515 pus
2010 2441 2295 2507 Ecclesim,
2322 2440 2773 2510 universumque
2796 2438 3056 2494 fidelium
3090 2456 3426 2509 numerum,
3453 2438 3526 2494 ab

1873 2530 2148 2587 omnibus
2169 2528 2768 2584 contaminationibus
2790 2533 3014 2599 oportet
3037 2545 3165 2585 esse
3186 2532 3522 2601 purgatum,

1872 2623 1938 2675 ut
1958 2617 2241 2691 templum
2267 2618 2382 2684 Dei,
2400 2617 2492 2672 cui
2514 2616 2962 2672 fundamentum
2980 2622 3069 2672 est
3085 2617 3210 2689 ipse
3229 2621 3305 2689 (g)
3322 2618 3527 2673 funda-

1870 2714 1982 2775 tor,
2008 2707 2067 2762 in
2099 2707 2373 2761 omnibus
2405 2703 2698 2775 lapidibus
2734 2705 3087 2776 speciosum,
3112 2717 3169 2760 et
3198 2705 3256 2760 in
3288 2708 3408 2759 tota
3429 2706 3522 2761 sui

1870 2801 2035 2869 parte
2060 2795 2136 2851 sit
2167 2794 2447 2849 lucidum.
2469 2794 2614 2847 Nam
2636 2793 2683 2847 si
2706 2809 2910 2866 regum
2937 2793 3089 2848 aedes
3111 2798 3168 2848 et
3214 2792 3518 2849 sublimio-
3562 2852 3563 2855 η

1872 2903 2003 2941 rum
2025 2883 2293 2956 praetoria
2312 2886 2669 2954 potestatum
2688 2882 2847 2937 omni
2864 2887 3072 2937 ornatu
3095 2881 3521 2938 rationabiliter

1870 2974 2234 3042 excoluntur,
2270 2976 2334 3026 ut
2377 2969 2786 3026 cxcellentiora
2814 2969 2933 3025 sint
2975 2987 3177 3026 eorum
3225 2970 3521 3028 domicilia

1872 3080 2122 3136 quorum
2153 3060 2437 3133 ampliora
2470 3064 2609 3114 sunt
2638 3060 2866 3126 merita,
2895 3064 3114 3130 quanto
3146 3077 3316 3133 opere
3346 3061 3520 3116 inditi-

1870 3153 2145 3219 candum,
2172 3154 2392 3221 quanto
2432 3154 2521 3203 est
2575 3148 2792 3203 honore
2823 3148 3218 3204 decorandum
3276 3149 3520 3205 Deitatis

132 3236 301 3310 algent,
323 3257 392 3296 ne
426 3240 601 3296 ullus
633 3237 878 3305 esuriat,
911 3253 983 3292 ne
1013 3237 1146 3309 quis
1180 3237 1375 3308 inopia
1405 3238 1654 3307 deficiat,
1689 3257 1759 3295 ne
1792 3228 1834 3297 C
1874 3241 2062 3315 ipsius
2094 3237 2524 3295 habitaculum!
2559 3237 2721 3301 Quod
2751 3236 2884 3293 licet
2911 3236 3174 3292 inchoari
3221 3243 3277 3293 et
3322 3237 3523 3310 perfici

131 3328 237 3395 quis
277 3346 522 3386 maerore
574 3327 870 3395 tabescat,
904 3343 977 3382 ne
1005 3325 1259 3398 aliquem
1292 3325 1526 3382 vincula
1553 3327 1765 3383 obstri-

131 3417 277 3483 ctum,
294 3432 362 3472 ne
382 3416 662 3488 aliquem
694 3412 908 3468 habeat
935 3430 1128 3469 carcer
1156 3412 1476 3469 inclusum.
1500 3415 1765 3479 Quantae-

132 3498 241 3557 libet
262 3505 409 3560 enim
434 3506 709 3561 existant
729 3518 916 3557 causae
939 3502 1297 3570 oﬂ'ensionis,
1327 3504 1398 3557 ab
1424 3503 1658 3559 homine
1691 3509 1770 3560 ta-

133 3604 238 3646 men
264 3592 319 3646 in
351 3593 694 3660 hominem,
720 3607 836 3645 non
858 3594 978 3645 tam
1003 3590 1197 3646 delicti
1224 3592 1567 3663 magnitudo
1590 3610 1767 3664 quam

134 3684 316 3736 natura
344 3687 433 3738 est
461 3679 795 3754 cogitanda
819 3679 1184 3747 communio;
1220 3685 1283 3734 ut
1313 3680 1382 3735 de
1404 3681 1630 3752 judicio
1653 3699 1768 3752 quo

135 3765 342 3824 alterum
365 3771 634 3841 judicat,
661 3767 1124 3823 misericordiam
1147 3768 1245 3823 Dei
1272 3769 1597 3837 judicantis
1627 3770 1772 3826 obti-

137 3863 258 3911 neat.
283 3860 431 3913 Beati
460 3861 629 3915 enim
656 3857 1051 3924 misericordes,
1084 3859 1343 3928 quoniam
1387 3860 1630 3929 ipsorum
1658 3861 1770 3914 mi-

138 3946 368 4002 serebitur
394 3949 537 4003 Deus
598 3945 809 4012 (Matth.
840 3962 896 4013 v,
928 3947 981 4017 7)
1010 3962 1021 4000 :
1059 3946 1159 4018 qui
1190 3946 1331 4002 vivit
1377 3952 1434 4002 et
1480 3952 1684 4020 regnat
1713 3948 1772 4003 in

141 4034 319 4092 secula
344 4035 737 4094 saeculorum.
770 4036 975 4089 Amen.

474 4201 738 4261 SERMO
770 4199 997 4257 XLVIII
1029 4200 1137 4272 [ΑΙ.
1170 4201 1405 4272 XLVII].

642 4309 718 4365 De
749 4307 1173 4378 Quadragesima
1200 4309 1258 4363 X.

145 4408 353 4465 Snocsis.
380 4445 441 4453 —
479 4417 520 4466 ῐ.
573 4414 665 4464 Ad
713 4412 960 4479 paschale
1026 4416 1423 4476 sacramentum,
1482 4416 1622 4480 quod
1673 4416 1780 4468 alia

194 4488 344 4536 mnia
385 4488 680 4542 consecrat.
708 4498 885 4534 omnes
926 4498 1020 4548 per
1066 4484 1417 4549 quadraginta
1460 4486 1659 4536 dierum
1698 4489 1782 4551 je-

188 4557 369 4616 junium
411 4570 727 4623 praparare
774 4570 827 4603 se
870 4553 1070 4603 debere.
1104 4556 1297 4604 Gratia:
1342 4559 1572 4620 Operatio
1612 4562 1661 4608 et
1689 4560 1776 4608 hu-

198 4640 330 4676 mana
381 4627 704 4693 coapei-atio.
736 4653 794 4661 -—-
822 4625 884 4673 ll.
921 4624 1176 4674 Invidiam
1234 4625 1298 4673 de
1353 4628 1479 4675 bono
1533 4632 1780 4692 proximi,

198 4710 295 4757 qua
334 4698 534 4748 diaboli
583 4697 801 4761 prapria
839 4697 933 4758 est,
965 4697 1191 4744 maxime
1236 4708 1341 4744 esse
1389 4699 1690 4749 cavendam.
1723 4729 1783 4737 —

199 4766 272 4816 Ill.
298 4768 417 4818 Sine
475 4769 743 4819 charitote
790 4766 961 4816 nudas
1015 4781 1120 4816 esse
1148 4771 1195 4815 et
1225 4767 1575 4830 infructuosos
1623 4772 1783 4822 virtu-

200 4840 289 4898 tes;
336 4840 535 4889 nultum
599 4836 783 4888 debere
805 4836 947 4886 illius
984 4838 1190 4887 virtutis
1243 4852 1346 4887 esse
1400 4840 1695 4892 tmninum.
1724 4871 1783 4880 -—

210 4951 283 5026 (al
303 4952 479 5026 Iidem
516 4953 758 5009 codices
787 4969 854 5008 ac
884 4952 1076 5026 prima
1101 4952 1279 5026 editio
1310 4970 1444 5010 cum
1475 4972 1586 5011 ms.
1616 4956 1783 5026 Bon.,

154 5022 228 5073 sit.
256 5022 412 5094 Dein,
428 5025 696 5096 proﬁteri
724 5041 828 5096 pro
859 5022 1108 5093 conﬁteri
1126 5041 1194 5096 ex
1215 5026 1521 5089 Qucsnello
1553 5022 1787 5084 retinui-

158 5105 267 5147 mus
292 5095 637 5152 auctoritate
668 5095 919 5150 duorum
954 5112 1097 5150 mss.
1132 5095 1191 5150 S.
1222 5096 1394 5152 Petri.

217 5163 279 5241 (ὰ)
317 5166 866 5241 Editithumanitas,
918 5166 1422 5241 Emendationem‘
1449 5171 1787 5241 suppedita-

162 5238 453 5309 runtcodd.
481 5238 543 5294 S.
571 5237 745 5306 Petri,
770 5238 1224 5309 quzereprobari
1250 5238 1472 5309 nequit,
1499 5237 1632 5295 cum
1657 5259 1792 5297 vera

163 5299 387 5385 hominis
406 5310 696 5385 (tumititas
726 5299 873 5364 verm
896 5299 1297 5380 Deimajestati
1324 5299 1610 5382 frequenti
1633 5314 1789 5385 apud

165 5370 379 5452 leonem
410 5379 705 5452 locutione
734 5385 1086 5452 Opponatur.

220 5448 282 5517 (ε)
308 5449 674 5533 Quesnellus,
715 5448 858 5533 ergo.
890 5451 1154 5531 subditos.
1206 5451 1600 5533 Deposuimus
1645 5456 1792 5533 circa

165 5527 221 5567 ex
246 5520 453 5594 cetaria
480 5523 654 5577 editis
694 5520 791 5576 ac'
803 5521 1101 5594 plerisque
1129 5520 1449 5579 codicibus.
1484 5524 1568 5580 Ita
1614 5526 1791 5582 etiam

166 5600 322 5670 Germ:
347 5592 436 5661 50,
468 5609 521 5650 ο.
551 5594 586 5650 3
614 5609 626 5650 :
660 5593 786 5651 Sive
803 5592 1174 5670 wi‘taque'circa
1202 5594 1483 5670 subjectos,
1508 5597 1622 5656 sive
1647 5599 1796 5657 circa

172 5662 395 5731 malet.

463 5789 726 5859 Panos.
771 5790 921 5859 LIV.

1874 3331 2001 3387 sine
2031 3344 2136 3385 suo
2167 3331 2403 3383 auctore
2437 3342 2552 3381 non
2584 3330 2802 3398 posset,
2827 3325 3002 3381 habet
3032 3330 3227 3382 tamen
3258 3326 3330 3382 ab
3351 3326 3530 3381 aedili-

1876 3424 2043 3475 cante
2065 3419 2368 3481 donatum,
2387 3415 2650 3487 utetiam
2677 3412 2872 3470 labore
2893 3415 3127 3487 proprio
3150 3421 3372 3487 quaerat
3393 3432 3532 3488 aug-

1878 3505 2314 3563 mentum.Viva
2334 3505 2491 3558 enim
2516 3503 2999 3577 rationabilisque
3022 3505 3293 3560 materies
3313 3505 3385 3559 ad
3409 3520 3533 3560 exs-

1875 3595 2228 3652 tructionem
2248 3592 2449 3665 templi
2476 3592 2656 3663 hujus
2677 3593 3030 3661 assumitur;
3058 3593 3134 3665 (h)
3158 3598 3215 3649 et
3236 3610 3339 3666 per
3368 3593 3534 3665 spiri-

1875 3691 2002 3740 tum
2035 3683 2231 3756 gratia:
2257 3689 2321 3736 ut
2343 3681 2665 3737 voluntarie
2696 3682 2753 3736 in
2788 3700 2965 3738 unam
3000 3699 3342 3756 compagem
3390 3699 3532 3739 con-

1879 3779 2052 3847 gruat
2082 3771 2379 3828 incitatur.
2398 3772 2533 3834 Quae
2567 3772 2692 3827 ideo
2725 3771 2954 3839 dilecta,
2986 3771 3116 3827 ideo
3148 3773 3392 3844 qumsita
3422 3776 3529 3841 est,

1880 3869 1944 3919 ut
1965 3868 2023 3918 et
2053 3861 2181 3933 ipsa
2202 3877 2271 3915 ex
2302 3876 2417 3914 non
2450 3865 2744 3930 quzerente
2766 3877 3052 3932 quaerens,
3067 3867 3125 3916 et
3152 3879 3219 3916 ex
3251 3878 3367 3916 non
3395 3860 3534 3916 dili-

1881 3956 2051 4025 gente
2082 3949 2158 4006 sit
2187 3948 2462 4021 diligens,
2483 3948 2707 4004 dicente
2749 3950 2919 4005 beato
2967 3950 3189 4006 Joanne
3220 3949 3480 4021 apostolo
3516 3966 3529 4005 :

1881 4043 1985 4096 Nos
2015 4055 2141 4108 ergo
2188 4038 2492 4110 diligamus
2534 4039 2785 4105 invicem,
2817 4040 2946 4110 quia,
2974 4039 3114 4092 Deus
3139 4041 3296 4108 prior
3338 4038 3538 4093 dilemit

1882 4146 1979 4186 nos
1999 4131 2047 4199 (Ι
2063 4131 2221 4184 Joan.
2247 4144 2322 4193 1v,
2347 4127 2453 4197 19).
2469 4126 2614 4181 Cum
2636 4125 2815 4197 igitur
2834 4131 2891 4181 et
2911 4142 3114 4182 omnes
3135 4122 3311 4180 simul
3333 4124 3534 4181 ctsin-
3564 4156 3575 4163 -

1885 4218 2008 4293 guli
2039 4217 2256 4289 quique
2301 4213 2561 4270 ﬁdelium
2595 4231 2779 4269 unum
2811 4214 3084 4286 idemque
3115 4214 3216 4269 Dei
3249 4214 3535 4286 templum

1886 4308 2023 4375 sint,
2049 4305 2202 4362 sicut
2227 4304 2547 4375 perfectum
2570 4302 2678 4358 hoc
2703 4302 2761 4356 in
2785 4301 3191 4371 universis,ita
3215 4302 3536 4375 perfectum

1887 4396 2058 4452 debet
2078 4410 2206 4450 esse
2227 4393 2285 4447 in
2310 4391 2559 4464 singulis
2579 4409 2591 4447 :
2611 4391 2749 4463 quia
2765 4391 2873 4447 etsi
2898 4408 3013 4447 non
3036 4393 3238 4448 eadem
3256 4396 3345 4448 est
3361 4409 3541 4449 mem-

1890 4486 2127 4541 brorum
2161 4480 2425 4538 omnium
2460 4480 2853 4552 pulchritudo,
2881 4498 2985 4536 nec
3007 4482 3069 4553 (ἰ)
3094 4481 3151 4536 in
3178 4486 3342 4538 tanta
3362 4482 3543 4540 varie-

1810 4593 1859 4658 D
1889 4579 2010 4631 tate
2040 4574 2298 4647 partium
2326 4572 2669 4628 meritorum
2698 4576 2890 4643 potest
2914 4588 3041 4628 esse
3066 4571 3349 4644 parilitas,
3383 4590 3546 4629 com-

1892 4664 2233 4719 munionem
2260 4666 2457 4717 tamen
2481 4660 2702 4716 obtinet
2723 4660 2966 4730 decoris,
2990 4662 3269 4719 connexio
3292 4662 3545 4721 Charita-

1892 4752 1989 4807 tis.
2025 4751 2086 4806 In
2119 4754 2319 4804 sancto
2350 4748 2506 4803 enim
2549 4764 2744 4803 amore
2792 4754 3112 4819 consortes,
3146 4750 3378 4806 etiamsi
3428 4768 3545 4807 non

1891 4840 2102 4897 iisdem
2129 4844 2375 4893 utuntur
2394 4837 2594 4910 gratim
2616 4837 3199 4912 beneﬁciis,gaudent
3226 4846 3424 4896 tamen
3455 4840 3545 4896 in-

1967 4962 2044 5034 (d)
2076 4962 2323 5034 Quidam
2356 4960 2605 5028 codices,
2638 4961 2891 5034 nihilest
2919 4964 3292 5019 excellentius.

1968 5032 2037 5105 (θ)
2068 5033 2217 5107 Editi
2247 5038 2381 5107 ante
2412 5034 2625 5107 Queen.
2660 5032 2945 5107 etplures
2977 5036 3169 5104 codd.,
3198 5038 3328 5107 fuit.

1967 5102 2042 5177 (Γ)
2075 5102 2442 5177 Quesnellus,
2475 5102 2758 5177 quidquid;

1970 5174 2043 5247 (g)
2075 5175 2249 5230 Deest
2292 5174 2552 5250 fundator
2597 5174 2657 5228 in
2685 5192 2817 5250 ms.
2850 5176 3018 5250 Corb.
3053 5177 3365 5240 Quesnelli.
3396 5183 3545 5250 Mox,

1893 5250 2193 5320 pretiosum
2216 5263 2326 5320 pro
2352 5249 2653 5320 speciosum
2681 5247 2739 5300 in
2772 5263 2915 5303 mss.
2949 5248 3075 5303 Vat.
3108 5250 3331 5307 collect.
3363 5252 3416 5304 5.

1972 5318 2049 5389 (h)
2070 5318 2453 5389 Restituimus
2472 5319 2775 5373 lectionem
2794 5319 3059 5373 omnium
3076 5321 3395 5377 editionum
3415 5321 3552 5389 ante

1900 5387 2300 5456 Queenellum,
2329 5406 2456 5456 quae
2488 5389 2623 5443 item
2657 5393 2745 5443 est
2774 5395 3110 5446 nostrorum
3142 5392 3427 5448 codicum.
3452 5388 3553 5443 Ille

1902 5459 2296 5534 autem,nullo
2319 5459 2562 5534 allegato
2585 5460 2802 5523 codice.
2817 5462 2901 5516 sic
2922 5478 2933 5517 :
2954 5464 3017 5515 Et
3032 5478 3135 5532 per
3153 5463 3405 5534 spiritum
3427 5472 3555 5534 gra-

1899 5534 1998 5589 tiae
2044 5527 2379 5587 voluntarii:
2423 5527 2481 5586 ῆι
2532 5548 2703 5586 unam
2749 5527 3056 5603 compagem
3085 5527 3323 5604 congrue
3350 5527 3556 5582 incita-

1905 5611 2015 5664 tur.

1976 5674 2042 5757 (ἰ)
2073 5674 2216 5738 Tres
2246 5672 2430 5734 nostri
2460 5672 2709 5750 codices,
2742 5675 2803 5733 in
2832 5676 2959 5730 tota.

3165 5800 3240 5871 10
