3964 6218
171 384 259 452 309

1695 394 1961 462 SERMU
1982 424 1983 427 η
2004 398 2102 463 LI.

3481 397 3611 477 31:0,

178 537 310 582 aures
336 522 620 600 corporis
634 524 1009 588 interiorem
1026 529 1324 589 mentium
1342 532 1676 590 nostrarum
1700 526 1854 588 198
1881 527 1939 599 Α
1965 527 2104 591 Jesu
2134 530 2528 609 increpatione
2559 538 2881 610 correptus,
2899 539 2955 594 et
2976 534 3048 594 ad
3069 532 3444 612 cupiditatem
3468 552 3606 612 par-

180 612 389 688 pulsavit
409 615 748 687 auditum,
786 620 867 676 ad
902 620 1097 693 magni
1127 620 1484 679 sacramenti
1515 638 1621 678 nos
1646 618 1856 677 intelli-

186 706 399 779 gentiam
431 712 664 763 vocat:
707 726 900 780 quam
937 711 1229 782 aspirante
1274 711 1458 784 gratia
1491 711 1589 766 Dri
1625 710 1852 766 facilius

90 786 97 855 l
192 812 562 868 assequemur,
581 796 639 852 si
665 799 1213 856 considerationem
1236 808 1493 856 uestram
1530 801 1601 855 ad
1633 818 1700 856 ea
1721 818 1847 872 quas

194 886 251 955 (α)
270 884 423 957 paulo
446 887 751 958 superius
776 892 922 943 sunt
943 894 1193 954 narrata,
1220 890 1561 945 rei‘ei'amus.
1586 889 1848 946 Salvator

196 975 317 1030 enim
338 975 586 1030 humani
613 977 868 1047 generis
886 977 1057 1033 Jesus
1072 978 1341 1034 Christus
1362 980 1618 1035 condens
1635 995 1760 1033 eam
1781 980 1844 1033 1i-

195 1063 299 1118 dem
314 1081 433 1135 quae
451 1069 511 1119 et
544 1064 782 1136 impios
818 1067 888 1120 ad
909 1066 1204 1137 justitiam
1235 1074 1292 1123 et
1323 1071 1584 1125 mortuos
1616 1072 1844 1123 revocat

193 1152 249 1207 ad
275 1154 463 1217 vitam,
498 1154 574 1207 ad
610 1153 736 1209 hoc
770 1154 1095 1226 discipulos
1128 1172 1265 1212 suos
1298 1156 1570 1211 doctrinae
1603 1156 1841 1213 monitis

189 1246 233 1297 et
262 1258 493 1314 operum
516 1241 842 1297 miraculis
872 1243 1192 1310 imbuebat,
1218 1247 1282 1298 ut
1304 1246 1453 1299 idem
1487 1245 1754 1299 Christus
1787 1250 1842 1300 et

186 1329 509 1403 unigenitus
539 1330 652 1385 Dei
686 1335 748 1385 et
798 1331 1061 1387 hominis
1091 1332 1271 1388 Filius
1310 1335 1656 1389 crederetur.
1692 1335 1837 1390 Nam

183 1436 344 1475 unum
376 1420 601 1475 horum
637 1419 770 1475 sine
802 1420 987 1476 altero
1011 1438 1125 1476 non
1158 1423 1430 1493 proderat
1461 1424 1533 1478 ad
1564 1423 1834 1492 salutem,

177 1514 224 1563 et
251 1509 492 1582 aqualis
511 1514 643 1563 erat
668 1508 939 1580 periculi,
960 1509 1275 1566 Dominum
1297 1510 1497 1566 Jesum
1517 1511 1833 1580 Christum,

175 1597 463 1653 autDeum
485 1598 916 1653 tantummodo
942 1598 1066 1654 sine
1086 1598 1447 1665 hornine,aut
1470 1599 1595 1656 sine
1619 1605 1728 1657 Deo
1751 1619 1836 1656 so-

173 1684 279 1739 lum
301 1685 615 1741 hominem
640 1686 989 1755 credidisse,
1015 1704 1150 1743 cum
1174 1691 1493 1761 utrumque
1517 1694 1670 1745 esset
1689 1689 1836 1761 pari-

172 1779 248 1829 ter
273 1775 688 1830 conﬁtendum
720 1792 733 1829 :
768 1775 912 1846 quia
960 1776 1110 1831 sicut
1155 1782 1266 1833 Deo
1308 1794 1442 1832 vera
1474 1778 1832 1850 humanitas,

170 1864 245 1919 ita
270 1862 499 1919 homini
521 1864 718 1919 inerat
749 1881 887 1918 vera
916 1864 1222 1921 Divinitas.
1256 1867 1340 1921 Ad
1372 1866 1833 1922 conﬁrmandam
1866 1902 1911 1966 Β

170 1969 295 2025 ergo
310 1952 392 2007 hu
395 1954 415 2024 ,ξ
424 1969 497 2007 us
521 1953 660 2007 ﬁdei
680 1952 754 2023 (1))
774 1952 1223 2010 saluberrimam
1249 1955 1637 2027 cognitionem
1661 1956 1836 2011 inter-

134 2066 137 2067 ν
170 2046 466 2114 rogaverat
515 2040 853 2113 discipulos
885 2060 1026 2097 suos
1062 2044 1359 2111 Dominus,
1394 2045 1543 2099 inter
1572 2045 1832 2100 diversas

169 2129 409 2186 aliorum
442 2129 764 2201 opiniones
788 2129 932 2200 quid
954 2130 1069 2203 ipsi
1093 2132 1162 2186 de
1184 2148 1249 2186 eo
1277 2133 1595 2200 crederent,
1621 2133 1834 2203 quidve

168 2219 483 2274 sentirent:
539 2219 642 2274 ubi
683 2219 896 2275 Petrus
946 2220 1245 2292 apostolus
1276 2238 1379 2293 per
1426 2222 1832 2278 revelationcm

168 2309 588 2363 summiPatris
601 2324 889 2381 corporea
902 2326 1189 2382 superans
1202 2310 1833 2368 etbumanatranscen-

169 2397 326 2465 dens,
352 2398 504 2452 vidit
524 2399 751 2453 mentis
774 2397 964 2453 oculis
989 2397 1199 2453 Filium
1227 2400 1323 2455 Dei
1355 2401 1490 2465 vivi,
1525 2405 1581 2457 et
1602 2402 1832 2458 confes-

167 2502 261 2540 sus
286 2493 380 2541 est
398 2487 653 2559 gloriam
681 2485 1029 2559 Deitatis,(c)
1050 2487 1187 2559 quia
1210 2505 1325 2543 non
1343 2489 1412 2544 ad
1437 2488 1622 2544 solam
1646 2507 1834 2563 respe-

167 2575 248 2629 xit
268 2576 672 2631 substantiam
708 2577 907 2631 carnis
933 2580 991 2631 et
1021 2577 1345 2649 sanguinis.
1380 2579 1751 2651 Tantumque
1776 2580 1830 2634 in

174 2663 275 2719 hac
302 2666 437 2721 fidei
453 2664 827 2721 sublimitate
850 2664 1299 2737 complacuit,ut
1318 2668 1693 2725 beatitudinis
1716 2668 1835 2724 l'eli-

179 2752 346 2808 citate
364 2754 622 2810 donatus
647 2770 880 2809 sacram
898 2753 1247 2809 inviolabilis
1261 2760 1434 2826 petra:
1448 2757 1564 2811 aeci
1574 2760 1837 2829 peret‘tir-
1866 2826 1880 2836 _

184 2841 461 2911 mitatem,
486 2859 672 2915 super
704 2860 890 2915 quam
923 2843 1167 2899 fundata
1193 2844 1443 2900 Ecclesia
1465 2845 1646 2916 portis
1668 2846 1834 2902 inferi

183 2932 235 2983 et
264 2931 467 2987 mortis
496 2931 736 3005 legibus
768 2931 1127 3003 praevaleret,
1162 2950 1265 2988 nec
1294 2933 1352 2988 in
1398 2933 1691 2990 solvendis
1738 2939 1839 2991 aut

186 3016 429 3091 Iigandis
454 3037 976 3093 quorumcumque
998 3021 1192 3078 causis
1214 3021 1289 3077 ali
1308 3023 1370 3077 .ld
1390 3028 1581 3078 ratum
1605 3030 1757 3079 esset
1780 3025 1835 3078 in

186 3106 339 3164 oculis
371 3126 546 3181 quam
579 3109 742 3181 quod
778 3108 931 3165 Petri
964 3110 1213 3166 sedisset
1242 3111 1497 3167 arbitrio.

249 3197 384 3252 CAP.
410 3200 479 3253 ll.
505 3230 577 3239 ——
609 3198 744 3253 Hcce
776 3203 1001 3264 autem,
1035 3198 1420 3266 dilectissimi,
1472 3201 1720 3257 laudatae
1751 3201 1839 3256 in-

1959 623 2269 697 ticipandae
2313 642 2445 682 cum
2477 642 2544 683 eo
2576 626 2870 699 passionis
2916 627 3214 685 animatus
3252 631 3359 685 est.
3391 627 3603 685 Subse-

1962 730 2149 785 quens
2172 725 2244 788 (g)
2277 716 2432 771 enim
2465 715 2786 773 exhortatio
2806 716 3122 774 Salvatoris
3151 716 3601 791 hocinspiravit,

1961 801 2068 858 hoc
2093 804 2306 871 docuit,
2331 808 2396 859 ut
2414 804 2669 861 volentes
2701 822 2831 861 eum
2858 806 3044 878 sequi,
3069 810 3347 878 negarent
3372 823 3434 862 se
3464 804 3599 874 sibi,

1955 895 2010 947 et
2031 909 2133 963 pro
2147 910 2247 963 spe
2265 898 2611 949 aeternorum
2637 893 2998 950 levissimum
3021 895 3600 967 ducerenttempora-

1952 978 2095 1035 lium
2130 980 2573 1037 detrimentum:
2607 983 2746 1053 quia
2777 984 2826 1039 is
2862 985 3100 1039 demum
3134 984 3393 1040 animam
3424 999 3596 1040 suam
3650 984 3663 991 “

1951 1067 2171 1123 salvam
2198 1069 2428 1136 faceret,
2460 1070 2559 1141 qui
2591 1086 2718 1125 eam
2752 1086 2851 1142 pro
2874 1070 3101 1127 Christo
3122 1073 3362 1143 perdere
3388 1089 3501 1126 non
3522 1070 3595 1126 ti-

1951 1162 2133 1212 meret
2179 1158 2384 1227 (Matth.
2432 1174 2546 1223 xw,
2577 1158 2689 1229 25).
2736 1157 2810 1213 Ut
2851 1174 2987 1230 ergo
3017 1158 3191 1214 istam
3240 1158 3425 1215 felicis
3455 1177 3592 1215 con-

1949 1245 2177 1301 stantiae
2204 1245 2597 1300 fortitudinem
2610 1248 2729 1300 toto
2753 1245 2999 1317 apostoli
3014 1246 3183 1301 corde
3201 1246 3592 1319 conciperent,

1947 1333 2161 1388 etnibil
2180 1334 2250 1388 de
2262 1334 2416 1389 susci
2424 1333 2645 1404 pierides
2669 1333 2859 1389 crucis
2881 1335 3194 1406 asperitate
3210 1334 3591 1407 trepidarent,

1949 1426 2013 1477 ut
2033 1423 2103 1477 de
2122 1421 2409 1494 supplicio
2438 1422 2519 1493 (h)
2541 1422 2752 1478 Christi
2768 1440 2882 1479 non
2901 1424 3327 1491 erubescerent,
3355 1441 3460 1480 nec
3481 1441 3588 1497 pu-

1947 1511 2199 1566 dendam
2231 1510 2345 1566 sibi
2375 1528 2500 1566 eam
2527 1511 2869 1583 patientiam
2892 1513 3212 1581 crederent,
3248 1529 3376 1585 quas
3398 1514 3481 1569 sic
3498 1530 3591 1569 su-

1946 1599 2141 1656 bitura
2170 1604 2295 1656 crat
2316 1599 2594 1655 saevitiam
2615 1600 2924 1671 passionis,
2950 1605 3014 1656 ut
3036 1619 3152 1657 non
3170 1602 3461 1660 amitteret
3472 1604 3591 1676 glo-

1944 1688 2093 1743 riam
2126 1688 2450 1760 potestatis:
2485 1689 2782 1760 .rlssumpsit
2800 1693 2958 1744 Jesus
2985 1691 3586 1760 Petrum,et.lacobum,
3664 1690 3673 1701 “

1943 1780 1992 1832 et
2020 1778 2252 1848 fratrem
2280 1779 2396 1845 eius
2410 1781 2683 1834 Joannem
2716 1777 2923 1849 (Matth.
2948 1778 3165 1849 xvn,1),
3195 1782 3252 1834 et
3268 1795 3587 1837 conscenso

1944 1882 2079 1921 cum
2112 1866 2195 1921 eis
2225 1882 2491 1922 seorsum
2514 1870 2711 1921 monte
2732 1866 3026 1938 prrecelso,
3050 1866 3376 1926 claritatem
3400 1868 3590 1942 (i)illis

1943 1972 2062 2010 suae
2094 1954 2290 2029 gloriae
2323 1955 2772 2010 demonstravit:
2809 1956 2948 2027 quia
2986 1955 3122 2012 licet
3168 1956 3591 2015 intellexissent

1942 2043 2001 2098 in
2033 2061 2099 2099 eo
2136 2046 2499 2116 majestatem
2540 2044 2661 2113 Dei,
2694 2044 2882 2116 ipsius
2913 2048 3108 2101 tamen
3141 2047 3419 2118 corporis,
3472 2065 3588 2120 quo

1943 2132 2226 2188 Divinitas
2257 2133 2581 2206 tegebatur,
2611 2133 2931 2204 potentiam
2971 2133 3327 2191 nesciebant.
3360 2136 3430 2191 Et
3459 2135 3588 2193 ideo

1943 2220 2173 2292 proprie
2194 2220 2612 2293 signanterque
2631 2220 2979 2292 promiserat
3000 2223 3286 2292 quosdam
3305 2221 3375 2278 de
3392 2227 3590 2280 astan-

1941 2309 2100 2364 tibus
2122 2308 2427 2381 discipulis
2442 2325 2553 2362 non
2579 2308 2742 2379 prius
2763 2313 2999 2382 gustare
3018 2314 3286 2380 mortem,
3303 2328 3480 2384 quam
3505 2313 3589 2368 vi-

1941 2398 2144 2453 derent
2158 2397 2368 2453 Filium
2384 2396 2638 2452 hominis
2651 2397 2978 2454 venientem
2992 2399 3052 2454 in
3068 2416 3243 2472 regno
3256 2418 3363 2457 suo
3377 2402 3587 2474 (Matth.

1941 2504 2052 2557 xvr,
2073 2486 2189 2556 28),
2210 2486 2265 2540 id
2298 2490 2387 2541 est
2406 2485 2461 2539 in
2495 2484 2653 2557 regia
2669 2485 2952 2554 claritate,
2975 2504 3153 2558 quam
3172 2490 3238 2561 (j)
3262 2490 3591 2561 specialiter

1942 2575 2011 2629 ad
2032 2579 2303 2630 naturam
2324 2574 2577 2646 suscepti
2599 2573 2854 2633 hominis
2867 2575 3376 2649 pertinentem,his
3398 2579 3590 2635 tribus

1942 2665 2081 2720 viris
2112 2664 2293 2718 voluit
2323 2679 2453 2718 esse
2474 2663 2872 2735 consPicuam.
2899 2666 3045 2721 Nam
3062 2665 3224 2722 illam
3248 2668 3433 2738 ipsius
3454 2669 3589 2724 Dei—

1942 2754 2080 2808 tatis
2112 2751 2462 2808 ineffabilem
2497 2755 2551 2806 et
2572 2752 2649 2821 (lc)
2675 2752 3103 2809 inacessibilem
3134 2754 3436 2822 visionem,
3463 2773 3589 2829 quae

1946 2843 2003 2899 in
2028 2846 2301 2897 aeternam
2323 2841 2504 2895 vitam
2530 2841 2767 2896 mundis
2785 2841 2954 2897 corde
2976 2847 3257 2911 servatur,
3282 2843 3444 2900 nullo
3466 2862 3591 2901 mo-

1945 2932 2019 2987 do
2052 2929 2281 2986 mortali
2310 2929 2503 2985 adhuc
2524 2946 2697 2985 carne
2719 2929 3065 2986 circumdati
3089 2931 3300 2988 intueri
3325 2937 3594 3006 poterant

1946 3026 2003 3076 et
2030 3020 2242 3075 videre.

2018 3113 2149 3164 CAP.
2175 3108 2250 3163 ΙΙΙ
2259 3150 2270 3162 .
2291 3139 2358 3148 —-
2376 3106 2574 3179 Aperit
2594 3124 2729 3180 ergo
2748 3107 3030 3166 Dominus
3048 3126 3242 3166 coram
3264 3111 3461 3170 electis
3482 3116 3595 3169 tes-

1947 3199 2106 3254 tibus
2136 3196 2380 3269 gloriam
2412 3213 2602 3262 suam,
2635 3202 2691 3252 et
2720 3214 3092 3254 communem
3122 3198 3284 3255 illam
3316 3217 3451 3257 cum
3483 3219 3590 3258 ca:-

185 3284 509 3359 tclligentize
533 3287 611 3359 (ιι)
635 3286 929 3343 celsitudo
950 3287 1296 3344 instruenda
1319 3294 1441 3346 erat
1462 3291 1841 3347 deinferioris
1868 3274 1910 3341 C
1948 3287 2087 3344 teris
2113 3285 2371 3358 corporis
2392 3286 2637 3341 formam
2667 3290 2829 3341 tanto
2855 3286 3165 3358 splendore
3194 3288 3493 3352 clariﬁcat.
3527 3295 3594 3347 ut

182 3375 517 3431 snbstantiae
552 3381 955 3443 sacramento,
990 3394 1060 3433 ne
1092 3379 1410 3450 apostolica
1444 3381 1587 3435 fides
1621 3381 1687 3435 ad
1715 3380 1836 3453 glo-

183 3463 324 3518 riam
358 3465 705 3521 conﬁtenda:
738 3466 796 3520 in
829 3465 1061 3521 Christo
1087 3468 1324 3523 Deitatis
1350 3473 1564 3533 evecta,
1588 3468 1836 3523 intirmi-

185 3553 313 3608 tatis
328 3559 539 3609 nostrae
554 3557 621 3625 (ej
631 3554 1240 3628 receptionemindign
1251 3574 1343 3611 am
1360 3556 1439 3611 im
1448 3558 1601 3629 passi
1613 3557 1709 3611 bili
1724 3558 1839 3613 Deo

188 3646 358 3712 atque
383 3643 774 3715 incongruam
792 3644 1107 3714 judicaret,
1132 3650 1187 3699 et
1209 3645 1427 3717 it'ajam
1451 3646 1839 3718 (fﬁnipsohu-

194 3744 420 3785 manem
447 3733 713 3787 crederet
742 3731 891 3804 glori
903 3733 1131 3788 ficatam
1164 3751 1292 3789 esse
1322 3739 1614 3801 naturam,
1648 3739 1711 3790 ut
1741 3753 1847 3791 nee

201 3818 475 3889 supplicio
497 3824 700 3892 posset
737 3821 914 3888 affici,
948 3838 1052 3877 nec
1083 3829 1267 3879 morte
1300 3822 1556 3879 dissolvi.
1603 3825 1671 3879 Et
1717 3825 1845 3880 ideo

204 3905 415 3964 dicente
445 3909 692 3965 Domino
728 3911 885 3983 quod
937 3916 1224 3983 oporteret
1262 3929 1395 3967 eum
1446 3914 1527 3967 ire
1557 3914 1846 3986 Jerosoly-

108 3998 111 4009 '
207 4009 375 4062 mam,
396 4002 451 4053 et
469 3998 659 4053 multa
689 4000 811 4071 pati
837 4016 869 4053 a
901 4000 1229 4056 senioribus
1258 4008 1315 4056 et
1344 4002 1554 4058 scribis
1585 4020 1649 4058 ac
1689 4004 1848 4074 prin-

211 4083 419 4154 cipibus
431 4088 832 4153 sacerdotum,
853 4092 911 4143 et
931 4089 1136 4155 occidi,
1162 4095 1216 4145 et
1242 4090 1413 4146 tertia
1432 4091 1524 4146 die
1551 4108 1851 4163 resurgere

214 4171 403 4241 Matth.
451 4193 567 4243 xvi,
616 4178 707 4243 21,
759 4181 809 4231 et
848 4195 945 4242 xx,
988 4180 1194 4246 17-19),
1229 4196 1364 4234 cum
1396 4180 1598 4234 beatus
1631 4167 1851 4248 Petrus,

114 4310 119 4335 ε
216 4262 302 4331 qui
327 4281 576 4336 superno
598 4265 1188 4336 illustratuslumine,
1208 4268 1279 4322 de
1293 4268 1704 4323 ardentissima
1727 4268 1853 4324 Filii

116 4388 121 4409 ι
218 4347 305 4403 Dei
326 4353 687 4409 confessione
719 4355 1001 4423 fervebat,
1025 4356 1413 4411 contumelias
1445 4358 1599 4412 I94
1631 4356 1853 4413 illusio-

221 4452 344 4495 nnm
373 4448 429 4497 et
456 4442 885 4505 crudelissima:
918 4446 1126 4501 mortis
1149 4444 1528 4518 opprobrium
1562 4446 1856 4517 religioso,

223 4531 279 4581 ut
314 4532 567 4601 putabat,
599 4539 658 4587 et
687 4531 878 4589 libero
903 4534 1135 4589 fastidio
1171 4535 1512 4606 respuisset,
1546 4534 1798 4607 benigna
1827 4554 1861 4591 a

225 4734 352 4796 rem,
380 4724 749 4796 sumpsimus
776 4742 846 4781 ex
875 4726 1045 4782 codd.
1079 4724 1299 4782 collect.
1332 4728 1387 4782 5.

290 4794 355 4864 ζα)
386 4794 445 4869 In
467 4794 795 4852 Lectionar.
819 4796 1040 4853 Veneto
1058 4799 1160 4854 153
1183 4799 1345 4853 deest
1361 4799 1548 4867 paulo.
1571 4797 1736 4865 Dein,
1760 4815 1862 4869 pro

225 4862 358 4941 {esus
373 4866 652 4941 _(._‘hristus,
678 4868 840 4941 idem
880 4870 1031 4935 cod.,
1060 4871 1319 4924 Dominus
1347 4862 1616 4935 Christus,
1650 4862 1861 4941 etqui-

230 4933 346 4990 dam
373 4937 523 5004 Vat,
556 4933 701 4994 om
734 4940 1011 4996 Christus.

290 5008 501 5086 (biDuo
525 5011 859 5066 Lectionar.
881 5029 1023 5067 mss.
1044 5011 1169 5086 Vat.
1198 5012 1438 5086 1268,_et
1466 5012 1689 5086 ernetq
1707 5013 1863 5086 salu-

232 5076 479 5156 britatem,
502 5086 561 5136 et
581 5100 691 5155 pro
715 5076 1475 5154 cognitionemeuesnellus
1496 5083 1553 5138 in
1580 5076 1863 5156 margine,

230 5150 589 5209 cmzditimzemi

289 5223 347 5296 (cf)
379 5222 537 5296 Unus
569 5225 728 5291 cod.,
763 5226 864 5296 qui
893 5242 1019 5279 non.

296 5284 301 5291 ι

291 5292 358 5367 (ιι)
376 5295 524 5367 βοά.
551 5296 727 5365 Ven.,
761 5292 1046 5367 fortitudo.

288 5354 353 5434 {ej
368 5366 561 5423 Prima
592 5354 738 5424 edit.
761 5354 834 5422 'et
863 5385 973 5423 ms.
998 5368 1163 5433 Bon.,
1188 5369 1627 5434 redemptionem.

288 5440 347 5507 if:
380 5439 463 5493 ita
478 5456 548 5493 ex
566 5440 831 5495 Lection.
848 5440 990 5494 Ven.
1005 5445 1060 5495 et
1080 5440 1191 5495 alio
1211 5441 1342 5496 Vat.
1365 5439 1537 5506 Editi,
1556 5441 1611 5494 in
1638 5441 1868 5497 Christe.

289 5512 357 5578 ig)
382 5511 518 5566 Cod.
552 5510 764 5566 Venet.
800 5510 956 5566 delet
986 5514 1148 5566 enim.

291 5580 353 5645 (h'
372 5582 529 5637 Idem
563 5584 727 5645 cod.,
761 5585 955 5638 Cruris
984 5600 1091 5639 non
1121 5584 1513 5638 erubescerent.

290 5653 347 5721 (ἱ)
375 5650 590 5708 Vocem
619 5655 789 5725 illis,
825 5670 952 5725 quae
988 5654 1047 5709 in
1100 5654 1490 5709 anterioribus
1519 5652 1874 5713 editionibus

231 5721 427 5794 deerat,
451 5721 1229 5797 supplex'ithesnellusmti
1249 5742 1378 5781 eam
1407 5725 1467 5781 in
1490 5727 1708 5782 nostris
1730 5744 1872 5784 mss.

1947 3380 2003 3432 et
2026 3375 2201 3431 facies
2223 3375 2349 3444 ejus
2372 3373 2512 3430 solis
2537 3374 2743 3446 fulgori
2771 3374 3002 3443 similis,
3018 3380 3075 3431 et
3092 3377 3336 3434 vestitus
3354 3378 3590 3435 candori

1948 3466 2171 3521 nivium
2197 3468 2352 3520 esset
2371 3463 2613 3535 aequalis
2631 3463 2836 3535 (Matth.
2860 3481 2993 3531 xvu,
3017 3466 3095 3528 2).
3120 3466 3183 3522 In
3216 3485 3333 3540 qua
3353 3469 3587 3524 transti-

1949 3554 2253 3627 guratione
2275 3551 2416 3625 illud
2441 3553 2677 3624 quidem
2701 3552 3101 3625 principaliter
3119 3556 3418 3627 agebatur,
3434 3561 3498 3613 ut
3518 3558 3593 3613 de

1951 3644 2226 3700 cordibus
2250 3643 2311 3709 (ι)
2336 3641 2758 3714 discipulorum
2783 3642 2973 3699 crucis
3002 3645 3345 3701 scandalum
3366 3646 3594 3703 tollere-

1952 3738 2075 3799 tur;
2112 3748 2215 3787 nec
2236 3732 2611 3787 conturbaret
2629 3748 2831 3787 eorum
2852 3732 3027 3788 ﬁdem
3048 3733 3386 3791 voluntariis
3407 3736 3600 3793 humi-

1953 3821 2087 3876 litas
2111 3820 2646 3892 passionis,quibus
2679 3820 2928 3875 revelata
2955 3826 3112 3878 esset
3127 3814 3479 3879 absconditae
3505 3841 3602 3880 ex-

1957 3909 2224 3965 ccllcntia
2243 3908 2562 3980 dignitatis.
2579 3908 2685 3962 Sed
2712 3925 2825 3963 non
2845 3908 3068 3965 minore
3084 3911 3448 3981 providentia
3468 3928 3603 3984 spes

1958 4003 2173 4054 sancta:
2198 3996 2463 4052 Ecclesiae
2489 3996 2860 4060 t'nndabatur,
2887 4002 2951 4051 ut
2983 4002 3169 4053 totum
3202 4015 3414 4070 corpus
3440 3999 3605 4055 Chri-

1959 4089 2034 4144 sti
2056 4090 2394 4159 agnosceret
2410 4083 2567 4156 quali
2590 4088 2743 4140 ess-t
2762 4086 3219 4143 commutatione
3245 4088 3605 4159 donandum,

1962 4177 2119 4248 (τη)οἱ
2134 4177 2261 4246 ejus
2276 4173 2387 4229 sibi
2402 4173 2637 4228 honoris
2658 4173 3016 4228 consortium
3032 4176 3073 4229 1
3085 4176 3183 4231 95
3202 4176 3466 4233 membra
3478 4195 3607 4249 pro-

1964 4265 2278 4331 mitterent,
2325 4262 2425 4333 qui
2457 4261 2512 4314 in
2547 4260 2732 4330 capite
2762 4260 3161 4333 praefulsissct.
3194 4264 3275 4320 De
3306 4282 3422 4337 quo
3451 4265 3608 4322 idem

1969 4353 2247 4409 Dominus
2268 4351 2651 4416 dixerat,cum
2684 4350 2752 4404 de
2774 4350 3053 4406 adventus
3075 4353 3166 4408 sui
3190 4355 3494 4427 majestate
3524 4355 3609 4412 lo-

1967 4446 2281 4516 queretur:
2338 4440 2480 4493 Tunc
2525 4438 2667 4508 justi
2716 4438 3005 4510 fulgebunt
3050 4443 3191 4498 sicut
3221 4444 3302 4499 sol
3354 4446 3414 4499 in
3442 4461 3610 4515 regno

1971 4534 2046 4604 (η)
2070 4531 2251 4586 Patris
2281 4530 2370 4584 sui
2389 4526 2590 4589 (Matth.
2616 4543 2738 4593 xm,
2764 4528 2872 4595 43);
2898 4533 3252 4601 protestante
3282 4532 3391 4589 hoc
3413 4533 3611 4607 ipsum

1896 4647 1941 4710 D

1970 4727 2314 4853 Eepelrigius.
2350 4724 2500 4790 Mox,
2534 4725 2629 4795 qui
2666 4724 2788 4780 licet
2819 4726 3214 4785 intellexissent
3244 4729 3302 4786 in
3352 4731 3616 4805 exemplo

2017 4818 2086 4853 αι]
2118 4817 2130 4852 1
2206 4814 2312 4851 ιειθ.

1970 4797 2130 4856 Pauli
2155 4797 2312 4852 Diac.

2046 4872 2105 4942 (j)
2138 4867 2583 4945 llicspiritaliter
2595 4864 2812 4945 habent
2832 4867 3415 4945 vulgatiLSpecialiter
3429 4872 3621 4945 legen-

1975 4937 2114 4997 dum
2136 4937 2409 4995 indicavit
2429 4938 2667 4992 Latinus
2690 4937 3029 4994 Latiniusin
3052 4937 3411 4999 Bibliotheca
3431 4937 3617 5000 sacra.

1975 5015 2062 5070 lta
2094 5012 2330 5083 quidem
2364 5009 2831 5083 reposuimusex
2852 5009 3042 5083 prima
3070 5013 3341 5081 editione,
3367 5031 3472 5070 nec
3504 5032 3619 5071 non

1976 5103 2044 5142 ex
2075 5079 2445 5139 Lectionario—
2487 5081 2600 5135 Ven
2634 5079 2945 5152 ,aliisque
2992 5085 3210 5142 nostris
3237 5079 3381 5142 mss.
3428 5085 3616 5152 libris,

1977 5172 2226 5229 quorum
2259 5151 2497 5229 quidam
2516 5169 2616 5223 per
2637 5151 3129 5212 abbreviationem
3153 5157 3468 5229 praeferunt
3491 5151 3618 5228 spe?

1977 5224 2103 5285 liter
2122 5224 2537 5298 abieditoribus
2554 5228 2856 5298 sumptum
2879 5243 2982 5296 pro
3001 5224 3349 5298 spiritaliter.

2049 5300 2120 5369 (Ιιο)
2152 5297 2264 5361 Ali,
2297 5294 2822 5369 inmarcescibilem.
2848 5294 3221 5361 QussnsLLus
3243 5300 3301 5355 in
3333 5296 3616 5369 margine.

2048 5366 2114 5437 (ι)
2146 5368 2283 5424 Cod.
2315 5366 2543 5430 Venet.,
2574 5368 2959 5437 apostolorum.
3279 5382 3287 5392 ~

2051 5436 2146 5515 (ιη)
2169 5441 2237 5517 Et
2268 5456 2369 5517 pro
2401 5442 2477 5517 ut,
2512 5438 2667 5517 quod
2700 5436 2758 5492 in
2790 5444 2959 5517 antea
2986 5441 3156 5496 editis
3186 5438 3454 5517 occurrit,
3474 5440 3533 5515 at
3553 5453 3623 5517 ex

1982 5507 2325 5587 princederiti
2362 5507 2547 5587 u_t_hoc
2578 5507 2702 5563 loco
2719 5510 3024 5587 superflue
3055 5510 3349 5587 repetitur,
3370 5507 3621 5587 scripsi.-

1985 5528 2325 5587 praecedenti
2362 5528 2419 5564 ut
2441 5528 2547 5563 noc
2579 5528 2702 5563 lOCO
2734 5528 3024 5580 supernus
3055 5528 3349 5634 repetitur,
3383 5528 3621 5588 scripsi-

1985 5603 2115 5641 mus
2138 5602 2205 5638 rx
2234 5580 2529 5641 aliquibus
2550 5596 2695 5634 mss.
2719 5581 2847 5636 Vat.
2870 5585 2924 5635 et
2946 5582 3111 5635 Hemi
3143 5576 3340 5635 .l’aull
3365 5582 3624 5631 Draconi.

2053 5662 2133 5721 (η)
2163 5655 2300 5712 Cod.
2332 5651 2479 5706 Ven.
2504 5651 2687 5706 Patris
2717 5654 2844 5706 mei.
