3964 6218
429 407 542 470 311

1541 402 1606 466 S.
1651 401 1953 464 LEONIS.
1976 397 2229 463 MAGNI
2272 398 2716 462 SERMONES.

3686 400 3810 463 312.

426 545 596 601 beato
643 531 822 600 Paulo
870 537 1150 613 apostolo,
1183 542 1239 594 et
1277 538 1504 593 dicente
1529 553 1541 591 :
1607 535 1868 590 Existimo
1920 534 2070 589 enim
2097 533 2154 601 Α
2183 532 2291 590 Hic
2317 536 2403 588 est
2429 531 2612 589 Filius
2639 545 2800 588 meus
2825 530 3088 599 dilectus,
3113 531 3177 588 in
3203 545 3312 604 quo
3337 531 3485 589 mihi
3511 529 3638 590 bene
3663 549 3795 592 com-

427 635 565 706 quod
594 651 702 689 non
733 636 860 688 sunt
897 631 1180 700 condigna?
1216 644 1494 700 passzmzes
1533 627 1693 696 hujus
1722 625 1980 695 temporis
2008 622 2078 678 ad

429 727 678 796 futuram
710 723 964 792 gloriam,
993 735 1118 790 autc
1139 719 1466 773 revelabitur
1497 733 1551 771 ιη
1587 715 1738 770 nobis
1770 716 1927 777 (Rom
1953 730 2075 781 vm,

435 814 544 880 18);
575 817 631 868 et
660 813 872 868 iterum
899 829 910 866 :
945 810 1156 866 Mortui
1183 809 1330 863 enim
1360 807 1506 870 estis,
1553 809 1600 860 et
1635 807 1744 859 rita
1773 807 1948 858 vestra
1977 803 2077 858 ab-

433 901 676 958 scondita
704 909 780 957 est
809 918 932 955 eum
965 899 1174 954 Christo
1206 899 1282 962 (α)
1313 899 1372 950 in
1403 897 1525 951 Deo.
1571 894 1704 948 Cum
1742 896 1891 948 enim
1923 891 2077 946 Chri-

435 995 551 1046 stus
575 991 892 1064 apparuerit
925 990 1034 1044 vita
1063 996 1258 1051 vestra,
1283 990 1412 1040 tunc.
1431 992 1480 1040 et
1499 999 1584 1038 ros
1607 983 1937 1054 apparebitis
1957 995 2081 1035 eum

439 1081 552 1152 ipso
575 1083 632 1135 in
664 1081 845 1150 gloria
872 1080 1092 1142 (Coloss.
1125 1093 1207 1143 III,
1241 1075 1292 1142 3,
1331 1074 1402 1145 4).

512 1169 643 1225 CAP.
681 1169 768 1224 IV.
797 1201 864 1207 —
913 1162 1340 1220 Confirmandis
1396 1177 1528 1217 vero
1573 1158 1852 1232 apostolis
1905 1161 1960 1214 et
2010 1158 2080 1214 ad

447 1275 682 1314 omnem
713 1255 1017 1313 scientiam
1045 1251 1449 1326 provehendis,
1485 1249 1599 1306 alia
1631 1264 1863 1322 quoque
1893 1247 1952 1302 in
1985 1246 2083 1303 illo

446 1347 728 1402 miraculo
760 1345 1006 1401 accessit
1034 1342 1358 1398 instructio.
1395 1341 1585 1396 Moses
1616 1339 1771 1394 enim
1808 1343 1864 1393 et
1905 1336 2082 1403 Elias,

445 1436 538 1492 lex
557 1435 776 1492 scilicet
793 1436 927 1505 (b)et
948 1431 1666 1506 prophetae,apparuerunt
1683 1445 1817 1483 cum
1840 1427 2085 1482 Domino

445 1524 777 1597 loquentes:
805 1528 868 1578 ut
885 1521 1188 1577 verissime
1204 1519 1264 1576 in
1281 1519 1381 1573 illa
1396 1518 1657 1590 quinque
1671 1517 1927 1572 virorum
1950 1533 2088 1588 pra:-

445 1614 634 1670 sentia
663 1612 1057 1685 compleretur
1085 1609 1238 1681 quod
1279 1607 1500 1663 dictum
1524 1611 1611 1663 est
1636 1624 1648 1660 ε
1677 1609 1738 1662 In
1765 1606 1972 1661 duobus
2002 1605 2088 1660 vel

443 1703 617 1760 tribus
637 1703 855 1759 testibus
876 1705 977 1756 stat
997 1716 1154 1755 omne
1183 1697 1402 1752 verbum
1442 1699 1616 1758 (Deut.
1639 1714 1756 1761 xxx,
1785 1695 1869 1756 15;
1899 1693 2084 1750 Matth.

439 1809 600 1859 xvm,
625 1791 714 1860 i6;
735 1793 889 1847 Joan.
909 1806 1026 1855 vm,
1049 1790 1130 1857 17;
1150 1787 1331 1843 llCor.
1359 1787 1548 1854 xm,i;
1572 1784 1699 1840 ch.
1723 1785 1904 1854 x,28).
1938 1781 2084 1846 Quid

441 1883 551 1939 hoc
570 1879 943 1950 stabilius,qu
955 1878 1006 1931 id
1027 1875 1253 1931 firmius
1265 1874 1527 1941 verbo,in
1543 1874 1712 1944 cujus
1727 1871 2086 1944 praedicatio-

443 1989 516 2028 ne
546 1969 752 2027 veteris
783 1974 839 2023 et
869 1967 996 2022 novi
1031 1963 1389 2020 'l‘estainenti
1412 1961 1666 2017 concinit
1694 1961 1854 2028 tuba,
1879 1965 2088 2016 etcum

443 2059 775 2133 evangelica
795 2055 1460 2124 doctrina,antiquarum
1487 2051 1970 2124 protestationum
1995 2049 2088 2104 in-

445 2151 774 2204 strumenta
789 2142 1188 2200 concurrunt?
1207 2139 1614 2212 Astipulantur
1635 2140 1790 2194 enim
1814 2138 1923 2193 sibi
1947 2139 2088 2193 invi-

445 2253 570 2292 cem
601 2233 907 2304 utriusque
944 2229 1176 2286 foederis
1206 2230 1428 2302 paginae
1456 2247 1468 2296 ;
1501 2234 1556 2282 et
1586 2245 1759 2300 quem
1793 2229 1903 2283 sub
1932 2226 2087 2283 vela-

445 2326 603 2382 mine
633 2321 1038 2395 mysteriorum
1070 2317 1450 2392 praecedentia
1474 2318 1642 2389 signa
1673 2317 2085 2389 promiserant,

446 2414 824 2470 manifestum
883 2415 1056 2481 atque
1115 2407 1488 2480 perspicuum
1531 2407 1834 2478 praesentis
1889 2405 2085 2478 glorias

443 2501 720 2576 splendor
739 2497 1020 2555 ostendit:
1047 2497 1204 2568 quia,
1231 2495 1692 2550 sicutaitbeatus
1711 2495 2088 2562 Joannes,lcx

435 2609 537 2665 per
555 2592 725 2646 Mosen
741 2589 864 2644 data
878 2597 955 2643 est
965 2630 976 2652 ,
982 2588 1159 2657 gratia
1173 2589 1358 2641 autem
1370 2592 1421 2640 et
1430 2585 1630 2640 veritas
1638 2584 2082 2656 perlesumChri-

438 2687 583 2738 stum
608 2683 754 2754 facta
781 2681 858 2734 est
889 2679 1063 2737 (Joan.
1089 2693 1128 2742 Ι,
1155 2676 1268 2742 17);
1301 2675 1362 2729 in
1395 2678 1584 2746 quoet
1612 2673 2082 2746 propheticarum

437 2770 751 2845 promissio
783 2767 1024 2840 impleta
1054 2769 1142 2820 est
1177 2765 1498 2836 tigurarum
1535 2767 1591 2817 et
1622 2761 1898 2834 legalium
1934 2763 2082 2818 ratio

436 2863 879 2934 praeceptorum,
913 2856 1054 2911 dum
1087 2858 1143 2908 et
1173 2869 1366 2908 veram
1393 2853 1560 2907 docet
1590 2851 1956 2924 prephetiam
1979 2869 2084 2924 per

435 2949 527 3006 sui
557 2945 950 3021 praesentiam,
976 2949 1023 2998 et
1047 2941 1348 3014 possibilia
1367 2939 1500 2995 facit
1525 2939 1802 2994 mandata
1823 2957 1924 3012 per
1942 2957 2079 3013 gra-

431 3037 596 3093 tiam.

502 3127 637 3182 CAP.
655 3124 808 3180 V.-—
831 3121 930 3178 llis
947 3137 1082 3192 ergo
1104 3124 1604 3176 sacramentorum
1628 3117 2078 3175 revelationibus

431 3216 638 3272 Petrus
659 3213 957 3288 apostolus
979 3209 1585 3279 incitatus,mundana
1611 3212 2078 3279 spernensetter—

433 3321 573 3361 rena
599 3303 923 3369 fastidiens,
957 3302 1014 3355 in
1047 3305 1396 3354 aeternorum
1429 3295 1782 3351 desiderium
1820 3298 2074 3368 quodam

434 3393 648 3450 mentis
678 3392 1012 3464 rapiebatur
1037 3404 1306 3454 excessu;
1329 3391 1384 3440 et
1406 3385 1618 3457 gaudio
1642 3385 1819 3440 totius
1839 3385 2080 3442 visionis

433 3479 818 3552 i'mpletus,ibi
832 3477 996 3533 cumJ
1009 3475 1426 3546 csu(c}optabat
1440 3473 1825 3539 liabitare,ubi
1842 3475 2080 3531 manife-

434 3573 587 3624 stata
602 3569 728 3638 ejus
741 3566 924 3639 gloria
941 3565 1028 3618 ltDi
1039 3565 1207 3618 abatu
1219 3581 1262 3630 r;
1281 3581 1312 3616 u
1323 3562 1432 3616 nde
1445 3567 1494 3616 et
1513 3561 1586 3616 ait
1599 3578 1610 3615 :
1629 3563 2075 3627 Domine,bonum

431 3661 510 3714 est
541 3673 638 3712 nos
659 3657 750 3710 hic
764 3671 904 3710 esse:
945 3655 993 3707 si
1026 3655 1124 3717 vis,
1157 3654 1426 3722 faciamus
1448 3652 1536 3705 hic
1555 3653 1665 3705 tria
1697 3653 2072 3720 tabernacula,

428 3747 537 3802 tibi
567 3761 756 3812 unum,
790 3745 958 3815 Moysi
992 3759 1182 3807 unum,
1237 3748 1288 3796 et
1325 3740 1463 3796 Elite
1493 3756 1662 3794 unum
1699 3739 1902 3802 (Matth.
1936 3758 2072 3809 xvu,

427 3836 502 3907 4).
537 3835 650 3890 Sed
695 3833 830 3889 huic
881 3829 1236 3903 suggestioni
1272 3827 1556 3883 Dominus
1588 3845 1701 3884 non
1751 3830 2071 3901 respondit,

427 3925 764 3998 signiﬁcans
780 3938 891 3978 non
909 3921 1147 3993 quidem
1165 3917 1519 3989 improbum,
1545 3918 1645 3971 sed
1670 3917 2070 3975 inordinatum

424 4030 552 4070 esse
573 4012 650 4085 (d)
677 4013 832 4086 quod
857 4013 1110 4082 cuperet;
1129 4024 1260 4062 cum
1277 4005 1483 4061 salvari
1502 4007 1758 4061 mundus
1781 4005 1892 4062 nisi
1914 4006 2074 4063 Chri-

423 4103 498 4160 sti
523 4107 707 4160 morte
729 4119 838 4158 non
867 4103 1146 4174 posset,et
1168 4095 1428 4168 exemplo
1447 4095 1676 4151 Domini
1698 4095 1756 4151 in
1775 4095 1883 4151 hoc
1897 4097 2068 4168 (ε)νο-

422 4189 1023 4247 careturcredentium
1049 4188 1214 4252 fides,
1241 4189 1306 4240 ut
1325 4184 1459 4240 licet
1485 4201 1597 4239 non
1621 4185 2070 4256 oporteretmde

421 4279 800 4336 beatitudinis
816 4276 1307 4352 promissionibus
1321 4273 2067 4346 dubitari,intcltigercmus

418 4373 619 4424 tamen
642 4370 794 4424 inter
815 4369 1160 4424 tentationes
1185 4367 1338 4421 106
1361 4364 1538 4436 hujus
1564 4363 1689 4419 vitae
1713 4363 1875 4436 prius
1897 4365 2066 4420 nobis

419 4456 788 4512 tolerantiam
821 4457 1233 4528 postulandum
1257 4472 1384 4510 esse
1415 4471 1590 4524 quam
1609 4452 1854 4526 gloriam
1881 4471 1894 4509 :
1929 4453 2066 4526 quia

417 4548 684 4615 tempora
713 4545 969 4616 patiendi
1003 4562 1113 4599 non
1151 4547 1338 4616 potest
1371 4541 1614 4597 felicitas
1639 4541 1950 4613 prznvenire
1981 4559 2065 4599 re-

416 4631 659 4704 gnandL

488 4721 622 4776 CAP.
655 4720 752 4776 VI.
787 4751 852 4760 —
875 4719 1076 4775 Adhuc
1110 4719 1302 4790 itaque
1331 4736 1397 4774 eo
1417 4719 1692 4790 loquente
1713 4735 1844 4774 ecce
1874 4719 2060 4776 nubes

416 4808 612 4865 lucida
633 4808 1002 4865 obumbravit
1022 4812 1202 4872 eos,et
1219 4825 1348 4862 ecce
1369 4825 1472 4863 vox
1491 4807 1561 4877 (θ)
1578 4807 1648 4862 de
1671 4807 1824 4862 nube
1837 4807 2057 4864 dicens:

487 4951 560 5023 (a)
583 4951 738 5007 ldem
766 4951 893 5023 cod.
927 4950 1338 5023 omit_t_it_v_oces
1372 4953 1427 5005 in
1459 4953 1583 5006 Deo.

487 5019 565 5091 (ὁ)
597 5025 660 5078 In
711 5021 919 5078 Homil.
956 5019 1112 5077 Pauli
1148 5021 1328 5087 Diac.,
1361 5031 1412 5076 et
1439 5022 1766 5092 prophetia;
1797 5026 1852 5077 et
1885 5021 2058 5094 paulo

455 5097 566 5160 ost,
597 5094 762 5148 stabit
809 5109 965 5148 omne
996 5094 1236 5158 verbum,
1281 5109 1416 5148 cum
1472 5093 1792 5148 Lectionar.
1847 5093 1966 5149 vat.
2003 5100 2059 5150 et

454 5164 796 5240 uobuslaliis
821 5165 988 5240 codd.

481 5237 552 5308 (ε)
585 5235 746 5292 Unus
795 5237 921 5308 cod.
954 5235 1121 5308 Vat,
1148 5235 1418 5304 sperabat.
1456 5235 1606 5299 Mox,
1641 5236 1736 5289 ubi
1761 5239 2053 5308 manifesta

410 5306 629 5364 habent
662 5307 953 5364 nonnulla:
987 5306 1291 5361 editiones.
1917 5306 1923 5308 ⁷
2017 5323 2026 5329 ·

481 5380 559 5452 (d)
593 5379 755 5436 Unus
785 5381 910 5435 cod.
942 5378 1094 5452 Vat,
1128 5377 1266 5452 quod
1292 5379 1518 5452 peteret.

477 5447 550 5522 (α)
579 5453 851 5515 Quaedam
887 5447 1190 5522 editiones,
1225 5447 1563 5503 laudaretur.

477 5519 544 5593 (Γ)
579 5523 741 5578 Unus
771 5524 896 5578 cod.
930 5523 1082 5585 Vat,
1106 5520 1171 5575 de
1197 5522 1403 5591 futuris
1424 5519 1889 5590 promissionibus.
1916 5521 2050 5576 Cod.

403 5592 570 5658 vom,
596 5595 657 5649 de
690 5595 1039 5650 bralitmtiuis
1068 5594 1445 5664 promissione.

473 5664 548 5788 (Io)
583 5666 791 5720 Homil.
818 5666 975 5720 Pauli
1005 5663 1181 5732 l)iac.,
1204 5664 1269 5718 de
1297 5665 1446 5716 emta.
1473 5664 1600 5717 Mox
1621 5679 1686 5716 ex
1708 5663 1908 5716 eodem
1947 5664 2054 5717 Ho-

473 5734 480 5787 ἱ
513 5777 524 5788 .
547 5737 940 5788 omnibusuue
963 5737 1178 5788 nostris
1211 5753 1354 5788 mss.
1390 5741 1446 5788 et
1478 5734 1649 5788 editis
1672 5739 1803 5788 ante
1831 5735 2045 5788 Ouesn.

401 5734 524 5790 mi].
547 5737 940 5809 omnibusque
963 5737 1178 5792 nostris
1211 5753 1354 5792 mss.
1390 5741 1446 5792 ct
1478 5734 1649 5791 editis
1672 5739 1803 5790 ante
1831 5735 2045 5800 Qucsn.

2188 621 2410 694 placui,
2461 622 2650 690 ipsum
2693 621 2902 677 audite
2930 621 3118 691 (Ibid.,
3149 622 3226 688 5).
3277 621 3534 679 Praisens
3582 623 3792 696 quidem

2186 716 2307 769 erat
2330 711 2386 766 in
2411 711 2554 766 Filio
2576 711 2762 776 Pater,
2787 715 2842 766 et
2867 711 2924 766 in
2955 709 3058 766 illa
3082 711 3309 766 Domini
3341 710 3614 779 claritate,
3641 730 3794 786 quam

2188 801 2260 857 ad
2288 799 2711 872 discipulorum
2745 803 3100 872 temperaret
3120 803 3444 872 aspectum,
3468 817 3579 856 non
3600 818 3798 873 separa

2188 899 2362 954 batur
2381 898 2452 953 ab
2475 897 2784 971 Unigenito
2807 897 3099 953 Genitoris
3121 897 3373 954 essentia
3396 915 3410 968 ;
3443 899 3542 954 sed
3571 899 3636 954 ad
3667 915 3800 954 com-

2191 987 2583 1044 mendandam
2609 985 3022 1058 proprietatem
3047 986 3354 1058 utriusque
3377 1001 3650 1060 personae,
3674 988 3803 1044 sicut

2190 1086 2341 1143 visui
2363 1085 2436 1151 (h)
2469 1084 2817 1158 significavit
2839 1083 3048 1141 Filium
3073 1083 3351 1157 splendor
3378 1102 3448 1140 ex
3468 1101 3713 1158 corpore,
3734 1086 3802 1142 sic

2194 1175 2417 1230 auditui
2443 1175 2669 1230 Patrem
2692 1191 2798 1230 vox
2828 1173 3119 1230 nuntiavit
3140 1190 3209 1230 ex
3239 1175 3418 1230 nube.
3449 1175 3569 1240 Qua
3595 1191 3718 1232 voce
3735 1193 3808 1232 ac-

2194 1278 2380 1344 cepta,
2413 1270 2684 1343 discipuli
2719 1271 2782 1344 (i)
2812 1271 2969 1343 quod
2999 1269 3058 1326 in
3091 1270 3297 1326 faciem
3329 1271 3657 1328 ceciderunt
3682 1277 3731 1328 et
3753 1274 3811 1328 ti-

2196 1365 2474 1417 muerunt
2491 1360 2678 1426 valde,
2711 1377 2824 1416 non
2848 1361 2919 1416 de
2941 1359 3127 1416 Patris
3146 1364 3400 1428 tantum,
3423 1361 3522 1416 sed
3547 1362 3684 1418 etde
3703 1361 3810 1418 Filii

2196 1452 2500 1521 majestate
2529 1454 2932 1506 tremuerunt:
2992 1449 3182 1504 altiori
3231 1449 3391 1506 enim
3441 1466 3613 1508 sensu
3660 1467 3810 1506 unam

2197 1539 2504 1611 utriusque
2523 1536 2930 1594 intellexerunt
2947 1538 3230 1594 Deitatem
3253 1555 3264 1594 :
3291 1542 3350 1594 et
3367 1539 3506 1610 quia
3527 1539 3582 1594 in
3595 1539 3700 1596 ﬁde
3719 1556 3812 1596 non

2197 1633 2321 1684 erat
2337 1626 2644 1696 haesitatio,
2665 1644 2782 1682 non
2815 1625 2924 1681 fuit
2942 1627 3044 1682 inti
3056 1643 3215 1683 more
3231 1626 3530 1684 discretio.
3555 1630 3611 1701 (j)
3638 1629 3816 1686 Latum

2197 1743 2333 1799 ergo
2360 1725 2504 1781 illud
2531 1729 2586 1780 et
2608 1723 2914 1797 multiplex
2938 1722 3346 1782 testimonium
3379 1725 3511 1794 fuit,
3541 1731 3596 1783 et
3624 1725 3742 1800 plus
3768 1726 3816 1782 in

2195 1817 2504 1872 verborum
2525 1815 2737 1870 virtute
2755 1831 2931 1886 quam
2945 1814 3018 1886 (k)
3035 1814 3094 1870 in
3108 1831 3250 1870 sono
3271 1813 3432 1871 vocis
3453 1815 3706 1871 auditum
3727 1819 3814 1872 est.

2117 1904 2166 1970 B
2197 1904 2430 1960 Dicente
2451 1903 2606 1959 enim
2632 1903 2825 1958 Patre:
2853 1905 2965 1960 llic
2998 1913 3083 1960 est
3112 1902 3294 1960 Filius
3312 1920 3480 1962 meus
3499 1906 3740 1976 dilectus,
3768 1906 3816 1962 in

2197 2010 2307 2066 quo
2337 1993 2483 2048 mihi
2513 1995 2648 2048 bene
2672 1993 3012 2062 eomplacui,
3046 1993 3234 2063 ipsum
3262 1994 3465 2050 audite
3488 2013 3510 2060 ;
3532 2011 3710 2050 nonne
3727 1994 3817 2050 evi-

2197 2084 2402 2138 denter
2431 2081 2696 2137 auditum
2727 2086 2815 2137 est
2839 2100 2852 2138 :
2888 2085 3000 2140 Hic
3029 2092 3110 2139 est
3133 2083 3319 2140 Filius
3347 2099 3534 2150 meus,
3550 2084 3639 2140 cui
3659 2101 3722 2140 ex
3741 2099 3816 2139 me

2197 2178 2254 2228 et
2297 2189 2528 2228 mecum
2560 2186 2708 2237 esse,
2744 2171 2871 2226 sine
2900 2175 3159 2244 tempore
3189 2172 3328 2228 est?
3367 2173 3518 2240 Quia
3545 2189 3644 2230 nec
3671 2173 3816 2230 Geni-

2198 2266 2288 2316 tor
2307 2261 2511 2317 Gcnito
2533 2259 2709 2332 prior,
2737 2277 2839 2316 nec
2863 2260 3106 2316 Genitus
3137 2266 3228 2317 est
3247 2262 3527 2319 Genitore
3548 2262 3816 2336 posterior.

2199 2360 2305 2418 Hic
2332 2365 2415 2416 est
2437 2361 2614 2415 Filius
2647 2374 3004 2430 meus,quem
3036 2377 3070 2415 a
3099 2375 3194 2416 me
3223 2377 3342 2416 non
3366 2365 3603 2433 separat
3628 2359 3815 2426 Deitas,

2196 2467 2311 2505 non
2341 2448 2548 2504 dividit
2563 2451 2838 2520 potestas,
2865 2465 2979 2502 non
2996 2447 3273 2504 discernit
3292 2450 3615 2506 aeternitas.
3637 2449 3734 2506 Hie
3750 2454 3817 2503 est

2193 2539 2385 2596 Filius
2431 2553 2612 2604 meus,
2674 2553 2787 2592 non
2841 2537 3172 2609 adoptivus,
3215 2539 3320 2594 sed
3369 2539 3677 2611 proprius;
3723 2556 3818 2594 non

2194 2627 2431 2683 aliunde
2463 2629 2712 2692 creatus,
2737 2627 2838 2682 sed
2863 2642 2930 2681 ex
2961 2643 3053 2681 me
3083 2625 3351 2698 genitus;
3388 2645 3496 2684 nec
3525 2629 3596 2684 de
3620 2627 3723 2684 alia
3741 2645 3821 2684 na.

2191 2722 2324 2774 tura
2346 2717 2490 2772 mihi
2512 2717 2768 2783 factusa)
2783 2714 3215 2787 comparabilis,
3231 2716 3335 2771 sed
3360 2717 3436 2772 de
3456 2715 3818 2774 meaessentia

2193 2807 2336 2862 mihi
2370 2809 2543 2861 natus
2573 2803 2832 2876 aaqualis.
2865 2805 2964 2861 Hie
2992 2810 3078 2860 est
3108 2805 3295 2861 Filius
3329 2821 3518 2874 meus,
3547 2823 3651 2876 per
3674 2823 3816 2880 quem

2188 2895 2384 2953 omnia
2413 2896 2572 2967 facta
2591 2899 2744 2960 sunt,
2765 2901 2820 2948 et
2832 2893 2953 2948 sine
2973 2909 3079 2966 quo
3091 2894 3316 2963 factum
3338 2905 3425 2952 est
3446 2895 3594 2952 nihil
3605 2897 3816 2965 (laeua,

2188 2986 2261 3055 3):
2294 2984 2435 3057 quia
2461 2982 2661 3039 omnia
2697 2999 2824 3055 quae
2873 2981 3022 3037 facio
3053 2981 3328 3038 similiter
3377 2983 3536 3054 facit,
3579 2989 3633 3040 et
3661 2984 3812 3056 quid-

2189 3073 2328 3146 quid
2353 3069 3150 3146 operor,(m)inseparabiliter
3168 3087 3402 3128 mecum
3426 3078 3602 3148 atque
3621 3072 3814 3129 indiffe-

2188 3167 2382 3219 renter
2411 3165 2704 3234 operatur.
2730 3162 2789 3216 In
2824 3161 2987 3216 Patre
3029 3161 3186 3217 enim
3221 3165 3311 3216 est
3332 3161 3539 3231 Filius,
3572 3167 3627 3220 et
3654 3163 3709 3218 in
3739 3162 3812 3217 Fi-

2190 3251 2266 3308 lio
2293 3253 2456 3308 Pater
2486 3253 2661 3314 (Joan.
2693 3267 2750 3316 x,
2778 3252 2890 3318 38),
2924 3267 3029 3306 nec
3058 3267 3339 3322 umquam
3392 3252 3594 3309 unitas
3639 3256 3816 3310 nostra

2190 3340 2486 3396 dividitur.
2507 3340 2730 3394 Etcum
2750 3338 2902 3394 alius
2923 3355 3029 3411 ego
3053 3338 3163 3395 sim
3197 3339 3298 3412 qui
3329 3342 3536 3414 genui,
3569 3341 3713 3398 alius
3733 3341 3816 3395 ille

2189 3446 2363 3502 quem
2397 3429 2593 3502 genui,
2627 3445 2742 3484 non
2791 3428 2948 3484 aliud
2981 3433 3176 3484 tamen
3206 3429 3278 3484 de
3324 3429 3432 3488 illo
3475 3430 3634 3486 vobis
3680 3428 3814 3502 cogi-

2187 3523 2311 3574 tare
2339 3520 2424 3574 fas
2443 3523 2551 3585 est,
2586 3535 2763 3590 quam
2803 3517 2874 3572 de
2905 3535 2998 3572 me
3028 3517 3244 3573 sentire
3273 3519 3562 3589 possibile
3590 3525 3693 3576 est.
3723 3522 3817 3576 llic

2185 3615 2268 3663 est
2303 3608 2474 3663 Filius
2503 3622 2682 3671 meus,
2706 3606 2805 3678 qui
2835 3623 2965 3662 cam
2986 3623 3165 3678 quam
3184 3621 3418 3663 mecum
3452 3607 3816 3680 habetzequa-

2185 3695 2407 3752 litatcm
2432 3712 2545 3751 non
2568 3695 2776 3768 rapina
2794 3693 3038 3767 appetiit
3071 3696 3302 3768 (Philip.
3331 3713 3394 3762 ιι,
3420 3699 3494 3766 6),
3529 3713 3633 3756 nec
3662 3714 3813 3753 usur-

2183 3785 2416 3858 patione
2447 3784 2856 3858 praesumpsit;
2908 3785 3008 3840 sed
3039 3801 3285 3841 manens
3325 3785 3386 3840 in
3418 3785 3609 3842 forma
3635 3786 3810 3860 gloriae

2183 3891 2346 3942 meas,
2373 3878 2436 3930 ut
2464 3875 2534 3930 ad
2567 3873 2956 3946 reparandum
2987 3889 3176 3946 genus
3201 3873 3532 3932 humanum
3555 3891 3810 3948 exseque-

2181 3968 2344 4019 retur
2363 3979 2674 4020 commune
2698 3962 3031 4030 consilium,
3055 3979 3244 4035 usque
3265 3964 3339 4019 ad
3371 3964 3624 4021 formam
3652 3962 3808 4022 servi-

2180 4051 2295 4108 lem
2327 4052 2630 4108 inclinavit
2658 4051 3200 4108 incommutabilem
3232 4051 3543 4110 Deitatem.

2249 4186 2382 4242 CAP.
2409 4185 2529 4242 VII.
2554 4216 2622 4226 —
2642 4185 2807 4240 Hunc
2837 4200 2994 4256 ergo,
3018 4185 3074 4240 in
3099 4201 3214 4257 quo
3247 4186 3330 4250 (η)
3357 4183 3807 4259 mihiperomnia

2177 4276 2322 4330 197
2365 4275 2512 4330 bene
2542 4271 2970 4345 complaceo,et
2989 4273 3160 4345 cujus
3191 4273 3603 4345 praedicatione
3633 4270 3806 4330 mani-

2175 4364 2376 4431 t'estor,
2407 4365 2578 4435 cujus
2607 4361 2938 4417 humilitate
2961 4359 3268 4429 clariﬁcor,
3293 4362 3698 4420 incunctanter
3714 4378 3802 4418 au-

2175 4451 2292 4508 dite
2316 4469 2330 4508 :
2353 4452 2492 4524 quia
2523 4451 2647 4524 ipse
2676 4455 2764 4506 est
2794 4451 3007 4506 veritas
3035 4454 3092 4506 et
3123 4450 3256 4518 vita,
3309 4452 3434 4524 ipse
3465 4452 3647 4508 virtus
3691 4467 3807 4506 mea

2173 4547 2348 4612 atque
2369 4539 2676 4614 sapientia.
2705 4544 2898 4612 Ipsum
2925 4541 3148 4606 audite,
3181 4557 3358 4613 quem
3378 4540 3528 4614 legis
3549 4540 3805 4615 mysteria

2093 4647 2141 4712 Β
2172 4630 2908 4702 ρπίειιυηῐίανθι-υηι,ῳιοω
2923 4628 3336 4702 prophetarum
3351 4647 3453 4686 ora
3465 4630 3800 4686 cecinerunt.

2169 4723 2364 4788 Ipsum
2376 4718 2702 4791 audite,qui
2729 4717 3015 4790 sanguine
3029 4735 3136 4774 suo
3151 4719 3436 4774 mundum
3452 4716 3802 4791 redimit,qui

2168 4808 2465 4864 diabolum
2495 4807 2658 4881 ligat,
2683 4813 2739 4863 ct
2758 4823 2893 4863 vasa
2917 4808 3044 4880 ejus
3066 4807 3238 4880 rapit,
3263 4807 3361 4880 qui
3387 4809 3608 4881 peccati
3631 4807 3802 4864 chiro-

2168 4952 2564 5024 revocavimus
2594 4967 2792 5024 vocem
2816 4949 3172 5024 dilectusab
3192 4949 3302 5007 hoc
3332 4955 3701 5024 expunctam.

2237 5023 2317 5090 (h)
2350 5021 2667 5095 Unuscod.
2701 5021 2852 5084 Vat.,
2885 5020 3269 5095 signiﬁcabat.

2240 5095 2304 5167 (ἰ)
2328 5093 2464 5167 Cod.
2485 5093 2706 5167 Venet.,
2727 5091 2978 5166 quidem.
3001 5091 3178 5167 Paulo
3200 5096 3332 5167 post
3347 5091 3406 5148 in
3424 5091 3638 5148 Homil.
3663 5091 3800 5147 Pau-

2164 5165 2200 5220 li
2228 5165 2408 5224 Diac..
2432 5166 2504 5220 De
2528 5166 2664 5220 Fifii
2684 5165 2984 5234 majestate
3014 5165 3350 5221 timuerunt.

2238 5239 2300 5309 (j;
2335 5238 2440 5291 Ms.
2479 5237 2702 5303 \’enet.,
2737 5242 2972 5293 Larium.

2235 5303 2315 5381 (Is)
2345 5309 2541 5381 Aliqui
2572 5309 2904 5381 mss.q\q’att.
2930 5307 3208 5364 omittunt
3229 5306 3695 5381 pracposittonc‘m
3720 5303 3794 5359 in.

2233 5377 2299 5444 (ι)
2331 5377 2473 5436 Cod:
2493 5379 2636 5435 Ven.
2668 5379 2831 5436 addit
2851 5389 2965 5446 est;
2993 5383 3049 5434 et
3081 5377 3282 5450 postea
3310 5377 3462 5434 delet
3498 5377 3665 5434 mihi.

2234 5452 2333 5532 (in)
2353 5451 2532 5532 nus
2562 5467 2675 5506 ms.
2707 5450 2864 5532 Vat”
2892 5451 3168 5532 similiter
3197 5465 3439 5532 mecum.

2235 5520 2322 5594 (ιι)
2350 5523 2435 5577 Ita
2475 5539 2607 5582 cum
2654 5523 2930 5578 omnibus
2961 5521 3176 5576 nostris
3209 5538 3353 5577 mss.
3385 5525 3444 5575 et
3472 5520 3647 5575 editis
3675 5520 3795 5573 ante

2161 5594 2350 5672 gaesa
2360 5594 2431 5672 cl_l
2441 5612 2471 5647 u
2480 5611 2535 5672 in
2545 5637 2560 5658 ,
2579 5594 2732 5672 apud
2747 5611 2921 5672 quem
2931 5593 3092 5662 ,mihi
3103 5595 3207 5672 ben
3215 5592 3569 5672 eperomuia
3582 5593 3789 5672 placeo.

2161 5665 2290 5718 Mox
2321 5666 2447 5720 cod.
2480 5661 2968 5732 Venetus,'dcleta
2987 5662 3396 5736 conjunctione
3415 5670 3492 5732 el,
3517 5661 3708 5728 habet,
3739 5661 3796 5714 in

2161 5737 2326 5806 cujus
2351 5737 2791 5806 pradicatione.
