3964 6218
247 342 332 407 317
1723 352 1998 423 SERMO
2038 355 2195 423 LIV.

3542 373 3662 440 318

253 494 365 582 naui
387 485 680 582 nostrum
705 484 937 582 desum
960 576 974 582 _
992 483 1307 582 Christum,
1365 483 1460 546 cui
1505 487 1596 547 est
1632 484 1819 546 honor
1847 490 1904 545 et
1925 480 1988 562 Αζ
2014 493 2164 553 didit
2182 494 2337 556 diem
2360 498 2761 566 :stabilitatem
2793 519 2963 563 suam
3001 508 3158 579 terga
3185 505 3491 582 profundis
3521 522 3665 566 con-

261 569 406 645 gloria
430 571 494 628 in
527 575 769 633 saecula
799 576 1167 636 saeculorum.
1197 580 1404 635 Amen.

724 684 975 741 SERMO
1014 684 1134 740 Lm
1165 686 1279 757 [Αι.
1313 685 1425 757 1.1.]

376 769 444 825 De
466 770 751 828 Passioue
783 775 1009 829 Domini
1026 776 1093 830 II.
1118 775 1347 831 Habitus
1373 776 1517 846 feria
1547 783 1761 849 quarta.

272 857 607 913 Smorsrs.—
628 864 678 915 Ι.
704 864 1126 918 Conversionem
1169 864 1419 931 latronis,
1453 866 1549 934 qui
1584 862 1654 919 ad
1691 879 1907 919 crucem

324 946 478 1008 usque
522 948 678 1000 reus,
712 942 942 1002 repente
993 936 1265 1008 confessor
1324 934 1532 991 Christi
1584 939 1761 1008 factus
1803 944 1903 1000 est,

319 1003 507 1072 gratim
534 1018 676 1074 opus
705 1020 918 1059 esse.—
940 1008 1008 1059 ll.
1035 1003 1227 1061 omnes
1254 1014 1552 1074 creaturas,
1583 1003 1707 1061 eum
1755 1009 1904 1061 testi-

320 1075 560 1127 monium
597 1074 820 1130 Christo
869 1077 928 1130 in
969 1092 1129 1132 cruce
1170 1077 1545 1144 reddiderunt,
1579 1080 1906 1133 sententiam

319 1146 373 1198 in
395 1144 616 1201 Iudaeos
640 1148 962 1216 protulisse.
995 1178 1063 1187 —-
1091 1148 1186 1203 IlI.
1224 1148 1566 1204 Christianos
1595 1149 1906 1205 humilitati

317 1223 366 1270 et
380 1218 674 1291 patientia:
698 1218 910 1291 Christi
927 1221 1227 1291 con/armes
1241 1219 1366 1289 ﬁeri
1383 1219 1575 1276 debere
1590 1237 1712 1289 ;nec
1732 1221 1905 1276 aliam

318 1303 428 1342 esse
454 1289 609 1345 viam
638 1288 712 1343 ad
740 1294 975 1346 aeterna.

318 1392 448 1448 ΟΑΡ.
484 1394 527 1448 Ι.
558 1424 629 1433 --
658 1394 849 1467 Exigit
889 1394 1053 1463 fides,
1105 1394 1494 1463 dilectissimi,
1554 1402 1619 1451 ut
1676 1401 1902 1469 partem

253 1481 537 1537 sermonis
566 1500 746 1555 quam
779 1484 851 1538 de
900 1483 1129 1540 Domini
1174 1484 1452 1541 Passione
1496 1485 1900 1558 promisimus,

253 1570 451 1626 eodem
483 1570 656 1627 nobis
715 1570 1032 1627 auxiliante
1080 1573 1442 1628 reddamus:
1478 1575 1630 1631 202
1677 1575 1737 1630 in
1787 1592 1903 1647 quo

252 1674 357 1714 nos
388 1659 750 1716 orationibus
781 1660 991 1715 vestris
1010 1677 1123 1716 non
1148 1661 1507 1735 ambigimus
1529 1664 1901 1734 adjuvari.Ad

254 1762 560 1804 commune
589 1748 748 1804 enim
801 1748 1053 1820 pertinet
1100 1749 1355 1815 lucrum,
1389 1751 1437 1805 si
1470 1753 1777 1823 potueritis
1809 1769 1903 1809 me

2014 587 2391 645 cussionibus
2449 589 2798 650 labefactata
2853 612 2970 652 non
3021 596 3228 665 tenuit,
3262 602 3317 655 et
3363 601 3663 671 petrarum

2014 676 2287 745 ﬁrmitas,
2350 681 2644 738 confracta
2713 683 3027 752 soliditate,
3106 686 3383 743 dissiluit.
3452 687 3662 743 Velum

2014 766 2239 838 templi,
2273 785 2388 840 quo
2447 770 2708 843 priorum
2761 774 3038 847 mysteria
3068 774 3314 833 ulterius
3353 794 3469 833 non
3499 779 3666 833 erant

2015 854 2439 925 obumbranda,
2473 859 2785 917 discissum
2844 866 2976 931 est;
3034 867 3092 919 et
3147 864 3469 921 multorum
3501 882 3666 922 sanc-

2013 944 2208 998 torum
2267 948 2610 1018 corporibus
2676 950 2961 1015 excitatis,
3023 953 3094 1007 ad
3163 955 3661 1025 praemuniendam

2014 1034 2457 1089 resurrectionis
2490 1035 2685 1105 fidem,
2722 1044 3104 1096 monumenta
3134 1044 3658 1115 patuerunt(Matth.

2012 1136 2186 1186 xxvn,
2218 1122 2389 1178 51-53
2415 1141 2427 1190 ;
2455 1123 2614 1179 Marc.
2647 1143 2740 1193 xv,
2776 1127 2844 1182 38
2880 1145 2893 1195 ;
2924 1129 3053 1183 Luc.
3101 1146 3259 1197 xxxii,
3309 1133 3400 1199 b5,
3449 1133 3561 1202 46).
3597 1135 3661 1188 In

2011 1225 2115 1265 vos
2144 1226 2299 1283 ergo,
2330 1212 2542 1279 Judaei,
2566 1213 2780 1269 coelum
2829 1221 2887 1271 et
2914 1219 3070 1273 terra
3112 1221 3462 1276 sententiam
3504 1220 3660 1287 tulit,

2010 1298 2177 1354 vobis
2208 1299 2293 1355 sol
2325 1303 2391 1369 (e)
2425 1302 2763 1359 servitutem
2804 1321 2975 1360 suam
3027 1305 3301 1379 diemque
3350 1309 3658 1375 subtraxit,
3736 1380 3743 1386 η

2009 1386 2175 1443 vobis
2205 1387 2555 1446 famulatum
2588 1408 2762 1447 suum
2794 1391 3215 1450 elementorum
3246 1395 3479 1453 ordines
3509 1398 3663 1454 208

2013 1475 2397 1549 denegarunt;
2430 1483 2487 1535 et
2515 1481 2818 1537 recedente
2840 1499 2873 1536 a
2899 1480 3127 1555 legibus
3166 1484 3290 1540 suis
3338 1485 3663 1542 ministerio

2012 1566 2309 1633 creaturis,
2339 1572 2533 1623 vestra
2573 1570 2901 1639 obczecatio,
2956 1575 3148 1627 vestra
3194 1577 3283 1629 est
3335 1573 3666 1647 significata

2012 1653 2297 1711 confusio.
2327 1655 2505 1712 Vobis
2550 1656 2705 1712 enim
2740 1657 3072 1714 dicentibus
3106 1678 3120 1716 :
3149 1661 3388 1731 Sanguis
3418 1663 3537 1735 ejus
3576 1679 3666 1719 su-

2006 1759 2110 1813 per
2138 1760 2236 1798 nos
2293 1753 2346 1800 et
2394 1761 2558 1816 super
2584 1747 2729 1817 ﬁlios
2784 1756 2992 1804 nostros
3040 1749 3249 1820 (Matth.
3301 1767 3476 1818 xxvn,
3529 1751 3659 1823 25);

256 1834 465 1891 habere
483 1836 755 1891 devotum
792 1853 805 1890 :
842 1837 981 1909 quia
1010 1842 1213 1893 vestrae
1264 1838 1624 1912 impenditur
1652 1841 1901 1897 aediﬁca-
1932 1857 1983 1924 B
2018 1831 2226 1931 .1119?th
2259 1832 2752 1931 hcquetributum
2801 1838 2909 1904 est,
2941 1839 3009 1891 ut
3036 1838 3195 1931 quod
3223 1838 3404 1931 vestri
3434 1840 3664 1931 generis

256 1921 396 1977 tioni
425 1922 709 1996 quidquid
742 1931 955 1980 nostra;
984 1925 1259 1982 tribuitur
1289 1926 1572 1983 facultati.
1606 1928 1742 1985 Post
1761 1929 1903 1986 illud

259 2028 393 2085 ergo
420 2012 664 2085 impium
694 2012 843 2069 Jula:
893 2014 1420 2089 detestandumque
1463 2020 1902 2087 commercium,

262 2116 373 2173 quo
400 2102 470 2157 ab
495 2118 584 2168 eo,
615 2101 839 2158 Judmis
871 2104 1385 2175 persequentibus,
1422 2106 1629 2161 mundi
1661 2106 1904 2163 Redem-

260 2194 392 2261 ptor
430 2196 517 2247 est
553 2191 828 2258 traditus,
858 2195 990 2261 post
1035 2190 1167 2247 illas
1217 2193 1532 2265 sacrilegas
1580 2193 1902 2264 illusiones,

258 2276 407 2334 inter
425 2297 570 2352 quas
600 2296 792 2352 usque
824 2279 896 2335 ad
922 2279 1116 2336 locum
1140 2298 1323 2353 pmnm
1356 2283 1484 2353 ejus
1516 2286 1905 2341 mansuetudo

258 2368 527 2437 perducta
553 2367 933 2439 est,crucilixi
952 2384 1086 2423 cum
1105 2385 1170 2424 eo
1194 2373 1353 2438 sunt,
1372 2372 1607 2427 statutis
1630 2373 1905 2445 utrinque

259 2455 546 2525 patibulis,
580 2455 841 2511 latrones
880 2457 995 2511 duo
1024 2473 1036 2512 :
1072 2474 1323 2529 quorum
1357 2476 1513 2514 unus
1536 2461 1605 2515 ad
1630 2461 1686 2516 id
1718 2478 1907 2533 usque

256 2545 528 2616 temporis
548 2561 659 2618 par
689 2542 1020 2617 similisque
1051 2546 1328 2616 consorti,
1359 2546 1904 2605 insidiatorviarum

256 2634 310 2687 et
340 2633 505 2689 saluti
536 2634 851 2691 hominum
883 2651 1115 2707 semper
1144 2636 1416 2702 infestus,
1445 2653 1633 2709 usque
1664 2639 1733 2693 ad
1767 2655 1905 2693 cru-

257 2735 379 2775 cem
407 2738 563 2790 reus,
626 2723 695 2776 fit
734 2720 951 2776 Christi
1001 2726 1238 2795 repente
1282 2724 1610 2792 confessor;
1648 2729 1706 2780 et
1753 2724 1907 2781 inter

256 2807 384 2864 illos
411 2810 727 2866 acerrimos
757 2810 1021 2883 corporis
1052 2810 1354 2883 animique
1390 2813 1704 2882 cruciatus,
1757 2830 1906 2886 quos

258 2896 426 2952 simul
456 2902 509 2954 et
527 2897 815 2955 instantia
839 2903 895 2953 et
911 2897 1230 2955 difficultas
1254 2900 1459 2955 mortis
1474 2901 1740 2974 augebat,
1756 2903 1906 2958 mira

258 2988 626 3044 conversione
656 2988 1231 3056 mutatus,lllemenlo,
1267 2988 1622 3061 inquit,mei,
1657 2991 1901 3061 Domine,

257 3073 383 3129 dum
428 3079 639 3132 veneris
688 3078 750 3132 in
803 3093 1031 3147 regnum
1058 3080 1218 3131 tuum
1247 3079 1400 3143 (Luc.
1429 3096 1586 3147 XXlIl,
1620 3080 1729 3151 42).
1767 3081 1905 3146 Quae

255 3160 420 3219 istam
453 3166 626 3222 tidem
659 3164 988 3221 exhortatio
1007 3165 1299 3236 persuasit
1314 3165 1341 3219 ‘?
1360 3182 1491 3238 quae
1507 3167 1773 3223 doctrina
1791 3168 1899 3224 im-

255 3250 562 3326 buil?quis
593 3254 943 3327 praedicator
989 3226 1438 3310 accendit?Non
1482 3255 1705 3311 viderat
1735 3258 1899 3329 prius
1929 3226 1971 3294 Ο

252 3346 376 3397 acta
403 3342 1041 3411 miracula,cessaverat
1061 3349 1202 3398 tunc
1223 3343 1630 3416 languentium
1653 3346 1896 3415 curatio,

251 3443 520 3487 caecorum
544 3430 1237 3498 illuminatio,vivilicatio
1261 3436 1650 3500 mortuorum,
1675 3450 1742 3489 ea
1770 3433 1900 3507 ipsa

251 3533 375 3587 qua:
423 3537 552 3577 mox
587 3526 760 3577 erant
801 3521 1075 3593 gerenda,
1126 3537 1241 3576 non
1293 3521 1654 3589 aderant;et
1698 3526 1894 3579 tamen

250 3609 550 3665 Dominum
574 3610 888 3667 confitetur
907 3614 962 3665 et
982 3613 1398 3683 Regem,quem
1431 3609 1586 3665 videt
1620 3611 1895 3684 supplicii

251 3697 339 3750 sui
368 3714 491 3755 esse
517 3699 967 3771 consortem,(a)
990 3698 1129 3754 Inde
1159 3714 1297 3771 ergo
1328 3698 1626 3755 oriebatur
1652 3699 1761 3757 hoc
1791 3702 1892 3758 do-

250 3800 411 3853 num,
438 3789 589 3844 unde
615 3787 841 3859 accepit
868 3787 1014 3843 fides
1043 3787 1174 3860 ipsa
1217 3804 1600 3861 responsum;
1623 3788 1707 3843 ait
1735 3790 1892 3846 enim

249 3874 301 3928 ei
327 3874 511 3933 Jesus:
536 3878 610 3946 tb)
641 3878 813 3932 Amen
841 3876 960 3932 dico
1004 3875 1293 3943 tibi,hodie
1320 3892 1532 3932 mecum
1570 3877 1679 3932 eris
1706 3879 1763 3932 in
1791 3894 1889 3950 pa-

251 3963 632 4036 rudiso(lbid.,
683 3966 795 4037 43).
828 3965 1066 4020 Excedit
1120 3965 1439 4020 humanam
1497 3964 1890 4023 conditionem

249 4048 355 4107 ista
386 4053 694 4125 promissio
728 4072 741 4121 ;
774 4069 882 4109 nec
911 4057 1031 4108 tam
1083 4053 1153 4108 de
1182 4051 1341 4125 ligno
1391 4052 1583 4108 crucis
1614 4069 1791 4124 quam
1819 4054 1891 4111 de

247 4136 447 4197 throno
474 4142 1101 4215 editurpotestatis.Ab
1118 4140 1220 4197 illa
1244 4140 1553 4197 altitudine
1581 4142 1887 4213 praemium

245 4225 374 4284 ﬁdei
403 4230 591 4300 datur,
622 4230 682 4287 in
734 4248 853 4303 qua
896 4230 1352 4304 chirographum
1394 4228 1663 4285 humanae
1699 4234 1886 4288 trans-

245 4319 551 4388 gressionis
567 4318 839 4376 aboletur
869 4335 883 4373 :
918 4318 1057 4390 quia
1079 4336 1140 4375 se
1163 4335 1197 4373 a
1214 4318 1400 4374 forma
1411 4317 1560 4374 servi
1582 4318 1683 4374 Dei
1701 4318 1888 4377 forma

246 4421 355 4462 non
386 4409 627 4475 dirimit,
657 4410 801 4465 dum
850 4408 1025 4464 etiam
1076 4408 1229 4464 inter
1266 4407 1396 4480 ipsa
1443 4405 1731 4480 supplicia
1760 4426 1887 4481 pro-

243 4496 535 4566 prietatem
564 4499 972 4569 unitatemque
1001 4513 1169 4553 suam
1188 4570 1193 4573 _
1212 4495 1461 4554 servavit
1490 4500 1545 4552 et
1575 4496 1769 4553 Deitas
1793 4497 1882 4554 in-

241 4584 538 4655 violabilis,
568 4592 629 4644 et
658 4591 870 4642 natura
900 4585 1218 4659 passibilis.

306 4676 436 4734 CAP.
468 4677 539 4733 ll.
571 4676 943 4749 ——Adjicitur
962 4675 1035 4730 ad
1071 4674 1574 4731 conﬁrmationem
1618 4674 1741 4746 spei
1773 4692 1881 4732 no-

240 4769 364 4819 utra:
390 4767 566 4823 totius
596 4765 892 4821 attestatio
922 4767 1219 4820 creaturae.
1255 4762 1566 4819 Emittente
1605 4762 1879 4835 spiritum

238 4850 453 4912 Christo
483 4855 686 4912 omnia
706 4853 997 4910 elementa
1013 4851 1603 4919 tremuerunt,densis
1620 4853 1878 4909 tenebris

237 4942 498 5014 splendor
526 4943 674 5001 solis
704 4942 1017 5009 obductus,
1048 4940 1505 4998 extraordinario
1534 4939 1689 4995 nocti
1737 4942 1875 4997 sub-

235 5104 397 5162 Jesum
427 5108 721 5183 Christum
735 5106 946 5183 Filium
976 5112 1152 5183 tuum,
1171 5103 1270 5183 qui
1294 5101 1563 5183 cumyeo
1581 5101 1875 5183 et_Spiritu

235 5186 420 5247 sancto,
452 5183 563 5235 etc.
596 5176 789 5233 Editio
820 5171 1263 5247 Antuerpiensis
1290 5190 1387 5228 an.
1423 5171 1564 5227 1583
1607 5171 1762 5228 idem
1807 5190 1873 5229 ac

234 5245 585 5329 Quesnfllus,
615 5249 730 5329 se_c_l_
745 5263 856 5329 pro
885 5252 998 5329 Deo
1018 5245 1196 5301 liabet
1222 5261 1301 5327 eo.

254 5322 363 5448 ut)
392 5315 587 5378 Prima
615 5315 799 5377 editio
831 5335 847 5374 :
883 5318 1030 5377 Unde
1057 5332 1185 5387 ergo
1214 5316 1497 5371 oriebatur
1522 5315 1621 5371 hoc
1646 5315 1867 5385 donum,

254 5392 255 5397 “
368 5395 590 5448 arserit.
623 5397 737 5448 etc.

247 5391 352 5448 inde
368 5395 590 5459 areepit,
623 5397 737 5448 etc.

292 5465 359 5535 (b)
389 5456 605 5521 Eadem
636 5461 816 5519 editio
859 5460 1085 5533 repetit,
1117 5459 1288 5535 Amen
1309 5473 1489 5535 amen.
1525 5456 1868 5535 Po_s_tea__sub

234 5528 385 5591 linem
414 5535 630 5609 capitis
657 5541 878 5611 seruant
921 5528 1023 5605 pro
1061 5531 1298 5611 seruauit
1344 5528 1531 5611 estin
1569 5528 1869 5610 aliquibus

232 5621 355 5673 mss,
383 5613 439 5663 et
488 5601 623 5675 post
666 5601 1044 5675 unitatemque
1090 5601 1291 5675 primae
1339 5601 1637 5675 editionis
1674 5616 1865 5675 exem-

233 5669 571 5749 plum,coll.3
602 5682 664 5733 et
709 5693 866 5733 unus
891 5669 1070 5733 codex
1090 5669 1425 5729 'Vaticanus
1457 5669 1588 5730 coll.
1614 5672 1646 5727 4
1674 5671 1869 5729 delent

2014 1920 2197 1993 impia
2234 1923 2488 1994 perdidit
2537 1925 2745 1995 portio,
2786 1930 3135 1998 assequatur
3181 1926 3291 1982 hoc
3347 1926 3425 1993 (ἀ)
3473 1927 3663 1985 ﬁdelis

2014 2008 2279 2081 gentium
2306 2009 2628 2082 plenitudo.

2085 2098 2218 2153 CAP.
2256 2098 2350 2154 ΙΙΙ.
2385 2129 2454 2140 -
2499 2100 2615 2155 Nos
2669 2115 2825 2173 ergo,
2886 2099 3263 2171 dilictissimi,
3300 2103 3518 2176 quibus
3551 2105 3663 2161 Do-

2015 2186 2213 2242 minus
2243 2192 2440 2243 noster
2465 2188 2639 2258 Jesus
2669 2188 2938 2245 Christus
2971 2189 3303 2259 crucifixus,
3337 2210 3452 2249 non
3495 2210 3663 2250 scan-

2014 2274 2235 2344 dalum,
2270 2293 2459 2349 neque
2487 2277 2759 2345 stultitia,
2802 2279 2902 2333 sed
2944 2276 3045 2334 Dei
3094 2279 3277 2336 virtus
3322 2280 3540 2354 Deique
3571 2299 3665 2339 sa-

2014 2364 2235 2437 pientia
2263 2369 2352 2421 est
2399 2367 2446 2437 (I
2502 2366 2622 2423 Cor.
2656 2383 2696 2435 ι,
2728 2367 2857 2438 23);
2890 2384 3015 2436 nos,
3076 2367 3341 2440 inquam,
3401 2370 3665 2443 spiritale

2015 2469 2213 2508 semen
2243 2454 2506 2523 Abrahae,
2541 2473 2655 2511 non
2688 2455 2748 2510 in
2797 2455 2957 2528 prole
3000 2458 3298 2514 servitutis
3326 2460 3526 2533 geniti,
3559 2461 3662 2518 sed

2013 2540 2073 2596 in
2108 2542 2329 2598 familia
2357 2543 2642 2600 libertatis
2688 2545 2913 2613 renati;
2949 2561 3051 2616 pro
3101 2546 3318 2618 quibus
3373 2548 3432 2603 in
3482 2565 3661 2605 manu

2015 2630 2141 2685 ferti
2177 2635 2232 2686 et
2261 2631 2499 2687 brachio
2529 2634 2600 2705 (e)
2662 2637 2892 2689 extento
2923 2634 2995 2688 de
3037 2636 3413 2706 oppressione
3453 2637 3662 2710 [Egyp-

2012 2718 2105 2773 tize
2137 2720 2553 2776 dominationis
2604 2720 2849 2788 eductis,
2897 2738 3071 2777 verus
3127 2728 3185 2778 et
3241 2723 3657 2783 immaculatus

2015 2824 2202 2880 agnus
2230 2808 2569 2865 immolatus
2598 2813 2688 2865 est
2715 2808 2979 2865 Christus
3000 2812 3046 2882 (I
3069 2810 3190 2867 Cor.
3209 2829 3262 2879 v,
3286 2812 3373 2883 7);
3407 2813 3659 2886 amplec-

2014 2900 2209 2952 tamur
2237 2896 2510 2953 salutaris
2542 2897 2775 2953 Pascbas
2820 2896 3087 2954 mirabile
3117 2904 3572 2967 sacramentum,
3604 2906 3661 2957 et

2014 2986 2085 3040 ad
2119 2986 2247 3055 ejus
2274 2985 2618 3059 imaginem,
2654 2986 2751 3058 qui
2800 2986 3153 3042 deformitati
3188 2992 3399 3044 nostras
3431 2990 3658 3046 confor-

2014 3074 2128 3129 mis
2174 3075 2361 3130 factus
2413 3078 2520 3137 est.
2586 3074 2994 3130 reformemur.
3053 3075 3364 3148 Erigamur
3412 3079 3483 3134 ad
3522 3095 3658 3135 eum

2013 3162 2111 3235 qui
2147 3162 2443 3236 pulverem
2470 3163 2815 3235 abjectionis
2847 3169 3076 3233 nostrae,
3125 3182 3338 3238 corpus
3376 3167 3507 3222 fecit
3534 3168 3657 3241 glo-

2013 3252 2108 3306 riae
2140 3269 2257 3307 sua:
2293 3270 2305 3319 ;
2341 3255 2397 3308 et
2422 3256 2487 3306 ut
2534 3252 2981 3308 resurrectionis
3011 3252 3139 3324 ejus
3171 3247 3503 3311 mereamur
3529 3273 3659 3313 esse

2010 3345 2329 3409 consortes,
2353 3340 2674 3396 humilitati
2708 3345 2764 3396 et
2788 3341 3082 3413 patientiae
3112 3342 3298 3414 ipsius
3331 3360 3434 3416 per
3461 3345 3660 3401 omnia

2009 3446 2423 3502 congruamus.
2483 3429 2708 3504 Magnis
2767 3430 3021 3486 nominis
3078 3431 3370 3499 militiam,
3429 3450 3657 3508 magna!

2008 3518 2386 3589 professionis
2445 3519 2817 3591 suscepimus
2876 3518 3269 3591 disciplinam.
3330 3522 3655 3581 Sectatores

2006 3605 2217 3661 Christi
2250 3607 2548 3663 discedere
2578 3624 2613 3663 a
2641 3607 2798 3680 regia
2823 3626 2939 3663 non
2964 3607 3098 3663 licet
3128 3608 3237 3674 via,
3272 3610 3373 3666 sed
3404 3610 3650 3685 dignum

2004 3700 2093 3750 est
2123 3695 2542 3767 temporalibus
2575 3712 2690 3751 non
2722 3697 3015 3768 occupari,
3047 3698 3120 3752 ad
3158 3701 3376 3755 aeterna
3414 3702 3653 3758 tenden-

2002 3788 2111 3840 tes.
2146 3784 2212 3840 Et
2240 3784 2378 3857 quia
2404 3784 2656 3857 pretioso
2688 3785 2974 3857 sanguine
3001 3786 3216 3842 Christi
3248 3788 3530 3862 re‘dempti
3552 3807 3650 3846 su-

1974 3888 2156 3941 nmus,
2189 3871 2583 3947 gloriﬁcemus
2612 3876 2664 3929 et
2719 3878 3021 3946 portemus
3066 3874 3250 3930 Deum
3294 3875 3354 3930 in
3410 3893 3650 3949 corpore

2003 3966 2201 4018 nostro
2231 3962 2277 4034 (I
2301 3961 2421 4018 Cor.
2445 3979 2523 4030 vx,
2554 3962 2645 4034 20)
2682 3979 2694 4031 ;
2729 3966 2795 4017 ut
2819 3962 2892 4017 ad
2941 3978 3010 4017 ea
3040 3979 3167 4034 quas
3209 3962 3480 4020 ﬁdelibus
3509 3982 3650 4037 pras-

1998 4055 2203 4123 parata
2226 4055 2365 4106 sunt
2397 4051 2693 4123 pervenire
2720 4066 3067 4117 mereamur,
3100 4051 3170 4123 (f)
3190 4066 3292 4121 per
3333 4050 3646 4111 Dominum

2000 4145 2266 4196 nostrum
2294 4140 2499 4195 Jesum
2531 4138 2851 4205 Christum,
2903 4139 2997 4194 cui
3046 4144 3135 4195 est
3166 4138 3353 4195 honor
3379 4145 3437 4197 et
3463 4141 3648 4215 gloria

1998 4228 2057 4284 in
2086 4228 2299 4284 saecula
2328 4226 2694 4284 saeculorum.
2727 4228 2933 4282 Amen.

2458 4332 2701 4390 SERMO
2742 4332 2861 4388 LIV
2897 4332 3002 4403 [Αἰ.
3037 4333 3176 4406 LII].

2093 4426 2168 4480 De
2194 4424 2454 4479 Passione
2481 4422 2704 4477 Domini
2729 4423 2821 4477 III.
2855 4423 3083 4478 Habitus
3116 4424 3397 4481 Dominico
3426 4425 3538 4483 die.

1993 4516 2291 4572 SYNOPSIS.
2308 4543 2374 4553 -—
2406 4511 2455 4585 Ι.
2483 4511 2671 4566 Crueis
2700 4515 2751 4567 et
2779 4510 3161 4585 redemptionis
3185 4516 3509 4585 mysterium
3536 4534 3638 4573 an-

1910 4593 1957 4657 D
2059 4585 2287 4657 tiquitus
2307 4582 2739 4657 praeﬁguratum,
2774 4582 2910 4638 duas
2940 4582 2992 4638 ia
3024 4582 3493 4657 Chrislo'naturas
3512 4591 3635 4645 exi-

2060 4671 2206 4729 gere.
2234 4686 2302 4695 —
2328 4656 2402 4729 ll.
2436 4656 2743 4729 Dzslinetas
2783 4670 2894 4710 esse
2937 4656 3251 4729 utriusque“
3260 4661 3634 4729 proprietates

2059 4728 2498 4809 voluntariasque
2524 4727 3091 4809 humanmliassiones.
3208 4727 3302 4785 IlI.
3328 4727 3508 4802 Quam
3531 4734 3638 4788 ini-

2058 4797 2254 4872 quede
2286 4797 2521 4872 bonitate
2548 4798 2768 4872 Domini
2792 4797 3007 4872 ili/fidit
3036 4798 3223 4867 Iudas,
3267 4797 3428 4872 quém
3456 4820 3489 4858 a
3515 4819 3632 4859 cor-

2126 4871 2223 4944 _ris_
2233 4872 2283 4944 et
2310 4870 2596 4944 sanguinis
2612 4870 2714 4944 sui
2731 4870 3109 4944 communione
3126 4887 3236 4926 non
3263 4870 3633 4944 ὡραίαν-αι.-

2126 4887 2205 4924 ηδ
2233 4887 2283 4925 ει
2310 4887 2596 4938 sanguinis
2622 4887 2710 4923 sui
2731 4887 3109 4926 communione
3126 4887 3236 4926 non
3263 4887 3633 4944 reputerat.—

2054 4887 2151 4997 f6.
2184 4942 2486 4996 Tristitiam
2513 4943 2566 4995 et
2593 4940 2944 5011 fomidinem
2971 4948 3214 4997 nostram
3260 4945 3570 5002 voluntarie
3597 4963 3633 5001 a

1980 5119 2160 5159 suam.

2052 5174 2122 5246 (e)
2152 5170 2263 5246 AL,
2296 5171 2568 5246 virtutem.
2595 5170 2811 5246 Quasu.

2052 5242 2129 5313 (d)
2158 5244 2355 5297 Prima
2385 5242 2582 5310 editio,
2608 5243 2854 5313 ﬁdelium
2880 5244 3143 5313 gentium.
3177 5243 3319 5301 Mss.
3353 5244 3627 5301 collect.‘

1980 5320 2039 5372 et
2066 5319 2120 5384 5,
2152 5315 2329 5384 ﬁdelis
2357 5314 2667 5383 gentilium.

2050 5382 2123 5459 (e)
2142 5382 2243 5460 _Sic
2272 5401 2341 5440 ex
2364 5382 2482 5460 ms.
2513 5385 2572 5460 S_.
2608 5382 3185 5460 Petri_._Al.,_ea_:celso.
3356 5454 3386 5460 _
3447 5450 3485 5460 σε
3527 5453 3537 5460 _
3584 5449 3595 5460 .

2047 5450 2227 5530 (filia
2273 5454 2711 5530 vetustissimus
2758 5455 2888 5510 Vat.
2921 5456 3080 5509 3835.
3114 5455 3177 5530 In
3210 5470 3319 5530 ms.
3353 5454 3409 5530 S_.
3447 5450 3617 5530 Petri.

1976 5522 2391 5585 Per'Christum
2418 5528 2712 5582 Dominum
2742 5535 3004 5591 nostrum,
3054 5525 3152 5594 qui
3180 5524 3315 5576 vivit
3347 5527 3398 5578 el
3427 5522 3621 5589 regnat

1976 5603 2036 5657 in
2067 5600 2273 5659 swcula
2289 5600 2631 5656 saeculorum.
