3964 6218
467 421 580 484 331

1589 427 1652 488 S.
1699 423 1981 488 LEONIS
2027 419 2275 486 MAGNI
2322 422 2762 488 SERMONES.

3732 423 3831 483 332

473 575 697 631 nosque
719 559 778 614 ἰιι
802 559 968 614 illum
994 559 1187 632 potius
1207 559 1505 630 (a)invitat
1521 559 1813 627 affectum,
1837 564 1899 613 ut
1920 575 2121 614 eorum
2153 563 2208 627 Α
2298 562 2464 617 erant,
2515 560 2758 632 omisisse.
2862 559 2944 607 lll.
2979 558 3243 632 Christum
3284 570 3339 632 eo
3389 558 3603 618 tempore
3643 555 3830 632 corpori"

472 647 722 704 salutem
757 651 1048 722 petamus,
1076 665 1326 722 quorum
1359 649 1578 705 crimen
1615 647 1946 705 horremus.

454 759 464 769 ι
542 737 677 793 CAP.
700 736 769 793 V.
789 769 856 778 -
878 738 1062 795 Tanto
1100 737 1280 812 igitur
1309 738 1492 811 pretio
1515 737 1604 807 (ὃ),
1627 740 1909 808 tantoque
1940 752 2130 792 sacra-

473 829 671 882 mento
691 825 840 883 eruti
864 827 936 883 de
957 831 1244 900 potestate
1264 827 1664 894 tenebrarum,
1687 830 1744 882 et
1773 825 1844 881 ab
1874 826 2128 897 antiquae

474 913 832 988 captivitatis
859 915 1110 972 vinculis
1131 915 1408 986 absoluti,
1432 916 1564 972 date
1590 931 1848 987 operam,
1873 913 2130 970 dilectis-

476 1003 632 1074 simi,
659 1008 726 1060 ut
753 1003 1146 1078 integritatem
1169 1005 1454 1061 mentium
1476 1007 1806 1059 vestrarum
1832 1001 1991 1058 nulla
2008 1002 2132 1057 dia-

475 1092 646 1149 bolus
663 1097 787 1149 arte
807 1098 1161 1166 corrumpat.
1178 1093 1474 1164 Quidquid
1492 1095 1557 1162 (c)
1572 1091 1736 1150 vobis
1757 1094 1960 1148 contra
1975 1090 2132 1146 Chri-

478 1181 733 1238 stianam
765 1181 940 1237 fidem
974 1181 1281 1254 ingeritur,
1308 1179 1595 1253 quidquid
1625 1184 1827 1236 contra
1856 1179 2135 1254 mandata

479 1269 579 1324 Dei
612 1269 910 1336 suadetur,
943 1269 1015 1325 de
1047 1253 1209 1325 illius
1239 1268 1683 1341 deceptionibus
1709 1269 1886 1339 venit,
1901 1253 2002 1340 qui
2032 1284 2135 1323 vos

481 1357 810 1413 innumeris
830 1356 982 1414 dolis
1004 1358 1077 1414 ab
1105 1363 1320 1415 aeterna
1340 1359 1456 1414 vita
1476 1361 1720 1414 conatur
1739 1362 2017 1423 avertere,
2040 1373 2133 1412 ca-

466 1446 702 1520 ptando
713 1447 1000 1518 quasdam
1015 1447 1350 1503 occasiones
1369 1447 1422 1502 in
1434 1447 1464 1500 ti
1475 1447 1724 1502 rmitatis
1742 1447 1776 1501 b
1788 1463 2012 1501 umana-
2035 1461 2137 1517 per

485 1551 632 1608 quas
654 1535 920 1592 incautas
943 1536 1422 1609 negligentesque
1453 1537 1683 1591 animas
1711 1536 1764 1590 in
1786 1536 2028 1606 laqueos
2049 1533 2135 1604 (d)

483 1623 694 1680 iterum
715 1643 833 1678 sum
853 1625 1058 1681 mortis
1078 1625 1556 1681 iuducat.0mues
1575 1643 1710 1696 ergo
1731 1641 1832 1698 per
1851 1639 2062 1694 aquam
2082 1626 2137 1676 ct

481 1713 762 1785 Spiritum
796 1719 1065 1768 sanctum
1101 1714 1306 1782 renati,
1334 1714 1590 1770 ret-olant
1629 1716 1718 1769 cui
1767 1711 2134 1768 renuntiave-

487 1802 698 1869 rint,et
718 1818 835 1874 qua
856 1803 1443 1875 professionejugum
1467 1820 1498 1856 a
1521 1821 1582 1858 se
1614 1803 1926 1874 tyrannicae
1949 1799 2135 1854 domi-

486 1887 737 1948 nationis
759 1893 1150 1948 excusserint:
1173 1909 1276 1948 nec
1297 1893 1354 1946 in
1382 1891 1655 1947 secundis
1679 1892 2137 1963 quisquam,nec

487 1981 543 2038 in
569 1981 845 2047 adversis,
873 1981 943 2036 ad
969 1981 1333 2036 mortiferum
1365 1980 1580 2035 diaboli
1609 1983 1806 2034 currat
1829 1977 2134 2034 auxilium.

487 2071 587 2127 Ille
617 2071 774 2126 enim
806 2071 1054 2126 mendax
1084 2074 1170 2125 est
1201 2070 1272 2124 ab
1307 2068 1469 2124 initio
1505 2071 1678 2138 (Jorm.
1701 2085 1824 2134 νιιι,
1852 2069 1962 2136 44),
1985 2072 2042 2122 et
2079 2068 2138 2121 in

487 2159 612 2218 sola
633 2159 788 2231 viget
829 2163 953 2215 arte
1003 2157 1344 2225 fallendi,ut
1377 2157 1693 2212 humanam
1745 2156 2138 2228 ignorantiam

489 2247 646 2304 falsae
663 2248 996 2318 (e)scicnti:e
1023 2246 1410 2302 ostentatione
1433 2245 1704 2317 decipiat,
1723 2245 1915 2316 sitque
1936 2261 2138 2300 eorum

490 2354 646 2394 nunc
678 2335 974 2410 malignus
1016 2333 1594 2406 impulsor,quorum
1627 2337 1756 2406 post
1790 2334 2023 2388 futurus
2055 2337 2143 2388 est

487 2427 793 2500 improbus
823 2428 1148 2480 accusator.
1173 2423 1320 2478 Anni
1353 2423 1481 2476 vitae
1511 2426 1721 2477 nostrae
1753 2426 1810 2477 et
1843 2423 2138 2477 actionum

485 2513 900 2588 temporalium
923 2513 1234 2586 qualitates
1258 2529 1362 2568 nec
1387 2512 1445 2568 in
1469 2515 1679 2567 natura
1695 2509 2139 2574 elementorum,

489 2621 594 2660 nec
614 2603 672 2660 in
698 2603 1001 2660 stellarum
1027 2601 1350 2668 effectibus,
1375 2601 1472 2657 sed
1505 2600 1562 2655 in
1585 2600 1804 2656 summi
1825 2604 1880 2654 et
1899 2599 2017 2654 veri
2040 2597 2141 2654 Dei

465 2697 775 2768 'potestate
813 2693 1164 2760 consistunt,
1185 2692 1354 2762 cujus
1387 2689 1674 2745 auxilium
1719 2692 1776 2744 et
1820 2687 2143 2744 misericor-

491 2783 650 2838 diam
679 2782 740 2838 in
773 2781 1049 2838 omnibus
1069 2781 1142 2852 (f)
1163 2797 1290 2852 quas
1329 2784 1482 2835 recte
1513 2777 1805 2850 cupimus,
1829 2776 2142 2849 implorare

489 2871 794 2927 debemus.
818 2869 978 2926 Sicut
997 2869 1152 2926 enim
1185 2868 1306 2938 illo,
1327 2868 1484 2940 quod
1533 2865 1706 2936 absit,
1729 2867 1971 2934 offenso,
1996 2863 2142 2921 nihil

490 2964 577 3016 est
597 2959 667 3030 (g)
698 2963 908 3030 praeter
938 2959 1158 3030 ipsum,
1183 2957 1336 3030 quod
1369 2955 1538 3012 nobis
1561 2956 1750 3011 valeat
1802 2953 2140 3026 suffragari;

490 3047 574 3103 ita
604 3047 805 3103 eodem
837 3046 1106 3119 propitio,
1131 3045 1292 3102 nulla
1327 3044 1494 3101 nobis
1536 3045 1763 3101 nocebit
1800 3044 2139 3100 adversitas.

492 3137 762 3206 Quoniam
789 3137 840 3192 si
867 3137 1007 3192 Deus
1033 3152 1134 3208 pro
1162 3135 1336 3201 nobis,
1363 3136 1486 3206 quis
1529 3138 1715 3190 contra
1739 3136 1875 3190 nos?
1902 3135 2000 3204 qui
2027 3133 2144 3204 ﬁlio

489 3241 588 3282 suo
611 3227 838 3298 proprio
868 3241 978 3281 non
1003 3225 1264 3297 pepercit,
1295 3222 1386 3278 sed
1423 3239 1524 3295 pro
1568 3223 1722 3278 nobis
1751 3224 2000 3278 omnibus
2029 3230 2142 3278 tra-

489 3313 631 3370 didit
648 3330 793 3383 eum,
813 3313 1074 3386 quomodo
1093 3328 1204 3368 non
1221 3314 1390 3367 etiam
1409 3328 1533 3366 cum
1555 3313 1650 3367 illo
1673 3313 1860 3368 omnia
1879 3311 2035 3366 nobis
2057 3310 2138 3383 (Ιι)
2169 3299 2213 3367 C

488 3403 711 3459 donabit
735 3403 905 3470 (Rom.
929 3417 1050 3470 νιιι,
1074 3403 1166 3470 31,
1187 3399 1313 3467 32)?
1333 3399 1441 3464 Qui
1467 3400 1605 3456 vivit
1635 3405 1690 3455 et
1722 3404 1927 3472 regnat
1951 3399 2010 3454 in
2043 3416 2143 3456 ste-

490 3490 622 3548 cula
653 3490 1022 3546 saeculorum.
1051 3491 1255 3545 Amen.

837 3607 990 3662 218
1021 3605 1261 3661 SERMO
1294 3603 1464 3660 LVIII
1493 3605 1598 3675 [AL
1633 3604 1793 3676 LVI].

476 3793 482 3800 .
543 3713 608 3784 (ι)
639 3712 714 3768 De
741 3711 998 3768 Passione
1023 3711 1246 3766 Domini
1279 3711 1394 3772 th;
1426 3711 1646 3766 habitus
1673 3711 1762 3766 die
1789 3713 2089 3768 Dominico.

486 3829 735 3882 Smorsxs.
759 3855 818 3864 -—
835 3829 874 3878 Ι.
901 3827 1008 3876 Cur
1031 3826 1082 3874 in
1110 3823 1433 3875 solemnitate
1475 3825 1712 3888 paschali
1751 3827 1864 3889 pati
1907 3826 2141 3877 Christus

549 3899 782 3964 elegerit.
813 3899 956 3948 —ll.
1003 3895 1204 3945 Judeos
1248 3896 1455 3946 crimini
1501 3895 1742 3956 intentos,
1771 3911 1830 3945 ea
1859 3912 1969 3960 quae
2017 3897 2142 3964 legis

561 4024 639 4095 (a)
671 4023 766 4080 Sic
791 4019 1247 4095 antiquissimus
1277 4019 1406 4074 Vat.
1440 4018 1551 4095 Al.,
1583 4024 1756 4075 vocat.

561 4091 638 4168 (b)
671 4095 756 4168 Ita
785 4091 956 4168 idem
971 4093 1101 4148 Vat.
1135 4091 1248 4168 AL,
1279 4095 1457 4168 tanta,
1481 4091 1608 4146 sine
1636 4107 1753 4168 que.

559 4162 637 4294 Σο)
665 4167 746 4222 Ex
775 4167 965 4222 tribus
992 4163 1208 4220 nostris
1233 4163 1556 4235 potioribus
1580 4162 1749 4218 codd.
1776 4164 2143 4235 reposuimus

595 4239 643 4294 is
678 4255 781 4294 nro
805 4239 982 4294 nobis.
1017 4240 1074 4291 et
1104 4234 1277 4294 paulo
1307 4239 1459 4294 post.
1487 4237 1582 4294 aui
1611 4251 1700 4290 vos
1731 4252 1833 4294 pro
1865 4238 1960 4294 oui
1987 4252 2104 4292 nos.

490 4234 643 4296 vobis
678 4255 781 4308 pro
805 4239 982 4304 nobis,
1017 4240 1074 4291 et
1103 4234 1277 4308 paulo
1307 4239 1459 4308 post,
1487 4237 1582 4308 qui
1611 4251 1700 4308 vos
1731 4234 1960 4307 pro’qui
1987 4252 2104 4292 nos.

565 4255 643 4294 ms
719 4255 781 4294 r0
805 4255 982 4304 nouis,
1017 4255 1074 4291 et
1103 4255 1277 4307 patilo
1308 4255 1459 4307 pose,
1487 4255 1577 4308 qui
1611 4255 1700 4290 vos
1731 4255 1833 4307 pro
1865 4255 1957 4307 qui
1987 4255 2104 4292 nos.

565 4255 972 4386 (d)_go_d._B_on_.
1005 4311 1063 4363 et
1092 4305 1281 4379 prima
1313 4305 1510 4386 editio,
1535 4305 1754 4386 tandem
1785 4323 1887 4378 pro
1920 4309 2140 4362 iterum.

493 4378 602 4436 Ms.
621 4378 694 4450 TS.
728 4379 881 4434 Petri
911 4378 1229 4450 utrumque
1259 4378 1668 4450 praetermittit.

565 4449 643 4521 (e)_
667 4450 790 4504 Duo
811 4466 956 4506 mss.
981 4449 1040 4504 S.
1065 4447 1215 4521 Petri
1237 4447 1294 4504 et
1312 4447 1465 4516 Vat.,
1487 4450 1862 4521 conscientiw,
1888 4466 2015 4521 quae
2037 4467 2145 4505 vox

493 4519 746 4644 sumitur
778 4537 880 4592 pro
919 4520 1246 4592 cognitione
1280 4536 1382 4576 seu
1427 4519 1634 4576 notitia
1675 4519 1974 4576 communi
2007 4538 2142 4576 cum

493 4609 528 4644 a
554 4607 646 4644 ns.

493 4607 646 4646 8.1113.

565 4662 642 4742 (Γ),
664 4659 815 4742 Editi
847 4664 919 4742 et
953 4659 1128 4742 aliqui
1187 4661 1376 4728 codd.,
1405 4676 1532 4742 qum
1577 4663 1820 4742 obtinere
1865 4664 2133 4735 cupimus.
2166 4663 2214 4728 D
2245 4661 2492 4742 videtur.

469 4729 678 4803 -Ma'g'is
707 4729 930 4856 placuit
957 4729 1126 4786 lectio
1155 4729 1605 4788 memoratorum
1638 4733 1927 4789 codicum.

564 4803 702 4856 (alA
748 4801 1006 4856 didimus
1061 4809 1259 4856 praeter
1305 4804 1482 4856 insum
1539 4821 1608 4856 ex
1661 4804 1869 4856 iisdem
1909 4822 1927 4856 r

564 4803 636 4927 (93
659 4802 1006 4882 Addidimus
1057 4809 1259 4882 praeter
1305 4804 1482 4874 ipsum
1539 4821 1608 4858 ex
1661 4804 1869 4886 iisdem
1909 4805 2140 4860 duobus

491 4873 594 4957 cod
646 4915 659 4927 .
694 4872 756 4928 In
787 4871 900 4928 alio
930 4871 1057 4926 Vat.
1091 4872 1304 4944 legitur
1326 4883 1548 4944 praeter,
1585 4892 1802 4931 omisso
1835 4893 2139 4949 perperam

467 4961 764 5087 ,φῇςηὲἰο
796 5014 976 5070 nostri
1019 5013 1273 5085 potiores
1321 5014 1547 5070 codices
1596 5021 1654 5070 et
1701 5018 1941 5089 quidam
1976 5017 2135 5074 editi.

489 5084 576 5140 Al.
604 5087 842 5140 donavit.

489 5087 576 5141 Al.
604 5087 842 5142 donavit.
1721 5087 1734 5089 “

559 5158 634 5242 ςί).
657 5157 850 5213 Prima
878 5154 1052 5212 editio
1079 5158 1138 5210 et
1167 5155 1334 5211 codd.
1367 5155 1588 5212 collect.
1613 5159 1666 5224 3,
1689 5159 1762 5213 De
1792 5161 2003 5216 Pascha
2034 5161 2132 5215 Do-

487 5245 652 5285 mini.

560 5302 634 5372 (j)
655 5298 850 5355 Prima
870 5297 1044 5353 editio
1065 5314 1199 5354 cum
1222 5312 1332 5352 ms.
1354 5301 1518 5364 Bon.,
1535 5301 1732 5369 festum
1753 5303 1867 5355 tam
1881 5302 2133 5369 solemne,

471 5379 538 5428 ,ει
569 5371 681 5428 tam
709 5371 980 5427 sublimis.

560 5443 635 5512 (k)
666 5443 761 5500 Sic
791 5459 925 5498 cum
959 5438 1264 5509 Quesnello
1308 5443 1364 5494 et
1413 5438 1604 5512 prima
1649 5439 1899 5498 editione
1951 5443 2136 5500 nostri

488 5513 658 5571 codd.
679 5513 792 5579 AL,
815 5522 1009 5569 tacere.

557 5587 624 5654 (t)
656 5589 741 5642 lta
768 5601 901 5642 cum
926 5585 1129 5641 eodem
1160 5585 1374 5648 Quesn.
1399 5597 1510 5636 ms.
1540 5581 1598 5638 S.
1632 5582 1800 5648 Petri,
1829 5601 1983 5642 unus
2004 5587 2132 5642 Vat.

483 5661 542 5714 et
571 5656 810 5714 Vercell.
832 5658 1059 5714 Castora:
1078 5655 1362 5711 editiones
1390 5669 1526 5709 cum
1557 5655 1979 5713 vetustissimo.
2003 5657 2130 5715 Vat.

485 5733 545 5786 et
569 5727 681 5784 alio
713 5729 841 5785 cod.
876 5727 1100 5785 collect.
1129 5727 1186 5794 5,
1217 5726 1506 5797 abstergat.

556 5799 655 5882 (in)
685 5803 750 5858 1n
781 5800 972 5882 prima
1003 5799 1141 5860 edit.
1175 5803 1232 5860 et
1262 5814 1370 5860 ms.
1400 5795 1678 5870 Vercell.,
1707 5797 1929 5858 eisdem.

2299 632 2347 678 et
2373 631 2642 691 sanguinis
2687 633 3066 678 sacramentum
3113 627 3408 687 condidisse,
3465 641 3558 690 quo
3607 627 3831 675 comitium

2297 699 2362 748 de
2389 703 2552 749 morte
2605 701 2715 763 eius
2743 699 3030 749 habebatur
3057 715 3076 750 :
3103 699 3328 761 eiusdem
3359 699 3412 747 in
3440 697 3618 746 ludam
3645 698 3835 762 benigni.

2301 773 2400 828 tus,
2431 773 2479 818 et
2523 769 2672 818 Juda-
2713 771 3019 833 pervicacia.
3043 799 3100 806 -—
3130 770 3211 820 ιν.
3243 769 3424 818 ludam
3472 783 3664 832 corpore
3711 784 3834 819 cerne

2306 841 2534 904 aflut'sse,
2583 845 2750 890 mente
2792 841 2975 890 sceleri
3017 842 3286 891 intentum.
3322 839 3513 888 Christi
3554 853 3702 887 sermo
3745 846 3834 903 post

2304 925 2516 970 coenam,
2545 911 2712 960 oratio
2759 912 2810 960 in
2845 911 3012 972 horto,
3034 925 3295 960 commune
3321 925 3433 958 cum
3460 909 3601 958 Patre
3627 909 3683 958 de
3707 914 3836 960 morte

2305 996 2400 1031 sua
2445 983 2728 1032 consilium.
2751 1009 2809 1018 -—-
2839 983 2900 1033 V.
2947 981 3142 1031 Christi
3187 982 3416 1031 oratione
3460 983 3508 1030 et
3551 980 3838 1044 trepidatione

2303 1055 2533 1102 nostram
2563 1053 2897 1115 formidinem
2926 1051 3069 1115 pelli.

2314 1141 2450 1196 CAP.
2474 1143 2588 1195 I.—
2603 1143 2730 1196 Scio
2747 1139 3289 1212 quidem,dilectissi
3299 1139 3400 1207 mi,
3417 1137 3672 1211 paschale
3683 1141 3748 1210 (j)
3763 1139 3844 1194 fes-

2241 1235 2368 1286 tum
2393 1235 2512 1286 tam
2535 1230 2809 1286 sublimis
2835 1247 2962 1286 esse
2985 1229 3264 1304 mysterii,
3282 1233 3348 1284 ut
3367 1245 3480 1284 non
3498 1227 3674 1284 solum
3691 1228 3842 1282 humi-

2243 1318 2426 1374 litatis
2450 1336 2590 1374 meze
2612 1318 3028 1374 tenuissimum
3048 1335 3311 1385 sensum,
3329 1318 3431 1374 scd
3455 1316 3620 1372 etiam
3641 1332 3840 1390 magno-

2244 1425 2376 1463 rum
2395 1408 2762 1480 ingeniorum
2776 1413 3010 1480 superet
3022 1407 3499 1464 facultatem.Sed
3519 1423 3626 1461 non
3644 1407 3711 1461 ita
3728 1405 3838 1460 mihi

2246 1497 2424 1552 divini
2449 1498 2640 1569 operis
2662 1498 3087 1552 consideranda
3107 1501 3195 1552 est
3217 1495 3576 1568 magnitudo.
3595 1499 3654 1550 ut
3671 1493 3744 1550 vel
3763 1494 3841 1548 dit-

2247 1587 2445 1650 fidam,
2461 1585 2547 1640 vel
2570 1587 2909 1640 erubescam
2935 1587 3004 1642 de
3033 1586 3312 1642 servitute
3331 1602 3506 1657 quam
3529 1585 3718 1650 debeo;
3737 1601 3840 1639 cum

2247 1677 2677 1727 sacramentum
2704 1671 2914 1727 salutis
2951 1672 3218 1728 humana:
3256 1690 3372 1728 non
3413 1672 3576 1728 liceat
3599 1672 3660 1740 (Ι.)
3682 1672 3840 1738 taceri,

2247 1759 2477 1816 etiamsi
2501 1766 2752 1832 nequeat
2780 1760 3077 1832 explicari.
3096 1760 3527 1817 Auxiliantibus
3547 1765 3722 1817 autem
3742 1777 3845 1815 ora-

2247 1849 2509 1904 tionibus
2550 1849 2778 1914 vestris,
2806 1850 3119 1904 affuturam
3159 1849 3456 1906 credimus
3495 1849 3722 1922 gratiam
3749 1848 3842 1912 Dei,

2168 1931 2214 1996 Β
2247 1955 2374 2009 quae
2399 1937 2800 2010 inspirationis
2827 1955 2943 1993 sua:
2967 1954 3092 1994 rore
3113 1937 3478 1994 sterilitatem
3504 1938 3672 1994 nostri
3693 1938 3844 1993 cordis

2247 2027 2308 2096 (ι)
2340 2031 2703 2098 aspergat,ut
2735 2027 2946 2099 lingua:
2981 2026 3292 2100 pastoralis
3325 2027 3538 2094 officio,
3558 2044 3672 2098 quae
3699 2025 3845 2081 sancti

2248 2117 2444 2188 gregis
2465 2115 2706 2171 auribus
2729 2117 2847 2170 sint
2870 2116 3058 2184 utilia,
3079 2117 3472 2188 proferantur.
3492 2117 3709 2172 Dicente
3725 2115 3844 2171 enim

2250 2206 2794 2260 Dominobonorum
2829 2205 3092 2261 omnium
3127 2205 3441 2278 largitore:
3469 2209 3624 2277 Aperi
3643 2209 3844 2267 ostuum,

2247 2303 2296 2349 et
2311 2311 2407 2362 ego
2423 2293 2726 2365 adimytcbo
2745 2295 2882 2349 illud
2899 2295 3010 2365 (Ps.
3029 2312 3188 2361 Lxxx,
3200 2298 3222 2350 1
3235 2294 3846 2362 t),audemus(m)eidem

2251 2384 2438 2439 verbis
2462 2383 2818 2455 preplicticis
2841 2383 3032 2438 dicere
3053 2401 3065 2438 :
3084 2385 3334 2450 Domine,
3352 2384 3502 2439 labia
3528 2401 3642 2440 mea
3660 2385 3845 2455 aperias,

2249 2481 2299 2527 et
2321 2489 2377 2527 os
2398 2489 2582 2528 meum
2601 2473 2957 2528 annuntiat/it
2988 2472 3204 2527 laudem
3230 2480 3388 2528 tuam
3412 2473 3522 2545 (Ps.
3547 2491 3594 2540 L,
3619 2474 3710 2543 17).
3735 2470 3848 2526 Inci-

2251 2561 2476 2632 pientes
2500 2561 2700 2632 igitur,
2715 2561 3105 2628 dilectissimi,
3127 2561 3524 2634 evangelicam
3542 2563 3607 2616 de
3625 2561 3849 2617 Passione

2251 2650 2482 2706 Domini
2501 2649 2806 2706 historiam
2829 2651 3368 2714 retractare,divino
3393 2650 3746 2724 intelligimus
3763 2650 3851 2704 dis-

2251 2739 2506 2812 positum
2533 2739 2711 2795 fuisse
2735 2737 3000 2806 consilio,
3019 2743 3082 2794 ut
3107 2739 3380 2814 sacrilegi
3396 2740 3710 2796 Judeorum
3733 2738 3852 2812 prin-

2251 2827 2299 2884 ci
2307 2845 2409 2900 pes
2425 2833 2482 2884 et
2499 2828 2575 2882 im
2584 2827 2659 2900 pii
2674 2827 2752 2898 (η.)
2772 2828 3231 2900 sacerdotes,qui
3246 2829 3521 2886 saeviendi
3539 2829 3595 2884 in
3607 2827 3848 2884 Christum

2251 2917 2587 2974 occasiones
2605 2934 2678 2970 sa:
2684 2933 2753 2988 pe
2768 2915 3176 2988 quaesiverunt,
3193 2934 3307 2973 non
3333 2918 3446 2974 nisi
3470 2919 3526 2974 in
3543 2917 3849 2974 solemnitate

2253 3005 2510 3078 paschali
2531 3005 2833 3061 exercendi
2855 3006 3066 3061 furoris
3080 3005 3171 3061 sui
3185 3005 3518 3078 acciperent
3534 3011 3845 3080 potestatem.

2251 3095 2566 3167 Oportebat
2608 3093 2765 3149 enim
2800 3098 2864 3148 ut
2896 3095 3206 3150 manifesto
3249 3094 3634 3169 implerentur
3667 3095 3845 3158 effectu,

2253 3185 2405 3244 219
2424 3183 2490 3252 (ο)
2509 3200 2634 3255 qua:
2655 3183 2751 3238 diu
2777 3183 3010 3238 fuerant
3027 3184 3276 3256 figurato
3295 3187 3588 3257 promissa
3603 3184 3844 3256 mysterio:

2252 3278 2316 3330 ut
2347 3288 2510 3328 ovem
2545 3271 2992 3344 significativam
3021 3273 3144 3329 ovis
3165 3290 3298 3329 vera
3329 3274 3718 3348 removeretol)
3734 3279 3778 3328 et
3802 3276 3848 3325 ut

2252 3379 2370 3418 uno
2399 3360 2729 3433 expleretur
2759 3361 3045 3417 sacrificio
3075 3362 3371 3420 variarum
3408 3363 3716 3421 differentia
3731 3359 3850 3415 victi-

2250 3466 2502 3506 marum.
2527 3449 2673 3504 Nam
2705 3450 2904 3505 omnia
2935 3449 3035 3506 illa
3065 3468 3194 3522 quas
3225 3452 3296 3508 de
3343 3451 3722 3509 immolatione
3746 3448 3846 3522 agni

2248 3539 2529 3596 divinitus
2553 3555 2653 3610 per
2682 3542 2876 3595 Mosen
2912 3539 3142 3596 fuerant
3161 3542 3229 3611 (q)
3252 3540 3845 3612 praestitutaﬁhristum

2249 3627 2754 3702 prophetaverant,
2773 3631 2830 3682 et
2859 3626 3074 3684 Christi
3107 3629 3460 3686 occisionem
3496 3629 3706 3702 proprie
3731 3641 3846 3683 nun-

2248 3718 2552 3773 tiaverant.
2579 3715 2650 3770 Ut
2695 3733 2830 3788 ergo
2871 3717 3091 3772 umbras
3123 3720 3397 3774 cederent
3427 3719 3664 3792 corpori,
3685 3721 3732 3772 et
3755 3730 3846 3769 ces-

2249 3811 2448 3863 sarent
2466 3803 2752 3877 imagines
2775 3805 2884 3861 sub
2907 3807 3217 3878 praesentia
3243 3808 3526 3873 veritatis,
3550 3807 3764 3878 antiqua
3779 3803 3848 3858 of»

2250 3894 2544 3952 servantia
2562 3891 2628 3961 (ν)
2650 3911 2795 3950 novo
2824 3893 3046 3949 tollitur
3073 3901 3463 3965 sacramento,
3489 3897 3669 3952 hostia
3695 3895 3743 3948 in
3771 3892 3846 3945 ho-

2324 4021 2403 4104 (η)
2438 4021 2593 4076 Idem
2616 4017 2854 4073 Vercell.
2881 4018 3008 4074 cod.
3033 4019 3250 4074 omittit
3275 4022 3459 4092 impii,
3483 4025 3538 4076 et
3555 4017 3711 4094 paulo
3730 4017 3846 4089 post,

2250 4109 2358 4148 διιι.
3121 4141 3128 4145 .

2323 4163 2395 4234 (ο)
2428 4161 2890 4232 Antiquissimus
2921 4159 3074 4235 Vat.,
3114 4178 3234 4234 qua:
3281 4163 3379 4218 diu
3425 4162 3718 4235 prophetico
3756 4158 3846 4226 ius.

2249 4240 2376 4290 rant
2403 4234 3082 4306 promissa‘mysterioLut
3111 4250 3261 4288 orem
3291 4234 3582 4306 ﬁguratam
3608 4234 3712 4290 ovis
3753 4241 3850 4282 ινιτιι

2251 4301 2562 4378 νσγηοξνςειζοιἷ
2589 4301 2788 4378 Codex
2807 4301 3210 4378 Vergellensis,
3227 4301 3488 4378 avemque
3517 4322 3615 4378 pro
3637 4307 3845 4378 utarei}.

2250 4380 2324 4432 At
2349 4377 2518 4448 codd.
2549 4373 2803 4448 basilica:
2829 4373 2900 4448 S._
2917 4374 3066 4448 Petri
3087 4365 3222 4431 cum
3257 4365 3535 4434 aliis'nori
3555 4372 3737 4448 paucis
3758 4365 3848 4424 vul-

2251 4453 2469 4520 gatamg
2481 4447 2801 4520 lectionem
2817 4444 3110 4520 exhibent.

2321 4522 2402 4590 (p)
2433 4516 2742 4589 Exemplar
2769 4517 2932 4590 Pauli
2978 4517 3235 4584 Diaconi,
3257 4523 3308 4573 et
3347 4535 3478 4585 uno,
3501 4517 3676 4590 deleta
3701 4508 3848 4590 parti:

2251 4581 2393 4645 cul'a'
2412 4598 2490 4653 ut,
2525 4581 2651 4714 quin
2680 4589 3038 4659 superfluere
3070 4595 3128 4644 et
3158 4581 3230 4645 ad
3261 4581 3541 4646 nauseam
3572 4589 3678 4644 fere
3701 4581 3844 4652 ἱερεῦ

2251 4661 2492 4714 videtur.
2560 4677 2600 4714 n
2659 4658 2787 4712 Vat.
2837 4661 2964 4714 544.
3017 4659 3237 4714 collect.
3269 4663 3325 4714 5.
3357 4661 3526 4714 aliter
3578 4659 3665 4714 hic
3717 4654 3844 4709 locus

2560 4677 2600 4716 n
2659 4654 2787 4712 Vat.
2837 4661 2964 4726 544,
3017 4659 3237 4716 collect.
3269 4663 3325 4726 5,
3357 4661 3526 4717 aliter
3578 4659 3665 4714 hic
3717 4654 3846 4709 locus

2245 4733 2523 4788 effertur:
2556 4740 2607 4786 et
2645 4737 2705 4784 ut
2751 4731 2961 4801 expleto
2997 4733 3268 4802 sacriﬁcio
3314 4735 3594 4788 variarum
3637 4727 3846 4783 victima-

2247 4820 2374 4875 rum
2403 4802 2714 4875 dz'fiei'tnztia
2731 4805 3136 4875 cessaretuﬂiec
3159 4803 3395 4875 quidem
3426 4802 3721 4875 concinunt
3738 4806 3844 4850 cum

2249 4874 2366 4947 illis
2408 4871 2694 4947 sermonis
2722 4872 3043 4947 sequentis
3089 4871 3216 4947 cap.
3250 4877 3284 4928 7
3317 4891 3331 4929 :
3365 4876 3519 4932 Nunc
3561 4874 3712 4928 etiam
3740 4880 3845 4947 rur-

2247 4946 2461 5000 natium
2492 4935 2888 5010 sacriﬁciorum
2933 4935 3194 5002 varietate
3227 4955 3482 5008 cessante,
3516 4957 3684 4999 omnes
3709 4935 3848 5014 iii/l0:

2245 5018 2454 5071 rentius
2505 5016 2813 5089 hostiarum
2895 5031 3009 5070 una
3065 5020 3324 5089 corporis
3365 5028 3416 5072 et
3469 5012 3737 5084 sanguinis
3761 5012 3846 5089 ἰαί

2247 5089 2432 5158 implet
2463 5087 2692 5140 oblatio.
2729 5088 2801 5140 At
2849 5103 2983 5140 cum
3024 5077 3169 5142 mox.
3205 5089 3265 5143 in
3317 5088 3425 5144 hoc
3472 5077 3723 5158 sermone
3761 5077 3840 5158 liful-

2248 5153 2472 5230 beatur,
2497 5167 2768 5230 cessarent
2817 5159 3084 5227 imagines
3129 5161 3229 5214 sub
3273 5159 3570 5230 praesentia
3612 5153 3840 5230 υιζζίιιιιὶει

2247 5223 2553 5303 lectionem
2592 5228 2908 5303 vulgatam,
2933 5223 3069 5300 quae
3109 5223 3466 5303 etuplurium
3495 5232 3552 5303 et
3579 5223 3840 5281 meliorum

2246 5307 2335 5357 est
2359 5299 2652 5374 codicum,
2682 5299 2837 5354 haud
2871 5299 3300 5374 immutandum
3332 5300 3673 5374 putavimus.
3719 5365 3726 5373 ,

2317 5373 2390 5443 (q)
2426 5376 2487 5426 In
2521 5371 2752 5443 duobus
2785 5388 2928 5426 mss.
2961 5372 3020 5426 S.
3053 5373 3226 5440 Petri,
3259 5378 3316 5428 et
3332 5366 3404 5427 in
3435 5366 3842 5443 Vercell.,_in3{{'

2245 5426 2386 5514 tutal.’
2416 5443 2546 5514 Mox
2571 5441 3029 5514 pr0plietaverunt
3055 5426 3553 5500 Detinuntiaoerunt
3580 5441 3634 5494 in
3665 5426 3840 5492 Homil-

2245 5513 2408 5569 Pauli
2444 5512 2609 5584 Diae.
2635 5512 2691 5568 et
2721 5513 2779 5566 in
2812 5512 3003 5584 prima
3030 5514 3303 5570 editione.

2316 5586 2387 5657 (ν)
2422 5583 2647 5658 Placuit
2695 5577 2860 5656 sequi
2916 5585 3397 5658 antiquissimum
3442 5583 3572 5658 Vat.
3603 5577 3690 5635 cui
3731 5585 3845 5658 con;

2242 5647 2465 5729 gruunt
2511 5655 2649 5710 editi
2700 5647 3254 5729 ante‘Qu‘esn‘ellum
3303 5661 3360 5714 et
3403 5654 3656 5729 plerique
3690 5647 3842 5729 ηρςιςῐ

2243 5714 2587 5860 Ξὲῧίοῧῗιαο
2607 5714 2928 5802 praesertim
2949 5727 3006 5787 S.
3031 5728 3206 5788 Petri.
3229 5714 3583 5796 Quesﬁsllus
3595 5735 3718 5783 cum
3734 5714 3843 5772 V61"
