3964 6218
370 396 484 458 335

1486 395 1549 455 S.
1597 387 1874 453 LEONIS
1918 388 2168 453 MAGNI
2215 386 2656 452 SERMONES.

3639 387 3741 448 336

369 530 516 582 enim
547 530 603 582 in
636 526 845 582 Christo
865 529 995 582 Jesu
1028 525 1289 599 baptisati
1319 528 1469 591 estis,
1519 525 1793 579 Christum
1826 524 2011 578 imlui-
2044 529 2090 591 Α
2127 542 2145 576 (
2164 534 2307 577 u'em
2329 523 2606 594 jurliranti
2628 538 2684 576 se
2714 524 2932 593 injuste.
2961 522 3063 590 Qui
3078 527 3301 594 peccata
3316 524 3496 575 nostra
3522 521 3739 592 ipseper-

369 618 461 671 sti.
493 617 612 673 Non
638 624 719 672 est
742 616 977 684 Jmlteus,
1033 632 1206 687 neque
1240 614 1497 676 Graecus;
1527 630 1637 669 non
1670 619 1749 667 est
1804 629 2013 681 servus,

2128 615 2255 668 tulit
2286 614 2346 668 in
2375 628 2599 684 corpore
2619 627 2717 667 suo
2745 628 2910 683 super
2937 613 3175 682 lignum,
3203 618 3265 666 ut
3285 611 3518 682 peccatis
3535 611 3739 675 mortui,

369 721 545 777 neque
573 706 869 767 liber;non
891 713 965 760 est
983 706 1279 771 masculus,
1301 719 1476 775 neque
1493 703 1704 774 femina
1725 700 1801 774 (a)
1821 702 2017 758 Omnes
2117 703 2355 774 justitiae
2386 700 2453 773 (Γ)
2479 703 2725 757 vivamus
2757 702 2804 769 (Ι
2828 703 2977 756 Petr.
3012 705 3077 768 ιῐ,
3107 700 3320 770 21-2ιι).

370 796 519 851 enim
542 811 715 862 unum
742 797 867 850 estis
888 795 945 849 in
980 794 1209 850 Christo.
1243 794 1303 849 Si
1331 796 1509 849 autem
1542 807 1631 847 vos
1654 790 1860 846 Christi
1886 808 1897 845 :
1931 806 2015 845 er-

369 900 435 955 go
467 883 693 938 Abrahae
720 899 904 940 semen
952 884 1097 951 estis,
1132 882 1429 938 secundum
1450 882 1871 954 promissionem
1900 878 2016 933 haec

371 973 522 1029 redes
550 971 748 1046 (Galat.
781 990 862 1039 1n,
894 972 1106 1045 27-29).

440 1062 574 1118 CAP.
607 1062 702 1117 IIl.
733 1092 803 1102 —
831 1061 957 1116 Non
986 1077 1123 1134 ergo
1154 1064 1245 1117 est
1302 1060 1572 1124 dubium,
1627 1056 2015 1123 dilectissimi,

372 1154 643 1206 naturam
675 1150 997 1205 humanam
1031 1150 1090 1204 in
1120 1153 1345 1205 tantam
1369 1147 1789 1204 connexionem
1822 1163 1856 1201 a
1875 1145 2017 1201 Filio

371 1238 472 1294 Dei
503 1254 632 1295 esse
663 1242 1018 1309 susceptam,
1051 1242 1117 1293 ut
1150 1255 1265 1293 non
1324 1235 1516 1293 solum
1549 1236 1606 1291 in
1638 1235 1737 1291 illo
1781 1234 2019 1291 homine

372 1326 475 1398 qui
500 1330 589 1382 est
612 1326 1038 1398 primogenitus
1066 1326 1252 1381 totius
1280 1329 1558 1381 creatura:
1593 1324 1814 1396 (Coloss.
1844 1323 2015 1393 1,18),

372 1416 470 1471 sed
503 1415 679 1471 etiam
711 1414 769 1469 in
801 1414 1074 1471 omnibus
1105 1414 1325 1471 sanctis
1366 1413 1492 1470 suis
1537 1430 1692 1469 unus
1742 1412 2019 1483 idemque

372 1502 451 1559 sit
480 1502 747 1559 Christus
774 1521 787 1571 ;
824 1507 881 1558 et
909 1503 1062 1558 sicut
1092 1520 1125 1559 a
1154 1502 1415 1558 menbris
1447 1505 1641 1573 caput,
1672 1501 1755 1557 ita
1776 1518 1810 1556 a
1831 1501 2020 1572 capite

373 1593 638 1649 membra
670 1591 945 1663 dividi(b)
966 1608 1081 1647 non
1115 1591 1359 1664 possint.
1391 1590 1670 1657 Quamvis
1702 1590 1859 1646 enim
1900 1606 2017 1645 non

372 1682 547 1737 istius
575 1681 703 1736 vita:
736 1681 830 1747 sit,
859 1681 960 1737 sed
981 1686 1227 1748 aiternae,
1253 1685 1316 1736 ut
1335 1680 1412 1736 sit
1431 1680 1584 1736 Deus
1606 1678 1875 1734 omniain
1900 1694 2020 1733 om-

370 1771 545 1825 nibus
574 1769 719 1841 (σον.
751 1787 843 1834 xv,
873 1770 999 1840 28);
1027 1773 1221 1825 tamen
1248 1770 1430 1842 etiam
1465 1769 1637 1824 modo
1669 1766 1875 1839 templi
1903 1764 2017 1832 sui,

370 1859 521 1931 quod
554 1863 644 1914 est
675 1857 949 1964 Ccclesia)
976 1858 1173 1964 (.‘oloss.
1208 1876 1246 1924 1,
1286 1856 1711 1956 18),.indivisus
1727 1854 2021 1909 habitator
2046 1894 2096 1964 Β

369 1952 459 2002 est
487 1946 813 2003 secundum
847 1946 999 2018 quod
1033 1946 1157 2017 ipse
1176 1945 1465 2018 promisit,
1494 1944 1729 2001 dicens:
1761 1947 1893 1999 Ecce
1921 1958 2017 2012 ego

368 2036 645 2091 vobiscum
671 2051 795 2089 sum
833 2035 1082 2090 omnibus
1112 2034 1301 2089 diebus
1330 2049 1500 2104 usque
1529 2033 1600 2088 ad
1650 2048 2017 2089 comsumma-

371 2127 573 2180 tionem
600 2124 792 2179 δίκαιιί
822 2122 1043 2195 (Matth,
1074 2140 1270 2177 xxvm.
1304 2121 1416 2194 20).
1451 2120 1673 2185 Quibus
1704 2120 2017 2193 Apostolus

371 2228 697 2268 consonans
729 2211 846 2266 ait:
882 2213 998 2283 Ipse
1029 2215 1106 2266 est
1135 2219 1295 2282 caput
1351 2212 1591 2283 corporis
1620 2211 1889 2272 Ecclesia,
1922 2211 2021 2282 qui

370 2311 448 2357 est
496 2303 854 2373 principium,
906 2302 1302 2372 primogenitus
1331 2317 1399 2355 ea:
1444 2302 1715 2355 mortuis:
1748 2303 1810 2354 ut
1856 2300 1927 2354 sit
1957 2302 2019 2355 in

367 2391 620 2446 omnibus
651 2392 765 2461 ipse
790 2391 1091 2461 primatum
1123 2392 1336 2455 tene-ns,
1366 2390 1497 2460 quia
1529 2390 1589 2443 in
1634 2389 1752 2459 ipso
1781 2388 2018 2459 cumpla-

368 2481 481 2535 cuit
511 2495 726 2534 omnem
748 2478 1150 2549 plenitudinem
1181 2478 1249 2549 (c)
1280 2478 1548 2545 habitare,
1579 2481 1630 2532 et
1656 2493 1757 2548 per
1783 2493 1908 2534 eum
1936 2492 2018 2531 re-

366 2568 656 2624 conciliari
682 2569 867 2623 omnia
898 2568 958 2621 in
987 2568 1101 2638 ipso
1120 2567 1351 2637 (Coloss.
1389 2584 1429 2635 1,
1465 2568 1684 2622 18-20).

440 2656 592 2715 245
624 2657 758 2713 CAP.
780 2656 870 2711 IV.
896 2687 963 2696 —
988 2657 1169 2711 llisau
1183 2661 1296 2711 tem
1323 2659 1379 2711 et
1406 2654 1538 2711 aliis
1558 2654 1831 2727 pluribus
1852 2654 2016 2711 testi-

368 2744 582 2803 moniis
614 2745 754 2817 quid
786 2744 1123 2801 insinuatur
1139 2744 1411 2799 cordibus
1434 2743 1672 2809 nostris,
1697 2743 1813 2799 nisi
1831 2747 1896 2799 ut
1916 2760 2020 2816 per

369 2834 568 2890 omnia
587 2834 659 2889 ad
683 2832 999 2906 imaginem
1024 2834 1152 2904 ejus
1167 2849 1533 2901 renovemur,
1552 2832 1651 2904 qui
1666 2850 2016 2904 permanens

368 2924 426 2979 in
448 2923 635 2979 forma
658 2924 774 2990 Dei,
799 2921 992 2978 carnis
1026 2922 1245 2993 peccati
1263 2922 1339 2993 (ιί)
1366 2923 1553 2977 forma
1590 2938 1718 2977 esse
1739 2922 2017 2994 dignatus

368 3017 457 3068 est
477 3013 703 3083 (Philip.
741 3029 796 3078 II,
814 3011 909 3084 6)?
931 3011 1147 3068 Omnes
1169 3012 1325 3066 enim
1358 3012 1735 3067 infirmitates
1760 3015 2013 3077 nostras,

370 3117 498 3172 quae
518 3099 840 3156 veniuntde
851 3103 1106 3171 peccato,
1121 3101 1343 3172 absque
1360 3100 1580 3172 peccati
1605 3099 2017 3155 communione

371 3189 723 3262 suscepit,ut
745 3189 917 3244 famis
940 3192 998 3244 et
1019 3189 1370 3257 sitis,somni
1388 3194 1445 3245 et
1466 3188 1856 3258 lassitudinis,
1881 3205 2017 3244 moe-

2197 792 2331 847 CAP.
2364 791 2432 845 V.
2469 822 2536 831 —
2567 790 2730 846 Sicut
2754 807 2890 864 ergo
2913 805 3084 846 nemo
3114 793 3203 845 est
3225 786 3603 855 credentium,
3622 787 3746 843 dile-

2126 879 2395 947 ctissimi,
2430 879 2523 935 cui
2584 880 2740 935 dona
2771 879 3041 952 neganda
3088 879 3207 934 sint
3234 876 3455 950 gratias,
3496 875 3574 930 ita
3598 892 3748 932 nemo

2126 973 2217 1025 est
2243 968 2344 1041 qui
2374 986 2485 1025 non
2518 968 2595 1025 sit
2624 967 2965 1024 Christianas
2996 967 3223 1023 debitor
3253 964 3572 1037 disciplinae
3595 983 3607 1021 :
3629 965 3750 1037 quia

2126 1063 2183 1114 et
2214 1059 2259 1115 si
2288 1062 2511 1114 remota
2540 1062 2629 1113 est
2661 1057 2735 1131 (g)
2770 1057 3026 1129 mystica:
3060 1054 3204 1128 legis
3236 1054 3542 1127 asperitas,
3567 1053 3748 1110 volun-

2125 1147 2283 1202 taria:
2340 1151 2536 1225 tamen
2592 1146 2971 1202 observantiae
3021 1144 3199 1201 crevit
3244 1143 3492 1211 utilitas,
3550 1143 3751 1199 dicente

2126 1235 2482 1308 evangelista
2535 1236 2795 1291 Joanne:
2856 1237 2997 1304 Quia
3028 1236 3118 1290 lex
3148 1250 3244 1307 per
3304 1233 3479 1289 Mosen
3535 1232 3653 1287 data
3680 1237 3751 1288 est

2124 1327 2308 1397 gratia
2337 1333 2518 1381 autem
2545 1328 2595 1380 et
2622 1326 2825 1379 veritas
2850 1341 2953 1397 per
2980 1326 3164 1381 Iesum
3198 1324 3477 1379 Christum
3515 1324 3651 1393 facta
3676 1326 3745 1377 est

2127 1416 2309 1487 (Joan.
2344 1432 2383 1482 1,
2417 1415 2527 1483 17).
2561 1413 2768 1469 Omnia
2789 1416 2946 1470 enim
2980 1430 3106 1486 quae
3134 1412 3463 1469 secundum
3481 1410 3747 1484 legem,si-

2124 1520 2193 1559 ve
2223 1504 2281 1558 in
2313 1502 2757 1558 circumcisione
2801 1501 3014 1569 carnis,
3075 1502 3195 1557 sive
3225 1500 3287 1556 in
3340 1498 3753 1556 diversitatibus

2128 1593 2476 1658 hostiarum,
2490 1590 2680 1647 sivein
2702 1590 2928 1646 sabbati
2945 1591 3317 1667 observantia
3338 1591 3752 1661 praecesserunt,

2128 1680 2425 1737 Christum
2455 1681 2785 1751 testiﬁcata,
2818 1679 3033 1735 Christi
3066 1684 3207 1735 sunt
3227 1678 3479 1754 gratiam
3501 1674 3753 1750 praelocu-

2127 1775 2206 1826 ta.
2239 1772 2309 1825 Et
2338 1770 2462 1842 ipse
2493 1775 2582 1825 est
2612 1769 2748 1825 finis
2779 1768 2925 1842 legis
2958 1770 3131 1841 (Rom.
3165 1786 3221 1835 x,
3253 1769 3330 1837 4),
3364 1784 3478 1823 non
3500 1781 3755 1823 evacuan-

2129 1861 2200 1915 do
2231 1858 2692 1931 signiﬁcationes
2739 1857 2945 1930 ipsius,
2976 1858 3077 1913 sed
3130 1856 3455 1930 implendo.
3512 1854 3615 1919 Qui
3641 1853 3756 1909 licet

2128 1949 2283 2004 idem
2324 1948 2400 2004 sit
2429 1951 2630 2003 auctor
2657 1951 2917 2002 veterum
2950 1946 3049 2019 qui
3082 1944 3490 2015 novorum,(h)
3511 1943 3758 2016 ﬁgurata-

2128 2055 2258 2093 rum
2277 2041 2470 2092 tamen
2486 2035 2943 2109 promissionum
2967 2038 3344 2091 sacramenta
3366 2032 3624 2103 mutavit,
3637 2030 3755 2103 quia

2127 2127 2419 2200 promissa
2450 2125 2723 2198 perfecit;
2744 2129 2800 2180 et
2822 2123 3373 2180 denuntiationibus
3393 2120 3751 2179 cessationem

2129 2215 2430 2288 imposuit,
2455 2214 2735 2287 quoniam
2757 2213 3140 2269 denuntiatus
3166 2212 3426 2269 advenit.
3453 2212 3513 2268 In
3536 2223 3758 2284 princep-

2126 2305 2201 2360 tis
2222 2308 2417 2359 autem
2442 2302 2763 2359 moralibus
2784 2302 2948 2358 nulla
2966 2301 3177 2374 prioris
3201 2288 3565 2357 Tes'tamenti
3587 2299 3757 2354 decre-

2125 2399 2186 2449 ta
2216 2394 2545 2465 reprobate,
2566 2392 2667 2448 sed
2693 2391 3025 2464 evangelico
3051 2390 3399 2463 magisterio
3421 2388 3603 2444 multa
3621 2385 3757 2443 246

2127 2486 2266 2538 sunt
2294 2486 2500 2537 aucta:
2531 2485 2596 2536 ut
2626 2480 2971 2554 perfectiora
3002 2484 3058 2535 et
3090 2478 3383 2535 lucidiora
3414 2479 3604 2534 essent
3631 2476 3755 2531 dan-

2126 2570 2207 2626 tia
2227 2571 2477 2627 salutem
2509 2586 2685 2642 quam
2720 2568 3126 2640 promittentis
3155 2566 3540 2623 Salvatorem.

2197 2665 2329 2716 CAP.
2362 2659 2439 2713 Vl
2448 2704 2460 2715 .
2487 2691 2552 2700 --
2577 2658 2786 2714 Omnia
2817 2658 2997 2731 igitur
3019 2674 3145 2729 quae
3168 2656 3268 2711 Dei
3289 2656 3473 2712 Filius
3494 2655 3562 2711 ad
3584 2669 3754 2710 recon-

2126 2750 2479 2806 ciliationem
2505 2747 2708 2803 mundi
2732 2751 2789 2802 et
2820 2747 2975 2813 fecit,
2993 2750 3048 2801 et
3074 2745 3299 2812 docuit,
3324 2762 3440 2801 non
3463 2744 3522 2800 in
3538 2740 3755 2798 historia

2126 2844 2355 2894 tantum
2389 2836 2816 2911 praeteritarum
2849 2834 3144 2891 actionum
3164 2825 3464 2902 novimus,
3483 2832 3580 2890 sed
3600 2830 3752 2887 etiam

2126 2931 2187 3000 (τ’)
2221 2929 2276 2983 in
2304 2926 2680 2999 praesentium
2704 2942 2947 2997 operum
2965 2924 3175 2979 virtute
3198 2924 3515 2979 sentimus.
3541 2922 3660 2994 Ipse
3680 2922 3755 2974 est

2125 3017 2225 3090 qui
2256 3017 2325 3071 de
2347 3015 2565 3088 Spiritu
2587 3017 2788 3070 sancto
2816 3030 2885 3067 ex
2907 3017 3091 3068 matre
3107 3011 3304 3067 editus
3327 3009 3753 3085 Virgineincon-

2124 3105 2470 3161 taminatam
2504 3102 2822 3159 Ecclesium
2856 3118 3025 3158 suam
3056 3101 3260 3156 eadem
3287 3099 3659 3172 inspiratione
3685 3096 3755 3150 fe-

2127 3196 2363 3260 cundat,
2398 3198 2464 3249 ut
2492 3209 2596 3265 per
2624 3192 3001 3265 baptismatis
3052 3193 3283 3263 partum
3330 3183 3755 3245 innumerabilis

371 3279 521 3336 roris
542 3257 607 3335 ac
627 3278 797 3335 ﬂetus
820 3277 1224 3335 affectionibus
1245 3296 1359 3335 non
1397 3282 1635 3345 careret,
1672 3257 2017 3350 doloresque
2047 3257 2089 3326 ο
2129 3257 2383 3338 ﬁliorum
2417 3257 2518 3337 Dei
2541 3257 2855 3337 multi-tudo
2877 3257 3173 3353 gignatur,
3198 3279 3271 3334 de
3292 3279 3512 3351 quibus
3528 3275 3751 3332 dicitur:

370 3368 722 3427 saevissimos
738 3384 926 3440 usque
948 3369 1019 3424 ad
1044 3368 1247 3425 mortis
1267 3373 1525 3425 extrema
1536 3373 1831 3441 pateretur
1851 3387 1863 3425 :
1880 3368 2019 3441 quia

372 3474 543 3513 nemo
562 3462 758 3529 posset
775 3456 1001 3527 laqueis
1024 3457 1397 3513 mortalitatis
1418 3457 1660 3528 absolvi,
1682 3457 1797 3512 nisi
1815 3457 1932 3526 ille,
1956 3456 2016 3512 in

374 3562 489 3618 quo
501 3545 623 3601 solo
645 3545 928 3600 innocens
955 3550 1081 3600 erat
1102 3546 1173 3618 (e)
1197 3550 1409 3601 natura
1428 3546 1938 3613 omnium,sineret
1956 3562 2018 3602 se

374 3632 623 3689 interﬁci
645 3631 922 3688 manibus
964 3632 1304 3705 impiorum.
1349 3634 1512 3689 Unde
1531 3634 2021 3691 Salvatornoster

373 3722 474 3779 Dei
498 3720 675 3777 Filius
697 3719 987 3777 universis
1008 3721 1066 3776 in
1090 3738 1152 3778 se
1170 3722 1557 3791 credentibus,
1583 3728 2017 3780 sacramentum

373 3810 655 3878 condidit,
687 3814 747 3866 et
774 3809 1106 3883 exemplum
1132 3827 1144 3865 :
1182 3815 1247 3866 ut
1276 3828 1459 3866 unum
1518 3812 2021 3884 apprehenderent

371 3899 1003 3967 renascendo,alterum
1017 3900 1842 3973 sequerenturimitando.Hoc
1860 3901 2016 3956 enim

372 3990 539 4045 docet
552 3989 759 4045 beatus
774 3989 979 4045 Petrus
997 3988 1299 4061 apostolus
1320 3989 1519 4046 dicens
1532 4008 1551 4045 :
1574 3990 1819 4046 Christus
1822 4007 2019 4062 passus

369 4087 449 4136 est
465 4095 568 4150 pro
596 4080 773 4149 nobis,
800 4078 952 4135 vobis
967 4079 1283 4150 relinquens
1302 4080 1699 4151 exemplum,ut
1713 4082 2021 4152 sequamini

368 4169 762 4241 vestigia-ejus.
793 4169 909 4241 Qui
932 4176 1217 4240 peccatum
1247 4184 1358 4225 non
1385 4171 1534 4241 fecit,
1556 4185 1654 4224 nec
1671 4170 1920 4224 inventus
1943 4176 2020 4225 est

369 4257 525 4313 dolus
552 4259 613 4313 in
640 4275 732 4315 ore
759 4258 897 4329 ejus.
929 4260 1043 4329 Qui
1070 4274 1194 4314 cum
1222 4258 1659 4325 malediceretur,
1704 4274 1814 4313 non
1842 4259 2019 4315 mate-

370 4346 622 4409 dicebat;
651 4363 777 4402 cum
791 4351 1092 4419 pateretur,
1125 4364 1237 4403 non
1265 4349 1739 4404 comminabatur:
1774 4347 2022 4404 tradebat

443 4487 523 4558 (ιι)
552 4487 618 4542 In
651 4486 865 4543 Homil.
901 4487 1065 4544 Pauli
1096 4489 1280 4558 Diac.,
1315 4492 1511 4547 Omnes
1539 4495 1687 4548 enim
1716 4507 1807 4547 vos
1845 4508 2022 4547 unum

373 4559 502 4635 estis
533 4559 606 4635 in,
624 4558 835 4635 Christo
863 4561 1007 4635 Iesu,
1043 4566 1105 4615 ut
1134 4561 1190 4615 in
1224 4561 1384 4635 Pauli
1404 4562 1648 4635 epistola
1666 4562 1934 4619 habetur.

445 4628 519 4754 (bq
570 4630 655 4683 Ita
704 4629 1086 4685 cohaerentius
1145 4637 1280 4687 ante

376 4699 541 4773 Pani
574 4699 738 4773 Diae.
759 4699 870 4768 Al.,
902 4717 1013 4755 non
1036 4710 1281 4773 possunt.

446 4772 516 4843 (c)
547 4770 741 4842 Aliqui
767 4787 913 4826 mss.
944 4777 1001 4826 et
1030 4770 1168 4828 editi
1200 4779 1333 4829 ante
1360 4774 1574 4838 Quesn.
1608 4776 1852 4843 addunt,
1880 4776 2025 4833 divi-

371 4843 570 4923 nitatis
592 4857 819 4923 Equam
850 4845 1045 4923 tamen
1076 4860 1273 4923 vocem
1298 4843 1432 4923 licet
1461 4864 1495 4901 a
1515 4847 1815 4923 nonnullis
1846 4847 2027 4923 Patri-

376 4915 488 4968 bus
502 4912 807 4988 additiamL,
824 4912 921 4967 alii
945 4914 1151 4971 Leonis
1173 4916 1340 4988 codd.
1360 4917 1654 4988 ignorant,
1674 4919 1826 4974 sicut
1846 4920 2023 4974 etiam

378 5001 492 5058 non
511 4988 646 5058 tam
678 4983 737 5058 i_n
760 4984 956 5058 Graeco
974 5003 1151 5058 quam
1170 4986 1228 5040 in
1251 4983 1506 5058 antiqua:
1529 4988 1818 5045 versionis
1839 5005 2027 5045 exem-

375 5054 656 5129 plaribus
673 5048 1003 5129 desiderari
1022 5058 1080 5112 P.
1108 5057 1369 5112 Sabatier
1392 5048 1665 5115 ostendit.

448 5127 525 5200 (ἀ)
558 5126 707 5181 Editi
739 5131 872 5201 ante
903 5129 1115 5201 Quesn.
1140 5129 1379 5198 habent,
1402 5131 1582 5201 forma
1601 5131 1763 5201 ﬁeri;
1793 5148 1909 5187 non
1944 5132 2026 5187 ita

375 5198 571 5256 tamen
606 5198 786 5254 nostri
820 5199 1067 5254 codices.

450 5271 521 5343 (c)
554 5269 618 5325 In
649 5269 855 5343 Homil.
892 5270 1052 5326 Pauli
1086 5270 1269 5335 Diac.,
1293 5278 1567 5337 creatura,
1620 5272 1791 5329 male.
1826 5273 2025 5331 Potius

377 5341 790 5416 corrigendum
820 5341 1127 5416 hominum,
1159 5358 1263 5416 pro
1293 5343 1560 5416 omnium,
1593 5347 1657 5416 ut
1678 5344 1736 5397 in
1759 5343 2026 5415 epistolis

381 5416 478 5470 125
508 5412 567 5470 et
596 5414 721 5483 465,
756 5430 806 5470 c.
838 5416 893 5483 5,
923 5412 1189 5480 habetur,
1224 5415 1282 5469 in
1313 5428 1417 5486 quo
1445 5412 1558 5469 solo
1600 5414 1756 5471 homo
1785 5412 1842 5471 se
1872 5416 2023 5472 inve-

376 5488 464 5543 nit
487 5487 852 5543 innocentem.

451 5558 516 5630 (1)
548 5557 611 5613 In
643 5573 756 5614 ms.
788 5555 1028 5614 Vercell.
1060 5561 1117 5613 et
1145 5556 1298 5630 apud
1331 5555 1579 5613 Paulum
1610 5557 1795 5625 Diac.,
1816 5560 2023 5615 vivere-

542 5699 628 5756 Ita
641 5699 987 5774 Quesnellus
999 5718 1133 5759 cum
1148 5700 1272 5759 suis
1286 5700 1602 5774 m_ss.Corb.
1613 5699 2022 5774 ,Vict.Thuan.

382 5770 521 5850 Regi
546 5774 603 5829 et
626 5772 879 5835 editione
909 5774 1065 5836 Surii
1087 5775 1158 5834 ad
1181 5772 1531 5853 marginem.
1556 5770 1642 5835 Ita
1662 5774 1837 5835 etiam
1856 5772 2028 5853 pleri-

570 4630 655 4683 Ita
704 4626 1086 4685 cohaerentius
1145 4626 1625 4690 antecedentibus
1682 4652 1750 4690 ex
1807 4633 2019 4691 Homil.
2053 4626 2099 4691 D

2126 3374 2234 3441 Qui
2252 3387 2359 3426 non
2393 3388 2461 3426 ex
2486 3370 3055 3440 sanguinibus,neque
3087 3369 3154 3440 (j)
3183 3384 3253 3423 ea:
3272 3369 3555 3423 voluntate
3572 3363 3751 3427 carnis,

2124 3478 2298 3533 neque
2326 3478 2396 3517 ea:
2420 3462 2695 3516 voluntate
2714 3461 2844 3525 viri,
2869 3458 2961 3513 sed
2992 3474 3061 3513 ex
3089 3458 3195 3512 Deo
3222 3459 3353 3512 nati
3378 3464 3507 3511 sunt
3536 3455 3697 3526 (Joan.
3717 3465 3752 3513 1,

2128 3552 2237 3622 13).
2270 3551 2400 3623 Ipse
2433 3553 2522 3605 est
2554 3550 2612 3603 in
2672 3564 2788 3620 quo
2820 3563 3020 3603 semen
3060 3544 3306 3601 Abrahe
3359 3544 3542 3599 totius
3572 3535 3755 3597 mundi

2129 3640 2206 3712 (Is)
2240 3638 2549 3711 adoptione
2581 3636 2946 3693 benedicitur
2970 3654 2983 3704 ;
3004 3635 3138 3691 etlit
3164 3633 3498 3707 patriarcha
3519 3628 3755 3705 gentium

2130 3732 2295 3801 pater
2329 3728 2637 3800 (Gen.xx11,
2666 3727 2775 3797 l8),
2799 3726 2940 3781 dum
2968 3723 3383 3797 promissionis
3404 3722 3506 3777 ﬁlii
3535 3719 3639 3775 ﬁde
3659 3730 3757 3769 non

2129 3833 2302 3873 carne
2332 3820 2687 3872 nascuntur.
2721 3815 2850 3887 Ipse
2882 3819 2969 3869 est
3001 3813 3101 3885 qui
3132 3812 3359 3867 nullius
3403 3809 3589 3884 gentis
3617 3819 3758 3860 exce-

2052 3902 2085 3967 ί
2128 3902 2387 3975 ptionem
2420 3903 2661 3969 faciens,
2695 3903 2766 3957 de
2797 3900 2956 3956 omni
2980 3900 3213 3955 natione
3237 3916 3365 3971 qua:
3394 3898 3504 3955 sub
3529 3894 3666 3951 cmlo
3686 3894 3761 3946 est

2128 4009 2312 4047 unum
2346 3996 2683 4048 sanctarum
2716 3990 2909 4046 ovium
2942 3989 3121 4045 efﬁcit
3144 4004 3405 4062 gregem,
3439 3990 3495 4043 et
3522 3980 3755 4058 quotidie

2126 4080 2332 4153 implet
2352 4081 2505 4153 quod
2547 4080 2916 4152 promiserat,
2950 4079 3178 4133 dicens:
3204 4078 3383 4133 Habeo
3404 4085 3455 4134 et
3474 4077 3614 4130 alias
3634 4084 3758 4131 ores.

2131 4188 2247 4243 qua:
2268 4187 2377 4225 non
2404 4177 2533 4226 sunt
2562 4186 2631 4225 ea:
2656 4170 2753 4224 hoc
2772 4170 2925 4236 ovili,
2945 4172 2995 4223 et
3019 4168 3147 4221 illas
3165 4168 3371 4238 oportet
3390 4182 3477 4220 me
3496 4162 3756 4221 adducere,

2129 4262 2181 4314 et
2209 4275 2392 4315 vocem
2419 4274 2599 4314 meam
2628 4257 2888 4321 audient;
2907 4260 2959 4311 et
2978 4256 3038 4327 (Ι)
3064 4257 3169 4311 erit
3223 4271 3370 4309 unus
3399 4270 3533 4323 grex
3556 4258 3602 4307 et
3630 4259 3756 4303 unus

2123 4351 2314 4421 pastor
2369 4348 2545 4419 (Joan.
2577 4364 2633 4415 x,
2688 4348 2794 4417 t6).
2847 4343 3123 4410 Quamvis
3179 4342 3335 4400 enim
3394 4343 3556 4398 beato
3605 4338 3750 4394 Petro

2174 4508 2245 4547 ue
2294 4495 2353 4546 et
2421 4491 2635 4547 otiores
2694 4487 2879 4545 nostri
2938 4487 3107 4544 codd.
3139 4503 3274 4543 cum
3334 4483 3544 4542 Homil.
3606 4474 3749 4536 Pauli

2174 4563 2290 4617 iac.
2328 4506 2439 4617 AR.
2474 4562 2704 4617 iustitiae
2734 4562 2884 4617 (eois.

2183 4563 2290 4618 iac.
2317 4562 2439 4634 AL,
2463 4562 2706 4634 justitia;
2734 4562 2884 4634 legis.

2204 4633 2284 4705 (h)
2314 4633 2379 4689 In
2402 4630 2651 4704 exempl.
2686 4630 2848 4687 Pauli
2873 4630 3371 4707 Diac.,ﬁgurarum
3389 4632 3566 4707 tamen
3588 4630 3755 4707 et???

2132 4697 2463 4783 missionum
2490 4697 2859 4783 sae-ramenta,
2879 4701 3035 4783 quod
3060 4697 3173 4757 non
3196 4697 3581 4783 disciplet.Sic
3602 4697 3756 4783 ειξξξιι

2133 4777 2194 4831 in
2229 4776 2420 4848 prima
2444 4775 2714 4844 editione,
2767 4767 3121 4845 quas-solum
3175 4767 3392 4829 omittit
3420 4767 3757 4839 conjunctio-

2135 4864 2269 4987 τιεᾶ
2300 4855 2423 4972 gub
2450 4917 2619 4972 codd.
2652 4917 2710 4973 S.
2746 4915 2919 4983 Petri,
2952 4917 3013 4970 in
3040 4914 3476 4987 prmsentiarum.

2207 4984 2276 5059 (j)
2311 4989 2373 5043 ln
2407 4988 2617 5043 iisdem
2648 4987 2843 5054 codd.,
2870 5003 2940 5042 ea:
2956 4984 3251 5059 voluptate
3266 4984 3483 5059 carnis.-
3606 5045 3643 5059 μ

2314 5059 2659 5131 Quesnellus
2687 5061 2745 5113 in
2779 5045 3317 5131 marginenotavit:
3347 5045 3757 5131 Alubenedietlio-

2134 5114 2223 5203 ne:
2258 5114 2413 5203 qu~od
2431 5114 2649 5186 nullibi
2671 5114 3012 5201 reperimus.
3050 5128 3182 5183 Mox
3199 5114 3531 5183 benedicitur
3558 5132 3655 5245 εἰτο
3675 5114 3751 5194 Ῑζθ·

2134 5203 2418 5257 nedicetur
2446 5201 2792 5257 scripsimus
2838 5218 2907 5256 ex
2936 5200 3168 5255 duobus
3200 5215 3345 5253 mss.
3375 5195 3524 5257 Vat.,
3604 5180 3749 5243 01ml-

2132 5218 2418 5258 neaicetur
2446 5218 2792 5273 scripmmus
2838 5218 2907 5256 ex
2936 5218 3168 5255 uuoous
3200 5218 3345 5253 mss.
3387 5218 3524 5259 vui...
3558 5218 3749 5245 Πυιωι·

2134 5273 2297 5329 Pauli
2328 5274 2485 5329 Diac.
2519 5273 2793 5345 etprima
2823 5272 3095 5345 editione.
3128 5270 3212 5345 Ita
3241 5268 3413 5345 etiam
3444 5266 3503 5320 in
3533 5269 3754 5345 seqq?!)-

2134 5346 2300 5425 tilzus
2328 5331 2884 5425 ρῖεεεβηιίῖεεπιρρτε
2916 5343 3133 5425 ubique
3161 5340 3395 5425 ιφεὲωιῖν
3443 5331 3745 5425 ηαὲἒίίνέιίτέζς

2133 5396 2839 5487 ὲῇῖὲἷιῖἱνῆῥιὲῖξίιίὲὶὲῖβέ
2864 5396 2981 5487 βψς
2998 5396 3071 5487 sit
3106 5396 3446 5487 νιαρῖῖανειίαν
3483 5399 3652 5487 ,ςυοά
3672 5396 3754 5487 93‘

2136 5476 2197 5569 in
2210 5476 2537 5569 Oouesnello,
2554 5503 2621 5541 ex
2647 5476 3059 5541 caeteris'editis
3079 5476 3135 5539 et
3158 5483 3382 5555 aliquot
3396 5476 3560 5535 cedd.
3578 5482 3755 5528 emen-

2134 5558 2611 5761 dai‘llnlhlsﬁomil.
2641 5625 2808 5711 Pauli
2837 5626 3019 5695 Diac.,
3033 5626 3124 5697 ﬁet
3152 5639 3297 5707 unus
3319 5636 3473 5693 grex.
3496 5612 3609 5676 Cod
3631 5608 3753 5666 Ver-

2136 5717 2199 5760 ce
2225 5700 2263 5759 ι.
2295 5706 2354 5761 et
2383 5715 2575 5761 prima
2603 5699 2800 5761 editio.
2834 5698 2932 5761 ﬁet
2954 5712 3128 5756 unum
3157 5695 3315 5756 ovile.

2136 5695 2263 5761 cell.
2295 5706 2354 5761 et
2382 5700 2575 5777 prima
2603 5698 2800 5771 editio,
2833 5698 2932 5774 ﬁet
2954 5695 3128 5756 unum
3157 5695 3315 5756 ovile.
