3964 6218
57 389 139 450 365
1529 393 1722 457 SERN

1894 395 2042 458 XVI.

3370 397 3521 459 366~

56 522 250 578 serendi
270 523 440 579 enim
467 526 684 581 nostri
707 542 957 581 causam
984 528 1130 583 Deus
1152 525 1259 582 nisi
1281 527 1337 581 in
1362 527 1732 599 sua(a)boni-
1763 531 1819 596 Α
1844 528 1921 599 (Ιι)
1953 527 2359 594 chrismatum,
2378 530 2731 585 consecratio
2752 529 3150 598 sacerdotum;
3183 528 3489 586 nobiscum

51 618 138 667 tate
160 629 276 669 non
297 611 557 682 habuit;
583 619 650 670 et
679 614 1016 670 mirabilior
1034 619 1122 672 est
1143 616 1396 671 secunda
1419 616 1726 672 hominum

52 702 314 774 generatio
339 719 537 775 quam
573 706 794 775 prima
818 703 894 776 (ὁ)
918 704 1171 760 conditio
1198 723 1210 760 :
1236 705 1372 777 quia
1404 704 1536 775 plus
1559 710 1647 760 est
1668 704 1727 759 in

58 791 374 847 novissimis
409 791 675 848 saeculis
712 809 1021 865 reparasse
1053 794 1235 849 Deum
1265 794 1418 865 quod
1456 794 1726 866 perierat,

60 897 208 951 quam
239 898 272 935 a
303 881 629 953 principio
656 882 873 937 fecisse
895 884 1046 953 quod
1073 900 1185 938 non
1208 887 1348 937 erat.
1380 883 1728 937 Libertatem

61 971 228 1042 itaque
252 970 629 1025 innocentiae
652 970 968 1035 naturalis,
985 988 1158 1043 quam
1182 972 1506 1043 primorum
1530 987 1733 1044 paren-

62 1066 160 1113 tum
186 1059 694 1132 prevaricatione
714 1060 1110 1132 perdidimus,
1127 1059 1287 1116 nulla
1305 1077 1407 1133 per
1427 1078 1487 1117 se
1509 1064 1733 1117 sancto-

61 1164 165 1202 rum
193 1148 685 1220 praecedentium
723 1150 934 1226 merita
969 1153 1333 1222 receperunt,
1356 1150 1495 1222 quia
1524 1149 1642 1206 lata
1669 1149 1731 1205 in

63 1241 521 1310 transgressores
544 1238 872 1305 sententia,
891 1255 1123 1295 omnem
1142 1239 1478 1312 progeniem
1496 1238 1732 1312 captivae.

68 1325 406 1396 posteritatis
465 1326 820 1396 obstrinxit,
861 1330 918 1383 et
972 1344 1146 1384 nemo
1199 1328 1419 1383 exstitit
1473 1344 1733 1384 exsorsa

63 1416 448 1483 damnatione,
467 1415 619 1488 quia
653 1414 857 1472 nullus
906 1415 1017 1471 fuit
1044 1415 1193 1473 liber
1244 1434 1278 1471 a
1323 1415 1585 1472 crimine.
1618 1416 1728 1472 Sed

65 1504 377 1576 redemptio
394 1503 734 1560 Salvatoris
756 1505 1065 1561 destruens
1086 1522 1233 1577 opus
1253 1503 1557 1571 diaboli,et
1576 1522 1731 1560 rum-

62 1609 183 1663 pens
202 1591 448 1648 vincula
482 1593 739 1665 peccati,
759 1594 840 1647 ita
870 1610 1094 1667 magnae
1124 1593 1360 1665 pietatis
1388 1610 1509 1649 sua:
1531 1593 1727 1666 dispo-

63 1682 157 1736 suit
186 1687 668 1747 sacramentum,
701 1686 767 1736 ut
812 1698 995 1753 usque
1044 1682 1117 1737 ad
1151 1682 1726 1738 consummationem

65 1770 279 1840 quidem
298 1771 521 1825 mundi
542 1771 836 1842 przeﬁnita
853 1771 1296 1843 generationum
1313 1770 1616 1844 plenitudo
1633 1772 1729 1827 de-

67 1864 322 1921 curreret,
358 1860 467 1916 sed
506 1859 805 1915 renovatio
837 1860 1083 1933 originis
1114 1877 1217 1931 per
1238 1859 1725 1931 justiﬁcationem

70 1947 381 2005 indiscreta;
414 1947 558 2004 ﬁdei
593 1948 664 2003 ad
708 1950 908 2004 omnia
940 1952 1092 2004 retro
1133 1948 1346 2004 saacula
1390 1948 1722 2021 pertineret.

28 2064 29 2079 ι
72 2036 383 2093 lucarnatio
406 2037 633 2110 quippe
653 2037 850 2108 Verbi,
866 2038 1021 2094 256
1043 2042 1099 2093 et
1114 2037 1328 2093 occisio
1351 2055 1418 2092 ac
1440 2053 1725 2092 resurrec-

74 2126 135 2179 tio
153 2125 395 2193 Christi,
419 2127 838 2182 universorum
863 2126 1122 2182 ﬁdelium
1157 2125 1319 2182 salus
1345 2126 1496 2181 facta
1531 2128 1638 2193 est,
1671 2130 1730 2180 et

73 2217 125 2279 {L1
145 2215 390 2288 sanguis
408 2214 595 2272 unius
606 2214 753 2284 justi
774 2214 884 2269 hoc
901 2215 1068 2271 nobis
1085 2214 1448 2287 donavit,qui
1467 2230 1599 2269 cum
1624 2230 1729 2287 pro

81 2303 534 2359 reconciliatione
560 2302 767 2358 mundi
791 2302 1086 2359 credimus
1112 2304 1328 2372 fusum,
1350 2304 1504 2375 quod
1528 2308 1728 2358 contu-

81 2392 130 2445 lit
157 2392 444 2464 patribus,
471 2392 575 2464 qui
610 2391 885 2448 similiter
913 2392 1209 2449 credidere
1238 2393 1626 2448 fundendum.

143 2481 274 2537 CAP.
298 2470 448 2538 ῙΙ.--
474 2480 634 2536 Nihil
654 2497 816 2554 ergo,
841 2480 1229 2549 dilectissimi,
1253 2482 1327 2536 ab
1358 2481 1617 2554 antiquis
1648 2480 1728 2536 si-

88 2570 544 2640 gniﬁcationibus
566 2570 623 2625 in
642 2568 975 2626 Christiana
1002 2570 1283 2642 religione
1305 2570 1600 2625 diversum
1617 2574 1724 2638 est,

90 2676 178 2714 nec
198 2676 458 2731 unquam
486 2676 521 2713 a
552 2658 1018 2731 praecedentibus
1036 2658 1237 2728 justis,
1264 2658 1374 2713 nisi
1399 2658 1454 2712 in
1479 2658 1728 2714 Domino

89 2747 207 2803 Iesu
238 2749 465 2804 Christo
499 2747 742 2804 salvatio
776 2752 1010 2820 sperata
1038 2764 1148 2818 ese,
1188 2747 1730 2820 dispensationibus

93 2838 153 2905 (II;
172 2836 401 2910 quidem
425 2854 531 2909 pro
553 2836 762 2892 divinae
779 2834 1097 2893 voluntatis
1117 2837 1340 2892 ratione
1362 2836 1727 2901 variatis,sed

94 2924 139 2980 in
160 2926 409 2998 idipsum
435 2925 886 2981 coruscantibus
902 2930 957 2980 et
978 2924 1123 2997 legis
1144 2924 1583 2992 testimoniis,et
1603 2941 1730 2996 pro-

95 3014 277 3085 phetia:
297 3014 573 3083 oraculis,
590 3019 646 3071 et
669 3012 1065 3070 oblationibus
1096 3013 1422 3069 hostiarum
1447 3032 1460 3071 :
1486 3012 1624 3086 quia
1644 3013 1728 3069 sic

95 3105 428 3174 congruebat
440 3101 576 3159 illos
594 3101 845 3176 populos
860 3102 1098 3170 erudiri,
1120 3107 1186 3158 ut
1201 3120 1326 3174 quae
1348 3101 1595 3159 revelata
1612 3120 1727 3158 non

94 3198 361 3263 caperent,
383 3192 735 3249 obumbrata
755 3191 1204 3263 susciperent,et
1226 3193 1412 3263 major
1433 3190 1726 3263 Evangelii

1837 616 2062 688 puritas
2089 615 2379 684 sacriﬁcii,
2400 616 2676 689 baptismi
2706 617 2940 684 veritas,
2962 618 3150 675 honor
3173 617 3399 691 templi,
3421 620 3489 674 ut

1838 704 2044 759 merito
2056 704 2342 759 cessarint
2356 705 2884 777 nuntii,postquam
2903 706 3490 772 nuntiatavenerunt;

1839 809 1945 848 nec
1970 797 2253 848 vacuatur
2282 793 2600 848 reverentia
2630 794 3265 866 promissionum,quia
3293 794 3486 868 pleni-

1838 882 1978 937 tudo
2008 881 2319 937 manifesta
2342 886 2431 936 est
2459 882 2803 954 gratiarum.
2823 886 3039 937 Verum
3062 884 3125 956 (ἰ)
3148 883 3307 956 quia,
3333 884 3490 940 sicut

1840 971 1921 1026 ait
1939 970 2251 1042 Apostolus
2277 987 2289 1025 :
2316 970 2539 1025 Caecitas
2558 987 2627 1026 ex
2646 976 2805 1042 parte
2828 974 2888 1027 in
2907 973 3078 1027 Israel
3096 974 3243 1044 facta
3269 976 3366 1040 est,
3387 989 3488 1030 nec

1839 1061 1935 1132 qui
1953 1061 2063 1131 ﬁlii
2086 1061 2289 1126 carnis,
2313 1061 2361 1115 ii
2376 1061 2488 1131 ﬁlii
2509 1064 2638 1115 sunt
2661 1063 3046 1131 promissionis
3074 1062 3246 1133 (ltom.
3270 1080 3346 1133 χι,
3371 1062 3487 1136 25),
3518 1099 3524 1106 -

1839 1148 2151 1204 ineﬁ'abilis
2183 1148 2583 1205 misericordia
2609 1150 2713 1205 Dei
2743 1149 3129 1206 Israeliticum
3160 1150 3272 1207 sibi
3302 1169 3489 1225 popu-

1837 1236 1963 1293 lum
1986 1239 2058 1294 de
2078 1238 2356 1294 omnibus
2380 1237 2717 1295 nationibus
2744 1237 2896 1305 fecit,
2920 1242 2975 1294 et
2996 1255 3168 1296 saxeo
3188 1238 3288 1296 illo
3307 1240 3493 1313 genti-

1840 1326 1986 1382 lium
2010 1328 2074 1399 (j)
2097 1327 2360 1382 cordium
2388 1325 2581 1398 rigore
2609 1326 2858 1394 mollito,
2877 1343 3045 1384 veros
3062 1327 3307 1385 Abrahe
3338 1326 3491 1387 ﬁlios

1839 1417 1911 1472 de
1959 1415 2254 1488 lapidibus
2301 1415 2572 1472 excitavit
2600 1414 2822 1483 (Matth.
2856 1433 2937 1482 Ill,
2966 1416 3149 1488 9):ut
3196 1415 3492 1474 conclusis

1839 1504 2115 1561 omnibus
2152 1504 2264 1558 sub
2316 1508 2554 1576 peccato
2574 1504 2747 1575 (Rom.
2770 1520 2849 1571 x1,
2878 1504 2992 1577 32),
3015 1504 3115 1577 qui
3155 1521 3328 1562 carne
3368 1504 3490 1563 nati

1838 1597 1997 1660 sunt,
2026 1592 2236 1665 spiritu
2268 1596 2669 1663 renascantur,
2695 1609 2799 1648 nec
2828 1592 3058 1649 intersit
3079 1610 3195 1665 quo
3222 1597 3384 1667 patre
3413 1593 3494 1651 sit

1838 1683 2091 1755 quisque
2120 1681 2376 1755 genitus,
2409 1697 2544 1736 cum
2576 1697 2678 1752 per
2707 1679 3086 1737 indiscretam
3109 1681 3185 1754 (lc)
3213 1680 3393 1738 unius
3420 1682 3490 1738 ﬁ-

1838 1771 1931 1827 dei
1963 1769 2388 1826 confessionem
2420 1773 2478 1825 et
2527 1769 2655 1825 fons
2694 1768 3069 1842 baptismatis
3097 1769 3273 1826 faciat
3320 1770 3487 1827 inno-

1837 1863 2055 1927 centes,
2089 1863 2147 1914 et
2177 1857 2382 1913 electio
2411 1857 2742 1929 adoptionis
2772 1858 3080 1915 conﬁrmet
3107 1858 3385 1916 haeredes.

1907 1947 2053 2005 257
2082 1950 2215 2003 CAP.
2243 1946 2338 2001 III.
2357 1978 2425 1986 —
2448 1946 2596 2010 Quid
2629 1945 2784 2001 enim
2819 1945 2977 2003 aliud
3009 1947 3073 2018 (ι)
3103 1948 3223 2020 egit
3249 1943 3486 2021 agitque

1834 2054 1976 2092 crux
1996 2036 2416 2107 Christi,quam
2439 2040 2503 2090 ut
2523 2034 2833 2091 destructis
2855 2034 3200 2105 inimicitiis,
3214 2040 3273 2093 et
3291 2053 3488 2094 recon-

1835 2125 2063 2182 cilietur
2095 2125 2352 2179 mundus
2383 2123 2518 2191 Deo,
2546 2128 2603 2179 et
2632 2140 2735 2195 per
2764 2123 3118 2183 sacriﬁcium
3143 2124 3239 2198 (φη)
3270 2125 3489 2181 immo-

1835 2214 1936 2270 lati
1966 2213 2111 2287 Agni
2142 2230 2336 2270 veram
2369 2213 2428 2268 in
2462 2229 2663 2286 pacem
2708 2216 2918 2269 cuncta
2948 2214 3332 2271 revocentur?
3359 2214 3488 2271 Non

1835 2307 2030 2359 autem
2063 2302 2377 2359 concordat
2398 2301 2534 2371 Deo,
2553 2300 2651 2373 qui
2685 2301 2757 2357 ab
2792 2318 2860 2358 ea
2885 2318 3063 2374 quam
3095 2303 3152 2359 in
3184 2318 3490 2376 regenera-

1839 2393 1991 2447 tione
2022 2408 2130 2447 sua
2160 2390 2340 2446 edidit
2373 2390 2734 2462 professione
2757 2390 3054 2457 dissentit,
3082 2397 3140 2448 et
3169 2391 3348 2449 divini
3379 2392 3490 2451 im-

1836 2497 2062 2537 memor
2092 2479 2268 2552 pacti,
2294 2479 2572 2535 inhaerere
2603 2478 2934 2534 ostenditur
2957 2480 3328 2551 renuntiatis,
3346 2482 3491 2539 dum

1838 2568 2061 2624 resilire
2094 2567 2387 2623 invenitur
2418 2584 2450 2622 a
2480 2568 2739 2623 creditis.
2763 2568 3001 2624 Frustra
3032 2568 3188 2625 enim
3220 2569 3495 2627 Christia-

1837 2674 1980 2713 num
2005 2657 2115 2712 sibi
2139 2672 2348 2711 nomen
2387 2661 2654 2728 usurpat,
2679 2660 2735 2712 et
2763 2672 3137 2729 nequaquam
3163 2657 3409 2717 aestimet
3430 2675 3493 2717 se

1837 2746 2057 2802 Pascha
2098 2744 2323 2801 Domini
2357 2744 2669 2813 celebrare,
2702 2745 2804 2816 qui
2848 2745 3051 2802 Jesum
3082 2745 3379 2803 Christum
3428 2747 3489 2803 in

1837 2851 1906 2891 ea
1926 2852 2042 2907 qua
2064 2838 2256 2901 natus,
2272 2837 2328 2888 et
2358 2849 2589 2905 passus,
2617 2836 2674 2888 et
2704 2837 2992 2904 mortuus,
3015 2850 3095 2913 ac_
3110 2834 3375 2906 sepultus
3397 2840 3489 2893 est

1837 2941 2029 2990 carne,
2054 2922 2439 2978 resurrexisse
2479 2938 2592 2976 non
2623 2921 2825 2990 credit,
2845 2926 2902 2977 et
2924 2922 3001 2994 (η)
3023 2927 3232 2980 nostras
3275 2922 3336 2979 in
3380 2923 3483 2981 illo

1837 3020 2056 3069 naturaa
2074 3011 2450 3067 resuscitatus
2464 3010 2754 3082 primitias
2770 3027 2885 3066 non
2904 3011 3329 3072 fatetur.Verus
3344 3013 3485 3088 itaq.

1834 3107 2138 3159 venerator
2159 3100 2468 3156 Dominicae
2493 3099 2782 3171 passionis
2805 3099 2890 3156 sic
2915 3100 3258 3159 cruciﬁxum
3281 3104 3486 3161 Jeeum

1836 3190 2021 3247 oculis
2052 3189 2243 3245 cordis
2274 3187 2539 3261 aspiciat,
2572 3192 2638 3244 ut
2678 3187 2837 3243 illius
2882 3205 3117 3245 carnem
3156 3207 3327 3247 suam
3357 3207 3487 3250 esse

94 3286 227 3336 esset
255 3280 593 3347 auctoritas,
619 3280 713 3335 cui
746 3284 833 3336 tot
862 3281 1049 3354 signis
1077 3284 1276 3352 totque
1302 3282 1379 3351 (ε)
1410 3279 1725 3353 mysteriis,
1758 3266 1800 3332 C
1839 3282 2168 3353 cognoscat.
2192 3278 2610 3333 Contremiscat
2639 3276 2699 3332 in
2723 3277 3127 3352 Redemptoris
3150 3279 3240 3335 sui
3271 3280 3490 3354 suppli-

91 3370 278 3425 veteris
298 3368 661 3425 Testamenti
694 3367 924 3442 pagina
953 3368 1378 3437 deservissent;
1412 3370 1484 3424 de
1515 3368 1732 3441 quibus

92 3456 356 3513 Dominus
389 3458 795 3530 proﬁtebatur,
813 3457 968 3529 quod
1001 3475 1119 3515 non
1145 3462 1382 3517 venerat
1408 3457 1594 3531 legem
1618 3457 1730 3514 sol-

91 3561 222 3613 vere,
246 3548 346 3603 sed
380 3546 702 3620 adimplere
722 3546 1002 3618 (Μαίων,
1026 3549 1132 3618 17).
1154 3547 1327 3619 (lee
1356 3547 1555 3620 itaque
1584 3546 1734 3603 msti-

90 3639 191 3687 met
214 3633 321 3688 sibi
346 3634 624 3705 prodesse
643 3633 907 3702 Judaeus,
925 3635 1081 3706 quod
1110 3633 1169 3689 in
1201 3634 1402 3690 litterae
1424 3633 1736 3691 carnaliter

90 3723 383 3792 superﬁcie
410 3723 773 3788 demoratur,
802 3727 860 3777 et
898 3722 971 3777 iis
1023 3722 1341 3795 Scripturis
1370 3722 1736 3779 convincitur

89 3826 557 3883 repugnare,quae
591 3811 748 3883 apud
778 3827 886 3866 nos
918 3827 1113 3865 veram
1149 3811 1239 3867 sui
1263 3813 1527 3868 obtinent
1547 3812 1735 3885 digni-

88 3900 423 3963 tatem,dum
443 3903 500 3954 et
525 3897 826 3955 credimur
847 3900 1231 3970 praedictis,et
1251 3899 1512 3955 ditamur
1531 3900 1737 3972 imple-

90 3986 173 4040 tis.
196 3989 426 4043 Dicente
444 3987 601 4044 enim
626 3988 877 4043 Domino
902 4006 915 4042 :
942 3988 1077 4043 Cum
1113 3989 1388 4044 excitatus
1404 3990 1586 4060 fuero,
1618 4006 1731 4045 om-
1756 3982 1773 3991 ’

90 4077 173 4129 nia
199 4077 413 4131 traham
432 4076 502 4131 ad
529 4093 616 4132 me
638 4078 817 4147 (Joan.
839 4094 938 4143 xu,
958 4078 1070 4145 32),
1094 4076 1238 4132 nihil
1261 4076 1534 4149 legalium
1558 4083 1632 4150 (g)
1652 4079 1736 4134 in-

94 4164 471 4235 stitutionum,
486 4165 634 4221 nihil
658 4164 1132 4237 propheticarum
1154 4166 1369 4222 resedit
1386 4167 1730 4239 ﬁgurarum,

94 4252 235 4321 quod
253 4270 370 4309 non
391 4260 579 4310 totum
601 4255 665 4309 in
683 4253 898 4310 Christi
918 4258 1283 4310 sacramenta
1300 4256 1733 4311 transicrit.No-

94 4339 308 4397 hiscum
331 4349 419 4399 est
438 4342 815 4417 signaculum
838 4342 1326 4415 circumcisionis,
1349 4344 1731 4401 sanctiﬁcatio

158 4466 231 4539 ia)
262 4466 369 4539 Ms.
398 4467 523 4524 Vat.
559 4467 787 4524 collect.
818 4469 874 4533 5,
902 4470 1126 4539 pietate.

160 4536 235 4604 (ὁ)
260 4538 321 4612 _ld
351 4544 435 4594 est
462 4543 694 4607 erectio,
729 4543 794 4612 ut
822 4536 1302 4612 exsequentibus
1336 4539 1535 4612 liquet.

166 4610 229 4675 te)
260 4608 344 4663 ita
371 4617 709 4685 corruptum
743 4610 899 4685 hunc
928 4608 1591 4685 locuuiemendavimus
1622 4631 1729 4685 ope

106 4674 330 4754 duorum
362 4674 608 4754 codde.
634 4682 793 4754 Petri
818 4686 876 4737 et
904 4682 1080 4737 unius
1114 4683 1248 4737 Bon.
1284 4683 1344 4738 In
1390 4683 1580 4754 prima
1608 4674 1726 4740 edi-

108 4751 243 4827 tione
267 4754 321 4827 et
348 4754 497 4827 apud
522 4751 927 4827 Quesnellum,
951 4755 1175 4824 sanguis
1205 4755 1371 4827 unius
1388 4751 1550 4822 Iusti,
1575 4773 1735 4827 quem

114 4820 245 4896 nobis
262 4820 420 4878 Pale'r
445 4825 687 4889 donavit,
702 4825 801 4896 qui
818 4820 941 4879 eum
958 4820 1520 4896 pro'reconcitiatione
1537 4820 1738 4884 Μωρᾱί

392 4889 732 4970 fusum,__hoc
777 4889 1009 4970 contulit
1049 4896 1322 4970 patribus,
1347 4901 1454 4951 etc.
1492 4899 1553 4952 ln
1584 4899 1733 4970 aliis

121 4959 448 5049 editionib'u's.
464 4959 760 5049 similiter,
789 4967 899 5021 hac
928 4959 1410 5039 una-exceptione
1442 4969 1596 5040 quod
1631 4988 1734 5042 pro

127 5038 198 5097 ίῖιτ
222 5050 331 5089 eum
360 5038 571 5093 habent
601 5039 734 5111 quia
770 5054 916 5092 eum.
1220 5038 1231 5039 “
1462 5038 1477 5040 “
1631 5038 1650 5042 ’

132 5102 677 5191 Λέξῷῂευρρξθνὶᾳωδ
707 5109 927 5191 quidem
953 5125 1023 5164 ex
1047 5109 1277 5164 duobus
1304 5127 1448 5165 mss.
1474 5111 1531 5166 S.
1560 5112 1733 5183 Petri,

130 5168 367 5253 θιὶρΒρῃξ
386 5168 451 5253 et
480 5182 676 5253 prima
704 5168 978 5253 editione.

86 5266 93 5327 χ
184 5248 241 5327 ξς)
268 5247 401 5327 ξάῇῑῇ
434 5247 570 5308 ante
601 5252 820 5327 Queen.
854 5251 1097 5327 addunt,
1130 5252 1417 5327 miraculis
1446 5256 1626 5323 atque.

88 5318 97 5381 '.
186 5318 244 5385 if}
265 5318 497 5382 Quidam
531 5323 706 5378 codd.
731 5326 790 5377 et
818 5321 1108 5379 editiones
1137 5322 1443 5387 Quesncllo
1485 5318 1735 5379 anterio-

92 5406 97 5417 '
130 5393 335 5469 ﬁfﬂon
362 5396 659 5469 adiicient.
683 5392 838 5462 Mox,
883 5394 980 5465 qui
1008 5394 1066 5448 in
1096 5394 1292 5449 litterae
1323 5393 1500 5450 habet
1548 5395 1739 5467 prima

94 5482 99 5555 l
130 5456 414 5555 “times
432 5466 576 5555 εοάς
596 5467 757 5555 ,ξξίξξις

157 5528 247 5609 φ)
268 5534 483 5591 Eaedem
545 5536 1049 5609 editionesucumg
1077 5552 1219 5591 mss.
1263 5535 1485 5592 collect.
1517 5537 1550 5590 3
1579 5542 1635 5592 et
1680 5539 1737 5609 5,

151 5604 530 5675 “drachmum;
561 5607 737 5663 codd.
771 5604 993 5661 collect.
1026 5606 1078 5674 4,
1109 5608 1573 5667 constitutionum.

188 5673 248 5744 μα)
273 5677 328 5735 In
360 5673 571 5737 iisdem
602 5676 966 5736 editionibus
995 5682 1051 5736 et
1079 5677 1381 5739 nonnullis
1410 5680 1576 5739 codd.
1614 5694 1738 5752 per-

151 5747 309 5822 Pmm,
335 5752 761 5812 charismatum.

1843 3370 1930 3425 cio
1960 3374 2191 3424 terrena
2219 3366 2568 3434 substantia,
2593 3370 2941 3439 rumpantur
2967 3366 3295 3424 inﬁdelium
3326 3385 3489 3424 men-

1839 3459 1990 3514 tium
2030 3460 2224 3530 petrae,
2249 3460 2306 3511 et
2336 3454 2435 3527 qui
2470 3454 2843 3511 mortalitatis
2873 3456 3266 3529 gravabantur
3293 3457 3491 3531 sepul-

1842 3546 2259 3618 cris,discussa
2290 3543 2726 3600 obstaculorum
2759 3543 2913 3600 mole
2957 3545 3282 3617 prosiliant.
3301 3548 3491 3620 Appa-

1842 3639 2007 3692 reant
2037 3650 2192 3690 nunc
2223 3649 2455 3705 quoque
2486 3632 2545 3688 in
2577 3633 2805 3689 civitate
2843 3638 3064 3703 sancta,
3087 3635 3146 3691 id
3175 3638 3266 3692 est
3293 3635 3353 3691 in
3383 3636 3490 3694 Ec-

1841 3724 2019 3781 clesia
2040 3722 2157 3789 Dei,
2174 3723 2379 3777 futurae
2412 3721 2855 3777 resurrectionis
2876 3722 3111 3791 indicia,
3127 3728 3185 3779 et
3203 3725 3359 3796 quod
3389 3738 3488 3797 ge-

1842 3814 2091 3871 rendum
2113 3811 2283 3868 estin
2309 3810 2672 3883 corporibus,
2691 3811 2792 3866 ﬁat
2820 3811 2881 3866 in
2910 3812 3205 3869 cordibus.
3223 3811 3376 3868 Nulli
3406 3812 3491 3869 in-

1842 3903 2147 3959 ﬁrmorum
2171 3899 2361 3956 crucis
2392 3903 2479 3955 est
2510 3904 2720 3971 negata
2746 3900 3012 3968 victoria;
3037 3916 3141 3956 nec
3172 3899 3487 3972 quisquam

1840 3995 1930 4047 est
1957 3990 2051 4046 cui
2085 4007 2200 4045 non
2231 3987 2443 4044 Christi
2475 3987 2786 4043 auxilietur
2813 3988 3016 4043 oratio.
3036 3989 3172 4053 Qum
3204 3988 3255 4043 si
3286 3986 3490 4045 multis

1839 4080 1900 4135 in
1934 4080 2126 4152 ipsum
2150 4076 2522 4133 saevientibus
2554 4076 3025 4148 profuit,quanto
3058 4075 3248 4148 magis
3268 4092 3367 4133 eos
3387 4076 3488 4149 qui

1842 4169 1912 4224 ad
1938 4169 2133 4240 ipsum
2157 4164 2663 4235 convertuntur(o)
2676 4164 2948 4234 adjuvat?
2964 4163 3205 4220 Sublata
3221 4169 3310 4221 est
3328 4164 3491 4237 igno-

1840 4254 2047 4321 rantia,
2065 4259 2177 4308 tem
2188 4256 2386 4325 perata
2407 4254 2494 4306 est
2514 4248 2848 4316 difﬁcultas,
2863 4254 2920 4304 et
2937 4248 3166 4322 igneam
3190 4249 3349 4307 illam
3371 4268 3492 4324 qua

1838 4344 1966 4398 vita:
1997 4342 2155 4415 regio
2186 4344 2309 4396 erat
2331 4340 2406 4411 (ρ)
2443 4338 2670 4395 inclusa
2698 4337 3055 4425 rompheam
3086 4356 3251 4396 sacer
3277 4339 3490 4398 Christi

1910 4469 1975 4539 (ἰ)
1998 4464 2343 4539 Quesnellus
2365 4462 2656 4539 supplevit
2675 4464 2831 4539 quia,
2852 4464 3007 4539 quod
3032 4463 3091 4519 in
3113 4463 3285 4539 editis
3304 4468 3361 4539 et
3388 4465 3491 4522 ali-

1843 4534 2058 4613 quibus
2080 4554 2222 4592 mss.
2247 4534 2470 4613 deerat,
2488 4534 2556 4613 at
2575 4534 2633 4613 i_n
2666 4534 2794 4613 aliis
2817 4534 3034 4613 nostris
3064 4536 3232 4613 codd.
3248 4535 3486 4613 legitur.

1916 4612 1986 4682 (j)
2016 4609 2137 4682 Vox
2159 4607 2408 4682 cordium
2436 4605 2805 4682 desideratur
2833 4606 2891 4660 in
2923 4606 3114 4682 prima
3141 4605 3414 4682 editione.

1916 4630 1929 4682 ί
1969 4630 1986 4678 )
2025 4630 2137 4665 ΥΟΧ
2159 4630 2408 4664 σονιιῑιιῖη
2436 4630 2805 4662 ιιυδιυυτιιιυι*
2833 4630 2891 4660 In
2923 4630 3114 4677 prima
3141 4630 3414 4669 Gallione.

1907 4630 1985 4750 (ί)
2005 4682 2087 4736 Ita
2104 4677 2449 4744 Quesncllus
2467 4693 2598 4750 cum
2619 4677 2847 4750 duobus
2868 4678 3083 4733 nostris
3102 4696 3246 4737 mss.
3260 4679 3319 4737 S.
3334 4680 3489 4737 Petri

1842 4757 1899 4809 et
1918 4748 2168 4808 tetidem
2194 4750 2345 4815 Vat.,
2372 4765 2437 4804 ac
2463 4748 2653 4820 prima
2681 4749 3185 4806 editione.Caeterte
3205 4751 3492 4810 editiones

1842 4829 1899 4880 et
1930 4823 2168 4892 quidam
2201 4819 2449 4892 codices,
2466 4819 2640 4892 ’hujus
2668 4820 2812 4891 ﬁdei.

1970 4842 2168 4877 mnam
2201 4842 2449 4885 COOICBS,
2478 4842 2640 4892 nujus
2668 4842 2812 4891 μαϐι.

1914 4842 1978 4965 ((11)
2010 4894 2205 4948 Prima
2232 4891 2408 4947 editio
2440 4896 2495 4946 et
2525 4890 2653 4965 cod,
2680 4892 2820 4946 Bon.
2844 4890 3064 4965 habent
3093 4897 3320 4949 tantum
3351 4896 3491 4963 agit.

1842 4961 1980 5021 Aliae
2018 4965 2603 5034 editiones,.excepta
2623 4961 2973 5029 Quesnellia,
3015 4981 3149 5019 cum
3198 4980 3342 5021 mss.
3376 4961 3492 5021 col-

1844 5037 1974 5093 lect.
2012 5038 2042 5090 4
2073 5040 2128 5089 et
2156 5037 2209 5102 5,
2246 5034 2561 5108 praeferunt
2606 5038 2837 5108 tantum
2882 5036 3008 5108 egit.
3034 5034 3377 5108 Utrumque,
3406 5036 3496 5094 uti

1844 5109 1905 5164 iu
1936 5112 2095 5163 textu
2127 5111 2183 5159 et
2212 5104 2362 5176 apud
2400 5104 2796 5171 Quesncllum,
2823 5104 2923 5161 est
2950 5106 3008 5160 in
3045 5124 3188 5163 mss.
3223 5104 3281 5164 Si
3315 5107 3493 5165 Petri.

1918 5180 2013 5251 (in)
2045 5177 2135 5231 Sic
2168 5176 2538 5248 reposuimus
2564 5192 2632 5231 ex
2661 5177 2872 5232 iisdem
2900 5177 2959 5233 S.
2988 5177 3141 5234 Petri
3168 5177 3491 5237 codicibus.

1844 5249 2021 5306 Alias.
2051 5248 2412 5303 immaculati.

1916 5268 1964 5304 la
1974 5268 2021 5315 Β,
2051 5264 2412 5303 immaculata.

1919 5319 2196 5404 (nl-Unus
2226 5318 2352 5374 Vat.
2386 5316 2608 5402 collect.
2641 5319 2696 5385 5,
2715 5327 2926 5377 nostras
2946 5321 3005 5375 in
3026 5320 3122 5377 illo
3147 5321 3495 5377 resuscitatus

1884 5392 2139 5447 rimitias.
2543 5394 2552 5402 '

1841 5410 2139 5465 primitias.

1919 5464 1992 5534 (ο)
2021 5462 2083 5517 In
2116 5460 2306 5534 prima
2336 5460 2614 5531 editione,
2643 5461 2954 5534 adjuvabit;
2982 5462 3043 5517 in
3074 5460 3315 5534 caeteris,
3340 5457 3497 5529 adju-

1845 5537 1947 5590 vit.
1975 5530 2348 5589 Correximus
2379 5548 2446 5607 es
2477 5530 2620 5607 mss.
2754 5532 2929 5607 Petri,
2966 5530 3496 5607 correctionemque

1849 5606 2165 5663 suaserunt
2204 5603 2623 5670 antecedentia,
2658 5602 2864 5658 Christi
2903 5602 3207 5670 auxiliatur
3232 5599 3425 5659 oratio,
3447 5601 3502 5651 et

1848 5677 2270 5747 convertuntur,
2292 5690 2418 5745 quae
2434 5668 2682 5747 tempus
2712 5688 2969 5746 praesens
3002 5668 3245 5747 malunt.

1921 5732 2002 5825 (ᾖ)
2032 5746 2217 5820 Forte,
2242 5732 2590 5805 interclusa:
2608 5732 2981 5815 Quisusttus
3015 5742 3076 5801 in
3105 5732 3389 5813 margine.
