3964 6218
138 386 281 464 ’381

1696 407 1964 474 SERMO
2002 408 2183 477 LXX.“

3504 390 3639 479 '38:

164 532 450 592 Christus
493 533 783 596 solveret
814 536 1027 597 mundi
1048 539 1757 616 captivitatem.(a)Judaei
1785 543 1878 601 in-
1903 544 1961 614 Α
1994 548 2083 602 est
2129 543 2188 601 in
2230 544 2346 604 Deo
2384 542 2725 618 inviolabili,
2769 549 2828 605 et
2892 550 3048 606 Deus
3106 562 3279 607 verus
3304 506 3387 606 'in
3466 565 3641 608 carne

189 625 512 681 terlicerent
543 626 852 684 omnium
886 629 1354 703 Redemptorem.

259 714 387 770 CAP.
406 714 480 769 II.
510 747 589 755 —
614 715 1048 790 Obduravit(b)
1066 736 1200 792 ergo
1217 719 1513 777 carnalem
1530 721 1702 778 Israel
1719 722 1884 777 mali-

209 803 382 877 gnitas
403 820 541 872 sua,
580 808 646 860 et
678 805 843 861 nihil
875 808 925 862 ei
956 807 1101 880 legis
1130 808 1482 879 testiﬁcatio,
1506 810 1650 866 nihil
1670 815 1883 885 myste-

213 893 415 949 riorum
437 892 780 966 imagines,
796 894 946 951 nihil
967 897 1379 969 prophetarum
1401 899 1636 956 oracula
1656 901 1885 973 profue-

215 987 356 1049 runt,
386 999 529 1037 cum
566 983 812 1040 Pascha
828 985 1061 1040 Domini
1092 990 1175 1042 tot
1197 987 1426 1044 saeculis
1447 989 1804 1045 celebratum
1821 990 1882 1045 in

214 1089 273 1128 eo
293 1071 550 1127 Joannes
571 1072 832 1129 doceret
854 1073 1182 1146 impletum,
1206 1076 1276 1132 de
1300 1092 1413 1149 quo
1440 1077 1674 1150 publica
1690 1083 1883 1150 prote-

218 1161 455 1217 statione
491 1161 784 1218 dicebat:
822 1164 953 1218 Ecce
1010 1164 1192 1235 Agnus
1246 1166 1362 1234 Dei,
1421 1183 1538 1222 ecce
1592 1170 1689 1238 qui
1742 1168 1887 1224 tollit

217 1254 494 1321 (c)peccata
507 1250 721 1306 mundi
733 1250 959 1322 (Joan.1,
976 1252 1410 1327 29).,Repugnat
1428 1254 1888 1328 iniquitasjusti-

226 1339 333 1403 tim,
355 1339 585 1394 castitas
605 1339 755 1407 luci,
780 1340 1154 1397 mendacium
1174 1343 1438 1413 veritati;
1465 1345 1564 1400 sed
1581 1345 1652 1400 de
1665 1344 1885 1402 saevitia

216 1426 677 1496 obluctantium,
704 1429 779 1484 de
810 1429 1028 1485 scelere
1052 1430 1379 1487 crudelium
1411 1433 1667 1489 obtinuit
1708 1434 1882 1491 Jesus

222 1522 444 1572 aeternae
458 1517 539 1591 (fl)
558 1517 979 1589 dispositionis
1000 1520 1268 1574 effectum
1289 1538 1302 1588 ;
1327 1523 1385 1577 et
1403 1520 1484 1576 ita
1500 1521 1760 1578 humano
1782 1540 1880 1596 ge-

217 1605 336 1660 neri
360 1622 474 1662 sua
510 1610 707 1662 morte
747 1605 1063 1677 consuluit,
1102 1612 1167 1663 ut
1204 1614 1637 1666 sacramentum
1673 1611 1881 1668 salutis

215 1694 391 1750 etiam
414 1692 567 1766 ipsis
610 1696 1086 1768 persecutoribus
1124 1713 1241 1752 non
1282 1702 1538 1771 negaret.
1581 1700 1687 1766 Qui
1724 1700 1880 1756 enim

214 1788 456 1839 venerat
477 1782 778 1839 universis
801 1784 1178 1840 credentibus
1201 1787 1400 1841 omnia
1422 1792 1658 1860 peccata
1681 1788 1878 1844 dimit-

218 1874 354 1939 tere,
382 1889 418 1928 a
437 1871 704 1946 generali
726 1872 1093 1973 indulgentia
1114 1890 1217 1930 nec
1232 1875 1540 1932 Judaicum
1565 1877 1746 1933 voluit
1766 1878 1877 1933 cri-
1910 1912 1959 1978 Β

219 1976 353 2016 men
362 1960 696 2017 excludere.
720 1961 982 2027 Quorum
997 1961 1189 2035 itaque
1202 1964 1507 2035 perﬁdiam
1519 1966 1883 2023 detestamur

228 2050 573 2106 corumdem
597 2049 798 2118 ﬁdem,
828 2050 878 2106 si
902 2056 1333 2122 convertantur,
1357 2053 1798 2126 amplectimur;
1823 2060 1882 2113 et

223 2138 524 2195 imitantes
537 2139 1008 2195 misericordiam
1023 2141 1273 2210 Domini,
1291 2143 1389 2215 qui
1402 2160 1506 2215 pro
1519 2143 1603 2200 eis
1620 2162 1653 2200 a
1665 2145 1881 2217 quibus

232 2234 351 2283 erat
375 2229 693 2285 cruciﬁxus
716 2229 943 2296 orabat,
965 2246 1071 2286 nos
1092 2247 1469 2304 quoquecum
1498 2233 1665 2289 beato
1703 2234 1880 2290 Paulo

230 2317 487 2388 apostolo
509 2322 746 2375 nostras
758 2318 1077 2391 jungimus
1102 2336 1322 2392 preces,
1341 2324 1395 2378 et
1416 2326 1479 2377 ut
1510 2320 1606 2378 ille
1627 2322 1882 2395 populus

231 2405 686 2463 misericordiam
711 2409 1195 2480 consequatur(c)
1210 2414 1503 2482 Optamus,
1519 2411 1591 2466 ob
1604 2412 1775 2486 cujus
1797 2412 1882 2468 of-

231 2492 546 2551 fensionem
563 2495 818 2568 gratiam
843 2494 1334 2553 reconciliationis
1350 2500 1684 2571 accepimus
1707 2516 1719 2555 :
1747 2493 1885 2573 quo-

234 2581 411 2647 niam,
442 2584 598 2640 sicut
618 2584 699 2640 ait
718 2584 791 2657 (f)
818 2583 975 2639 idem
999 2586 1281 2659 magister
1301 2587 1588 2660 gentium,
1620 2590 1885 2645 conclusit

236 2670 369 2726 Deus
398 2674 583 2728 omnia
614 2675 676 2728 in
704 2673 1111 2742 incredulitate,
1160 2678 1222 2730 ut
1251 2678 1499 2731 omnium
1557 2677 1886 2734 misereatur

238 2760 407 2830 (Rom.
426 2777 504 2827 XI,
524 2762 633 2827 32).

307 2852 436 2905 CAP.
455 2850 631 2905 Ill.—-
648 2851 798 2915 Quid
814 2855 1008 2907 autem
1025 2851 1169 2908 illud
1188 2853 1296 2909 fuit
1317 2849 1471 2927 quad
1494 2858 1551 2911 et
1570 2855 1886 2912 Judaeisin-

242 2935 529 2994 tellectum
552 2940 821 3008 abstulit,
838 2945 895 2996 et
907 2940 1259 3014 sapientium
1275 2942 1481 2999 mundi
1495 2945 1671 3000 corda
1689 2946 1886 3001 turba-

249 3024 351 3094 vit,
374 3028 483 3084 nisi
505 3046 647 3085 crux
672 3029 796 3085 Filii
826 3029 944 3098 Dei,
972 3048 1097 3102 quae
1117 3032 1260 3104 (g)et
1273 3031 1734 3105 philosophicam
1754 3052 1883 3091 eva-

255 3131 477 3172 nescere
511 3118 908 3191 prudentiam,
946 3123 1003 3174 et
1038 3119 1416 3177 lsraeliticam
1464 3122 1599 3177 fecit
1636 3122 1886 3195 caligare

1990 633 2279 707 passibili,
2298 636 2659 693 conferretur
2669 632 2896 694 homini
2909 636 3095 712 gloria
3107 655 3211 711 per
3222 639 3639 696 contumeliam

1990 722 2474 797 incorruptioper
2506 724 3014 798 supplicium,vita
3034 744 3137 799 per
3190 733 3463 785 mortem.
3513 728 3638 785 Nisi

1991 812 2146 866 enim
2158 812 2414 868 Verbum
2436 830 2568 869 caro
2592 813 2771 884 ﬁeret,
2797 819 2857 871 et
2875 820 2997 871 tam
3018 815 3642 888 solida(k)consisteret

1991 900 2185 956 unitas
2198 902 2256 955 in
2270 905 2515 973 utraque
2528 907 2832 971 natura,ut
2852 921 2887 959 a
2905 904 3258 977 suscipiente
3280 909 3638 978 susceptam,

1990 1005 2095 1044 nec
2116 989 2312 1061 ipsum
2345 990 2514 1045 breve
2536 991 2741 1047 mortis
2778 995 3013 1064 tempus
3054 993 3421 1067 abjungeret,
3466 1011 3639 1049 num-

1993 1094 2170 1150 quam
2192 1077 2408 1134 valeret
2430 1079 2500 1133 ad
2523 1079 2904 1136 aeternitatem
2928 1081 3117 1137 redire
3140 1081 3487 1139 mortalitas.
3529 1083 3640 1138 Sed

1992 1167 2179 1222 adfuit
2201 1165 2453 1222 nobisin
2476 1165 2704 1223 Christo
2743 1168 3039 1241 singulare
3076 1170 3438 1241 praesidium,
3480 1175 3544 1227 ut
3580 1171 3641 1227 in

1992 1261 2201 1313 natura
2225 1256 2488 1329 passibili
2512 1256 2718 1313 mortis
2742 1258 2999 1314 conditio
3022 1275 3137 1314 non
3160 1264 3439 1327 maneret,
3464 1277 3643 1332 quam

1991 1344 2374 1418 impassibilis
2396 1346 2652 1401 essentia
2673 1346 3006 1419 recepisset,
3032 1352 3091 1403 et
3120 1364 3225 1421 per
3246 1347 3305 1402 id
3330 1348 3487 1420 quod
3527 1365 3644 1404 non

1992 1433 2400 1507 poteratmori,
2425 1439 2623 1505 posset
2643 1433 2701 1490 id
2717 1436 2869 1507 quod
2886 1439 3008 1492 crat
3027 1442 3325 1492 mortuum
3350 1437 3642 1493 suscitari.

2062 1523 2194 1578 CAP.
2215 1522 2308 1578 IV.
2324 1554 2392 1562 —
2408 1522 2554 1577 Huic
2567 1527 2961 1593 sacramento,
2980 1523 3375 1594 dilectissimi,
3392 1530 3458 1581 ut
3494 1525 3647 1582 insc-

1989 1610 2327 1683 parabiliter
2350 1627 2765 1683 congruamus,
2803 1628 3014 1683 magna
3045 1613 3215 1669 nobis
3252 1619 3311 1670 et
3345 1614 3527 1670 animi
3585 1619 3644 1671 et

1989 1715 2183 1772 corpox
2196 1698 2571 1755 isintentione
2584 1699 2887 1755 nitendum
2901 1704 3208 1757 estutcum
3222 1702 3555 1776 gravissimi
3568 1703 3648 1759 sit

1988 1788 2053 1860 (l)
2068 1787 2281 1860 piaculi
2298 1788 2513 1844 festum
2547 1787 2822 1860 paschale
2845 1788 3137 1863 negligere
3157 1789 3546 1863 periculosius
3568 1791 3648 1847 sit

1990 1874 2392 1933 ecclesiasticis
2406 1876 2643 1948 quidem
2656 1878 3236 1951 conventibusjungi,
3251 1881 3353 1936 sed
3366 1878 3425 1934 in
3445 1880 3641 1936 Domi-

1992 1966 2134 2021 nicaa
2165 1964 2454 2039 passionis
2468 1964 2759 2021 consortio
2775 1982 2888 2021 non
2904 1965 3126 2022 haberi.
3141 1967 3287 2023 Nam
3301 1967 3528 2024 dicente
3540 1968 3647 2024 Do-

1991 2054 2179 2110 mino:
2201 2055 2307 2123 Qui
2324 2070 2435 2109 non
2455 2055 2650 2125 accipit
2670 2070 2881 2110 crucem
2896 2071 3071 2123 suam,
3086 2062 3263 2111 etnon
3277 2057 3525 2128 sequitur
3534 2072 3642 2126 me,

1989 2159 2099 2198 non
2118 2150 2198 2199 est
2218 2160 2304 2198 me
2320 2143 2519 2214 dignus
2538 2142 2754 2211 (Matth.
2777 2161 2832 2211 x,
2857 2144 2950 2215 38)
2971 2147 3048 2211 ;et
3069 2142 3296 2200 dicente
3340 2144 3640 2217 Apostolo.

1989 2233 2053 2287 Si
2069 2234 2450 2304 compatimur,
2466 2236 2515 2287 et
2526 2234 2549 2295 (
2551 2234 2624 2292 m)
2638 2233 3091 2302 conregnabimus
3112 2233 3283 2288 (Rom.
3299 2250 3422 2302 VIII,
3445 2235 3511 2288 17
3533 2250 3548 2302 ;
3596 2234 3646 2290 ΙΙ

1996 2323 2204 2389 Τὶνη.ιι,
2233 2322 2317 2387 12)
2343 2338 2356 2376 :
2382 2321 2515 2393 quis
2537 2338 2667 2376 vere
2687 2321 2985 2377 Christum
3019 2338 3283 2394 passum,
3340 2325 3639 2378 mortuum

1992 2414 2048 2465 et
2068 2410 2485 2466 resuscitatum
2504 2408 2661 2476 colit,
2686 2409 2798 2465 nisi
2819 2410 2920 2481 qui
2944 2427 3077 2466 cum
3098 2411 3225 2484 ipso
3240 2410 3386 2485 (n);ct
3400 2410 3643 2484 patitur,

1992 2503 2050 2555 ct
2069 2499 2336 2567 moritur,
2362 2503 2418 2555 ct
2440 2498 2732 2571 resurgit?
2758 2498 2966 2554 Ethrcc
2995 2500 3233 2572 quidem
3272 2499 3333 2555 in
3372 2499 3646 2573 omnibus

1992 2587 2260 2643 Ecclesiae
2286 2587 2445 2655 ﬁliis,
2461 2588 2588 2660 ipso
2602 2589 2726 2659 jam
2742 2588 3205 2660 regenerationis
3218 2591 3357 2645 sunt
3377 2588 3649 2646 inchoata

1997 2676 2300 2750 mysterio,
2323 2676 2422 2731 ubi
2453 2677 2672 2748 peccati
2695 2675 2987 2744 interitus,
3007 2675 3226 2732 vitaest
3264 2676 3645 2750 renascentis,

1992 2771 2049 2822 et
2071 2764 2405 2821 triduanum
2433 2764 2659 2820 Domini
2684 2768 2928 2819 mortem
2950 2763 3216 2837 imitatur
3239 2765 3392 2821 trina
3412 2766 3646 2822 demer-

1993 2854 2079 2910 sio
2109 2872 2123 2922 ;
2146 2858 2210 2909 ut
2232 2854 2453 2910 dimoto
2474 2853 2728 2925 quodam
2746 2868 2954 2925 aggere
2968 2851 3300 2924 sepulturae,
3321 2869 3470 2925 quos
3489 2858 3642 2929 vete-

1993 2960 2085 2999 res
2104 2942 2359 3015 suscepit
2400 2941 2563 2999 sinus
2590 2942 2785 3009 fontis,
2829 2942 3033 2997 eodem
3083 2957 3261 2998 novos
3310 2943 3444 2998 edat
3489 2943 3648 3000 unda

1993 3030 2367 3104 baptismatis
2396 3049 2409 3100 ;
2447 3031 2547 3087 sed
2572 3030 2935 3103 implendum
2960 3033 3051 3086 est
3071 3029 3455 3089 nihilominus
3472 3048 3645 3105 opere

1994 3122 2150 3194 quod
2173 3120 2524 3177 celebratum
2549 3123 2637 3175 est
2649 3123 3030 3188 sacramento,
3054 3122 3111 3174 et
3131 3120 3283 3177 natis
3304 3121 3375 3177 de
3419 3120 3644 3194 Spiritu

252 3201 562 3262 doctrinam
575 3206 855 3263 ?Omucm
872 3224 1123 3280 namque
1138 3226 1374 3265 sensum
1388 3210 1659 3266 humanae
1674 3212 1886 3269 mentis
1929 3279 1956 3282 Α,
1997 3215 2198 3266 sancto
2213 3212 2498 3281 quantum
2511 3225 2763 3280 cumque
2775 3208 3644 3282 superestmundani(o)corpori

254 3293 483 3350 excessit
497 3295 677 3351 divini
699 3294 951 3351 altitudo
974 3279 1885 3373 consilii,(MeumplacuiIDeoper
1915 3279 1958 3345 (ἶ
1999 3300 2089 3355 27
2106 3298 2149 3355 5
2186 3279 2301 3353 non
2343 3297 2469 3353 sine
2509 3279 2700 3352 crucis
2734 3279 3102 3370 susceptione
3159 3279 3493 3371 ducendum
3518 3279 3641 3353 est.

248 3381 523 3440 stultitiam
540 3386 973 3456 praedicationis,
1006 3387 1181 3442 salvos
1199 3390 1381 3459 facere
1402 3389 1677 3445 credentes
1698 3392 1747 3457 (Ι
1761 3390 1882 3447 Cor.

248 3483 288 3532 ι,
308 3471 416 3543 21),
441 3476 502 3528 ut
523 3472 847 3529 mirabilior
881 3474 1047 3530 ﬁeret
1087 3477 1241 3532 214
1278 3478 1609 3533 constantia
1642 3477 1777 3534 ﬁdei
1817 3495 1887 3535 ex

248 3554 573 3617 difﬁcultate
596 3561 894 3618 credendi.
941 3563 1375 3636 Inconsequens
1404 3565 1561 3621 enim
1583 3570 1638 3621 et
1654 3566 1883 3623 irratio-

246 3646 433 3704 nabile
449 3648 752 3707 videbatur
768 3650 1022 3724 recipere
1034 3652 1235 3709 animo
1249 3654 1401 3725 quod
1425 3658 1741 3711 creatorem
1764 3672 1886 3711 om-

244 3733 472 3812 nium(i)
492 3744 836 3795 naturarum
851 3741 909 3795 in
925 3741 1260 3797 substantia
1282 3741 1403 3798 veri
1424 3742 1684 3799 hominis
1705 3743 1884 3817 Virgo

240 3819 572 3883 intemerata
604 3828 931 3901 peperisset
965 3846 979 3897 ;
1022 3829 1176 3901 quod
1216 3829 1462 3902 aequalis
1504 3831 1660 3887 Patri
1704 3831 1886 3889 Fiiius

247 3910 364 3979 Dei,
385 3916 474 3986 qui
493 3916 763 3990 impleret
782 3917 983 3974 omnia
1013 3924 1070 3973 et
1103 3918 1424 3974 contineret
1461 3920 1753 3989 universa,
1798 3921 1886 3976 fu-

242 4002 488 4059 rentium
510 4006 788 4063 manibus
812 4006 1248 4078 comprehendi,
1298 4007 1638 4080 iniquorum
1660 4009 1886 4080 judicio

246 4092 635 4160 condemnari,
662 4099 719 4151 et
738 4099 875 4166 post
897 4095 1180 4153 dedecora
1226 4094 1592 4165 illusionum,
1633 4098 1792 4154 cruci
1826 4116 1888 4155 se

244 4180 603 4249 permisisset
627 4181 808 4255 afﬁgi.
834 4182 947 4238 Sed
968 4182 1027 4237 in
1048 4183 1121 4239 iis
1143 4184 1417 4240 omnibus
1437 4183 1613 4241 simul
1654 4190 1793 4241 sunt
1831 4191 1889 4243 et

245 4262 543 4328 humilitas
563 4270 847 4337 hominis,
870 4275 928 4327 et
947 4269 1235 4328 celsitudo
1246 4272 1491 4329 Deitatis
1508 4291 1522 4343 ;
1547 4290 1653 4330 nec
1668 4275 1891 4331 miseri-

243 4357 451 4413 cordiae
465 4358 612 4415 ratio
621 4360 990 4431 majestatcm
1005 4359 1339 4417 miserantis
1350 4362 1644 4430 obscurat,
1668 4363 1804 4436 quia
1817 4363 1890 4420 de

242 4441 1025 4521 ineﬂ'abilipotcntiafactum
1039 4452 1147 4516 est,
1163 4449 1228 4522 (j)
1243 4453 1307 4504 ut
1326 4449 1467 4505 dum
1498 4450 1672 4508 homo
1719 4467 1889 4508 verus

309 4594 383 4658 (α)
405 4588 560 4645 Idem
578 4589 879 4660 exemplar
894 4589 1060 4645 Pauli
1082 4589 1265 4660 Diac,,
1290 4595 1343 4647 et
1370 4591 1572 4649 Juda’i.

312 4660 551 4737 (b_,'j_E_diti
571 4665 705 4737 ante
745 4660 985 4730 Quesn.,
1027 4663 1199 4717 enim.
1234 4661 1399 4720 Unus
1439 4664 1565 4719 cod.
1603 4665 1662 4720 S.
1703 4664 1880 4737 Petri,

241 4733 296 4784 et
311 4730 405 4786 alii
434 4731 589 4799 Vat.,
612 4734 809 4802 igitur.

306 4808 374 4889 (ε)
392 4802 500 4858 Ms.
524 4803 750 4884 collect.
772 4806 829 4884 ᾇ,
852 4807 1150 4885 peccatum.
1334 4875 1344 4885 .
1428 4876 1440 4886 ν

304 4873 376 4962 (ιζ)
392 4873 608 4962 gemit.
623 4873 797 4962 7129.11.11
821 4874 1006 4962 D1ac.,
1042 4875 1485 4962 dispensationis.

302 4945 370 5014 (θ)
392 4945 590 5001 Prima
610 4945 814 5011 editio,
836 4961 1059 5001 oramus
1090 4945 1143 5001 et
1172 4949 1441 5014 optamus.

301 5017 369 5087 (Γ)
384 5015 507 5072 Vox
529 5017 675 5072 idem
697 5016 899 5071 addita
913 5034 983 5072 cx
998 5015 1210 5087 Homil.
1235 5016 1401 5072 Pauli
1424 5017 1578 5073 Diac.

301 5086 372 5159 (9)
393 5088 545 5144 Editi
578 5092 717 5144 ante
757 5088 998 5159 Queen,
1020 5091 1090 5159 et
1125 5086 1531 5159 philosophiam
1569 5104 1884 5147 evanescere

219 5158 598 5230 prudentium,
621 5175 762 5230 cum
775 5158 1138 5230 quibusdam
1154 5158 1323 5214 codd.
1342 5158 1452 5214 Sed
1466 5159 1716 5215 aliorum
1734 5177 1879 5217 mss.

257 5230 394 5287 actio
414 5246 447 5286 a
466 5229 865 5302 Quesnelloet
885 5246 920 5284 a
941 5230 1106 5286 nobis
1119 5234 1350 5302 recepta
1370 5230 1686 5286 Leoninam
1706 5232 1880 5289 ratio-

238 5315 359 5374 nem
378 5303 568 5374 magis
590 5301 775 5374 sapit.

300 5370 618 5443 (MEaadem
641 5370 961 5443 editiones,
998 5373 1342 5443 complacuit.
1400 5371 1881 5430 Emendationcm

239 5441 703 5515 Quesuellianam
712 5441 907 5515 nostri
919 5441 1158 5515 codices
1180 5443 1523 5515 approbant.

294 5518 311 5585 (
314 5519 521 5581 iiExem
528 5516 670 5591 plac
678 5510 853 5591 Pauli
869 5512 1044 5591 Diam,
1058 5510 1460 5591 creaturarum.
1478 5514 1607 5591 Mox
1618 5514 1677 5569 in
1693 5514 1885 5587 prima

234 5589 479 5662 editione,
507 5585 614 5661 (iui
631 5585 849 5662 implet
880 5586 1066 5641 omnia
1095 5589 1146 5640 et
1171 5586 1407 5641 continet
1445 5585 1722 5641 universa.
1752 5629 1764 5642 .
1795 5630 1808 5642 .
1832 5596 1884 5643 et

230 5666 325 5735 post
337 5658 962 5735 dedecusgzllusionum.

286 5737 439 5811 (ﬁlia
457 5753 533 5794 ex
555 5728 817 5788 duobus
838 5724 1006 5781 codd.
1044 5727 1102 5784 S.
1144 5726 1298 5783 Petri
1340 5742 1406 5784 ac
1458 5727 1669 5785 Homil.
1718 5729 1881 5786 Pauli

1993 3387 2268 3452 Quamvis
2289 3385 2443 3441 enim
2462 3385 2594 3441 forti
2610 3389 2666 3441 et
2688 3385 2909 3441 crudeli
2930 3389 3177 3455 tyranno
3202 3401 3309 3459 per
3323 3385 3645 3460 potentiam

1994 3476 2184 3533 crucis
2221 3475 2435 3532 Christi
2469 3490 2611 3531 vasa
2661 3474 2915 3547 antiquas
2955 3474 3407 3546 deprmdationis
3446 3477 3647 3548 erepta

1993 3564 2130 3632 sint,
2156 3568 2214 3620 et
2237 3561 2855 3635 dominatioprincipis
2886 3563 3092 3619 mundi
3127 3579 3161 3617 a
3206 3564 3644 3636 redemptorum

1994 3657 2069 3710 sit
2085 3652 2639 3725 cjectacorporibus,
2663 3651 2929 3708 insidiari
2950 3656 3149 3708 tamen
3160 3652 3337 3708 etiam
3351 3651 3643 3725 justiﬁca~

1992 3742 2069 3798 tis
2089 3742 2289 3798 eadem
2314 3740 2649 3813 malignitas
2670 3744 3017 3813 perseverat,
3033 3745 3092 3797 et
3113 3740 3316 3797 multis
3338 3740 3530 3796 modis
3545 3757 3645 3796 eos

1995 3831 2052 3886 in
2076 3830 2290 3903 quibus
2313 3847 2427 3886 non
2451 3834 2653 3903 regnat
2670 3830 2978 3902 impugnat
3005 3847 3018 3886 :
3057 3834 3122 3885 ut
3143 3829 3191 3885 si
3233 3845 3381 3902 quas
3416 3829 3647 3884 animas

1995 3918 2354 3992 negligentes
2367 3918 2882 3991 imprudentesque
2905 3917 3182 3990 repererit
3194 3917 3534 3973 saevioribus
3549 3932 3648 3992 eas

1995 4007 2222 4080 laqueis
2246 4024 2482 4081 rursum
2505 4007 2781 4074 innectat,
2803 4012 2859 4063 et
2878 4024 2913 4063 a
2933 4004 3202 4079 paradiso
3239 4003 3509 4060 Ecclesiae
3549 4020 3651 4060 ra-

1995 4102 2125 4168 ptas
2148 4097 2208 4150 in
2230 4095 2588 4152 consortium
2612 4112 2730 4150 suae
2752 4093 3146 4150 damnationis
3182 4092 3444 4147 inducat.
3483 4092 3647 4149 Unde

1996 4202 2130 4242 cum
2153 4185 2447 4258 quispiam
2493 4183 2870 4239 observantiae
2910 4181 3252 4237 Christianae
3273 4182 3408 4253 se(r)
3427 4179 3646 4237 limites

1997 4274 2479 4340 sentitexcedere,
2512 4270 2649 4327 etin
2686 4270 2744 4325 id
2796 4269 3150 4343 cupiditates
3191 4286 3331 4326 suas
3380 4270 3643 4339 tendere,

1999 4362 2153 4436 quod
2166 4378 2301 4418 eum
2320 4379 2354 4417 a
2368 4358 2741 4417 recto'itinere
2752 4358 2929 4414 faciat
2940 4358 3016 4431 (ᾳ)
3034 4357 3282 4425 deviare,
3301 4362 3563 4415 recurrat
3573 4359 3646 4415 ad

1999 4466 2232 4507 crucem
2250 4448 2498 4514 Domini,
2515 4451 2572 4503 et
2591 4446 2752 4519 ligno
2764 4447 2895 4503 vita
2913 4451 3108 4503 motus
3125 4444 3307 4502 noxia:
3327 4445 3647 4504 voluntatis

2001 4592 2157 4650 Diac.
2182 4592 2360 4657 Alias,
2379 4599 2439 4648 ut
2467 4607 2591 4647 cum
2607 4590 2762 4646 homo
2782 4606 2944 4647 verus
2963 4593 3042 4646 est
3061 4591 3122 4644 in
3159 4590 3299 4657 Deo;
3348 4591 3449 4647 sed
3493 4592 3648 4658 Que-

1916 4648 1964 4713 D
1996 4648 2219 4722 snellus
2240 4648 2458 4735 omittit
2483 4666 2759 4735 praaterea
2778 4661 2889 4735 hoc
2909 4662 3099 4735 primo
3122 4661 3248 4718 loco
3263 4648 3532 4719 verbumw
3547 4665 3644 4719 est.

2061 4736 2294 4809 (Mli/{sa
2314 4734 2373 4790 S.
2397 4732 2551 4809 Petri
2573 4737 2631 4789 ct
2647 4732 2970 4809 aliusAVat.)
2993 4734 3269 4809 existeret.

2062 4803 2127 4879 (ι)
2148 4806 2344 4861 Prima
2367 4804 2572 4879 editio,
2585 4805 2837 4877 periculi,
2863 4808 2920 4860 et
2936 4804 3078 4861 forte
3099 4803 3332 4873 melius,
3357 4820 3494 4861 nam
3512 4820 3649 4861 mox

1985 4875 2347 4950 periculosius
2366 4875 2722 4950 subjicitur._
2916 4947 2925 4950 _
3006 4948 3014 4950 ξ
3061 4949 3110 4950 Ἡ
3364 4930 3384 4950 ,
3582 4889 3585 4892 ‘

2061 4953 2162 5019 (νη)
2181 4948 2306 5004 Duo
2327 4946 2552 5003 mss.S.
2574 4946 2748 5019 Petri,
2768 4947 3258 5019 congloriabimur.

2061 5017 2142 5091 (η)
2161 5019 2505 5090 Conjunctio
2525 5027 2575 5074 et
2592 5017 2790 5091 addita
2809 5017 3131 5091 ex‘untiquo
3152 5034 3264 5091 ms.
3286 5017 3416 5073 Vat.
3442 5019 3504 5074 In
3526 5018 3646 5091 pri-

1990 5089 2088 5146 ma
2107 5089 2303 5146 autem
2339 5090 2594 5146 editione
2640 5089 2935 5145 omittitur
2981 5089 3109 5145 tum
3148 5089 3208 5144 in
3248 5090 3378 5158 hoc,
3414 5089 3543 5145 tum
3583 5089 3644 5144 in

1992 5161 2575 5239 secundocommate.
2765 5231 2797 5239 Α
2868 5231 2899 5239 ﬂ
2945 5230 3011 5239 Δ.
3089 5236 3095 5239 _
3172 5230 3209 5239 __
3287 5230 3390 5239 ___
3468 5229 3569 5239 ___

2063 5233 2134 5305 (ο)
2158 5233 2723 5305 Itaexduobusmss.
2762 5231 2821 5286 S.
2868 5230 3013 5287 Petri
3047 5236 3106 5287 et
3135 5230 3250 5305 alio
3287 5230 3420 5286 Vat.
3467 5229 3641 5297 Editi,

1988 5302 2271 5381 temporis.
2296 5304 2378 5359 Ad
2395 5320 2595 5381 vocem
2620 5309 2833 5381 autem
2851 5305 3095 5381 corporis
3131 5302 3482 5381 referuntur,
3514 5315 3642 5381 quae

1989 5368 2163 5449 paulo
2186 5382 2319 5449 post
2339 5375 2740 5449 subjiciuntur
2763 5390 2776 5442 ;
2797 5368 3385 5449 dominatioprincipis
3403 5368 3643 5422 muralia

1988 5442 2390 5518 redemptorum
2410 5442 2482 5502 sit
2500 5448 2671 5521 ejecta
2691 5446 3031 5521 corporibus,
3044 5442 3153 5521 ubi
3174 5446 3477 5521 propterea
3492 5453 3643 5520 Opus

1989 5535 2106 5597 non
2128 5514 2217 5573 est
2237 5534 2340 5597 pro
2361 5514 2672 5597 corporibus
2690 5514 2882 5597 legere
2901 5514 3170 5597 conlitus,
3211 5515 3276 5565 ut
3314 5514 3372 5564 in
3422 5514 3641 5578 margi-

1991 5589 2109 5645 nali
2132 5586 2368 5661 postilla
2384 5586 2733 5661 Quesnellus
2752 5586 3098 5661 coniecerat.

2060 5657 2469 5735 (pf_Editiante
2489 5659 2725 5735 Queen,
2746 5657 2995 5735 limitem.
3016 5723 3054 5735 μ
3215 5722 3230 5735 Δ
3250 5718 3263 5735 1
3350 5717 3371 5735 γ’
3386 5732 3399 5735 Α

2061 5716 2235 5802 (bina
2250 5747 2383 5788 cum
2405 5716 2913 5797 Quasncllo'nostri
2930 5723 3176 5779 codices.
3199 5718 3286 5776 Al.
3300 5759 3315 5786 ,
3336 5716 3635 5776 declinare.
