3946 6214
420 325 539 387 395

1531 330 1595 391 S.
1645 329 1921 392 LEONIS
1967 328 2217 392 MAGNI
2263 330 2707 395 SERMONES.

3687 330 3792 392 396

420 462 631 531 pserat.
655 460 799 515 Nam
823 476 957 516 cum
979 468 1194 517 sanctze
1238 461 1533 530 mulieres,
1565 463 1715 519 sicut
1736 461 2066 536 evangelica
2093 465 2152 529 Α
2180 464 2304 529 des,
2341 463 2551 535 ingerit
2581 466 2976 522 dubitantium
3000 465 3183 522 oculis
3203 464 3504 521 manentia
3551 465 3609 519 in
3638 464 3796 519 mani-

422 548 497 619 (a)
520 548 1072 620 patefecithistoria,
1097 552 1425 608 revolutum
1446 569 1481 608 a
1505 557 1888 608 monumento
1918 550 2065 625 lapi-

420 636 916 710 dem.sepulcrum
937 656 1178 713 corpore
1198 645 1533 711 vacuum,et
1560 640 1806 698 viventis
1830 640 2063 698 Domini

419 730 598 783 testes
637 727 843 800 angelo
892 730 1253 797 nuntiarent,
1312 732 1490 787 verba
1547 747 1751 788 earum
1786 730 2066 803 apostolis

422 814 669 888 aliisque
716 816 991 891 dicipulis
1023 818 1426 875 deliramentis
1464 819 1683 876 similia
1702 821 2063 876 videbantur.

423 904 608 970 Quam
640 906 845 978 utique
873 907 1297 964 haesitationem
1336 907 1595 964 humana
1626 907 1963 964 infirmitate
1990 908 2066 980 (ὁ)

425 996 1129 1069 nutantem,nequaquam
1152 995 1519 1070 permisisset
1537 996 1791 1069 Spiritus
1810 998 2068 1053 veritatis

424 1082 869 1155 praedicatorum
889 1102 1131 1142 suorum
1152 1086 1344 1141 inesse
1361 1085 2070 1158 peetoribus,nisiillatre-

423 1169 565 1243 pida
583 1171 919 1230 sollicitudo
943 1179 1001 1230 et
1025 1174 1256 1230 curiosa
1274 1175 1347 1245 (e)
1369 1174 1665 1229 cunctatio
1696 1179 1906 1230 nostra:
1931 1174 2068 1231 fidei

422 1259 834 1333 fundamentaj
842 1262 1301 1319 ecisset.Nostris
1314 1262 1494 1333 igitur
1508 1262 2066 1335 perturbationibus,

423 1348 758 1423 nostrisque
779 1349 1055 1423 periculis
1093 1351 1152 1406 in
1184 1351 1464 1424 apostolis
1487 1351 1934 1407 consulebatur:
1962 1369 2069 1408 nos

421 1435 482 1491 in
504 1436 621 1493 illis
649 1436 1013 1495 viris.contra
1052 1439 1378 1496 calumnias
1400 1439 1738 1512 impiorum,
1771 1445 1828 1496 et
1865 1444 2069 1496 contra

421 1530 662 1582 terrenae
691 1533 1037 1600 argumenta
1067 1528 1363 1601 sapientiae
1403 1529 1777 1584 docebamur.
1800 1528 1915 1584 Nos
1938 1529 2068 1585 illo-

426 1632 553 1671 rum
593 1616 870 1672 instruxit
887 1623 1182 1690 aspectus,
1234 1636 1343 1674 nos
1371 1617 1620 1675 erudivit
1657 1619 1915 1683 auditus,
1961 1637 2068 1674 nos

422 1704 790 1761 confirmavit
827 1710 1098 1763 attactus.
1138 1708 1369 1762 Gratias
1413 1723 1659 1781 agamus
1681 1705 1888 1762 divinae
1912 1709 2057 1764 29]

421 1792 849 1865 dispensationi
871 1800 929 1852 et
957 1801 1292 1852 sanctorum
1327 1797 1560 1851 Patrum
1587 1796 1926 1852 necessaria:
1950 1801 2065 1852 tar-
2096 1834 2143 1898 Β

422 1882 607 1938 ditati.
627 1884 962 1940 Dubitatum
984 1889 1074 1953 est
1088 1885 1161 1940 ab
1177 1884 1329 1953 aliis,
1347 1902 1416 1940 ne
1431 1885 1799 1940 dubitaretur
1818 1902 1851 1941 a
1872 1887 2062 1942 nobis.

493 1972 622 2029 CAP.
650 1972 717 2027 II.
739 2003 807 2012 -—
828 1972 952 2028 Non
974 1988 1110 2044 ergo
1134 1973 1171 2028 ii
1195 1974 1340 2040 dies,
1366 1972 1754 2039 dilectissimi,
1782 1973 1881 2044 qui
1914 1974 2067 2029 inter

420 2061 908 2118 resurrectionem
930 2060 1159 2117 Domini
1191 2062 1711 2133 ascensioncmque
1752 2064 2061 2131 fluxerunt,

421 2151 607 2206 otioso
637 2151 919 2209 transiere
941 2151 1215 2210 decursu:
1239 2152 1339 2206 sed
1371 2151 1718 2223 magna(c)in
1742 2151 1834 2206 his
1856 2152 2064 2208 conﬁr-

421 2242 579 2294 mata
599 2244 982 2307 sacramenta,
1008 2255 1222 2311 magna
1242 2245 1381 2294 sunt
1402 2239 1649 2295 revelata
1670 2241 1962 2311 mysteria.
2002 2240 2062 2296 In

419 2327 510 2382 his
534 2331 728 2383 metus
749 2326 885 2383 dira;
919 2328 1124 2383 mortis
1145 2330 1430 2395 aufertur,
1477 2332 1535 2382 et
1574 2346 1687 2383 non
1728 2327 1919 2384 solum
1943 2329 2066 2384 ani-

418 2432 546 2483 mae,
572 2415 672 2471 sed
696 2415 871 2471 etiam
885 2414 1501 2471 carnisimmortalitas
1515 2415 1862 2472 declaratur.
1885 2417 1947 2473 In
1972 2415 2064 2474 his

417 2523 521 2577 per
542 2505 998 2561 insufflationem
1030 2504 1257 2560 Domini
1293 2504 1918 2577 infunditurapostolis
1938 2525 2064 2563 om-

419 2594 594 2650 nibus
614 2593 866 2666 Spiritus
887 2598 1208 2661 sanctus;et
1231 2598 1393 2648 beato
1416 2593 1675 2664 apostolo
1700 2594 1866 2650 Petro
1885 2613 2065 2668 supra

417 2688 675 2750 caeteros,
718 2687 851 2755 post
917 2683 1079 2755 regni
1125 2683 1337 2748 claves,
1377 2681 1541 2737 ovilis
1591 2683 1876 2738 Dominici
1926 2703 2065 2741 cura

418 2770 897 2843 (e)mandatur.In
918 2769 1250 2837 hisdiebus,
1271 2771 1501 2826 duobus
1518 2769 1828 2843 discipulis
1855 2775 2063 2830 tertius

418 2861 475 2915 in
494 2861 584 2916 via
604 2860 889 2917 Dominus
908 2876 1104 2915 comes
1123 2859 1391 2932 jungitur
1412 2860 1561 2930 (Luc.
1584 2877 1735 2929 xxxv,
1785 2862 1952 2932 15),et
1990 2865 2062 2920 ad

417 2966 622 3005 omnes
644 2953 853 3004 nostrai
875 2948 1276 3020 ambiguitatis
1296 2948 1605 3021 caliginem
1626 2950 2062 3022 detergendam,

419 3037 758 3110 paventium
819 3054 885 3093 ac
931 3037 1352 3109 trepidantium
1414 3038 1659 3094 tarditas
1706 3040 2058 3112 increpatur.

419 3124 742 3181 Flammam
764 3125 897 3183 ﬁdei
928 3124 1260 3180 illuminata
1281 3125 1457 3180 corda
1479 3126 1836 3206 concipiunt;
1859 3133 1917 3183 et
1932 3146 2059 3200 quae

2174 552 2287 607 bus
2318 553 2442 608 suis
2470 559 2529 609 et
2556 555 2806 627 pedibus
2838 556 3026 611 crucis
3085 555 3272 628 signa,
3298 558 3359 610 et
3388 557 3454 608 ut
3483 551 3794 625 diligentius

2175 644 2558 713 pertractetur
2605 642 2851 699 invitat:
2886 643 3025 716 quia
3056 644 3127 699 ad
3188 641 3456 698 sananda
3500 641 3795 696 inﬁdelium

2175 730 2439 785 cordium
2466 730 2726 800 vulnera,
2760 732 3054 788 clavorum
3076 737 3133 787 et
3161 731 3376 787 lanceae
3408 733 3575 786 erant
3600 736 3797 786 servata

2175 817 2454 891 vestigia:
2490 824 2554 875 ut
2609 838 2725 877 non
2775 820 3146 887 dubia-fide,
3188 821 3289 876 sed
3343 818 3800 875 constantissime

2178 906 2423 962 scientia
2452 907 2530 979 (h)
2563 912 2882 975 teneretur,
2913 925 3041 964 eam
3093 914 3361 964 naturam
3411 907 3474 962 in
3517 907 3611 963 Dei
3640 906 3799 964 Patris

2177 1011 2587 1051 consessuram
2621 996 2851 1069 throno,
2887 1014 3018 1069 quae
3039 998 3307 1067 jacuerat
3337 997 3399 1052 in
3431 995 3707 1068 sepulcro.

2248 1085 2383 1140 CAP.
2419 1084 2510 1139 IV.
2548 1117 2613 1126 —
2643 1086 2751 1141 Per
2773 1103 2945 1143 omne
2969 1102 3106 1158 ergo
3136 1086 3246 1142 hoc
3285 1090 3547 1157 tempus,
3569 1083 3797 1140 dilectis-

2178 1171 2496 1244 simi,quod
2530 1174 2593 1245 (i)
2619 1174 2768 1229 inter
2783 1175 3269 1231 resurrectionem
3293 1173 3530 1230 Domini
3551 1177 3606 1229 et
3623 1189 3797 1229 ascen-

2177 1260 2402 1321 sionem
2428 1263 2557 1333 ejus
2573 1267 2839 1318 exactum
2861 1268 2971 1331 est,
2997 1263 3106 1319 hoc
3128 1263 3499 1335 providentia
3519 1262 3615 1318 Dei
3657 1278 3799 1318 cura-

2174 1349 2394 1417 vit,hoc
2415 1350 2748 1417 docuit,hoc
2772 1369 3013 1409 suorum
3046 1353 3109 1425 (j)
3134 1357 3189 1408 et
3209 1349 3399 1407 oculis
3424 1351 3727 1408 insinuavit
3751 1356 3798 1406 et

2176 1439 2471 1506 cordibus,
2489 1444 2554 1495 ut
2581 1441 2869 1497 Dominus
2896 1441 3068 1498 Jesus
3098 1441 3173 1513 (k)
3205 1440 3480 1497 Christus
3499 1457 3624 1496 vere
3648 1456 3802 1513 agno-

2176 1533 2437 1583 sceretur
2453 1530 2860 1596 resuscitatus,
2877 1530 3131 1602 quivere
3152 1535 3275 1585 erat
3308 1533 3571 1600 natus,et
3596 1547 3799 1601 passus,

2175 1621 2233 1672 et
2264 1623 2546 1673 mortuus.
2570 1619 2729 1674 Unde
2758 1620 3083 1675 beatissimi
3108 1618 3357 1691 apostoli
3392 1635 3703 1691 omnesque
3729 1618 3801 1673 di-

2175 1705 2523 1781 scipuli,qui
2547 1712 2603 1762 et
2633 1708 3639 1780 (1)deexitucrucisl‘ueranttrcpidi,
3668 1711 3718 1763 et
3743 1707 3801 1763 de

2176 1795 2291 1850 fide
2311 1796 2754 1851 resurrectionis
2770 1797 3054 1869 ambigui,
3071 1797 3151 1852 ita
3181 1800 3323 1852 sunt
3352 1796 3593 1852 veritate
3613 1795 3803 1868 perspi-

2174 1900 2284 1940 cua
2315 1884 2587 1952 roborati,
2623 1890 2685 1940 ut
2732 1884 2978 1941 Domino
3028 1886 3087 1940 in
3145 1885 3433 1942 cmlorum
3474 1886 3623 1943 292
3651 1889 3797 1944 eunte

2175 1971 2593 2039 sublimia,non
2626 1972 2819 2029 solum
2848 1974 3009 2029 nulla
3039 1975 3415 2029 afficerentur
3443 1975 3691 2041 tristitia,
3714 1974 3797 2029 sed

2174 2058 2350 2113 etiam
2387 2076 2597 2131 magno
2628 2060 2841 2129 gaudio
2873 2060 3235 2133 replerentur
3262 2064 3420 2132 (Luc.
3440 2080 3590 2129 xxuv,
3609 2063 3713 2134 52),
3741 2066 3797 2117 Et

2176 2164 2370 2203 revera
2393 2166 2604 2221 magna
2635 2151 2730 2221 (in)
2752 2154 2809 2205 et
2829 2149 3139 2207 ineffabilis
3160 2157 3286 2207 erat
3308 2169 3493 2208 causa
3512 2151 3794 2223 gaudendi,

2174 2254 2307 2292 cum
2333 2237 2389 2292 in
2406 2244 2714 2309 conspectu
2731 2244 2943 2294 sanctae
2959 2239 3358 2295 multitudinis
3371 2239 3793 2313 superomnium

2175 2332 2574 2382 creaturarum
2599 2326 2919 2383 caelestium
2939 2328 3287 2400 dignitatem
3322 2329 3567 2385 humani
3598 2327 3795 2402 generis

2176 2421 2383 2471 natura
2404 2416 3402 2490 (n)conscenderet,supergressum
3435 2418 3795 2491 angelicosoro

2174 2504 2360 2574 dines,
2385 2510 2442 2559 et
2463 2503 2618 2561 ultra
2639 2504 3121 2577 archangelorum
3159 2505 3506 2563 altitudines
3531 2506 3792 2573 elevanda,

2175 2610 2277 2648 nec
2301 2593 2439 2648 ullis
2451 2592 2916 2649 sublimitatibus
2932 2595 3170 2649 modum
3193 2612 3314 2650 sua:
3331 2593 3796 2669 provectionisha-

2175 2683 2387 2746 bitura,
2417 2682 2531 2737 nisi
2571 2682 2767 2736 aeterni
2826 2682 3015 2738 Patris
3064 2689 3295 2755 recepta
3330 2701 3627 2751 concessu,
3657 2682 3789 2738 illius

2173 2771 2368 2844 gloriae
2390 2771 2710 2825 sociaretur
2739 2770 2796 2825 in
2830 2770 3237 2842 thron0,cujus
3268 2778 3494 2829 natura:
3517 2772 3794 2846 copulaba-

2174 2861 2343 2917 turin
2367 2860 2529 2915 Filio.
2563 2859 2707 2925 Quia
2727 2859 3133 2932 igiturChristi
3149 2863 3441 2929 ascensio,
3477 2867 3668 2919 nostra
3684 2877 3789 2932 pro~

2173 2947 2358 3004 vectio
2389 2952 2561 3013 est,et
2593 2965 2706 3020 quo
2755 2948 3051 3020 praecessit
3089 2948 3278 3022 gloria
3331 2952 3561 3023 capitis,
3591 2968 3652 3005 eo
3679 2966 3790 3021 spes

2170 3042 2407 3093 vocatur
2426 3040 2482 3091 et
2512 3037 3009 3110 corporis,dignis,
3031 3038 3431 3107 dilectissimi,
3464 3038 3788 3096 exsultemus

2172 3127 2423 3200 gaudiis,
2458 3131 2513 3180 et
2546 3126 2639 3197 pia
2686 3127 3003 3198 gratiarum
3053 3127 3281 3183 actione
3320 3127 3604 3185 lzetemur.
3637 3125 3788 3182 Hodie

418 3214 656 3287 erant(]‘)
704 3214 917 3286 tepida,
962 3218 1255 3269 rcserante
1276 3203 1607 3285 Scripturas
1637 3214 1904 3283 Domino,
1937 3218 2057 3272 efﬁ-
2091 3203 2133 3269 C
2171 3215 2329 3270 enim
2361 3232 2474 3270 non
2511 3214 2700 3269 solum
2750 3216 3008 3286 paradisi
3058 3232 3436 3287 possessores
3480 3216 3681 3273 firmati
3712 3232 3789 3269 su-

417 3303 653 3359 ciuntur
671 3304 953 3359 ardentia.
1003 3303 1066 3358 ln
1104 3303 1381 3359 fractione
1421 3320 1653 3374 quoque
1674 3306 1841 3376 panis
1862 3323 2062 3363 conve-

416 3390 1528 3465 scentiumaperiunturobtutus;multo
1544 3389 2059 3464 feliciusgg)horum

416 3480 599 3536 oculis
620 3481 947 3552 patefactis,
966 3480 1182 3551 quibus
1204 3485 1425 3534 naturae
1447 3496 1564 3534 sua:
1584 3480 1954 3538 manifestata
1970 3489 2062 3540 est

416 3566 782 3639 glorificatio,
807 3584 981 3638 quam
1004 3566 1239 3622 illorum
1270 3567 1502 3638 generis
1523 3569 1703 3623 nostri
1726 3570 2057 3644 principum

415 3655 633 3727 quibus
655 3654 1141 3726 praevaricationis
1164 3673 1281 3710 suae
1312 3660 1401 3710 est
1452 3656 1678 3728 ingesta
1697 3660 1984 3715 confusio.

486 3746 619 3801 CAP.
657 3742 728 3800 ΙΙΙ
765 3774 833 3784 -
862 3742 1017 3798 Inter
1067 3743 1188 3798 haec
1233 3749 1426 3799 autem
1477 3743 1706 3818 aliaque
1751 3748 2053 3817 miracula,

412 3850 550 3891 cum
583 3832 855 3905 discipuli
882 3831 1126 3903 trepidis
1161 3832 1614 3905 cogitationibus
1644 3841 1975 3905 aestuarem,
1998 3842 2057 3894 et

411 3922 782 3998 apparuisset
810 3921 868 3977 in
901 3919 1093 3977 medio
1113 3937 1315 3977 eorum
1351 3922 1635 3978 Dominus
1671 3924 2050 3998 dixissetque,

410 4014 529 4071 Pan:
565 4013 715 4070 vobis
754 4012 901 4082 (an.
932 4027 1087 4078 xxxv,
1132 4011 1203 4066 36
1226 4028 1240 4077 ;
1261 4011 1418 4067 Joan.
1443 4028 1536 4079 xx,
1559 4014 1670 4083 26):
1713 4030 1785 4069 ne
1818 4014 1927 4070 hoc
1962 4033 2051 4072 re-

408 4106 671 4160 maneret
690 4099 750 4158 iu
780 4116 983 4157 eorum
1028 4098 1406 4173 opinionibus
1454 4102 1609 4174 quod
1631 4101 1967 4160 volvebatur
1990 4105 2050 4160 in

405 4193 679 4249 cordibus
722 4191 1032 4264 (putabant
1060 4190 1217 4247 enim
1260 4207 1324 4246 se
1352 4189 1628 4263 spiritum
1667 4192 1879 4261 videre,
1933 4210 2049 4249 non

404 4282 685 4352 carnem),
730 4280 1028 4354 redarguit
1064 4278 1446 4353 cogitationes
1477 4297 1512 4335 a
1539 4280 1778 4338 veritate
1827 4281 2048 4339 discor-

478 4428 506 4456 «
537 4406 624 4461 Ita
661 4422 790 4459 cum
832 4406 1048 4469 Quesn.
1081 4422 1192 4468 ms,
1245 4406 1374 4459 Vat.
1400 4405 1541 4461 3835
1564 4410 1620 4462 et
1638 4405 1849 4462 Homil.
1883 4407 2047 4464 Pauli

404 4477 561 4532 Diae.
584 4476 694 4547 Alii
727 4477 953 4547 codices
993 4480 1050 4547 et
1085 4476 1246 4547 editi,
1292 4476 1486 4547 pandit
1523 4477 1774 4534 historia.
1809 4479 1941 4535 Mox
1986 4480 2046 4536 in

401 4547 607 4633 eodem
637 4546 847 4633 IIomil.
872 4546 1033 4600 Pauli
1066 4546 1248 4613 Diac.,
1272 4546 1515 4633 revoluto
1529 4555 1941 4633 nimonumento
1966 4553 2044 4606 ιη·
2074 4568 2120 4633 D

395 4619 542 4690 pide.
565 4616 708 4690 Dein
734 4621 865 4690 ante
888 4634 1084 4690 vocem
1130 4619 1443 4690 sepulcrum
1479 4620 1616 4675 editi
1661 4626 1794 4677 ante
1825 4623 2036 4685 Quesn.

399 4686 533 4745 cum
566 4686 923 4813 qﬁibusdam
943 4688 1111 4742 codd.
1135 4689 1358 4744 addunt
1377 4691 1846 4761 conjunctionem
1869 4702 1938 4749 et.

471 4760 616 4831 (1))“
649 4774 697 4813 s.
730 4757 1105 4831 Veronensis,
1138 4769 1383 4815 nutante.

495 4762 548 4831 ὁ)
591 4762 697 4813 Ms.
730 4762 1105 4825 Veronensis,
1138 4769 1383 4815 nutante.

468 4762 540 4901 ge)
568 4829 951 4901 Vetuseditio
972 4829 1049 4899 (id
1074 4834 1163 4885 est
1185 4830 1371 4901 prima
1391 4836 1449 4886 et
1486 4837 1701 4887 caetera:
1733 4850 1801 4889 ex
1839 4836 2040 4891 cadem

396 4899 742 4974 recu’szelsic
764 4899 959 4965 habet,
982 4899 1237 4974 contatio,
1274 4901 1330 4955 id
1355 4906 1442 4957 est
1457 4908 1813 4974 percontatio.
1836 4906 1898 4960 In
1921 4906 2042 4961 vul-

393 4974 550 5046 gatis
568 4971 761 5041 editis,
783 4972 1074 5027 cunctatio.
1109 4971 1502 5037 Qussummué.
1530 5006 1592 5015 —-
1614 4975 1828 5029 Verum
1854 4986 2036 5032 conla-

391 5043 468 5100 tio
502 5043 652 5116 idem
676 5047 762 5116 est
783 5059 848 5098 ac
877 5047 1162 5116 cunctatio,
1190 5059 1294 5098 nec
1322 5060 1424 5114 pro
1449 5049 1857 5116 percontatione
1885 5064 2041 5104 acce-

391 5114 940 5191 ptainveniet.ur_:in
972 5115 1160 5191 prima
1196 5117 1388 5191 autem
1418 5114 1723 5191 editioner
1760 5136 1862 5191 pro
1898 5137 1935 5174 ιι
1978 5120 2036 5175 in

392 5185 686 5242 similibus
709 5185 946 5257 vocibus
966 5185 1300 5257 frequenter
1329 5185 1621 5243 scribitur.
1650 5185 1795 5245 Hinc
1815 5200 2035 5246 cuncta-

391 5261 465 5314 tio
488 5274 620 5313 cum
644 5256 920 5313 omnibus
935 5256 1085 5312 mss.
1104 5257 1499 5325 restituimus;
1533 5264 1589 5313 et
1610 5259 2035 5317 haesitationem

389 5329 604 5402 innuit,
645 5345 780 5402 quae
821 5326 997 5402 simul
1042 5344 1176 5383 cum
1229 5327 1571 5385 curiositate
1611 5329 1940 5402 inquirendi
1979 5339 2037 5389 et

389 5399 611 5473 sciendi
631 5399 1009 5473 jungebatur.

456 5470 652 5545 msie
668 5470 842 5545 Qu'es.
865 5470 1597 5545 etnosterantiquissimus
1616 5472 1744 5529 Vat.
1763 5489 1895 5529 cum
1914 5475 2032 5531 Ho-

385 5540 523 5598 mil.’
546 5542 705 5599 Pauli
736 5543 894 5599 Diae.
920 5540 1032 5611 AL,
1067 5544 1128 5599 in
1167 5546 1266 5599 eis.

475 5616 523 5683 e)
552 5615 856 5688 Exemplar
888 5614 1047 5670 Pauli
1084 5614 1267 5688 Diac.,
1291 5614 1732 5688 commendatur.

471 5688 521 5765 Γ)
537 5691 620 5745 Ita
644 5703 711 5745 ex
733 5685 975 5766 antiquo
997 5703 1110 5747 ms.
1133 5686 1260 5748 Vat.
1289 5685 1744 5761 Longobardico,
1767 5686 1849 5747 uti
1879 5690 2027 5759 Que-

649 4774 697 4813 s.
730 4757 1105 4825 Veronensis,
1138 4769 1383 4815 nutante.

2174 3305 2435 3367 mus,sed
2468 3303 2640 3359 etiam
2674 3303 2951 3359 ccelorum
2984 3304 3041 3359 in
3090 3304 3318 3361 Christo
3370 3323 3618 3379 superna
3642 3320 3789 3377 pene-

2170 3393 2485 3448 travimus:
2519 3391 2804 3465 ampliora
2833 3393 3026 3465 adepti
3076 3410 3179 3466 per
3221 3395 3575 3451 ineffabilem
3605 3391 3786 3450 Christi

2168 3481 2417 3553 gratiam
2449 3497 2625 3553 quam
2673 3499 2774 3554 per
2829 3482 3045 3538 diaboli
3092 3483 3488 3543 amiseramus
3520 3483 3784 3539 invidiam.

2166 3571 2313 3625 Nam
2348 3588 2494 3642 quos
2516 3570 2839 3626 virulentus
2870 3570 3146 3627 inimicus
3184 3572 3362 3644 primi
3397 3570 3699 3628 habitaculi
3726 3570 3788 3623 fe-

2168 3658 2384 3715 licitate
2414 3660 2748 3731 dejecit,eos
2779 3660 2891 3716 sibi
2921 3667 3375 3733 concorporatos
3397 3663 3494 3718 Dei
3528 3661 3697 3718 Filius
3724 3656 3782 3714 ad

2166 3748 2461 3804 dexteram
2497 3748 2682 3804 Patris
2740 3748 3068 3805 collocavit:
3103 3750 3178 3818 (0)
3236 3768 3373 3806 cum
3435 3769 3549 3823 quo
3591 3748 3715 3805 vivit
3738 3750 3783 3800 et

2165 3838 2446 3909 regnatin
2480 3838 2702 3893 unitate
2749 3838 2999 3910 Spiritus
3057 3840 3244 3895 sancti
3300 3844 3455 3898 Deus
3486 3857 3585 3913 per
3611 3835 3783 3894 omnia

2164 3923 2375 3979 stecula
2407 3924 2776 3981 saeculorum.
2810 3932 3016 3982 Amen.

2526 4032 2770 4088 SERMO
2812 4031 3032 4089 LXXIV
3073 4034 3176 4099 [Αι.
3222 4035 3455 4106 Lxxu].

2587 4123 2669 4177 De
2691 4122 3016 4179 Ascensione
3058 4125 3287 4179 Domini
3315 4126 3385 4181 Il.

2161 4208 2536 4282 SYNﬁOPSIS.—-
2563 4214 2606 4264 Ι.
2630 4211 2957 4266 Ascensione
2984 4214 3035 4267 et
3064 4211 3332 4282 gaudium
3361 4217 3604 4269 nostrum
3622 4209 3777 4282 adim-

2224 4281 2389 4352 pleri,
2422 4285 2474 4336 et
2502 4282 2666 4352 ﬁdem
2696 4285 2943 4337 nostram
2969 4280 3225 4355 spemque
3266 4286 3631 4340 mirabiliores
3651 4280 3774 4352 ﬁeri.

2157 4402 2379 4479 snellu‘s
2412 4405 2769 4479 inﬁmargine
2821 4406 3234 4478 corrigendum
3289 4409 3625 4479 conjecerat,
3658 4418 3772 4459 cum

2156 4482 2310 4561 esset
2335 4476 2398 4561 in
2429 4478 2603 4532 editis
2628 4476 2884 4561 aliisque
2917 4476 3086 4560 mss.“
3110 4480 3343 4561 trepida.

2227 4546 2303 4617 (g)
2334 4547 2425 4602 Si':
2458 4565 2590 4603 cum
2625 4546 2840 4615 Quesn,
2876 4550 3058 4605 nostri
3089 4546 3343 4621 potiores
3383 4550 3548 4607 codd.
3576 4546 3682 4613 AL,
3704 4558 3772 4598 εο-

2154 4633 2219 4671 ru
2226 4635 2299 4672 m.

2224 4687 2307 4829 £11)
2340 4688 2536 4745 Prima
2563 4689 2740 4745 editio
2768 4694 2825 4746 et
2853 4708 3007 4748 unus
3040 4709 3147 4748 ms.
3184 4692 3339 4759 Vat.,
3368 4694 3620 4749 tenerent.

2248 4760 2287 4829 τ’)
2318 4760 2468 4815 Editi
2503 4768 2635 4816 ante
2666 4765 2861 4829 Ques.,
2924 4766 3067 4820 inter
3121 4767 3563 4821 resurrectionem
3602 4778 3620 4816 ι

2248 4760 2468 4835 illam“
2502 4768 2635 4835 {inte
2666 4765 2861 4832 0008.,
2924 4766 3067 4820 inter
3121 4767 3563 4821 resurrectionem
3602 4763 3649 4816 ct
3692 4771 3769 4835 as:

2149 4832 2458 4886 censionem
2490 4834 2729 4888 Domini.
2762 4835 3233 4898 Quesnellianam
3281 4836 3577 4892 lectionem
3611 4832 3768 4887 nostri

2150 4902 2320 4956 codd.
2347 4903 2551 4958 fultam
2588 4904 2960 4963 retinuimus.

2222 4972 2285 5050 (ἱ)
2315 4973 2471 5050 Unus
2501 4981 2768 5050 vetustus
2795 4979 2973 5050 codex
2989 4979 3170 5046 addit,
3203 4977 3609 5050 discipulorum.

2223 5043 2297 5167 Ἥ
2333 5045 2448 5127 Vox
2483 5046 2985 5130 Chrt'stusadjecta
3016 5067 3084 5106 ex
3114 5040 3522 5122 antiquissimo
3571 5044 3689 5099 Vat.
3716 5040 3764 5093 et

2297 5117 2456 5167 orml.
2492 5117 2653 5167 Pauli
2691 5125 2842 5167 nine-

2148 5117 2456 5194 exiliornil.
2492 5117 2847 5194 PauliDiac;
2880 5189 2944 5194 __
3091 5192 3126 5194 ν
3376 5192 3385 5194 μ
3499 5189 3510 5194 _

2218 5186 2376 5268 (l).In
2408 5187 2644 5245 laudato
2678 5190 2838 5245 Pauli
2879 5189 3037 5245 Diae.
3088 5191 3448 5257 Homiliario,
3476 5189 3538 5245 de
3587 5182 3759 5243 milia

2144 5270 2346 5313 crucis.

2217 5328 2315 5402 (In)
2348 5330 2485 5402 Cod.
2521 5331 2892 5399 Veronensis,
2924 5341 2973 5388 et
3015 5334 3426 5391 inwstz'mabitis
3463 5338 3614 5402 atque
3640 5321 3758 5392 inef-

2142 5398 2487 5475 faoitisitiox
2517 5407 2695 5475 tanta:
2724 5420 2825 5475 pro
2853 5398 3059 5459 sancta:
3089 5406 3147 5460 in
3181 5421 3296 5459 uno
3324 5422 3432 5459 ms.

2213 5469 2295 5611 En)
2328 5473 2432 5529 Ms.
2467 5469 2907 5529 vetustissimus
2940 5475 3091 5541 Vat.,
3115 5475 3533 5533 conscenderit.
3744 5529 3756 5543 ,

2235 5548 2288 5609 0)
2318 5543 2473 5599 Idem
2508 5545 2959 5611 antiquissimus
2988 5546 3118 5602 Vat.
3165 5551 3222 5603 et
3270 5563 3379 5601 ms.
3426 5544 3754 5611 Veronam-ﬂ

2235 5548 2288 5623 ρ)
2318 5543 2473 5623 Idem
2508 5545 2959 5623 antiquissimus
2988 5546 3118 5602 Vat.
3165 5551 3222 5603 et
3269 5563 3379 5623 _ms.
3426 5544 3761 5623 γεω-,λῃ

2144 5610 2284 5690 vivit
2310 5622 2365 5671 et
2393 5623 2596 5688 regnat
2626 5610 2755 5674 c'um
2779 5621 2894 5674 Deo
2924 5623 3108 5675 Patre
3122 5619 3499 5690 omnipotente
3549 5621 3611 5690 et
3642 5610 3752 5675 Si?"

2147 5689 2266 5747 ritu
2295 5684 2493 5747 sancto
2524 5691 2582 5747 in
2611 5691 2965 5763 sempiterna
2989 5691 3201 5749 uacula
3221 5684 3750 5748 siculorumnmea-
