3946 6214
433 362 551 441 399

1545 361 1606 420 S.
1653 357 1932 431 LEONIS
1978 355 2235 419 MAGNI‘
2273 354 2714 418 SERMONES.

3701 356 3804 427 400

434 493 712 565 quoniam
745 491 1048 565 glorilicati
1084 492 1341 564 corporis
1375 496 1644 546 manente
1679 496 1979 560 natura,eo
2013 490 2071 542 ﬁ~

2217 508 2224 545 ι
2238 490 2564 544 carnalibus
2577 488 2869 543 desideriis
2880 501 3008 559 quia
3023 487 3271 542 militant
3284 488 3563 551 adversus
3573 488 3749 543 anima
3765 508 3801 540 ‘lt

432 582 535 638 des
566 582 936 637 credentium
968 581 1305 651 vocabatur,
1339 579 1437 635 ubi
1469 596 1584 635 non
1628 578 1845 635 carnali
1880 596 2079 647 manu,

431 670 532 747 sed
565 668 825 742 spiritali
858 668 1009 741 295
1039 668 1358 737 intellectu,
1393 685 1496 741 par
1524 668 1779 724 Genitori
1806 667 2082 740 Unigcni-

432 762 530 819 tus
562 761 925 832 tangeretur.
962 757 1107 813 Hinc
1137 757 1282 814 illud
1314 763 1403 815 est
1432 758 1586 831 quod
1628 761 1760 829 post
1790 773 2088 813 resurrec-

433 846 651 908 tionem
685 863 853 902 suam
885 847 968 919 (ιι)
995 846 1300 916 Dominus,
1351 864 1484 903 cum
1518 845 1701 902 Maria
1743 844 2084 918 Magdalene

438 952 759 1008 personam
788 935 1057 992 Ecclesiae
1115 952 1343 1009 gerens,
1378 937 1448 991 ad
1507 938 1840 991 contactum
1899 934 2087 1007 ipsius

439 1028 794 1102 prpperaretl
813 1025 1105 1094 accedere,
1142 1024 1284 1080 dicit
1314 1025 1363 1080 ei
1391 1024 1554 1091 :It'oli
1574 1041 1661 1089 me
1679 1030 2090 1095 tangere,non-

442 1113 578 1191 cluat
603 1114 755 1188 enim
780 1114 1011 1187 escendi
1038 1114 1120 1170 ad
1148 1115 1381 1169 Patrem
1411 1130 1603 1171 meum
1629 1114 1822 1185 (Joan.
1846 1131 1938 1180 xx,
1966 1112 2052 1184 l7)
2070 1129 2095 1167 :.

445 1201 560 1277 hoc
584 1206 694 1273 est,
728 1201 860 1275 nolo
891 1206 958 1258 ut
984 1203 1056 1258 ad
1090 1219 1184 1259 me
1213 1202 1591 1273 corporaliter
1637 1203 1856 1271 venias,
1891 1219 1995 1259 nee
2026 1206 2090 1257 ut

445 1306 540 1353 me
565 1305 742 1365 sensu
774 1290 969 1361 carnis
993 1307 1277 1365 agnoscas
1302 1310 1315 1359 ;
1348 1292 1418 1346 ad
1444 1286 1787 1348 sublimiOra
1806 1296 1857 1347 te
1889 1291 2093 1347 ditl‘ero

448 1379 676 1452 majora
698 1378 802 1436 tibi
832 1396 1112 1453 praepara.
1146 1380 1289 1436 Cum
1313 1380 1383 1435 ad
1411 1381 1638 1436 Patrem
1674 1382 1963 1453 (b)meum
1996 1398 2088 1435 as-

447 1466 717 1538 cendcro,
735 1473 876 1526 tunc
900 1486 991 1525 me
1016 1467 1329 1541 perfectius
1351 1469 1665 1541 veriusque
1687 1468 1973 1542 palpabis,
1995 1485 2092 1541 ap-

446 1555 813 1633 prehensura
828 1558 983 1629 quod
1018 1574 1130 1613 non
1150 1558 1362 1630 tangis,
1386 1562 1444 1613 et
1473 1559 1765 1614 creditura
1796 1560 1947 1630 quod
1975 1576 2093 1627 non

446 1645 657 1705 cernis.
680 1645 824 1703 Cum
850 1651 1044 1701 autem
1059 1646 1471 1703 ascendentem
1488 1647 1560 1702 ad
1585 1646 1759 1703 caelos
1777 1648 2090 1704 Dominum

449 1736 813 1808 sequacss(c)
836 1734 1261 1808 discipulorum
1286 1735 1436 1791 oculi
1461 1736 1685 1791 intenta
1708 1736 2093 1791 admiratione

449 1824 839 1897 suspicerent,
876 1825 1194 1880 astiterunt
1225 1826 1309 1895 (d)
1342 1842 1537 1880 coram
1571 1825 1715 1897 ipsis
1748 1824 1936 1896 angeli
1977 1825 2093 1880 duo

453 1911 705 1966 mirabili
723 1913 971 1968 vestium
995 1913 1245 1968 candore
1269 1913 1576 1985 fulgentes,
1595 1914 1691 1984 qui
1712 1917 1768 1967 ct
1794 1913 2090 1968 dixerunt:

458 2001 587 2063 Viri
615 2000 858 2067 Galilazi,
889 2001 1026 2073 quid
1055 2002 1221 2057 statis
1250 2002 1594 2070 aspicientes
1628 2002 1685 2058 in
1716 2004 1953 2057 ca-lum?
1984 2003 2095 2059 Hic

453 2090 613 2145 Jesus
642 2090 742 2161 qui
770 2095 1096 2159 assumptus
1127 2099 1209 2146 est
1239 2107 1275 2145 ιι
1306 2091 1462 2146 vobis
1478 2091 1537 2145 in
1552 2092 1868 2155 ca:lum,sic
1889 2092 2094 2159 veniet,

454 2179 948 2249 quemadmodum
979 2179 1209 2249 vidistis
1225 2195 1356 2235 eum
1387 2188 1612 2235 euntem
1646 2181 1703 2234 in
1733 2180 2095 2249 caelavit-let.

456 2283 494 2333 I,
530 2266 637 2337 11).
672 2266 894 2329 Quibus
927 2266 1118 2322 verbis
1151 2284 1355 2323 omnes
1385 2267 1653 2323 Ecclesia:
1686 2268 1789 2323 filii
1820 2270 2104 2325 doceban-

454 2358 552 2411 tur
581 2353 831 2413 utJesus
856 2354 1124 2411 Christus
1141 2354 1197 2409 in
1216 2357 1418 2411 eadem
1434 2373 1550 2428 qua
1566 2357 1907 2412 ascenderat
1927 2374 2099 2414 carne

453 2445 733 2509 venturus
762 2442 1009 2500 visibilis
1022 2444 1383 2512 crederetur;
1408 2462 1512 2500 nec
1529 2446 1957 2518 possetambigi
1982 2463 2105 2501 om-

455 2532 554 2587 nia
584 2530 665 2588 illi
696 2548 824 2588 esse
852 2532 1136 2603 subjecta,
1170 2532 1264 2588 cui
1286 2533 1357 2588 ab
1380 2532 1505 2605 ipso
1534 2550 1821 2606 corporeae
1842 2535 2104 2591 nativita-

457 2621 533 2676 tis
564 2620 798 2689 exordio
819 2619 1140 2677 famulatus
1160 2621 1433 2678 servisset
1453 2622 2103 2695 angelicus.Sicutenim

461 2709 909 2782 concipiendum
921 2709 1218 2766 Christum
1232 2711 1302 2766 de
1315 2710 1529 2783 Spiritu
1556 2716 1755 2768 sancto
1778 2713 1956 2769 beata:
1977 2713 2104 2768 Vir-

464 2798 585 2881 gini
617 2797 862 2873 angelus
892 2799 1200 2867 nuntiavit,
1226 2798 1308 2856 sic
1329 2804 1385 2856 et
1406 2800 1628 2856 editum
1648 2800 1719 2856 de
1734 2801 1976 2875 Virgine
2000 2819 2106 2858 vox

465 2887 786 2945 cmlestium
820 2888 1152 2960 pastoribus
1184 2887 1429 2944 cecinit:
1476 2888 1629 2945 sicut
1659 2891 2047 2948 resurrexisse
2076 2909 2111 2947 a

472 2976 741 3046 mortuis,
771 2992 1159 3049 supernorum
1195 2977 1534 3033 nuntiorum
1557 2978 1627 3049 (ο)
1645 2979 1835 3050 prima
1855 2980 2112 3038 testimo.

469 3066 570 3123 nia
595 3067 935 3134 docuerunt,
969 3067 1054 3124 sic
1081 3068 1153 3123 ad
1178 3068 1567 3139 judicandum
1599 3070 1886 3126 mundum
1909 3071 1966 3125 in
1986 3071 2116 3144 ipsa

468 3172 644 3212 carne
664 3160 834 3211 ventu
846 3155 1351 3230 rum,angelorum
1374 3157 1565 3213 ofﬁcia
1592 3158 1661 3228 (Γ)
1692 3158 2109 3230 praedicarunt:

2192 580 2235 650 (Ι
2265 580 2423 633 Patr.
2460 596 2519 646 Il,
2557 580 2663 646 11).
2700 576 2800 631 Cui
2823 581 3018 631 autem
3046 574 3159 631 nisi
3184 574 3418 631 diabolo
3441 576 3691 633 carnales
3712 578 3805 632 mi-

2192 667 2364 722 litant
2383 666 2729 738 voluptates,
2757 664 2857 737 qui
2890 665 3119 721 animas
3149 665 3219 719 ad
3249 680 3509 736 superna
3538 665 3808 722 tendentes

2192 754 2665 827 corruptibilium
2691 756 2976 810 bonorum
2998 752 3487 809 delectationibus
3509 753 3747 826 obligare
3766 761 3811 810 et

2194 846 2267 900 ab
2296 844 2411 900 illis
2444 844 2683 900 sedibus
2716 844 2787 899 de
2809 843 3026 915 quibus
3047 843 3171 915 ipse
3187 832 3401 898 excidit
3423 843 3633 915 gaudet
3654 844 3810 899 abdu-

2195 937 2359 990 cere?
2374 934 2584 990 Contra
2601 933 2678 1005 (h)
2701 933 2870 1004 cujus
2887 931 3129 987 insidias
3153 931 3451 1003 sapienter
3472 932 3639 988 debet
3652 931 3812 988 ﬁdelis

2197 1023 2447 1095 quisque
2466 1021 2725 1093 vigilare,
2742 1026 2807 1077 ut
2830 1020 3135 1079 inimicum
3159 1037 3339 1080 suum
3360 1020 3432 1077 de
3461 1036 3528 1078 eo
3550 1021 3695 1092 quod
3714 1025 3815 1077 ten-

2196 1117 2354 1166 tatur
2382 1114 2569 1183 posSIt
2594 1110 2826 1165 elidere.
2861 1108 3013 1164 Nihil
3043 1114 3239 1169 autem
3256 1112 3351 1164 est
3377 1108 3644 1174 validius,
3668 1108 3814 1164 dilec~

2199 1200 2436 1265 tissimi,
2469 1204 2672 1255 contra
2703 1197 2918 1257 diaboli
2946 1198 3132 1265 dolos,
3159 1215 3340 1270 quam
3376 1197 3697 1270 benignitas
3723 1199 3812 1255 mi-

2199 1289 2525 1347 sericordia:
2555 1294 2614 1344 et
2644 1286 3225 1361 largitascharitatis,
3259 1304 3368 1360 per
3388 1304 3563 1359 quam
3590 1289 3648 1358 li)
3671 1305 3815 1347 omne

2202 1382 2503 1452 peccatum
2536 1381 2636 1432 aut
2656 1376 2983 1433 declinatur
3004 1381 3107 1430 aut
3125 1376 3398 1432 vincitur.
3420 1377 3531 1432 Sed
3550 1377 3714 1447 hujus
3728 1378 3816 1431 vir.

2201 1468 2344 1523 tutis
2364 1467 2699 1523 sublimitas
2724 1483 2838 1521 non
2862 1464 3024 1537 prius
3041 1465 3505 1537 apprehenditur
3518 1465 3815 1537 quamillud

2203 1557 2356 1628 quod
2379 1556 2430 1612 ei
2453 1555 2851 1611 adversarium
2874 1558 2964 1610 est
2984 1554 3324 1610 subruatur.
3343 1555 3491 1619 Quid
3520 1559 3813 1610 autemtam

2204 1644 2507 1701 inimicum
2534 1643 2949 1699 misericordiae.
2969 1648 3026 1699 et
3047 1644 3325 1717 operibus
3346 1643 3816 1715 eharitatis,quam

2204 1734 2463 1803 avaritia,
2491 1735 2561 1788 de
2581 1735 2751 1802 cujus
2774 1733 2968 1789 radice
2997 1734 3264 1790 omnium
3290 1732 3579 1788 malorum
3612 1748 3816 1805 germen

2205 1824 2494 1895 emergit?
2514 1823 2650 1887 Quae
2672 1823 2785 1877 nisi
2808 1822 2867 1877 in
2891 1823 3015 1877 suis
3031 1822 3337 1878 lomitibus
3355 1827 3819 1887 enecetur,neces-

2208 1930 2269 1969 se
2291 1917 2380 1969 est
2400 1918 2465 1966 ut
2485 1912 2542 1967 in
2566 1928 2704 1985 agro
2735 1911 2925 1967 cordis
2963 1911 3141 1979 illius,
3182 1911 3241 1966 in
3265 1928 3383 1983 quo
3406 1913 3479 1983 (j)
3501 1911 3669 1982 hujus
3703 1909 3815 1965 mali

2206 2002 2407 2074 planta
2432 2000 2745 2071 convaluit,
2770 2000 2950 2072 spinae
2973 2000 3171 2071 potius
3192 1999 3519 2071 tribulique
3555 1999 3812 2063 vitiorum,

2208 2108 2384 2163 quam
2410 2090 2595 2145 ullum
2619 2107 2763 2144 verae
2776 2090 3009 2145 virtutis
3022 2105 3221 2145 semen
3237 2089 3815 2146 oriatur.Rcsistamus

2207 2197 2365 2251 ergo,
2389 2178 2776 2248 dilectissimi,
2799 2178 2935 2233 huic
2958 2183 3074 2234 tam
3108 2179 3384 2249 pestifero
3407 2179 3578 2243 malo,
3599 2183 3650 2233 et
3667 2176 3821 2231 charis

2211 2274 2409 2335 tatem,
2436 2268 2560 2323 sine
2583 2285 2698 2339 qua
2722 2267 2883 2323 nulla
2905 2267 3086 2322 virtus
3102 2272 3294 2339 potest
3315 2269 3499 2324 nitere
3521 2269 3563 2339 (ἰ
3585 2267 3698 2323 Cor.
3715 2268 3814 2333 xm)

2209 2363 2502 2415 sectemur
2536 2363 2637 2412 :ut
2658 2375 2760 2429 per
2780 2357 2949 2424 hanc,
2975 2374 3090 2429 qua
3113 2358 3183 2412 ad
3225 2374 3335 2414 nos
3368 2375 3403 2413 a
3442 2356 3695 2413 Christus
3710 2355 3813 2409 des-

2212 2448 2425 2515 cendit,
2450 2446 2778 2502 dilectionis
2800 2447 2977 2512 viam,
3009 2446 3183 2504 etiam
3211 2464 3321 2503 nos
3364 2448 3433 2503 ad
3459 2447 3640 2518 ipsum
3660 2443 3815 2517 possi-

2213 2553 2346 2591 mus
2377 2536 2454 2607 (k)
2497 2536 2828 2603 ascendere,
2854 2536 2946 2590 cui
2970 2541 3058 2591 est
3083 2552 3218 2591 cum
3243 2537 3363 2591 Deo
3387 2536 3550 2591 Patre
3565 2541 3618 2590 et
3635 2532 3816 2605 Spiritu

2213 2630 2414 2682 sancto
2438 2625 2626 2682 honor
2644 2629 2702 2680 et
2724 2624 2912 2697 gloria
2930 2625 2990 2679 in
3013 2625 3225 2680 szecula
3246 2626 3610 2681 saeculorum.
3646 2626 3812 2678 Amen.

2566 2749 2810 2805 SEBMO
2852 2749 3039 2805 Lxxv
3079 2748 3184 2822 [AL
3245 2750 3505 2823 LXXIII].

2782 2839 2858 2893 De
2886 2840 3211 2896 Pentecoste
3241 2844 3293 2897 1.

2215 2948 2450 3003 Si'uoeSIs
2524 2975 2590 2984 —
2644 2947 2683 2997 l.
2746 2947 3079 3001 Christianam
3106 2947 3433 3003 Pentecosten
3493 2949 3693 3002 llosaiaz
3729 2962 3814 2997 m-

2274 3024 2490 3089 pondere
2560 3050 2623 3060 --
2666 3023 2722 3074 ll.
2776 3021 2932 3086 Quam
2988 3024 3216 3074 velociter
3262 3040 3326 3076 ac
3379 3025 3657 3076 mirabiliter
3677 3040 3703 3074 α
3724 3023 3814 3089 Spi-

2281 3102 2382 3149 ritu
2409 3102 2581 3149 sancto
2622 3100 2783 3149 edocti
2836 3099 2936 3148 sint
2991 3098 3233 3164 discipuli.
3263 3128 3332 3139 -—-
3363 3102 3438 3153 ill.
3488 3101 3689 3163 Per/ecta
3721 3112 3815 3163 per-

2285 3189 2516 3225 sonarum
2544 3175 2596 3223 in
2623 3173 2709 3225 SS.
2787 3173 3026 3227 Trinitate
3069 3176 3329 3239 aqualitas
3375 3178 3651 3242 explicatur.
3690 3202 3744 3211 —
3767 3173 3812 3222 IV

466 3248 532 3300 ut
561 3243 1023 3317 intelligeremus
1051 3250 1283 3318 quanta:
1313 3249 1631 3316 potestates
1677 3247 1796 3302 sint
1825 3249 2109 3306 adfutura
2141 3235 2184 3302 Ο
2286 3250 2753 3302 Macedonianorum
2809 3264 2947 3300 error
2990 3235 3162 3302 contra
3200 3235 3447 3318 Spirituni
3487 3259 3708 3311 sanam,
3748 3246 3813 3312 cui

464 3333 542 3404 (g)
567 3349 700 3388 cum
723 3333 1081 3403 judicaturo,
1105 3331 1198 3389 cui
1231 3337 1402 3388 tantae
1429 3334 1912 3393 ministraverunt
1931 3339 2105 3394 etiam

454 3420 798 3491 judicando.

531 3511 661 3562 CAP.
698 3512 765 3562 V.
800 3539 868 3549 —
902 3508 1242 3565 Exultemus
1273 3509 1867 3583 itaque,dilectissimi
1890 3516 2105 3588 gaudio

461 3594 732 3667 spiritali,
763 3599 820 3651 et
847 3596 1026 3669 digna
1044 3597 1199 3668 apud
1215 3597 1400 3653 Deum
1423 3599 1744 3671 gratiarum
1766 3604 1990 3659 actione
2010 3604 2103 3659 lae-

458 3684 669 3751 tantes,
695 3683 910 3741 liberos
934 3685 1127 3741 cordis
1158 3684 1354 3741 oculos
1377 3687 1447 3742 ad
1472 3686 1631 3742 illam
1654 3688 2023 3748 altitudinem
2044 3694 2102 3750 in

459 3790 576 3845 qua
606 3772 870 3829 Christus
900 3780 988 3829 est
1012 3773 1326 3846 erigamus.
1353 3775 1600 3830 Sursum
1622 3783 1854 3834 vocatos
1876 3781 2103 3840 animos

458 3861 745 3921 desideria
774 3866 1005 3919 terrena
1036 3878 1150 3918 non
1182 3862 1551 3935 deprimant;
1581 3866 1652 3919 ad
1685 3871 1898 3924 aeterna
1924 3886 2104 3941 praee-

457 3950 639 4009 lectos
648 3950 769 4024 peri
777 3956 907 4008 tura
919 3968 1035 4007 non
1048 3956 1359 4024 occupent;
1374 3952 1527 4007 viam
1540 3954 1796 4011 veritatis
1810 3958 2103 4029 ingressos

459 4040 691 4098 fallaces
720 4039 1003 4098 illecebrae
1038 4058 1152 4098 non
1184 4041 1475 4097 retardent
1502 4067 1515 4109 ;
1548 4047 1605 4098 et
1637 4044 1715 4099 ita
1746 4062 1780 4100 a
1831 4046 2101 4106 fidelibus

457 4128 579 4185 haec
595 4131 940 4204 temporalia
954 4132 1359 4200 decurrantur,
1376 4136 1441 4187 ut
1451 4133 1807 4206 peregrinari
1840 4152 1901 4192 se
1914 4135 1972 4190 in
1994 4136 2101 4194 hac

457 4218 659 4274 mundi
672 4219 820 4275 valle
833 4222 1273 4295 cognoscant,in
1290 4237 1405 4293 qua
1416 4221 1590 4278 etiam
1599 4221 1648 4277 si
1667 4223 1933 4294 quaedam
1947 4242 2101 4282 com-

457 4307 629 4363 moda
657 4307 1051 4375 blandiantur,
1084 4327 1198 4366 non
1231 4309 1638 4382 amplectenda
1677 4312 1962 4384 nequiter,
1997 4317 2097 4373 sed

455 4398 816 4451 transeunda
838 4403 975 4452 sunt
990 4397 1232 4454 fortiter.
1259 4398 1345 4472 A_d
1370 4398 1520 4455 hanc
1542 4399 1697 4455 enim
1724 4417 1830 4457 nos
1851 4402 2100 4460 devotio-

455 4498 587 4537 nem
612 4483 985 4541 beatissimus
1003 4486 1303 4561 apostolus
1324 4488 1530 4544 Petrus
1552 4489 1787 4557 incitat;
1812 4496 1867 4547 et
1889 4508 2096 4548 secun-

452 4569 487 4624 d
500 4586 595 4625 um
611 4570 771 4625 illam
785 4572 1156 4630 dilectionem
1170 4592 1345 4647 quam
1364 4576 1639 4648 pacendis
1659 4578 1872 4634 Christi
1889 4581 2095 4638 ovibus

451 4658 606 4714 trina
636 4660 916 4716 Duminici
944 4663 1161 4718 amoris
1193 4665 1551 4735 professione
1600 4668 1866 4739 concepit
1905 4668 2091 4739 (Joan.

450 4764 566 4814 xxI,
601 4748 669 4803 45
698 4749 807 4820 17),
831 4750 1143 4807 obsecrans
1165 4751 1307 4807 dicit
1332 4768 1344 4806 :
1371 4752 1981 4823 Charissimz',obsecm
2002 4774 2096 4813 vos

452 4844 743 4908 tamquam
776 4838 1033 4893 advenas
1062 4843 1118 4894 et
1134 4841 1788 4911 peregrinos,abstinere
1818 4862 1912 4901 vos
1940 4847 2093 4903 296

521 4958 887 5042 (a)_Vul_gati,
922 4962 1198 5042 Dominus
1225 4965 1436 5042 Marias
1489 4966 1869 5036 Magdalenae
1893 4988 2090 5042 perso-

447 5045 587 5084 nam
618 5031 882 5109 Eeclesitn
896 5036 1152 5109 gerenti,
1171 5051 1297 5109 cuin
1318 5036 1402 5109 ad
1421 5031 1739 5091 contactum
1768 5031 1941 5109 ipsiiu
1960 5060 2090 5108 pro-

447 5110 682 5168 peraret
712 5105 1005 5173 accedere,
1032 5107 1206 5161 dicit:
1235 5106 1378 5173 Noli,
1403 5115 1509 5163 etc.
1541 5105 1798 5173 Quatuor
1817 5105 2090 5171 vetustio-

447 5188 579 5227 rum
610 5173 779 5229 codd.
814 5175 1218 5232 auctoritatem
1251 5178 1434 5234 secuti
1466 5196 1693 5236 sumus.

472 5313 481 5323 _
517 5243 595 5314 (ὁ)
628 5243 968 5323 Υοξμηειιηι
991 5247 1189 5304 addita
1215 5266 1283 5304 ex
1303 5250 1715 5321 antiquissimo
1736 5252 1863 5307 Vat.
1884 5258 1940 5310 et
1960 5256 2090 5313 Lee-

442 5315 691 5379 tionario
720 5315 930 5373 Veron.

508 5386 585 5525 Σο)
621 5386 813 5444 Prima
842 5388 1020 5445 editio
1050 5393 1108 5446 et
1139 5392 1266 5446 cod.
1300 5396 1463 5458 Bon.,
1494 5394 1904 5461 apostolorum.

530 5460 587 5525 ά)
605 5460 1015 5525 Supplevimus
1032 5478 1237 5517 coram
1254 5462 1597 5518 auctoritate
1618 5463 1876 5525 quinque
1900 5484 1904 5525 τ

530 5460 587 5529 d)
605 5460 1015 5538 Supplevimus
1032 5478 1237 5538 coram
1254 5460 1598 5538 auctoritate
1613 5463 1876 5538 quinque
1898 5469 2084 5538 potio-

437 5543 569 5583 rum
587 5530 754 5605 codd’.
780 5537 837 5589 et
852 5532 1058 5605 prima:
1079 5534 1383 5602 editionis;
1408 5551 1474 5589 ac
1500 5551 1568 5589 ex
1586 5530 1816 5605 iisdem,
1842 5530 1946 5594 nec
1970 5557 2084 5595 non

433 5614 501 5684 ex
519 5601 758 5684 cpnctis
797 5601 1149 5684 editionibus
1162 5612 1296 5662 ante
1312 5605 1523 5669 Quesn.
1544 5601 1943 5666 revocavi’mus
1958 5628 2086 5684 par-

432 5670 672 5727 ticulam
704 5679 759 5728 et
791 5679 924 5730 ante
952 5675 1251 5732 dixerunt.

506 5740 952 5817 (e)Adjectivum
970 5749 1168 5824 prima
1179 5749 1343 5810 abest
1360 5766 1394 5809 a
1412 5749 1809 5809 vetustissimo
1826 5768 1935 5809 ms.
1951 5751 2078 5811 Vat.

2284 3326 2443 3377 omnis
2497 3325 2609 3376 boni
2642 3325 2751 3389 fons
2791 3329 2837 3376 et
2882 3340 3049 3377 causa.
3088 3356 3155 3364 —
3215 3330 3265 3379 V.
3330 3328 3506 3381 Omnia
3554 3330 3601 3379 in
3637 3325 3813 3379 Ecclesia

2274 3417 2367 3468 per
2392 3401 2632 3467 Spiritum
2659 3406 2884 3456 sanctum
2910 3404 3225 3468 sanctiﬁcari,
3282 3407 3346 3457 ab
3380 3421 3436 3457 eo
3477 3411 3523 3457 et
3542 3406 3637 3471 ipsa
3650 3400 3810 3468 jejunio

2280 3480 2522 3530 instituta.

2286 3599 2418 3654 CAP.
2453 3598 2495 3652 Ι.
2532 3627 2596 3638 -
2621 3596 2967 3652 Hodiernum
2992 3598 3448 3668 solemnitatem,
3470 3594 3804 3658 dilectissimi,

2214 3685 2273 3741 in
2301 3685 2609 3758 praecipuis
2633 3686 2795 3741 festis
2816 3703 2945 3742 esse
2968 3689 3386 3755 venerandam,
3401 3690 3463 3761 (1)
3484 3686 3718 3743 omnium
3737 3698 3806 3736 ca-

2215 3776 2274 3831 th
2284 3775 2563 3831 olieorum
2578 3776 2755 3831 corda
2767 3781 3148 3842 cognoscunt:
3164 3794 3267 3834 nec
3282 3779 3525 3834 dubium
3538 3776 3805 3846 cstquanta

2212 3865 2350 3922 huic
2370 3865 2481 3919 diei
2507 3865 2826 3920 reverentia
2844 3866 3329 3938 debeatur,quem
3353 3867 3592 3938 Spiritus
3609 3865 3805 3919 sanctus

2213 3954 2702 4011 excellentissimo
2728 3955 2874 4009 297
2903 3954 2993 4009 sui
3033 3955 3297 4012 muneris
3343 3952 3610 4012 miraculo
3641 3963 3801 4006 conse-

2212 4044 2409 4101 cravit.
2426 4044 2570 4098 Nam
2585 4042 2771 4098 abillo
2783 4043 2875 4098 die
2894 4059 3008 4114 quo
3021 4043 3308 4100 Dominus
3321 4043 3596 4117 super(m)
3608 4051 3799 4096 omnem

2211 4134 2490 4189 cwlorum
2532 4131 2902 4187 altitudinem
2951 4133 3023 4187 ad
3047 4132 3347 4190 dexteram
3388 4134 3481 4190 Dei
3502 4129 3670 4187 Patris
3689 4141 3797 4181 con-

2210 4239 2483 4279 sessurus
2506 4221 2789 4289 ascendit,
2816 4221 3079 4276 decimus
3117 4220 3229 4277 iste
3250 4227 3342 4278 est
3375 4222 3471 4295 qui
3492 4221 3559 4275 ab
3578 4214 3795 4289 ejusdem

2207 4311 2627 4368 resurrectione
2648 4310 3172 4381 quinquagesimus
3196 4312 3364 4368 nobis
3382 4312 3442 4367 in
3464 4326 3526 4365 eo
3543 4326 3574 4363 a
3592 4320 3692 4378 quo
3708 4318 3792 4355 cm-

2208 4401 2295 4472 pit
2328 4399 2535 4468 illuxit,
2570 4415 2787 4471 magna
2806 4398 3084 4470 mysteria
3113 4399 3172 4454 in
3206 4416 3266 4456 se
3298 4406 3354 4457 et
3382 4404 3621 4456 veterum
3641 4405 3793 4449 sacra-

2208 4493 2535 4544 mentorum
2552 4488 2856 4542 eontinens
2870 4491 2925 4541 et
2941 4502 3223 4544 novorum
3241 4506 3253 4543 :
3270 4490 3481 4562 quibus
3498 4477 3795 4541 manifestis-

2206 4579 2353 4633 sime
2376 4576 2722 4640 declaratur,
2738 4581 2795 4631 et
2814 4575 3059 4648 gratiam
3081 4579 3519 4649 prtenuntiatam
3540 4571 3696 4628 fuisse
3714 4579 3792 4637 per

2206 4666 2415 4739 legem,
2449 4668 2506 4720 ct
2535 4664 2720 4735 legem
2755 4664 3057 4737 impletum
3088 4684 3217 4724 esse
3255 4686 3357 4740 per
3384 4664 3630 4739 gratiam.
3660 4654 3790 4711 Sicut

2203 4758 2357 4813 enim
2381 4755 2617 4809 Hebraeo
2640 4754 2935 4824 quondam
2960 4756 3173 4828 populo
3196 4757 3268 4812 ab
3283 4754 3552 4829 {Egyptiis
3570 4746 3785 4806 liberam,

2201 4841 2690 4917 quinquagesimo
2712 4842 2803 4896 die
2826 4848 2956 4914 post
2979 4843 3433 4901 immolationem
3447 4840 3571 4912 agni
3585 4837 3662 4892 lex
3680 4831 3785 4885 data

2270 4970 2342 5039 (Γ)
2373 4967 2481 5032 AL,
2514 4965 2925 5039 declararunt.

2272 5030 2348 5111 {if}
2384 5030 2578 5093 Prima
2606 5038 2782 5093 editio
2812 5044 2867 5094 et
2901 5057 3053 5096 unus
3075 5041 3255 5097 codex
3274 5040 3465 5098 delent
3484 5030 3781 5111 ρνωροείῑίο·

2202 5130 2332 5168 netu
2366 5129 2514 5166 cum.
3697 5163 3725 5175 Α

2271 5183 2351 5253 (Ιι)
2378 5182 2573 5236 Prima
2602 5180 2799 5253 editio,
2834 5181 3021 5251 hujus.
3057 5182 3203 5250 Mox,
3229 5184 3287 5239 in
3310 5182 3527 5238 duobus
3548 5171 3774 5229 vetustio-

2198 5252 2360 5310 ribus
2391 5253 2582 5315 codd.,
2606 5252 2677 5307 de
2702 5270 2769 5306 eo
2796 5258 3096 5322 potentatu
3112 5257 3287 5321 possit
3314 5253 3540 5309 elidere.

2270 5328 2333 5397 (i)
2365 5311 2832 5405 Antiquissimu's
2864 5323 3013 5405 Vat._,
3043 5311 3213 5405 mune
3236 5329 3541 5405 peccatum,

2196 5386 2326 5467 1m“;
2345 5401 2401 5451 et
2426 5386 2689 5460 omittur,
2724 5403 2828 5450 aut
2859 5386 3124 5451 vincitur.
3149 5386 3251 5453 Ms:
3278 5397 3499 5459 Veron.,
3520 5395 3660 5444 omne
3673 5386 3772 5445 pec-

2196 5479 2393 5525 catum
2423 5472 2525 5521 aut
2565 5467 2871 5532 minuitur,
2903 5476 3010 5523 aut
3039 5470 3306 5525 vincitur.

2264 5541 2332 5610 (jl
2362 5537 2497 5594 COd-
2536 5540 2843 5610 Veronen,
2871 5539 3212 5610 [injusmodi
3239 5545 3449 5609 planta.

2289 5607 2344 5682 lc)
2378 5610 2536 5682 Idem
2567 5607 2745 5682 codex
2774 5607 2958 5682 addit,
2988 5607 3261 5667 accedere
3286 5620 3465 5681 atque.

2291 5678 2335 5754 ι)
2362 5678 2825 5754 antiquissimus
2853 5678 2980 5754 _Va_t.
3011 5682 3172 5751 3835,
3204 5678 3413 5741 omnia.
3444 5747 3457 5754 _
3604 5742 3613 5754 ,
3644 5734 3660 5754 _,

2289 5741 2363 5829 in)
2387 5741 2543 5810 Ideni
2567 5749 2745 5808 codex
2755 5751 2991 5820 omittit,
3006 5741 3251 5829 omnem,
3264 5759 3321 5813 et
3330 5747 3494 5827 paulo
3504 5741 3756 5821 potitum"
