3946 6214
158 376 251 449 ibi

1629 384 1893 456 SERMO
1935 386 2170 457 LXXV.

3475 352 3595 456 λιοὲ

160 522 236 578 est
258 517 317 577 in
346 524 572 580 monte
627 518 788 581 Sina
810 518 1000 598 (Exod.
1023 534 1134 592 xxx,
1169 521 1287 594 i7);
1323 517 1405 580 ita
1435 524 1568 598 post
1611 522 1834 597 passio-
1863 526 1919 594 Α
1946 540 2079 583 vero
2102 524 2166 599 (ἰ)
2188 524 2452 584 essentia:
2479 542 2598 585 suae
2629 522 2689 583 in
2721 540 2831 585 sua
2853 522 3078 584 Deltate
3107 499 3432 584 continuit:
3458 524 3598 598 quia

160 628 281 669 nem
310 610 391 685 (α)
425 610 692 681 Christi,
729 631 853 687 qua
899 630 1066 670 verus
1096 613 1197 670 Dei
1239 614 1441 686 Agnus
1472 614 1699 669 occisus
1731 617 1838 682 est,

163 702 670 776 quinquagesimo
706 720 742 758 a
775 703 1195 758 resurrectione
1224 701 1413 775 ipsius
1459 703 1549 759 die
1578 702 1637 758 in
1670 719 1839 775 apos-

163 791 301 849 tolos
332 791 713 864 plebemque
756 792 1118 847 credentium
1160 792 1414 863 Spiritus
1444 796 1683 848 sanctus
1713 792 1838 847 illa-

167 900 296 955 psus
328 886 421 936 est
451 884 474 949 (
502 884 618 936 «let.
646 898 712 947 ιι,
738 882 802 949 3)
828 899 841 937 :
867 885 931 935 ut
970 878 1135 936 facile
1180 880 1431 953 diligens
1470 880 1840 936 Christianus

162 974 441 1043 agnoscat
471 969 652 1025 initia
698 969 919 1025 veteris
947 969 1300 1025 Tcstamenti
1348 968 1696 1042 evangelicis
1725 969 1838 1024 mi-

164 1061 446 1115 nistrasse
479 1057 901 1131 principiis,et
930 1057 999 1113 ab
1032 1058 1233 1113 eodem
1275 1057 1497 1130 Spiritu
1536 1058 1836 1114 conditum

161 1150 349 1205 {cadus
400 1148 768 1215 secundum,
805 1164 839 1202 a
870 1163 985 1219 quo
1043 1146 1299 1218 primum
1364 1147 1551 1202 fuerat
1602 1147 1836 1202 institu-

156 1243 305 1295 tum.

227 1324 545 1382 (1w..II.—
575 1325 750 1393 Nam,
771 1325 923 1380 sicut
946 1324 1260 1396 apostolica
1291 1329 1541 1379 testatur
1570 1324 1833 1391 historia,

155 1417 234 1490 (ὁ)
255 1418 395 1472 dum
415 1415 830 1487 complerentur
849 1414 964 1469 dies
984 1416 1335 1481 Pentecostes,
1360 1418 1637 1485 essentque
1654 1430 1837 1468 omnes

152 1506 427 1577 disdpuli
453 1506 674 1577 pariter
704 1505 764 1558 in
795 1503 980 1558 eodem
1023 1504 1153 1571 loco,
1182 1506 1359 1574 [actus
1405 1510 1484 1558 est
1529 1507 1747 1574 repente
1774 1502 1839 1557 de

150 1598 288 1651 creto
307 1610 484 1650 sonus
506 1602 792 1664 tamquam
813 1592 1155 1647 advenientis
1174 1594 1404 1664 spiritus
1426 1593 1773 1659 vehementis,
1790 1600 1840 1647 et

153 1685 391 1755 replevit
424 1690 595 1738 totam
619 1680 976 1748 domum,ubi
995 1685 1151 1737 erant
1181 1680 1443 1736 sedantes.
1469 1683 1535 1736 Et
1565 1697 1835 1753 apparue-

152 1782 287 1829 runt
310 1773 432 1827 illis
452 1771 765 1843 dispertita:
787 1771 997 1841 linguae
1015 1774 1293 1841 tamquam
1318 1770 1659 1842 ignis,seditq
1668 1786 1731 1824 ue
1750 1786 1838 1824 su-

151 1880 259 1936 pra
288 1862 550 1931 singulos
570 1876 782 1915 eorum.
804 1861 875 1914 Et
905 1859 1103 1931 repleti
1121 1868 1247 1915 sunt
1268 1875 1450 1915 omnes
1471 1859 1686 1931 Spiritu
1705 1875 1837 1914 san-
1868 1902 1916 1967 B

158 1962 261 2015 elo,
292 1956 345 2008 et
378 1954 662 2022 σαίρω-υηί
702 1950 857 2019 loqui
881 1951 950 2015 (ε)
971 1949 1103 2003 aliis
1135 1950 1362 2020 linguis,
1392 1952 1554 2020 prout
1597 1948 1835 2019 Spiritus

161 2045 387 2097 sanctus
417 2040 585 2095 dabat
615 2040 803 2111 eloqui
849 2038 965 2092 illis
1010 2038 1189 2109 (Ibid.,
1216 2039 1342 2110 1-4).
1366 2038 1410 2093 Ο
1445 2053 1624 2109 quam
1670 2035 1836 2092 velox

166 2135 253 2187 est
273 2147 475 2185 sermo
496 2127 824 2201 sapientiai,
850 2131 906 2182 et
926 2126 1025 2181 ubi
1048 2126 1202 2182 Dens
1225 2126 1506 2199 magister
1524 2129 1631 2196 est,
1656 2142 1834 2198 quam

165 2220 278 2275 cito
309 2218 566 2274 discitur
598 2216 753 2288 quod
786 2214 1061 2271 docetur!
1094 2214 1218 2271 Non
1250 2221 1340 2271 est
1365 2213 1629 2271 adhibita
1659 2215 1835 2270 inter-

166 2308 419 2380 pretatio
454 2307 526 2362 ad
573 2303 960 2374 audiendum,
986 2321 1100 2359 non
1134 2306 1501 2361 consuetudo
1531 2305 1602 2359 ad
1636 2320 1833 2370 usum,

166 2413 283 2452 non
305 2401 546 2468 tempus
571 2393 643 2450 ad
666 2393 956 2460 studium,
984 2393 1083 2448 sed
1108 2393 1366 2465 spirante
1390 2393 1487 2449 ubi
1511 2392 1693 2449 voluit
1714 2392 1840 2466 Spi-

166 2484 281 2541 ritu
313 2483 584 2541 veritatis
606 2487 789 2556 (Joan.
820 2498 910 2551 ui,
937 2481 1012 2551 8),
1036 2481 1283 2553 propria;
1306 2481 1673 2554 singularum
1706 2497 1840 2554 gen-

167 2576 317 2630 tium
348 2589 524 2631 voces
557 2572 719 2627 factas
771 2573 913 2626 sunt
941 2570 1001 2625 in
1032 2569 1301 2626 Ecclesia:
1342 2587 1438 2626 ore
1472 2586 1836 2625 communes.

168 2664 254 2718 Ab
280 2663 399 2719 hoc
430 2661 618 2735 igitur
640 2660 732 2715 die
756 2658 901 2714 tuba
934 2658 1274 2731 evangelicae
1302 2658 1730 2732 praedicationis
1751 2657 1839 2713 in-

168 2752 394 2817 tonuit;
418 2752 495 2806 ab
516 2749 626 2805 hoc
650 2749 744 2804 die
765 2746 990 2802 imbres
1011 2747 1459 2815 charismatum,
1485 2746 1729 2802 flumina
1747 2747 1842 2802 be-

175 2839 604 2905 nedictionum,
631 2854 805 2893 omne
836 2836 1133 2891 desertum
1166 2841 1222 2892 et
1253 2837 1583 2892 universam
1616 2836 1839 2891 aridam

180 2928 550 3002 rigaverunt;
584 2924 866 2998 quoniam
899 2924 969 2980 ad
1010 2925 1405 2981 renovandam
1439 2926 1645 2981 faciem
1678 2929 1842 2980 terras

186 3014 429 3090 Spiritus
458 3017 560 3071 Dei
588 3015 869 3086 ferebatur
897 3030 1059 3086 super
1095 3031 1265 3087 aquas
1296 3014 1507 3083 (Cenes.
1528 3017 1661 3082 1,2),
1690 3016 1745 3068 et
1772 3012 1842 3067 ad

186 3110 411 3162 veteres
448 3106 721 3161 tenebras
753 3103 1095 3175 abigendas,
1120 3120 1276 3159 novae
1307 3102 1456 3158 lucis
1490 3102 1722 3175 fulgura
1750 3118 1845 3157 co-

191 3193 524 3262 ruscabant,
549 3209 684 3248 cum
712 3191 1059 3247 micantium
1083 3190 1391 3265 splendore
1413 3191 1769 3264 linguarum,
1790 3195 1847 3245 et
1890 3244 1895 3259 ,

1951 615 2103 672 sicut
2134 633 2237 673 nec
2270 616 2498 674 Patrem
2532 634 2637 674 nec
2669 615 2902 685 Filium,
2924 616 3006 673 ita
3029 633 3132 673 nec
3153 615 3596 690 Spiritums'an-

1946 708 2111 761 'ctum
2141 706 2438 763 humanus
2469 710 2658 778 potest
2685 707 2847 762 visus
2879 706 3183 779 attingere.
3217 710 3283 762 In
3314 706 3599 763 Trinitate

1938 793 2103 849 ‘enim
2124 794 2318 851 divina
2334 794 2480 850 nihil
2498 795 2804 862 dissimile,
2820 795 2965 850 nihil
2984 795 3175 868 impar
3190 799 3307 864 est;
3326 799 3382 851 et
3403 794 3602 852 omnia

1944 878 2075 955 ’qua:
2096 894 2169 940 de
2201 883 2301 940 illa
2323 890 2569 957 possunt
2591 885 2921 941 substantia
2943 885 3203 959 cogitari,
3229 901 3333 941 nec
3361 886 3596 953 virtute,

1941 980 2053 1027 nec
2075 972 2280 1046 gloria,
2304 990 2408 1029 nec
2431 974 2749 1029 azternitate
2790 974 3043 1029 discreta
3064 978 3221 1030 sunt.
3244 973 3507 1047 Cumque
3537 975 3597 1030 in

1942 1056 2330 1133 personarum
2358 1062 2812 1135 proprietatibus
2842 1062 2992 1119 alius
3024 1063 3102 1118 sit
3132 1062 3316 1130 Pater,
3340 1062 3491 1119 alius
3521 1064 3598 1119 sit

1946 1143 2150 1216 Filius,
2176 1149 2328 1207 alius
2347 1151 2601 1224 Spiritus
2624 1155 2882 1217 sanctus,
2907 1167 3023 1206 non
3048 1154 3244 1207 tamen
3268 1151 3379 1207 alia
3399 1151 3594 1208 Deitas

1946 1255 2051 1295 nec
2073 1240 2302 1295 diversa
2322 1244 2532 1296 natura
2552 1244 2658 1296 est.
2682 1240 2982 1312 Siquidem
3004 1254 3137 1294 cum
3160 1243 3217 1294 et
3237 1240 3307 1294 de
3328 1238 3494 1295 Patre
3516 1239 3596 1296 sit

1945 1327 2125 1384 Filius
2148 1329 2505 1400 unigenitus,
2530 1332 2587 1385 et
2606 1327 2859 1401 Spiritus
2884 1330 3124 1384 sanctus
3146 1327 3331 1384 Patris
3352 1327 3594 1400 Filiique

1946 1417 2023 1472 sit
2048 1416 2443 1488 spiritus,non
2476 1416 2627 1472 sicut
2654 1434 3038 1490 quaecumque
3068 1421 3356 1483 creatura,
3377 1432 3503 1490 quae
3537 1420 3594 1473 et

1946 1506 2132 1562 Patris
2159 1510 2215 1560 et
2234 1505 2359 1561 Filii
2396 1510 2502 1569 est,
2527 1506 2625 1561 sed
2671 1507 2825 1562 sicut
2863 1522 2996 1561 cum
3040 1510 3289 1577 utroque
3308 1506 3507 1563 vivens
3537 1511 3594 1563 et

1944 1598 2152 1667 potens
2172 1596 2237 1667 (j)
2261 1599 2316 1650 et
2346 1594 2699 1666 sempiterne
2720 1611 2788 1650 ex
2808 1610 2874 1650 eo
2901 1595 3054 1666 quod
3078 1600 3166 1650 est
3195 1595 3362 1651 Pater
3381 1594 3591 1651 Filius-

1946 1699 2057 1756 que
2088 1683 2437 1739 subsistens.
2459 1683 2793 1751 Unde,cum
2820 1682 3105 1739 Dominus
3136 1688 3269 1738 ante
3297 1682 3593 1756 passionis

1946 1788 2064 1827 sum
2086 1772 2240 1828 diem
2259 1771 2563 1844 discipulis
2580 1772 2703 1828 suis
2722 1772 3161 1843 sanctiSpiritus
3174 1771 3595 1844 sponderetad-

1945 1864 2203 1916 ventum.
2229 1859 2432 1931 Adhuc,
2460 1860 2669 1932 inquit,
2701 1862 2880 1916 multa
2909 1857 3075 1916 habeo
3106 1861 3252 1917 vobis
3280 1860 3478 1928 dicere,
3501 1860 3595 1916 sed

1943 1966 2054 2005 non
2080 1951 2306 2022 potestis
2329 1949 2435 2005 illa
2451 1957 2671 2022 portare
2690 1949 2867 2005 modo.
2893 1950 3035 2006 Cum
3058 1954 3240 2006 autem
3264 1952 3470 2006 venerit
3499 1950 3595 2007 ille

1942 2039 2185 2111 Spiritus
2205 2041 2472 2107 veritatis,
2496 2040 2593 2094 ille
2613 2039 2811 2109 diriget
2835 2055 2923 2095 vos
2954 2040 3013 2094 in
3043 2052 3257 2095 omnem
3287 2041 3590 2095 veritatem.

1942 2128 2062 2185 Non
2085 2131 2232 2183 enim
2265 2130 2515 2201 loquetur
2530 2145 2564 2182 a
2587 2130 2888 2200 semetipso,
2912 2128 3004 2183 sed
3034 2143 3389 2200 quaecumque
3410 2127 3480 2197 (k)
3502 2142 3597 2183 au-

1943 2218 2107 2273 dierit
2138 2218 2404 2289 loquetur,
2440 2226 2491 2272 et
2535 2220 2728 2289 futura
2773 2217 3132 2273 annuntiabit
3178 2216 3345 2271 vobis.
3400 2216 3597 2272 Omnia

1944 2322 2069 2380 qua:
2089 2307 2248 2362 habet
2270 2308 2434 2362 Pater
2457 2323 2580 2362 mea
2607 2311 2769 2362 sunt:
2784 2310 3066 2379 prapterea
3086 2306 3226 2374 dixi,
3247 2307 3378 2379 quia
3398 2304 3463 2362 de
3480 2322 3598 2363 meo

1946 2398 2175 2468 accipiet
2205 2404 2256 2452 et
2284 2398 2637 2451 annuntiabit
2674 2396 2822 2452 vobis
2863 2396 3038 2468 (Joan.
3079 2412 3195 2463 xv1,
3237 2384 3595 2467 12-15).Non

1947 2501 2084 2557 ergo
2115 2483 2231 2539 alia
2261 2488 2399 2540 sunt
2429 2483 2769 2550 Patris,alia
2795 2484 2941 2550 Filii,
2961 2484 3074 2539 alia
3103 2484 3357 2557 Spiritus
3379 2474 3594 2552 sancti;

1947 2574 2046 2629 sed
2082 2572 2279 2628 omnia
2309 2588 2695 2644 quaecumque
2715 2571 2890 2628 habet
2910 2573 3097 2638 Pater,
3120 2572 3295 2628 habet
3314 2576 3371 2628 et
3391 2572 3598 2641 Filius,

1948 2661 2126 2716 habet
2146 2666 2200 2715 et
2221 2660 2475 2731 Spiritus
2497 2665 2763 2727 sanctus;
2788 2677 2893 2715 nec
2914 2677 3196 2733 umquam
3220 2661 3278 2715 in
3293 2659 3398 2715 illa
3412 2659 3601 2715 Trini-

1950 2753 2068 2804 tate
2091 2751 2154 2820 (ι)
2178 2765 2292 2803 non
2316 2748 2424 2802 fuit
2447 2748 2559 2803 ista
2580 2748 3090 2819 communio,quia
3120 2747 3228 2803 hoc
3260 2752 3350 2803 est
3372 2746 3450 2803 ibi
3474 2760 3597 2802 om-

1952 2838 2049 2893 nia
2064 2837 2097 2892 h
2107 2839 2337 2908 abere,q
2347 2837 2458 2891 uod
2477 2852 2597 2891 sem
2607 2852 2708 2908 per
2721 2837 2983 2892 existere.
3002 2835 3175 2891 Nulla
3192 2834 3344 2893 299
3361 2835 3441 2891 ibi
3458 2838 3601 2891 tem-

1952 2943 2114 3000 pora,
2138 2925 2284 2982 nulli
2308 2925 2545 2998 gradus,
2561 2924 2733 2980 nullae
2756 2925 3094 2981 differentias
3117 2925 3477 2999 cogitentur:
3505 2926 3600 2992 (τη)

1952 3018 2011 3071 et
2038 3015 2087 3071 si
2118 3031 2291 3071 nemo
2324 3015 2394 3070 de
2428 3019 2538 3068 Deo
2570 3017 2762 3085 potest
2799 3013 3082 3086 explicare
3110 3014 3265 3086 quod
3297 3016 3403 3081 est,
3427 3026 3601 3069 nemo

1954 3105 2167 3160 audeat
2197 3104 2490 3159 afﬁrmare
2519 3103 2674 3175 quod
2721 3120 2836 3158 non
2884 3106 2990 3159 est.
3010 3102 3415 3159 Excusabilius
3446 3098 3601 3157 enim

1954 3199 2042 3250 est
2072 3195 2140 3249 de
2172 3197 2381 3248 natura
2408 3191 2684 3247 ineffabili
2716 3209 2830 3247 non
2864 3191 3058 3264 eloqui
3089 3191 3286 3265 digna,
3311 3206 3487 3263 quam
3509 3189 3602 3245 de-

192 3276 349 3339 298
367 3283 608 3338 verbum
632 3280 861 3336 Domini
884 3278 1167 3349 lucidum,
1191 3286 1247 3336 et
1266 3281 1563 3352 eloquium
1587 3278 1846 3351 concipe-
1876 3268 1919 3335 C
1954 3282 2121 3338 ﬁnire
2156 3279 2468 3337 contraria.
2488 3280 2781 3352 Quidquid
2820 3280 3019 3353 itaque
3061 3280 3131 3337 de
3161 3280 3519 3352 sempiterna
3546 3280 3605 3334 et

195 3376 359 3426 retur
402 3367 785 3443 ignitum,cui
817 3369 891 3423 ad
924 3368 1239 3424 creandum
1293 3366 1674 3434 intellectum,
1708 3384 1843 3423 con-

196 3460 667 3529 sumendumque
704 3461 1030 3528 peccatum,
1064 3459 1121 3512 et
1158 3457 1418 3513 efﬁcacia
1448 3454 1846 3521 illuminandi,

197 3552 252 3603 et
276 3548 370 3605 vis
398 3549 614 3603 inesset
643 3546 731 3617 (d)
764 3544 993 3601 urendi.

266 3636 616 3693 CAP.IlI.—-
647 3634 927 3701 Quamvis
976 3636 1197 3703 autem,
1247 3632 1633 3700 dilectissimi,
1682 3631 1849 3688 valde

200 3723 377 3780 fuerit
405 3724 532 3797 ipsa
558 3722 642 3779 rei
672 3727 851 3796 gesta:
898 3724 1085 3779 forma
1116 3723 1422 3792 mirabilis,
1460 3740 1565 3779 nec
1603 3721 1849 3778 dubium

198 3812 298 3881 sit,
328 3813 387 3869 in
417 3813 517 3869 illo
547 3812 816 3869 omnium
855 3811 1250 3868 humanarum
1280 3828 1487 3868 vocum
1526 3810 1853 3868 exsultante

198 3900 271 3973 (ε)
307 3906 608 3969 concentu,
633 3901 1002 3971 majestatem
1024 3900 1279 3973 Spiritus
1301 3900 1485 3956 sancti
1515 3900 1696 3955 fuisse
1718 3915 1856 3970 pra:-

195 3992 695 4063 sentem(/),nemo
718 3993 919 4046 tamen
948 3989 1197 4045 aestimet
1226 3990 1283 4043 in
1317 3989 1388 4044 iis
1418 4006 1543 4061 qua:
1566 3987 1856 4060 corporeis

197 4079 332 4135 visa
357 4085 496 4136 sunt
528 4078 715 4134 oculis
745 4078 1165 4149 divinamejus
1194 4078 1538 4151 apparuisse
1579 4077 1854 4133 substan-

196 4166 366 4224 tiam.
394 4169 617 4225 Natura
644 4167 801 4222 enim
834 4166 1145 4222 invisibilis
1172 4168 1267 4239 (g),
1302 4172 1360 4222 et
1396 4166 1550 4221 Patri
1596 4164 1857 4238 Filioque

196 4255 919 4328 communis,qualitatem
944 4256 1206 4312 muneris
1223 4254 1299 4326 (h)
1324 4259 1497 4327 atque
1518 4255 1710 4328 operis
1741 4255 1857 4322 sui,

198 4360 324 4415 qua
346 4345 529 4401 voluit
571 4342 1002 4415 signiﬁcatione
1048 4343 1416 4408 monstravit,
1446 4343 1858 4416 proprietatem

276 4468 471 4541 (a)ASic
500 4485 583 4541 ex_
618 4468 838 4541 nostris
869 4468 1126 4541 coddset
1154 4467 1326 4541 editis
1358 4471 1491 4541 aute
1519 4470 1735 4535 Quesn.
1759 4469 1857 4540 qui

203 4554 312 4610 pro
334 4538 545 4596 Christi
572 4539 751 4594 habet
781 4539 1020 4594 Domini.
1048 4540 1109 4594 In
1143 4539 1332 4611 prima
1355 4538 1608 4595 editione
1639 4538 1862 4595 utrum-

204 4621 322 4681 quo
351 4611 740 4668 desideratur.

279 4684 355 4753 (b)
382 4683 496 4750 AL,
529 4681 686 4753 Cum.

279 4752 351 4825 (ε)
380 4754 576 4825 Prima
603 4752 806 4825 editio,
838 4753 1009 4808 variis
1039 4753 1264 4825 linguis.

279 4822 358 4894 (ιι)
371 4826 454 4880 Ita
469 4824 847 4880 retinendum
867 4822 1529 4894 putavitOuesnellus,et
1545 4822 1732 4879 suasit
1744 4826 1864 4878 tota

279 4841 358 4894 ta)
374 4841 454 4880 Ita
469 4841 847 4880 retinentium
908 4841 1089 4880 utavu
1101 4841 1529 4891 uuesneuus,et
1545 4841 1732 4879 suasit
1744 4841 1860 4878 icta

208 4893 388 4969 hujus
405 4901 603 4969 textus
624 4896 837 4969 series;
866 4841 1136 4969 licettres
1166 4896 1431 4969 ejusdem
1454 4896 1621 4951 codd.
1655 4896 1860 4969 Ox_on.,

214 4965 315 5039 pro
336 4967 533 5024 urendi
549 4967 837 5039 baberent
850 4966 1436 5039 erudiendi.ldipsum
1454 4971 1510 5039 et
1525 4983 1651 5039 nos,
1666 4965 1865 5021 etiam-

216 5036 265 5111 si
286 5038 744 5111 antiquissimus
766 5038 895 5111 Vat.
918 5036 1311 5111 itemhabeat,
1334 5037 1623 5111 erudiendi
1633 5054 1652 5097 ,'
1673 5041 1729 5092 et
1750 5054 1861 5111 ms.

218 5108 448 5167 Barberl
470 5112 545 5165 88
563 5109 789 5165 collect.
811 5113 848 5164 2
870 5108 1024 5164 hunc
1067 5109 1262 5180 locum
1286 5108 1368 5180 ita
1392 5109 1591 5164 efferat
1613 5124 1627 5161 :
1652 5111 1717 5164 Et
1745 5110 1865 5180 efﬁ-

221 5184 361 5236 cacia
392 5180 758 5237 illuminandi
789 5182 980 5235 inesset
1009 5189 1060 5236 et
1083 5178 1390 5235 erudiendi.

288 5257 353 5323 (ε)
374 5252 725 5318 Quesnellus
741 5268 810 5307 ex
827 5252 952 5323 suis
972 5251 1387 5323 codd.,quibus
1410 5249 1673 5323 nonnulli
1692 5250 1863 5305 etiam

229 5320 397 5380 nostri
419 5323 839 5395 astipulantur,
859 5322 1061 5395 edidit,
1078 5320 1363 5395 conventu.
1388 5320 1745 5395 Edit._Paris.
1772 5339 1867 5395 an.

230 5396 373 5462 1671,
394 5391 682 5451 consensu.
702 5393 903 5449 Melior
925 5394 1046 5448 visa
1066 5397 1157 5447 est
1186 5391 1356 5447 lectio
1376 5392 1733 5448 anteriorum
1757 5392 1872 5447 edi-

1953 3368 2422 3426 incommutabili
2456 3368 2640 3442 gloria
2662 3368 2850 3426 Patris
2871 3370 2969 3441 pia
2991 3372 3240 3441 possunt
3266 3368 3441 3425 corda
3469 3383 3603 3423 con-

1956 3459 2165 3532 cipere,
2193 3458 2301 3513 hoc
2332 3457 2509 3513 simul
2541 3462 2599 3514 et
2627 3458 2698 3513 de
2739 3457 2902 3529 Filio,
2935 3462 2991 3513 et
3039 3458 3111 3513 de
3151 3456 3369 3532 Spiritu
3401 3452 3603 3513 sancto

1956 3546 2423 3620 inseparabiliter
2451 3550 2625 3618 atque
2669 3544 3064 3603 indifferenter
3092 3538 3441 3618 intelligant.
3469 3540 3604 3599 Ideo

1958 3636 2115 3692 enim
2164 3636 2317 3690 hanc
2360 3635 2590 3690 beatam
2638 3634 2980 3691 Trinitatem
3032 3651 3217 3691 unum
3262 3628 3610 3691 confitemur

1963 3727 2166 3791 Deum,
2192 3720 2332 3796 quia
2358 3722 2418 3778 in
2447 3721 2542 3778 his
2586 3723 2777 3778 tribus
2812 3723 3078 3795 personis
3110 3738 3212 3778 nec
3242 3714 3607 3788 substantiae,

1961 3831 2066 3869 nec
2114 3811 2402 3886 potentim,
2437 3826 2541 3866 nec
2589 3810 2928 3878 voluntatis,
2964 3826 3069 3866 nec
3117 3804 3471 3881 operationis
3522 3808 3612 3862 est

1962 3902 2084 3959 ulla
2113 3900 2437 3957 diversitas.

2035 3991 2167 4045 CAP.
2204 3988 2377 4044 lV.—
2399 3987 2563 4042 Sicut
2591 4003 2726 4060 ergo
2748 3986 3111 4041 detestamur
3132 3984 3211 4055 (η)
3231 3979 3613 4053 Arianos.qui

1964 4080 2118 4135 inter
2148 4078 2375 4132 Patrem
2399 4081 2454 4130 et
2481 4074 2692 4130 Filium
2720 4072 2979 4144 aliquam
2998 4070 3201 4127 volunt
3230 4074 3356 4125 sese
3387 4068 3615 4124 distan-

1963 4164 2128 4233 tiam,
2162 4166 2241 4219 ita
2280 4163 2456 4219 etiam
2501 4160 2944 4217 Macedonianos
2989 4158 3207 4231 pariter
3233 4156 3611 4225 detestamur,

1967 4256 2068 4327 qui
2084 4254 2219 4309 licet
2234 4250 2389 4307 Patri
2405 4253 2462 4306 et
2472 4248 2616 4305 Filio
2635 4248 2894 4304 tribuant
2908 4244 3614 4318 azqualitatem,Spiritum

1966 4347 2162 4401 tamen
2194 4345 2462 4397 sanctum
2495 4336 2787 4393 inferioris
2817 4339 3029 4409 putant
3061 4351 3189 4391 esse
3218 4337 3437 4390 natura:
3459 4350 3472 4388 :
3498 4350 3614 4390 non

1968 4473 2129 4527 Nemo
2160 4475 2343 4521 tamen
2388 4466 2448 4518 in
2480 4465 2616 4519 iis...
2647 4462 2897 4517 divinam
2939 4463 3056 4534 ejus
3099 4464 3252 4533 putet
3296 4459 3616 4532 apparuisse

1984 4539 2352 4591 substantiam.

1966 4543 2352 4598 substantiam.

2041 4614 2120 4686 (ρ)
2146 4609 2239 4665 Sic
2272 4604 2455 4686 nostri
2497 4603 2666 4686 codd.
2698 4607 2755 4686 et
2804 4602 2968 4686 editi,
2999 4606 3235 4686 διε-(ἶφι)ῐο
3283 4598 3615 4667 Quesnello,

2199 4694 2355 4745 uem,
2388 4680 2440 4732 et
2468 4692 2594 4731 cum
2620 4677 2786 4731 Patre
2811 4679 2862 4731 et
2890 4691 3014 4730 cum
3040 4675 3199 4731 Filio.

2194 4733 2524 4819 coeantque
2543 4748 2740 4819 operis,
2764 4747 2977 4802 desunt
2995 4746 3055 4802 in
3077 4743 3442 4817 anquissimo
3488 4733 3619 4798 Vat.

2069 4819 2113 4907 ιλ
2131 4822 2302 4907 linus
2325 4819 2485 4907 ‘Yatu,
2514 4819 2841 4907 substantiae

2045 4889 2116 4968 (j)
2131 4891 2375 4968 Vulgati
2385 4894 2521 4968 _a_nte
2538 4891 2729 4954 Quesn
2741 4930 2752 4943 .
2764 4930 2778 4955 ,
2789 4896 2845 4968 et
2856 4889 3236 4968 sempiteruus,
3251 4891 3303 4943 et
3321 4902 3464 4968 eang
3482 4900 3587 4968 quo

1972 4957 2201 5032 esttetc.
2235 4957 2687 5038 Similitermss.
2721 4958 2941 5038 collect.
2964 4957 2996 5014 ἆ
3025 4964 3083 5038 et
3110 4960 3171 5038 5,
3196 4957 3257 5013 in
3289 4957 3505 5038 quibus
3535 4960 3621 5038 ta-

1976 5027 2110 5094 men
2143 5051 2276 5090 cum
2310 5032 2613 5089 omittatur
2643 5029 2972 5102 conjunctio
3001 5034 3051 5086 et
3081 5034 3215 5086 ante
3245 5027 3324 5085 e15
3339 5044 3419 5095 eo,
3454 5027 3625 5102 leutio

1976 5127 2011 5165 a
2029 5104 2337 5174 Quesnello
2360 5104 2603 5158 inducta
2626 5107 2684 5158 et
2703 5097 3122 5173 antiquissimo
3144 5118 3257 5157 ms.
3272 5105 3472 5157 nostro
3492 5097 3622 5154 Vat.

1976 5181 2322 5237 confirmata
2350 5174 2492 5230 satis
2523 5174 2833 5230 indicatur.

2049 5252 2123 5323 (1;)
2153 5246 2386 5323 Vulgati
2418 5249 2557 5323 ante
2581 5246 2792 5309 Quesn.
2825 5248 2891 5323 et
2912 5260 3054 5323 mss.
3073 5242 3310 5323 censet.
3344 5237 3626 5323 posterio-

1979 5313 2131 5387 rum,
2163 5313 2366 5385 audiet,
2400 5334 2515 5372 non
2545 5322 2741 5389 tamen
2775 5313 3382 5389 antiquissimusYat.

2050 5376 2229 5464 (ι)’1ιει
2243 5408 2312 5447 ex
2328 5376 2543 5445 nostris
2560 5388 2859 5444 codicibus
2877 5376 3139 5459 etprima
3154 5383 3425 5441 editione.
3443 5376 3625 5444 Alias,

1971 4614 2126 4756 αρίὲἐ

2065 4754 2122 4825 Ιι)

228 5466 437 5523 tionum
460 5466 596 5521 aliis
612 5466 1025 5536 mss.probata,
1041 5480 1175 5520 cum
1199 5480 1316 5535 qua
1332 5463 1520 5537 magis
1542 5468 1875 5536 congruunt
1914 5528 1918 5532 Α
1979 5466 2171 5537 defuit.

233 5536 623 5612 praecedentia,
651 5538 1033 5612 liumanarum
1060 5551 1270 5612 vocum.

297 5612 364 5680 (Ῑ)
382 5607 805 5664 Revocavimus
824 5607 1130 5680 lectionem
1147 5606 1369 5680 editoru
1379 5611 1586 5680 mante
1604 5605 1876 5680 Quesnel-

235 5677 359 5763 lurn,
383 5680 815 5763 quippe‘quam
858 5679 917 5761 in
962 5678 1381 5763 antiquissime
1407 5677 1535 5732 Vat.
1570 5678 1875 5759 et.in.aliis

2054 5514 2596 5616 (inﬁgimueditio,
2645 5533 2706 5584 ut
2734 5530 2817 5589 si;
2856 5532 2913 5584 et
2962 5527 3117 5592 dein,
3168 5514 3628 5583 incommutabili,

1985 5602 2087 5680 pro
2118 5602 2406 5675 ineffabili.
3064 5664 3073 5675 .

2055 5678 2134 5747 (η)
2168 5671 2632 5747 Antiquissimus
2663 5670 2815 5747 Yet,
2839 5683 2941 5747 pro
2973 5670 3231 5747 (triarios,
3250 5653 3630 5747 ipsailla-ig:

242 5720 436 5810 3⁸0ῖάἷέ
476 5720 671 5807 etadd:1
694 5750 1047 5824 reperimus,
1080 5720 1215 5824 clum
1265 5749 1479 5824 quibus
1525 5748 1877 5824 scripsimus
1984 5720 2555 5824 et\pe_stea,_iau_iissis
2578 5720 2817 5824 vocibus
2839 5720 3135 5824 itaetiflm,
3167 5746 3270 5800 Ι)Γο
3301 5720 3634 5783 Μαεεάοηια·

246 5826 472 5890 (stimet,
488 5839 592 5896 pro
610 5819 848 5895 vulgato
864 5823 1158 5879 eristimet.
1174 5819 1521 5886 Qucsnellus
1542 5819 1738 5877 autem
1758 5821 1842 5876 sic
1864 5838 1877 5877 :

1986 5810 2103 5888 nos,
2137 5810 2311 5874 habet
2340 5815 2464 5869 illos
2490 5812 2699 5883 pariter
2726 5810 3061 5862 detestemur.
