3946 6214
130 396 238 465 Αοδ
1596 404 1864 474 SERMO
1906 406 2167 475 LXXVI.
3462 397 3583 466 406

130 552 300 612 quam
335 535 545 597 Filius
578 540 724 599 sine
762 541 948 610 Patre,
994 556 1321 617 numquam
1353 539 1521 601 Pater
1547 546 1605 600 et
1636 540 1821 601 Filius
1850 542 1904 611 Α
1935 546 2320 613 sacramenta,
2348 539 2511 602 nulla
2543 544 2681 601 sunt
2713 539 3002 602 celebrata
3053 535 3352 615 mysteria:
3394 540 3460 595 ut
3487 551 3584 595 ea-

129 630 346 686 lberint
376 628 521 686 sine
555 632 797 705 Spiritu
831 637 1064 702 sancto;
1096 637 1154 689 et
1182 633 1460 690 omnibus
1504 632 1822 689 existentiae
1931 634 2063 690 dem
2088 651 2318 708 semper
2363 634 2539 691 fuerit
2586 634 2774 692 virtus
2816 632 3260 700 charismatum,
3311 627 3584 702 quamvis

131 720 418 795 gradibus
449 720 758 788 exclusis,
795 722 1119 794 nulla(a)ibi
1151 740 1401 795 persona
1440 722 1517 778 sit
1546 723 1819 787 anterior,
1932 739 2045 779 non
2073 724 2275 779 eadem
2310 724 2485 780 fuerit
2513 741 2792 781 mensura
2823 724 3136 780 donorum.

131 809 294 865 nulla
324 810 667 882 posterior.
704 811 900 882 Hujus
928 811 1083 866 enim
1106 811 1284 867 beatae
1317 811 1620 867 Trinitatis
1642 812 1716 883 (b)
1740 811 1822 865 in-
2002 812 2137 868 CAP.
2172 813 2259 869 IV.
2293 845 2359 855 —
2391 814 2509 886 Ipsi
2540 830 2773 886 quoque
2805 813 2958 870 beati
2989 810 3235 886 apostoli
3277 813 3410 866 ante
3447 823 3583 881 pas-

134 899 600 956 commutabilis
619 899 829 955 Deitas
859 918 974 955 una
990 905 1078 956 est
1106 900 1164 954 in
1196 901 1546 968 substantia,
1570 900 1824 956 indivisa

134 991 192 1045 in
223 1006 426 1063 opere,
464 1006 734 1045 concors
796 989 855 1044 in
887 988 1201 1058 voluntate,
1263 1006 1369 1062 par
1423 989 1483 1044 in
1540 989 1819 1062 potentia,

138 1079 386 1152 aequalis
419 1080 485 1133 in
522 1077 743 1151 gloria.
777 1078 860 1133 De
889 1095 1006 1150 qua
1030 1094 1163 1133 cum
1185 1083 1388 1134 sancta
1418 1079 1716 1150 Scriptura
1737 1078 1821 1148 sic

138 1168 429 1239 loquitur,
463 1172 535 1222 ut
566 1173 674 1223 aut
700 1166 760 1221 in
794 1166 967 1222 factis
997 1172 1096 1222 aut
1126 1167 1186 1223 in
1215 1168 1409 1224 verbis
1440 1167 1661 1239 aliquid
1679 1166 1822 1223 assi-

140 1262 283 1332 gnet
312 1258 480 1330 quod
513 1256 779 1329 singulis
809 1256 1073 1311 videatur
1101 1256 1170 1329 (c)
1203 1257 1510 1313 convenire
1532 1257 1818 1329 personis,

144 1365 258 1404 non
315 1346 713 1419 perturbatur
772 1346 916 1402 ﬁdes
972 1345 1277 1417 catholica,
1332 1347 1431 1402 sed
1464 1347 1723 1402 docetur:
1756 1350 1822 1400 ut

145 1453 249 1509 per
278 1435 716 1509 proprietatem
767 1439 872 1490 aut
919 1435 1079 1490 vocis
1109 1439 1210 1490 aut
1238 1435 1432 1507 operis
1488 1434 1821 1491 insinuetur

1930 901 2153 956 sionem
2188 902 2416 958 Domini
2451 907 2654 958 sancto
2685 902 2905 974 Spiritu
2956 918 3071 957 non
3128 900 3423 965 carebant,
3476 911 3581 952 nec

1930 991 2188 1061 potentia
2216 990 2397 1061 hujus
2426 991 2660 1046 virtutis
2690 992 2891 1047 aberat
2911 992 2984 1047 ab
3013 989 3287 1062 operibus
3318 985 3578 1044 Salvato-

1930 1078 2029 1133 ris.
2054 1080 2122 1134 Et
2151 1094 2283 1135 cum
2315 1079 2620 1152 discipulis
2657 1081 2822 1135 daret
2868 1077 3281 1135 inﬁrmitatum
3325 1073 3578 1132 curatio-

1930 1184 2086 1231 nem,
2118 1173 2177 1223 et
2209 1168 2628 1239 ejiciendorum
2661 1169 2992 1223 daemonum
3023 1169 3371 1239 potestatem
3420 1164 3572 1236 (Luc.

1928 1273 1983 1324 x,
2017 1256 2127 1328 49),
2163 1259 2291 1327 ejus
2315 1257 2513 1329 utique
2544 1250 3573 1330 Spirituslargiebatur(i)eﬂ‘ectus,in

1929 1361 2045 1417 quo
2076 1344 2610 1417 ipsur'n‘immundis
2624 1345 3325 1419 spiritibusimperantem
3348 1341 3575 1399 Judzeo-

1930 1451 2060 1490 rum
2120 1436 2369 1508 negabat
2398 1436 2553 1493 303
2605 1435 2902 1508 impietas,
2949 1438 3005 1492 et
3035 1434 3236 1490 divina
3292 1430 3572 1497 beneﬁcia

148 1526 322 1581 nobis
356 1526 583 1580 veritas
614 1522 945 1590 Trinitatis,
978 1528 1035 1579 et
1064 1540 1178 1580 non
1220 1524 1441 1579 dividat
1487 1523 1820 1581 intellectus

153 1616 309 1688 quod
346 1613 671 1686 distinguit
692 1612 951 1668 auditus.
981 1613 1063 1668 0b
1093 1613 1202 1668 hoc
1229 1614 1383 1668 enim
1412 1614 1678 1685 quaedam
1703 1612 1821 1667 sive

154 1704 263 1759 sub
296 1703 511 1770 Patris,
546 1702 668 1758 sive
699 1701 812 1756 sub
843 1701 990 1769 Filii,
1048 1701 1167 1758 sive
1198 1703 1308 1757 sub
1342 1702 1595 1774 Spiritus
1634 1701 1818 1757 sancti

158 1791 557 1865 appellatione
584 1792 744 1847 302
775 1794 1146 1863 promuntur,
1179 1795 1244 1845 ut
1272 1790 1557 1846 confessio
1587 1790 1662 1862 (d)
1686 1789 1821 1845 ﬁde-

158 1880 303 1937 lium
338 1880 400 1935 in
431 1879 721 1936 Trinitate
755 1896 872 1934 non
902 1883 1078 1948 erret;
1113 1896 1242 1951 quae
1274 1895 1411 1934 cum
1431 1878 1819 1951 sitinsepara-
1853 1914 1902 1979 B

157 1969 316 2037 bilis,
349 1986 683 2042 numquam
715 1967 1142 2042 intelligeretur
1158 1984 1285 2023 esse
1305 1968 1577 2036 Trinitas,
1603 1968 1649 2024 si
1669 1985 1821 2023 sem-

159 2076 264 2132 per
290 2056 781 2131 inseparabiliter
802 2057 1112 2114 diceretur.
1148 2057 1299 2113 Bene
1330 2073 1466 2129 ergo
1508 2058 1636 2129 ipsa
1667 2058 1822 2112 difﬁ-

164 2148 352 2204 cultas
364 2146 645 2219 loquendi
661 2163 761 2202 cor
786 2150 1055 2202 nostrum
1071 2146 1141 2201 ad
1155 2145 1598 2219 intelligentiam
1618 2146 1820 2212 trahit,

164 2242 223 2292 et
250 2254 354 2310 per
380 2235 791 2292 inﬁrmitatem
824 2239 1083 2290 nostram
1117 2234 1371 2291 caelestis
1420 2235 1683 2291 doctrina
1714 2252 1820 2291 nos

166 2327 424 2397 adjuvat:
460 2330 527 2381 ut
556 2325 696 2397 quia
727 2325 786 2381 in
819 2323 1040 2380 Deitate
1070 2324 1280 2391 Patris,
1321 2329 1378 2380 et
1408 2324 1560 2390 Filii,
1606 2329 1662 2380 et
1689 2325 1818 2396 Spi-

166 2416 315 2472 ritus
346 2414 536 2471 sancti
562 2431 667 2470 nec
698 2413 1082 2486 singularitas
1112 2418 1220 2481 est,
1254 2430 1358 2470 nec
1390 2413 1695 2469 diversitas
1725 2415 1819 2470 co-

166 2504 427 2579 gitanda,
457 2520 598 2559 vera
626 2503 827 2561 unitas
857 2507 914 2558 et
945 2519 1080 2558 vera
1108 2502 1364 2558 Trinitas
1386 2503 1455 2575 (e)
1473 2503 1661 2574 possit
1689 2504 1818 2575 qui—

168 2594 299 2649 dem
322 2592 501 2649 simul
525 2597 717 2647 mente
734 2590 1108 2663 aliquatenus
1125 2591 1348 2660 sentiri,
1375 2593 1474 2647 sed
1500 2609 1615 2647 non
1637 2592 1823 2664 possit

171 2682 344 2738 simul
377 2698 477 2737 ore
506 2680 776 2754 proferri.

241 2771 374 2827 ΟΑΡ.
407 2770 853 2826 Ill.—Fundata
885 2769 1084 2842 igitur,
1110 2769 1684 2843 dilectissimi,(f)hac
1707 2770 1820 2826 ﬁde

170 2861 231 2916 in
256 2861 528 2916 cordibus
559 2858 804 2925 nostris,
838 2875 956 2930 qua
986 2858 1302 2914 salubriter
1335 2859 1627 2915 credimus
1665 2860 1819 2931 quod

172 2948 347 3006 simul
379 2952 499 3005 tota
527 2947 791 3004 Trinitas
827 2964 942 3002 una
970 2947 1155 3002 virtus
1207 2952 1318 3013 est,
1352 2964 1470 3003 uua
1520 2949 1818 3019 majestas,

173 3056 292 3094 una
310 3037 663 3104 substantia,
697 3035 1015 3091 indiscreta
1044 3053 1237 3107 opere,
1293 3035 1703 3109 inseparabilis
1735 3037 1818 3092 di-

168 3128 411 3183 lectione
441 3122 784 3182 inditi‘erens
814 3129 1101 3198 potestate
1127 3124 1305 3180 simul
1328 3124 1581 3198 implens
1600 3127 1817 3194 omnia,

170 3215 345 3272 simul
392 3216 700 3272 continens
765 3213 1053 3269 universa:
1109 3215 1263 3286 quod
1306 3214 1464 3270 enim
1511 3216 1680 3270 Pater
1709 3220 1816 3285 est,

1928 1522 2160 1578 diabolo
2220 1523 2557 1595 deputabat.
2616 1523 2775 1579 Unde
2832 1522 3025 1580 taliter
3100 1521 3573 1594 blasphemantes

1931 1612 2137 1667 merito
2168 1611 2328 1668 illam
2362 1612 2591 1669 Domini
2624 1628 2897 1684 excepere
2929 1611 3299 1677 sententiam,
3321 1627 3437 1682 qua
3459 1608 3571 1664 ait:

1932 1704 2110 1758 Omne
2131 1710 2413 1773 peccatum
2442 1706 2494 1757 et
2525 1701 2864 1773 blasphemia
2888 1702 3197 1771 remittetur
3225 1699 3572 1755 hominibus:

1928 1792 2172 1860 Spiritus
2201 1798 2382 1847 autem
2403 1791 2743 1862 blasphemia
2762 1807 2873 1846 non
2899 1792 3210 1846 remittetur
3237 1788 3572 1844 hominibus.

1929 1882 2004 1934 Et
2033 1882 2359 1952 quicumque
2387 1880 2593 1936 dixerit
2620 1880 2844 1936 verbum
2863 1883 3053 1935 contra
3080 1879 3285 1934 Filium
3304 1866 3574 1943 Hominis,

1932 1971 2246 2025 remittetur
2263 1971 2335 2037 ei;
2367 1972 2464 2042 qui
2482 1973 2666 2025 autem
2694 1969 2901 2025 dixerit
2926 1976 3115 2025 contra
3143 1968 3413 2039 Spiritum
3448 1981 3577 2021 san-

1929 2061 2098 2123 ctum.
2128 2075 2239 2114 non
2262 2061 2570 2115 remittetur
2595 2060 2648 2113 ei
2676 2074 2851 2128 neque
2878 2060 2939 2114 in
2958 2059 3056 2113 hoc
3081 2057 3302 2124 sweulo,
3324 2070 3499 2128 neque
3517 2055 3579 2109 in

1928 2149 2116 2219 futuro
2140 2149 2346 2220 (Matth.
2381 2166 2477 2214 xu,
2512 2148 2722 2219 31-32).
2748 2147 2910 2203 Unde
2937 2147 3315 2203 manifestum
3336 2148 3424 2201 est
3448 2160 3578 2217 pec-

1930 2247 2191 2293 catorum
2224 2236 2627 2293 remissionem
2687 2236 2813 2292 sine
2843 2235 3096 2309 Spiritus
3144 2233 3331 2291 sancti
3375 2234 3454 2305 (k)
3481 2232 3577 2288 ad-

1928 2326 2228 2381 vocatione
2259 2342 2374 2382 non
2405 2326 2554 2391 ﬁeri,
2578 2341 2682 2381 nec
2712 2342 3073 2398 quemquam
3101 2323 3227 2380 sine
3256 2322 3376 2391 illo,
3423 2322 3578 2378 sicut

1929 2415 2177 2487 expedit,
2210 2414 2610 2487 ingemiscere,
2645 2420 2746 2470 aut
2772 2415 2929 2471 sicut
2957 2418 3204 2487 oportet,
3247 2429 3431 2481 orare,
3485 2410 3572 2466 di-

1929 2508 2092 2559 cente
2119 2502 2412 2576 Apostolo:
2441 2504 2585 2574 Quid
2616 2505 2765 2559 enim
2790 2520 3004 2560 oremus
3031 2505 3177 2559 sicut
3207 2505 3430 2573 oportet,
3469 2516 3574 2556 ne-

1927 2593 2155 2672 scimus;
2181 2592 2274 2647 sed
2304 2593 2419 2663 ipse
2445 2592 2686 2664 Spiritus
2711 2594 2953 2664 postulat
2976 2609 3076 2664 pro
3106 2590 3263 2649 nobis
3283 2591 3575 2660 gemitibus

1928 2681 2403 2737 inenarrabilibus
2459 2683 2631 2753 (Rom.
2689 2698 2813 2747 VIII,
2843 2682 2976 2752 26);
3033 2684 3128 2736 et:
3187 2680 3354 2735 Nemo
3406 2680 3577 2750 potest

1929 2770 2109 2826 dicere
2138 2770 2434 2824 Dominum
2455 2773 2662 2834 Jesum,
2694 2770 2807 2825 nisi
2833 2771 2894 2824 in
2921 2769 3133 2840 Spiritu
3162 2775 3345 2823 sancto
3376 2767 3425 2839 (Ι
3453 2766 3573 2822 Cor.

1928 2875 2028 2926 xu,
2061 2858 2137 2929 3):
2166 2873 2282 2930 quo
2310 2858 2539 2913 vacuari
2576 2856 3133 2929 nimis(l)exitiabile
3162 2861 3251 2914 est
3279 2855 3578 2928 nimisque

1932 2946 2323 3013 mortiferum,
2354 2947 2493 3018 quia
2518 2962 2841 3019 numquam
2865 2947 3099 3002 veniam
3149 2949 3427 3014 meretur,
3475 2945 3578 3016 qui

1931 3038 2003 3092 ab
2032 3036 2411 3092 intercessore
2435 3034 2963 3091 dcseritur.0mnes
2981 3034 3576 3109 igitur,dilectissimi,

1930 3126 2030 3198 qui
2061 3126 2120 3181 in
2158 3126 2466 3182 Dominum
2496 3125 2703 3181 Jesum
2737 3125 3127 3190 crediderant,
3161 3125 3429 3183 infusum
3463 3123 3576 3181 sibi

1931 3215 2225 3271 habebant
2251 3214 2534 3287 Spiritum
2564 3219 2856 3282 sanctum,
2875 3213 3430 3271 ctremittendorum
3452 3229 3579 3286 pec-

170 3306 277 3363 hoc
303 3308 393 3361 est
419 3309 476 3360 et
518 3304 725 3371 Filius,
783 3303 893 3358 hoc
942 3307 1031 3359 est
1060 3283 1418 3375 et‘Spiritus
1452 3308 1689 3359 sanctus
1716 3322 1729 3372 ;
1763 3283 1820 3360 et
1849 3283 1892 3348 (ἶ
1931 3283 2473 3375 catorum(m)etiam
2504 3307 2642 3359 tunc
2675 3302 2921 3376 apostoli
2953 3306 3294 3375 acceperant
3322 3283 3579 3375 potesta-

165 3411 298 3450 vera
343 3393 536 3449 Deitas
568 3393 642 3466 (g)
676 3395 735 3447 in
781 3391 942 3447 nullo
973 3408 1100 3448 esse
1133 3397 1234 3447 aut
1280 3395 1468 3462 major
1497 3398 1600 3449 aut
1630 3393 1822 3450 minor

164 3487 373 3557 potest,
406 3500 531 3555 quae
563 3483 648 3538 sic
681 3482 742 3538 in
775 3481 965 3536 tribus
986 3485 1075 3537 est
1099 3480 1431 3537 conﬁtenda
1461 3483 1822 3553 personis,ut

164 3578 225 3628 et
248 3571 622 3627 solitudinem
657 3588 776 3626 non
832 3569 1074 3641 recipiat
1111 3570 1398 3638 Trinitas,
1449 3576 1507 3626 ct
1536 3571 1819 3627 unitatem

169 3663 358 3717 servet
384 3659 706 3732 mqualitas.
757 3659 895 3733 Hac,
948 3658 1210 3729 inquam,
1261 3658 1649 3725 dilectissimi,
1708 3660 1821 3715 ﬁde

171 3749 417 3803 ﬁrmiter
442 3748 841 3827 apprehensa,
864 3764 977 3803 non
1011 3748 1383 3821 ambigamus
1414 3749 1569 3820 quod
1594 3765 1727 3804 cum
1758 3749 1819 3804 in

171 3838 263 3894 die
297 3837 664 3893 Pentecostes
697 3836 1020 3908 discipulos
1054 3832 1285 3892 Domini
1307 3837 1558 3908 Spiritus
1579 3843 1820 3893 sanctus

168 3925 652 3997 implevit,(h)non
687 3926 797 3980 fuit
818 3924 1110 3981 inchoatio
1129 3925 1411 3992 muneris,
1445 3927 1543 3981 sed
1572 3925 1820 3997 adjectio

169 4013 476 4086 largitatis:
508 4016 792 4088 quoniam
830 4019 888 4069 et
928 4014 1294 4087 patriarchae,
1327 4018 1385 4085 et
1416 4015 1730 4087 prophetat,
1765 4020 1821 4071 et

172 4104 514 4173 sacerdotes,
560 4119 887 4175 omnesque
940 4103 1126 4159 sancti
1157 4104 1257 4174 qui
1312 4103 1607 4175 prioribus
1662 4105 1819 4160 fuere

168 4184 547 4263 temporibus,
570 4192 840 4264 ejusdem
862 4196 1000 4248 sunt
1030 4191 1820 4264 Spiritus(i)sanctiﬁcatione

168 4281 433 4351 vegetati;
462 4285 519 4337 et
548 4280 677 4337 sine
705 4280 817 4336 hac
834 4279 1026 4353 gratia
1050 4279 1214 4336 nulla
1231 4297 1517 4353 umquam
1549 4281 1822 4338 instituta

248 4476 331 4613 Ea)
357 4476 473 4533 Duo
504 4476 872 4533 Lectionaria
902 4479 1107 4531 Venet.
1143 4479 1199 4531 et
1227 4474 1521 4547 Bergom.,
1550 4477 1676 4532 sibi.

275 4546 331 4613 ὁ)
354 4547 579 4613 Vulgati
609 4553 744 4604 ante
774 4550 983 4613 Quesn.
1015 4551 1073 4602 et
1104 4547 1343 4613 quidam
1376 4546 1625 4613 codices,
1657 4565 1676 4604 ε

275 4546 331 4616 b)
354 4547 579 4621 Vulgati
609 4553 744 4604 ante
774 4550 983 4614 Quesn.
1015 4551 1073 4602 et
1104 4546 1363 4621 quidam’
1374 4546 1625 4621 codices,
1657 4552 1709 4604 et
1729 4549 1821 4603 in-

1928 3397 2069 3463 tem,
2104 3393 2337 3465 quando
2368 3397 2501 3465 post
2546 3392 3025 3449 resurrectionem
3074 3409 3244 3449 suam
3290 3392 3578 3448 Dominus

1930 3481 2270 3549 insufflavit,
2310 3487 2367 3537 et
2424 3481 2606 3536 dixit:
2667 3482 2907 3555 Accipite
2962 3482 3234 3555 Spiritum
3289 3490 3578 3543 sanctum;

1930 3588 2157 3645 quorum
2188 3572 2512 3627 remiseritis
2540 3579 2778 3642 peccata,
2793 3574 3144 3627 remittemur
3279 3579 3331 3628 et
3347 3587 3581 3643 quorum

1927 3662 2286 3727 retinueritis,
2346 3660 2735 3716 retinebunter
2790 3662 2967 3732 (Joan.
3030 3678 3122 3729 xx,
3173 3662 3288 3733 22).
3346 3661 3456 3716 Sed
3492 3659 3578 3715 illi

1929 3748 2293 3823 perfectioni,
2328 3766 2455 3821 quae
2488 3753 2611 3805 erat
2641 3748 2951 3822 discipulis
2981 3750 3351 3815 conferenda,
3392 3750 3583 3820 major

1931 3840 2119 3911 gratia
2148 3844 2206 3892 et
2255 3838 2648 3893 abundantior
2704 3838 3011 3910 inspiratio
3070 3840 3426 3902 servabatur,
3480 3856 3583 3910 per

1931 3945 2107 3999 quam
2139 3932 2196 3983 et
2218 3944 2345 3998 quae
2379 3927 2638 3982 nondum
2673 3930 3019 3997 acceperant
3049 3931 3371 3991 sumerent,
3399 3932 3452 3981 et
3484 3943 3580 3981 cx-

1930 4016 2236 4073 cellentius
2263 4020 2500 4088 possent
2531 4014 2745 4071 habere
2773 4032 2901 4086 qum
2932 4017 3328 4086 sumpserant.
3348 4014 3585 4085 Propter

1932 4105 2087 4178 quod
2128 4105 2406 4160 Dominus
2467 4103 2718 4158 dicebat:
2775 4103 2961 4158 Adhuc
3009 4103 3183 4157 multa
3237 4101 3403 4157 habeo
3431 4103 3580 4159 vobis

1929 4193 2133 4248 dicere:
2165 4192 2258 4246 sed
2284 4208 2397 4246 non
2423 4192 2646 4261 potestis
2678 4190 2757 4261 (η)
2817 4189 2915 4243 illa
2965 4193 3188 4260 portare
3239 4189 3415 4245 modo.
3448 4190 3584 4246 Cum

1930 4285 2112 4337 autem
2146 4281 2355 4336 venerit
2414 4278 2653 4349 Spiritus
2698 4277 2967 4345 veritatis,
3027 4277 3125 4333 ille
3178 4278 3378 4349 diriget
3398 4294 3489 4334 vos
3520 4281 3581 4336 in

1931 4480 1989 4533 et
2015 4474 2353 4541 Padiliron.,
2389 4477 2451 4529 ut
2474 4473 2690 4549 vitetur
2720 4466 3076 4547 cacophonia
3103 4473 3177 4530 ob
3207 4475 3575 4549 subsequen-

1928 4552 2049 4604 tem
2082 4563 2301 4616 vocem,
2333 4546 2781 4616 sanctiﬁcatione.

182 4614 572 4702 Whilis
600 4621 850 4703 Deitatis.
863 4636 976 4673 una
1005 4621 1082 4701 est
1111 4614 1434 4674 substantia.
1462 4614 1618 4687 Mox,
1637 4636 1743 4692 pro
1763 4622 1824 4675 in
1853 4650 1902 4714 D
1961 4691 1971 4701 .
2003 4621 2067 4691 (1')
2099 4614 2647 4700 Sicemendavimus
2667 4632 2735 4671 ex
2747 4614 3160 4689 antiquissimo
3180 4618 3312 4675 Vat.
3334 4623 3393 4675 et
3410 4620 3575 4676 Padi-

182 4692 434 4746 Potentia.
467 4690 567 4746 al..
600 4709 659 4746 in
690 4692 1109 4746 omnmotentm.
1935 4690 2109 4746 liron;
2138 4688 2251 4746 ΑΙ..
2283 4689 2551 4746 eﬂectum.

174 4692 434 4758 polentia,
467 4690 567 4758 al.,
600 4693 659 4746 in
690 4692 1109 4761 omnipotentia.

248 4762 322 4831 (ε)
353 4761 434 4816 lta
484 4758 923 4832 Quesnellus'et
950 4760 1141 4832 prima
1195 4758 1370 4816 editio
1422 4777 1555 4816 cum
1611 4763 1826 4819 nostris

176 4841 323 4884 mss.
354 4832 748 4889 Lectionariis.
780 4831 894 4898 Al.,
924 4831 1255 4888 convenisse.

238 4900 323 5041 ἑά)
349 4903 457 4972 AL,
488 4905 852 4960 credentium.

261 4976 316 5041 ε)
345 4975 535 5031 Prima
564 4976 744 5030 editio
766 4992 852 5029 Cll]

261 4976 316 5043 ε)
345 4975 535 5031 Prima
564 4976 744 5030 editio
766 4991 901 5029 cum
932 4974 1164 5029 duobus
1196 4990 1339 5028 mss.
1391 4973 1532 5030 Bon.
1583 4979 1641 5030 et
1669 4975 1826 5041 Vat.,

160 5046 337 5111 possit
364 5048 543 5107 simul
560 5048 915 5119 aliquatenus
930 5053 1106 5119 mente
1129 5046 1347 5119 sentiri.
1371 5044 1599 5102 Cmteraa
1621 5046 1825 5103 editio-

166 5128 276 5170 nes
300 5122 434 5174 ante
458 5116 699 5182 Quesnl,
754 5118 923 5189 possit
972 5116 1193 5188 quidem
1247 5117 1597 5187 aliquatenus
1645 5121 1827 5173 mente

164 5190 396 5255 seruire,
427 5190 512 5245 vel
542 5191 761 5245 sentiri.

237 5259 543 5333 t/qulgati
576 5266 714 5317 ante
745 5263 985 5325 Quesn.,
1015 5260 1071 5312 in
1101 5258 1567 5339 cordibusnostris
1594 5260 1829 5329 ﬁdadec

168 5324 288 5384 leta
315 5348 455 5388 voce
482 5333 615 5388 hac:
648 5349 766 5387 non
800 5336 998 5386 tamen
1032 5336 1212 5386 nostri
1246 5331 1491 5385 codices.

236 5406 315 5471 lg)
350 5403 725 5471 Quesnellus,
753 5404 816 5458 in
838 5403 990 5456 nullo
1025 5418 1142 5473 sese
1168 5410 1264 5473 aut
1284 5403 1468 5456 minor
1514 5409 1611 5473 aut
1651 5403 1831 5473 major

159 5478 265 5529 est.
297 5476 677 5532 Anteriorum
707 5473 1032 5529 editionum
1060 5472 1365 5528 lectionem
1396 5472 1614 5529 nostris
1658 5474 1826 5529 codd.

162 5548 581 5602 conﬁrmatam
616 5546 1009 5601 restituimus.

234 5618 317 5687 (ἡ)
350 5616 823 5690 Antiquissimus
855 5615 1007 5690 Vat,
1040 5630 1149 5668 non
1177 5616 1371 5690 fuerit.

232 5686 301 5759 (ἱ)
335 5686 582 5767 Editi'et
617 5688 820 5760 plures
865 5686 1093 5767 codices
1136 5686 1379 5767 addunt,
1410 5687 1612 5767 sancti,
1651 5703 1829 5767 quam

159 5756 373 5818 vocem
402 5756 732 5817 delevimus
763 5757 1110 5815 auctoritate
1139 5756 1527 5814 vetustissimi
1564 5756 1831 5813 Vaticani

1981 4688 2109 4746 ron;
2138 4688 2251 4756 Al.,
2283 4689 2551 4760 eﬂcctum.

2007 4760 2222 4835 (It)_Al.,
2252 4757 2615 4835 invocatione,
2649 4758 2707 4814 in
2730 4757 3111 4830 vulgatorum
3163 4762 3448 4835 margine,
3479 4765 3580 4821 sed

1939 4830 2145 4887 nonin
2180 4830 2396 4887 nostris
2425 4830 2593 4887 codd.

2009 4904 2071 4975 (ἱ)
2089 4902 2444 4982 .Quesnell‘us
2478 4902 2534 4956 in
2559 4900 2820 4982 margine
2836 4901 2963 4982 etin
2984 4903 3402 4982 antiquissimo
3424 4910 3580 4974 Vat.,

1934 4972 2321 5047 perniciosum.
2353 4972 2547 5048 Prima
2576 4972 2773 5048 editi_o,
2795 4975 3046 5048 cantate,
3079 4972 3226 5032 Ante
3254 4994 3460 5048 pauca,
3492 4972 3584 5034 vaé

1935 5043 2060 5102 care
2077 5062 2181 5102 nro
2204 5046 2431 5100 vacuari
2462 5044 2521 5099 in
2553 5060 2666 5099 ms.
2700 5043 3013 5099 Padiliron.

2011 5064 2060 5101 Γϐ
2118 5064 2181 5101 ΓΟ
2204 5064 2429 5100 vacuari
2462 5064 2521 5099 in
2553 5064 2666 5099 IIIS.
2700 5064 3013 5099 ΓΞΠΙΙΙΠὌΠ.

2011 5064 2112 5194 (τηις
2134 5116 2286 5172 Editi
2309 5120 2442 5194 ante
2471 5115 2687 5194 Quesn.
2709 5132 2842 5171 cum
2876 5133 3020 5184 mss,
3052 5116 3459 5177 collectionum
3483 5138 3584 5194 po-

1941 5188 2277 5261 steriorum,
2301 5190 2442 5261 jam,
2476 5189 2799 5261 praetium.

2009 5260 2089 5331 (η)
2122 5260 2182 5331 In
2210 5258 2322 5331 ms.
2356 5258 2485 5331 Vat.
2513 5258 2737 5331 collect.
2772 5260 2808 5313 5
2854 5258 3017 5314 deest
3038 5275 3167 5325 vox,
3219 5262 3323 5317 illa
3350 5262 3498 5331 Dein
3525 5262 3580 5315 in

1938 5329 2251 5402 antiquiss.
2285 5330 2403 5386 Vat.
2434 5330 2518 5385 sic
2549 5330 2875 5386 etl‘eruntur
2917 5331 3223 5401 sequentia
3269 5329 3581 5453 evangelici

1938 5405 2149 5453 textus:
2186 5402 2321 5453 Cum
2349 5404 2531 5453 autem
2558 5403 2769 5453 venerit
2800 5401 3038 5453 Spiritus
3068 5404 3333 5453 veritatis.
3364 5402 3408 5453 il
3432 5415 3462 5453 e
3486 5399 3579 5453 do-

1938 5399 2149 5456 textus:
2186 5402 2321 5457 Cum
2349 5404 2531 5458 autem
2558 5403 2769 5457 venerit
2800 5399 3038 5467 Spiritus
3068 5404 3334 5467 veritatis,
3364 5399 3462 5455 ille
3486 5399 3579 5459 d0-

1936 5474 2072 5528 cebit
2102 5489 2193 5528 vos
2224 5490 2437 5529 omnem
2468 5474 2769 5528 veritatem.
2802 5472 2919 5527 Non
2960 5473 3112 5527 enim
3162 5472 3410 5540 loquetur
3436 5485 3471 5522 a
3498 5484 3579 5522 se-

1936 5545 2188 5615 metipso,
2244 5544 2336 5600 sed
2375 5559 2728 5615 quaecumque
2773 5542 2960 5615 audiet
3006 5540 3256 5615 loquetur
3307 5543 3357 5594 et
3383 5540 3581 5607 futura

1939 5610 2295 5741 anguntitzbit
2326 5610 2494 5671 vobis:
2517 5610 2777 5686 quoniam
2806 5611 2872 5666 de
2891 5627 3007 5665 meo
3028 5610 3255 5678 accipiet
3284 5616 3335 5663 et
3361 5621 3579 5660 annun-

1940 5688 2016 5741 tia
2059 5687 2103 5741 it
2128 5702 2191 5741 vo
2231 5688 2296 5741 is.

1940 5687 2103 5742 tiabit
2128 5687 2296 5741 vobis.
