3946 6214
444 357 562 437 tis

1563 374 1627 435 S.
1675 370 1953 434 LEONIS
2001 366 2250 430 MAGNI
2296 371 2737 435 SERMONES.

3715 355 3818 434 420'

444 508 580 565 etde
602 507 786 564 sancti
805 507 1053 581 Spiritus
1074 507 1305 580 prodire
1322 507 1618 573 doetrina;
1641 506 1737 577 qni
1765 505 2079 559 nunc317
2121 506 2169 569 Α
2204 505 2385 559 (linem
2415 506 2700 577 )tebisum
2733 508 2843 577 tPs.
2871 523 3037 572 LXYII,
3071 508 3194 578 36);
3229 510 3286 561 et
3310 480 3518 560 iterum
3554 523 3565 559 :
3597 506 3812 573 Dormire,

443 613 676 670 quoque
692 596 964 653 cordibus
981 595 1240 652 fidelium
1261 594 1385 651 suis
1409 594 1677 667 prasidet
1697 591 2008 657 institutis,
2027 596 2093 647 ut

443 701 510 741 ea
532 702 737 741 omnes
758 687 814 740 et
835 684 1171 740 obedienter
1190 682 1525 739 custodiant
1545 686 1599 738 et
1614 682 1905 754 sapienter
1927 680 2090 735 intel-

439 773 645 847 ligant.
664 774 808 829 Nam
832 788 965 828 cum
998 772 1057 827 in
1085 773 1178 827 die
1208 772 1781 843 Pentecostes,quem
1809 788 1840 826 a
1864 769 2092 826 Pascha

439 862 669 918 Domini
702 862 1259 934 quinquagesimum
1287 860 1676 931 celebramus,
1699 858 2029 932 promissus
2056 875 2090 913 a

437 950 684 1007 Domino
704 950 957 1023 Spiritus
979 956 1221 1006 sanctus
1245 950 1672 1023 expectantium
1708 952 1933 1004 mentes
1964 964 2087 1003 ma-

428 1040 559 1111 jore
589 1055 766 1113 quam
800 1054 1062 1112 unquam
1082 1039 1249 1112 c0pia
1277 1043 1335 1095 et
1365 1038 1605 1095 clariore
1636 1037 1946 1111 praesentia
1970 1053 2087 1091 sua:

435 1129 768 1201 majestatis
815 1127 1165 1200 impleverit,
1199 1126 1683 1183 manifestissime
1723 1129 1882 1198 patet
1938 1125 2090 1180 inter

436 1222 648 1274 caetera
660 1217 758 1272 Dei
775 1216 1400 1287 munera,jejuniorum
1426 1232 1655 1288 quoque
1676 1212 1945 1287 gratiam,
1961 1231 2087 1285 quae

436 1304 781 1361 hodiernam
815 1305 1191 1361 festivitatem
1225 1305 1475 1362 indivisa
1508 1303 1911 1375 subsequitur,
1946 1306 2089 1357 tunc

442 1393 627 1450 fuisse
650 1395 924 1449 donatam
949 1398 1044 1449 :ut
1066 1394 1220 1450 sicut
1245 1391 2086 1466 fuitconcupiscentiainitium

436 1489 835 1556 peccatorum,
866 1483 946 1539 ita
977 1483 1054 1539 sit
1083 1483 1442 1539 continentia
1474 1482 1635 1555 origo
1665 1482 1967 1536 virtutum.

504 1576 637 1627 CAP.
663 1571 734 1627 ΙΙ.
760 1604 829 1611 -
879 1573 941 1627 In
974 1571 1293 1628 exercendo
1325 1575 1521 1627 autem
1556 1571 1663 1627 hoc
1695 1569 1795 1627 Dei
1823 1586 2083 1637 munere,

436 1675 553 1716 non
581 1659 708 1715 ideo
730 1659 1028 1733 segniores
1060 1676 1187 1717 esse
1210 1660 1513 1729 debemus,
1549 1658 1687 1731 quia
1716 1664 1772 1714 et
1815 1658 1998 1715 Judaei
2030 1663 2087 1714 et

434 1747 686 1805 haeretici
719 1765 871 1821 saepe
910 1750 984 1804 ab
1015 1749 1224 1805 edendi
1258 1748 1527 1804 libertate
1571 1765 1633 1805 se
1680 1747 1997 1813 continent,
2030 1751 2087 1803 et

2201 594 2259 647 in
2308 594 2516 649 lumine
2561 595 2742 649 vultus
2774 596 2858 649 tui
2884 595 3265 661 ambulabunt,
3298 595 3437 649 etin
3492 595 3700 649 nomine
3738 600 3815 650 tuo

2201 683 2551 738 exsultabant
2582 686 2691 738 tota
2720 684 2829 751 die,
2851 687 2902 739 et
2931 684 2989 738 in
3011 686 3237 756 justitia
3297 691 3391 738 tua
3438 682 3813 751 emaltabuntur,

2199 773 2457 843 quoniam
2476 772 2654 843 gloria
2675 773 2891 828 virtutis
2910 788 3098 828 eorum
3127 790 3181 827 es
3207 780 3269 827 tu
3297 772 3411 843 (Ps.
3446 772 3812 840 Lxxxv1u,l7).

2271 859 2401 915 CAP.
2436 859 2526 916 1V.
2557 892 2626 900 —
2656 861 2724 915 Et
2751 861 2901 929 ideo,
2936 859 3331 928 dilectissimi,
3364 858 3679 915 secundum
3705 875 3815 915 eru-

2199 948 2478 1003 ditionem
2500 948 2755 1021 Spiritus
2777 948 2985 1014 sancti,
3003 965 3106 1021 per
3126 965 3304 1021 quem
3327 946 3594 1003 Ecclesia
3616 946 3816 1003 Deiom-

2199 1036 2659 1093 niumvirtutum
2681 1037 2891 1093 collata
2912 1042 3051 1093 sunt
3069 1038 3243 1105 dona,
3261 1035 3652 1109 suscipiamus
3664 1035 3813 1091 alacri

2199 1125 2316 1180 fide
2344 1125 2605 1181 solemne
2628 1125 3156 1197 jejunium(il)etin
3185 1123 3508 1191 mandatis,
3536 1141 3655 1196 qua:
3680 1129 3812 1197 pote-

2199 1213 2386 1269 rimus
2404 1213 2650 1281 cfficere,
2668 1214 3072 1269 contineamus
3095 1230 3200 1269 nos
3219 1215 3295 1269 ab
3317 1213 3816 1285 inﬂationcjactan-

2197 1302 2311 1367 tia,
2336 1303 2406 1358 ad
2435 1303 2528 1358 Dei
2557 1303 2805 1375 gloriam
2838 1309 3044 1359 cuncta
3074 1303 3418 1370 referentes,
3452 1302 3548 1374 qui
3579 1306 3633 1357 et
3662 1300 3813 1357 bona-

2200 1409 2332 1447 rum
2382 1397 2470 1448 est
2530 1393 2845 1464 inspirator
2899 1392 3298 1459 voluntatum,
3330 1395 3388 1448 et
3438 1392 3709 1447 bonarum
3743 1395 3815 1446 est

2196 1485 2399 1537 auctor
2422 1481 2740 1548 actionum,
2765 1481 2990 1537 dicente
3011 1481 3261 1537 Domino
3286 1498 3301 1537 :
3331 1481 3425 1536 Sic
3447 1480 3617 1536 luceat
3658 1480 3812 1535 lumen

2195 1573 2434 1624 vestrum
2444 1586 2629 1625 coram
2649 1569 2985 1637 hominibus,
3004 1574 3063 1625 ut
3075 1571 3306 1625 videant
3326 1585 3491 1642 opera
3504 1577 3665 1625 vestra
3678 1568 3809 1636 bona,

2194 1662 2246 1713 et
2268 1660 2621 1730 magni/iacnt
2637 1663 2858 1715 Patrem
2879 1663 3134 1727 vestrum,
3150 1660 3249 1731 qui
3269 1660 3331 1714 in
3353 1658 3503 1713 aviis
3530 1666 3604 1713 est
3631 1657 3808 1728 (Matth.

2194 1763 2251 1810 v.
2286 1748 2371 1819 16)
2395 1764 2407 1801 :
2435 1747 2533 1819 qui
2559 1747 2697 1802 vivit
2726 1753 2784 1803 et
2816 1752 3020 1820 regnat
3053 1748 3123 1820 (e)
3146 1763 3252 1820 per
3281 1746 3483 1803 omnia
3512 1746 3710 1803 saecula
3728 1762 3810 1802 sae-

434 1838 590 1938 ap.ud
620 1836 781 1909 ipsos
802 1854 1062 1911 paganos
1094 1842 1237 1893 sunt
1267 1838 1535 1910 quaedam
1564 1837 1807 1938 §a)vana
1829 1834 2078 1938 ieiunia.
2115 1873 2161 1938 Β
2196 1835 2483 1891 culorum.
2511 1838 2713 1891 Amen.

430 1925 600 1982 Aliud
633 1926 789 1983 enim
813 1927 934 1999 agit
954 1927 1064 1983 sub
1081 1926 1321 1982 veritate
1348 1926 1514 1994 ratio,
1531 1925 1688 1983 aliud
1703 1925 1811 1982 sub
1835 1924 2084 1980 falsitate

432 2014 714 2086 deceptio.
747 2015 917 2086 Apud
951 2032 1057 2069 nos
1085 2015 1230 2070 fides
1259 2014 1583 2069 sanctificat
1612 2011 1789 2068 etiam
1834 2012 2082 2067 mandu-

434 2108 689 2169 cantem;
714 2104 868 2174 apud
886 2102 1014 2158 illos
1036 2103 1110 2173 (b)
1134 2101 1450 2157 infidelitas
1473 2100 2078 2173 polluitjejunantcm.

434 2190 597 2246 Unde
618 2190 760 2262 quia
775 2196 937 2245 extra
975 2190 1287 2245 Ecclesiam
1321 2190 1668 2246 catholicam
1701 2189 1844 2244 nihil
1875 2195 1963 2244 est
1993 2190 2079 2244 in-

434 2282 684 2351 tegrum,
716 2277 861 2333 nihil
884 2282 1133 2345 castum,
1158 2279 1384 2334 dicente
1405 2277 1680 2351 Apostolo
1707 2296 1718 2333 :
1755 2279 1921 2335 Omne
1939 2279 2079 2350 quod

430 2382 543 2421 non
592 2370 669 2421 est
725 2383 797 2421 ea:
848 2366 971 2437 ﬁde,
1005 2375 1280 2437 peccatum
1310 2371 1385 2423 est
1418 2368 1591 2439 (Rom.
1624 2384 1742 2433 xxv,
1771 2368 1862 2439 23)
1896 2384 1908 2422 :
1943 2385 2075 2423 cum

430 2454 635 2510 divisis
665 2455 737 2510 ab
754 2455 973 2510 unitate
995 2456 1253 2527 corporis
1275 2455 1487 2511 Christi
1511 2455 1673 2511 nulla
1690 2456 2076 2512 similitudine

430 2560 862 2616 comparamur,
887 2542 1049 2599 nulla
1079 2544 1492 2600 communione
1522 2545 1841 2600 miscemur
1869 2561 1881 2599 :
1917 2544 2073 2617 quod

430 2632 633 2704 utique
651 2632 820 2688 nobis
836 2632 1293 2689 saluberrimum
1326 2634 2073 2707 maximumqucjejunium

427 2724 534 2775 est.
555 2720 639 2776 Ad
663 2722 933 2777 virtutem
971 2723 1127 2778 enim
1161 2723 1530 2779 continentiae
1563 2722 1710 2777 nihil
1743 2723 1907 2795 prius
1937 2739 2069 2796 per-

426 2809 573 2864 tinet
593 2827 768 2881 quam
788 2811 860 2865 ab
882 2810 1178 2866 erroribus
1201 2811 1515 2876 abstinere,
1530 2811 1819 2884 quintunc
1831 2812 2069 2867 demum

424 2899 572 2955 bene
601 2899 958 2965 ambulatur,
992 2916 1123 2955 cum
1155 2917 1259 2972 per
1287 2900 1438 2956 viam
1469 2900 1729 2956 veritatis
1761 2900 2066 2955 inceditur.

423 2988 568 3042 Nam
588 2988 727 3059 quia
757 2993 1010 3061 angusta
1038 2994 1093 3044 et
1118 2990 1299 3044 ardua
1322 2988 1992 3062 declinantes,proclivia
2013 2994 2070 3045 et

422 3076 541 3131 lata
561 3077 858 3141 sectanda,
877 3077 989 3132 cito
1010 3075 1067 3131 in
1095 3078 1480 3149 perditionem
1504 3077 1836 3139 deveniunt.
1854 3096 2068 3134 MELIOR

424 3172 509 3217 est
545 3165 757 3235 gradus
794 3165 1001 3219 lentior
1036 3184 1134 3235 per
1166 3166 1273 3219 iter
1303 3173 1544 3233 rectum,
1573 3185 1747 3238 quam
1792 3167 2065 3221 velificitas

422 3252 547 3305 festi
562 3272 589 3305 ii
602 3272 631 3306 a
664 3270 765 3324 per
796 3254 919 3305 dovi
934 3273 962 3307 υ
976 3271 1050 3307 m.

489 3344 619 3396 CAP.
643 3343 738 3397 Iit.
758 3374 825 3383 ——
853 3346 1145 3413 Agnoscat
1179 3360 1314 3414 ergo
1347 3342 1668 3398 catholicus
1699 3343 2067 3401 Christianus

421 3428 490 3499 (c)
506 3428 945 3500 fructusjejunii
963 3430 1075 3495 sui,
1099 3430 1253 3500 quod
1275 3429 1448 3483 etiam
1472 3428 1625 3484 inter
1641 3429 1930 3486 maximas
1952 3431 2066 3486 lar-

419 3502 630 3588 gitates
647 3516 1085 3572 sterilissimum
1108 3516 1237 3583 erit,
1254 3516 1371 3572 nisi
1395 3517 1467 3572 de
1487 3518 1672 3572 sancti
1705 3517 1959 3590 Spiritus
1990 3520 2067 3574 ri-

419 3604 651 3675 gatione
672 3603 1186 3675 processerit.Cum
1201 3603 1355 3659 enim
1376 3604 1532 3660 dicat
1550 3606 1859 3678 Apostolus
1877 3606 2068 3665 nullas

418 3691 533 3747 sibi
552 3691 795 3747 virtutes
843 3691 970 3748 sine
999 3690 1280 3749 charitate
1304 3693 1579 3765 prodesse
1602 3695 1649 3766 (I
1678 3695 1797 3749 Cor.
1833 3713 1954 3762 xui,
1988 3697 2065 3769 1),

418 3780 692 3853 idemque
715 3780 871 3837 dicat
889 3779 1234 3837 charitatem
1260 3782 1352 3837 Dei
1386 3782 1663 3838 ditl'usam
1697 3800 1825 3840 esse
1857 3784 1913 3840 in
1948 3802 2067 3841 cor-

417 3867 594 3924 dibus
624 3868 843 3927 nostris
874 3882 979 3942 per
1006 3868 1290 3942 Spiritum
1322 3874 1593 3926 sanctum
1625 3872 1726 3943 qui
1772 3873 1947 3929 datus
1976 3878 2065 3930 est

414 3956 587 4014 nobis
616 3957 791 4029 (Rom.
823 3975 877 4023 v,
907 3958 964 4030 5)
999 3975 1012 4014 :
1046 3958 1369 4014 cavendum
1401 3962 1492 4013 est
1522 3975 1594 4014 ne
1625 3959 1777 4015 bona
1808 3977 1934 4033 quae
1987 3962 2064 4018 fa-

416 4062 543 4103 cere
557 4045 684 4101 sine
696 4045 954 4103 bonitate
971 4063 1085 4103 non
1100 4062 1440 4119 possumus,
1452 4046 1701 4104 elatione
1726 4049 2062 4121 perdamus.

415 4134 546 4191 Nam
587 4151 725 4190 OMNI
781 4151 844 4191 se
896 4134 1102 4191 merito
1161 4134 1332 4192 laude
1360 4134 1636 4207 dispoliat
1667 4136 1767 4208 qui
1809 4138 1963 4194 818
1992 4140 2064 4195 de

416 4223 630 4279 studiis
670 4222 973 4281 industriae
1001 4241 1120 4280 suae
1142 4223 1201 4279 in
1224 4241 1287 4281 se
1309 4224 1499 4298 magis
1517 4241 1693 4296 quam
1726 4224 1786 4281 in
1817 4226 2063 4284 Domino

414 4310 761 4385 gloriatura
788 4311 907 4368 Cor.
943 4330 981 4379 1,
1006 4314 1115 4382 3t;
1150 4313 1199 4369 ΙΙ
1233 4314 1354 4370 Cor.
1385 4331 1440 4382 x,
1477 4314 1581 4383 17;
1615 4318 1760 4370 Jer..
1795 4332 1871 4383 ix,
1919 4317 2009 4389 23)
2045 4333 2058 4373 :

414 4416 550 4455 cum
603 4400 813 4456 beatus
865 4401 1044 4457 David
1103 4402 1306 4458 doceat
1337 4402 1393 4457 in
1424 4406 1756 4458 sanctorum
1787 4404 2061 4475 operibus

415 4488 598 4543 Deum
629 4504 758 4543 esse
807 4487 1194 4557 laudandum,
1225 4492 1425 4547 dicens
1460 4508 1473 4547 :
1507 4492 1775 4547 Mirabilis
1811 4495 1951 4549 Deus
1998 4497 2060 4550 in

2521 1969 2759 2024 SERMO
2801 1968 2991 2023 LXXX
3033 1969 3138 2040 [ΑΙ.
3173 1967 3505 2039 LXXVIII].

2548 2059 2619 2128 (Γ)
2650 2058 2722 2113 De
2746 2058 2962 2129 Jejunio
2991 2059 3334 2114 Pentecostes
3367 2058 3457 2113 III.

2189 2150 2481 2201 SYNOPSIS.
2510 2178 2575 2186 -—
2598 2148 2677 2201 Ita
2697 2147 3063 2217 jejunandum
3079 2163 3214 2212 esse,
3238 2150 3304 2202 ut
3334 2145 3476 2216 quod
3501 2144 3806 2200 subtrahatur

2259 2221 2480 2344 militiis,
2536 2217 2884 2289 impendatur
2924 2221 3201 2285 charitati,
3257 2235 3379 2290 quae
3429 2217 3637 2289 jejunio
3684 2230 3805 2287 pra:-

2256 2306 2315 2345 ce
2364 2307 2380 2345 t
2411 2332 2423 2344 .

2256 2419 2597 2470 Sanctarum
2622 2412 3081 2478 solemnitatum,
3106 2412 3505 2480 dilectissimi,
3528 2410 3716 2467 ordine
3733 2424 3804 2463 ce-

2184 2502 2405 2558 lebrato
2453 2507 2511 2559 et
2568 2501 2853 2575 spiritalis
2913 2501 3123 2557 laetitiae
3181 2502 3493 2559 devotione
3529 2497 3798 2571 completa,

2184 2597 2408 2664 oportet
2437 2608 2543 2647 nos
2573 2592 2642 2646 ad
2693 2590 3095 2646 salubritatem
3155 2607 3466 2647 recurrere
3516 2587 3799 2663 parcitatis,

2185 2680 2839 2752 remediumquejejunii
2861 2683 2917 2734 et
2931 2679 3580 2736 exercendismentibus
3594 2682 3647 2734 et
3658 2673 3797 2733 casti-

2180 2769 2390 2842 gandis
2413 2768 2689 2824 adhibere
2719 2757 3061 2840 corporibus
3094 2784 3108 2822 :
3142 2773 3208 2821 ut
3264 2768 3407 2841 quia
3437 2783 3542 2822 nos
3585 2765 3714 2821 satis
3739 2762 3797 2817 de

2184 2864 2289 2913 hoc
2318 2863 2375 2914 et
2403 2857 2597 2912 divina
2626 2855 2850 2912 monita
2873 2860 2930 2911 et
2951 2855 3186 2928 propria
3205 2856 3604 2929 experimenta
3622 2853 3796 2909 docue-

2179 2950 2339 3013 runt,
2354 2946 2543 3017 primu
2555 2962 2608 3000 m
2624 2961 2727 3017 per
2746 2944 3213 3000 sacratissimoru
3228 2962 3285 2999 m
3305 2944 3529 3000 dierum
3547 2943 3616 3015 (g)
3630 2956 3792 2996 recur-

2176 3051 2308 3088 sum
2333 3034 2540 3088 divinm
2572 3033 2773 3105 pietati
2801 3032 3021 3105 gratias
3054 3035 3404 3102 referamus,
3437 3037 3558 3088 tum
3589 3033 3786 3087 sanctas

2175 3122 2543 3178 continentiae
2568 3122 2803 3177 delicias
2820 3126 3176 3194 appetentes,
3199 3121 3625 3195 aliquantulum
3646 3117 3786 3174 nobis

2098 3242 2138 3305 Ο
2180 3212 2246 3265 εἰει
2274 3218 2631 3266 terrenorum
2661 3210 2925 3264 ciborum
2958 3210 3324 3265 abundantia
3357 3209 3782 3305 subtrahamus:

2178 3301 2330 3355 319
2352 3300 2426 3369 ίΙι)
2460 3300 2539 3352 ita
2577 3305 2642 3353 ut
2677 3299 2941 3370 proficiat
2971 3297 3363 3370 eleemosynis
3384 3299 3535 3371 quod
3568 3313 3671 3351 non
3696 3293 3785 3347 im-

2176 3388 2454 3460 penditur
2484 3387 2904 3443 mensis.Tunc
2928 3386 3085 3445 enim
3110 3388 3351 3442 demum
3382 3388 3452 3442 ad
3486 3385 3677 3441 animae
3704 3396 3785 3436 cu-

2177 3477 2457 3532 rationem
2483 3476 2711 3548 prolicit
2734 3475 3024 3531 medicina
3048 3476 3287 3547 jejunii,
3312 3492 3446 3532 cum
3473 3468 3785 3529 abstinentia

2167 3565 2497 3636 jejunantis
2518 3564 2774 3620 esuriem
2798 3563 2981 3620 reficit
3004 3564 3344 3637 indigentis.
3380 3563 3525 3630 Quia
3552 3575 3675 3633 ergo
3700 3554 3786 3612 sci-

2177 3671 2310 3709 mus
2335 3654 2489 3726 apud
2540 3652 2976 3710 misericordem
3009 3652 3190 3709 Deum
3215 3653 3463 3725 jejuniis
3499 3646 3783 3724 pracellere

2173 3742 2552 3816 eleemosynaa
2589 3742 2943 3815 largitatem,
2966 3742 3195 3797 dicente
3221 3742 3352 3814 ipso
3389 3739 3620 3797 Domino
3643 3754 3654 3792 :
3676 3736 3783 3790 Date

2173 3833 2590 3904 eleemosynam,
2604 3840 2655 3887 et
2673 3832 2858 3886 omnia
2880 3830 3085 3886 munda
3111 3836 3241 3886 sunt
3269 3831 3419 3886 vobis
3433 3829 3575 3895 (Luc.
3599 3843 3667 3891 xr,
3688 3822 3776 3891 il):

2175 3921 2223 3977 si
2257 3920 2484 3976 animas
2517 3924 2747 3976 nostras
2778 3936 2812 3974 a
2842 3923 3213 3991 peccatorum
3250 3919 3522 3975 sordibus
3546 3913 3778 3985 cupimus

2173 4008 2499 4077 emundari,
2524 4008 2954 4081 eleemosynam
2989 4009 3348 4080 pauperibus
3379 4024 3493 4063 non
3515 4014 3776 4076 negemus,

2175 4103 2239 4154 ut
2265 4098 2325 4152 in
2357 4098 2451 4153 die
2481 4096 2884 4153 retributionis
2901 4096 2973 4152 ad
3000 4097 3446 4168 promerendam
3474 4093 3564 4150 Dei
3589 4085 3778 4147 miseri-

2173 4187 2453 4254 cordiam,
2485 4185 2901 4242 misericordiae
2960 4185 3237 4257 operibus
3299 4186 3651 4257 adjuvemur,
3693 4189 3777 4249 per

2172 4276 2474 4332 Christum
2506 4274 2821 4331 Dominum
2852 4278 3142 4330 nostrum.
3174 4276 3379 4330 Amen.

2524 4390 2770 4446 SERMO
2812 4390 3034 4445 LXXXI
3075 4391 3179 4462 [AL
3215 4388 3465 4459 LXXIX].

2577 4485 2657 4535 De
2682 4480 2898 4551 Jejunio
2919 4481 3251 4535 Pentecoste:
3279 4480 3364 4534 IV.

413 4577 616 4630 sanctis
643 4577 781 4646 suis,
802 4577 939 4634 Deus
961 4580 1130 4634 Israel
1153 4581 1265 4651 ipse
1292 4581 1446 4636 dabit
1471 4582 1728 4637 virtutem
1757 4585 1806 4637 et
1833 4584 2055 4652 fortitu-
2087 4606 2134 4670 Β
2166 4574 3773 4655 Svnors:s.—I.Pea‘aticausamfuissegulam,i¢leoabstinen'

486 4717 561 4788 (α)
586 4716 777 4772 Prima
796 4718 974 4779 editio
995 4724 1053 4775 et
1082 4720 1210 4775 cod.
1235 4721 1399 4777 Bon..
1422 4738 1576 4778 nove.
1602 4723 1773 4779 male.
1802 4724 2062 4780 Indican-

413 4793 511 4844 tur
538 4791 733 4868 autetn
746 4789 910 4868 jejun
922 4789 974 4868 ia
988 4807 1021 4868 a_
1039 4793 1285 4868 paganis
1308 4794 1545 4868 facta-ob
1562 4812 1772 4868 vanam
1787 4794 2058 4868 gloriam,

413 4876 543 4986 quae
574 4858 791 4914 idcirco
808 4858 916 4915 sub
940 4858 1187 4931 falsitate
1214 4863 1517 4934 deceptioni
1534 4882 1667 4920 mox
1679 4858 1827 4937 depii
1840 4858 2059 4935 tantur,

444 4935 502 4985 ta
546 4929 720 4986 etiam
754 4929 1177 4986 Pharisaeorum
1210 4934 1448 4986 ieiunia.
1495 4952 1623 4986 (tum
1653 4939 1866 4986 Auctor
1886 4956 2058 4986 eorm-

444 4929 502 5007 ta
546 4929 720 5007 etiam
754 4929 1177 5007 Pharisaeorum
1201 4929 1623 5007 jejunia,_qua3
1652 4929 1866 4993 Auctor
1886 4929 2059 4995 serm;

411 5001 501 5069 89,
535 5017 662 5073 cap.
700 5001 754 5065 1,
784 5002 955 5073 otiosa
982 5001 1313 5073 appellavit,
1347 5006 1417 5059 ad
1464 5001 1784 5063 humanam
1825 5009 2061 5066 laudem

412 5070 765 5153 captandam
810 5070 991 5153 relata
1011 5070 1460 5153 :c'ommemorat
1512 5094 1689 5132 serm.
1712 5081 1812 5153 792,
1841 5096 1969 5153 cap.
2003 5086 2057 5151 2,

414 5143 548 5217 Mc;
570 5147 697 5217 t_r_es
716 5143 1171 5217 nos_tri_codices.
1188 5216 1194 5217 γ
1211 5146 1383 5201 Aliud
1413 5155 1595 5203 autem
1622 5152 1758 5217 agit.

413 5289 435 5341 ι
483 5213 777 5341 (gitﬂpjus
807 5212 917 5269 loci
947 5216 1240 5271 sententia
1268 5217 1326 5271 in
1359 5212 1862 5277 observationibus
1892 5221 2059 5280 illus-

439 5303 503 5341 ra
546 5303 561 5339 ι
596 5302 628 5340 u
668 5327 681 5340 .

439 5301 681 5342 rabitur.

484 5357 554 5429 (c)
570 5354 1232 5424 Quesnellus,Rainaudi
1255 5357 1568 5414 editionem
1591 5363 1845 5428 secutus,
1860 5366 2062 5420 sancti-

412 5432 577 5501 tatem
586 5429 796 5501 jejunii
811 5429 921 5501 sui.
938 5429 1305 5501 Anteriorum
1319 5429 1643 5485 editionum
1658 5435 2061 5491 etnostrorum

414 5498 680 5573 codicum
706 5498 1012 5573 lectionem
1036 5499 1577 5573 praetulimus,cum
1609 5505 1932 5573 praisertim
1965 5523 2064 5562 no-

412 5587 543 5627 men
562 5572 775 5653 [ructus
794 5572 1077 5653 adjective
1105 5572 1533 5641 steritissimum,
1549 5572 1705 5645 quod
1728 5573 2059 5647 subjicitur,

412 5648 656 5719 omnino
671 5648 991 5719 congruat.

483 5712 711 5796 (φοοδ.
729 5712 945 5776 Bonet
971 5716 1166 5792 prima
1184 5714 1381 5793 editio,
1412 5724 1474 5777 ut
1501 5717 1560 5778 in
1590 5716 1887 5777 mandatis.
1906 5719 2058 5795 Mox,

2164 4729 2524 4800 potuerimus,
2550 4744 2652 4800 pro
2677 4729 2983 4799 poterimus
3013 4727 3071 4781 in
3100 4744 3210 4784 ms.
3244 4727 3381 4800 Vat.»
3401 4721 3619 4800 collect;
3633 4717 3681 4797 5,.
3708 4784 3716 4794 ⁸

2242 4787 2581 4867 ((7)Ουὶάῶ
2641 4787 2809 4855 codd.
2844 4800 3087 4867 addunt,
3119 4816 3247 4855 cum
3300 4798 3436 4854 Filio
3485 4802 3537 4849 et
3584 4787 3762 4859 Spiritu

2168 4874 2373 4925 sancto.

2243 4940 2480 5013 (t'lDuos
2498 4941 2905 5013 antecedentes
2934 4958 3236 4997 sermones
3258 4941 3313 5013 in
3348 4934 3637 5013 festivitate
3655 4926 3770 5013 Pen:

2173 5005 2421 5066 tecostcs
2468 5010 2697 5084 habitos
2751 5012 2936 5083 liquet
2969 5029 2981 5069 :
3017 5030 3152 5069 nam
3212 5012 3452 5084 primus,
3483 5005 3768 5084 Hodierna?

2170 5084 2520 5155 festivitatem
2573 5070 2917 5139 descensioni
2944 5086 3123 5139 sancti
3174 5070 3406 5155 spiritus

2174 5137 2339 5226 initio
2364 5158 2669 5226 memorat,
2694 5159 2751 5210 et
2778 5137 3087 5211 secundus
3106 5137 3232 5226 cap'.
3254 5137 3278 5210 Vl
3295 5197 3308 5223 ,
3338 5149 3664 5226 [estivz'tam

2169 5205 2421 5299 ista;
2435 5205 2580 5299 ’ίὶέἱή
2593 5205 3085 5299 “istaistam.
3100 5205 3437 5299 instita...
3461 5216 3625 5288 gratia
3645 5205 3764 5299 {ad};

2169 5297 2286 5351 visa
2309 5288 2783 5366 subsequiturZ'At
2813 5288 2968 5351 bun'c
3020 5288 3257 5353 tertium
3307 5301 3616 5349 sermonem
3658 5288 3763 5402 jESO

2173 5367 2522 5402 ςοίηηςημηηπ
2550 5367 2919 5402 manauit...“
2946 5357 3667 5402 :na:.n-....:.ionimillanni
3708 5358 3762 5398 n9

2164 5357 2525 5449 jejuniorufn
2550 5367 2641 5423 die
2656 5367 2921 5449 habitum
2938 5368 3202 5449 indicare
3213 5357 3762 5449 videnturil'ltll

2171 5426 2338 5493 initio
2368 5442 2685 5493 sanctarum
2715 5440 3122 5494 solemnitatum
3173 5439 3417 5495 ordinem
3453 5426 3757 5500 celebrqlftmv

2173 5512 2225 5565 et
2250 5492 2567 5581 spirituatis
2600 5492 2820 5581 tentia
2848 5492 3189 5567 devotionem
3206 5492 3701 5581 completamtradit:

2243 5570 2319 5708 (ἵ)
2344 5581 2429 5636 Ita
2448 5597 2517 5636 ex
2539 5579 2712 5663 editis
2736 5586 2868 5636 ante
2886 5581 3287 5652 Quesn.,apud
3301 5570 3756 5662 ῥυειηκζεςανηηι,

2243 5657 2260 5708 t
2306 5650 2571 5708 )Vultzati
2585 5656 2717 5708 ante
2730 5652 2969 5708 Queen“
2990 5657 3228 5708 omenta
3246 5662 3429 5708 unum
3446 5634 3756 5702 admone,“

2168 5630 2571 5800 prliicii‘i‘égﬁ
2580 5630 2717 5711 alii;
2730 5630 2971 5721 ὀῦὧδ
2981 5630 3429 5728 Egilia—prima
3446 5630 3760 5702 editionem

2348 5740 2445 5783 ται.
