3946 6214
129 323 211 389 ιςι
1536 326 1801 389 SERMO
1842 324 2139 389 LXXXII.

3422 328 3546 392 422

189 458 385 533 tineae
415 460 868 533 conterendum.
902 490 970 500 —-
1000 459 1065 514 II.
1103 460 1266 533 Tanta
1299 460 1472 530 magis
1494 475 1683 531 sapere
1706 462 1784 513 in-
1813 462 1868 526 Α
1899 459 2009 514 rcis
2037 460 2425 527 inferendum,
2461 462 2561 517 scd
2609 460 2846 533 ignibus
2895 462 3411 530 concremandum,
3451 464 3547 517 di-

194 530 427 602 terim-em
478 529 810 602 hominem,
842 534 1044 602 quanto
1084 532 1263 599 magis
1305 529 1565 586 exterior
1591 548 1623 585 a
1668 547 1786 587 sen-

193 617 333 655 suum
362 601 657 657 illecebris
690 619 754 657 se
793 601 1056 658 continet.
1089 634 1157 642 —
1190 602 1282 657 III.
1315 605 1443 658 Post
1490 602 1783 670 indulgen-

194 674 277 729 tia:
305 676 573 744 tempora,
599 672 676 728 ad
698 674 931 745 jejunio
962 674 1433 745 recurremlum,nt
1454 675 1783 744 negligentia

199 745 279 817 vel
299 748 617 812 castigetur,
654 744 880 801 vel’non
910 746 1147 816 obrepat.
1177 776 1244 786 —
1272 744 1364 800 ιν.
1390 746 1493 800 Per
1505 745 1782 817 jejunium

198 819 242 869 et
267 816 399 871 bona
428 831 603 888 opera
633 818 914 873 mandari
941 818 1218 873 hominem
1247 833 1281 872 a
1296 819 1552 888 peccatis.

198 921 318 977 CAP.
351 922 395 976 Ι.
434 953 497 961 —
545 924 713 979 Inter
756 922 983 988 omnia,
1030 921 1418 991 dilectissimi,
1454 921 1783 996 apostolicae

138 1010 387 1067 instituta
398 1010 853 1083 doctﬁnaa,quaa
873 1027 941 1066 ex
956 1010 1160 1066 divinae
1175 1010 1252 1082 (a)
1269 1010 1616 1066 eruditionis
1629 1010 1785 1066 fonte

136 1105 457 1166 manarunt,
492 1099 748 1156 dubium
786 1117 904 1155 non
936 1105 1045 1167 est,
1078 1100 1360 1155 inﬂuente
1409 1099 1468 1153 in
1516 1099 1784 1155 Ecclesiae

132 1189 414 1263 principes
445 1189 673 1262 Spiritu
707 1188 1096 1255 sancto,hanc
1118 1189 1376 1261 primum
1399 1189 1471 1243 ab
1489 1189 1574 1244 eis
1595 1188 1780 1245 obser-

131 1279 375 1334 vantiam
407 1278 594 1334 fuisse
638 1283 1008 1351 conceptam,
1042 1282 1107 1333 ut
1149 1278 1336 1335 sancti
1382 1278 1786 1334 observatione

124 1367 627 1439 jejunii,omnium
657 1368 943 1423 virtutum
976 1366 1210 1441 regulas
1240 1367 1620 1423 inchoarent:
1646 1368 1786 1439 quia

132 1455 379 1511 multum
403 1456 478 1511 ad
500 1459 794 1529 praecepta
807 1454 1378 1527 Dei(b)exsequenda
1392 1456 1713 1527 prodesset,
1734 1455 1785 1509 si

128 1543 458 1600 Christiana
488 1543 706 1599 militia
735 1547 941 1600 contra
963 1544 1254 1600 incentiva
1285 1544 1484 1600 omnia
1511 1543 1785 1600 vitiorum

127 1633 496 1689 continentiae
528 1650 593 1689 se
622 1632 1087 1689 sanctificatione
1128 1634 1405 1689 muniret.
1438 1633 1584 1689 Cum
1627 1634 1784 1689 enim

128 1740 228 1795 per
256 1721 600 1778 illecebram
633 1721 749 1778 cibi
782 1721 1083 1794 irrepserit
1114 1721 1305 1794 prima
1334 1739 1510 1778 causa
1539 1722 1784 1793 peccati,

128 1827 240 1882 quo
262 1809 596 1866 salubriore
608 1809 710 1866 Dei
737 1827 980 1866 munere
1004 1810 1190 1865 utitur
1210 1810 1782 1883 redemptalibertas,

129 1916 304 1972 quam
324 1904 389 1955 ut
410 1899 637 1956 noverit
670 1899 967 1955 abstinere
992 1900 1309 1965 concessis,
1332 1917 1458 1972 quae
1478 1901 1702 1956 frenare
1724 1917 1787 1957 se

128 1988 371 2045 nescivit
401 2005 436 2044 a
460 1987 702 2044 vetitis?
734 1988 923 2045 Omnis
953 1988 1172 2059 quidem
1218 1998 1472 2045 creatura
1520 1990 1617 2045 Dei
1647 1990 1785 2045 bona

126 2083 223 2144 est,
249 2082 303 2134 et
328 2079 476 2133 nihil
506 2085 588 2133 est
617 2077 991 2149 abjiciendum
1023 2077 1163 2149 quod
1192 2093 1317 2132 cum
1353 2080 1664 2147 gratiarum
1695 2095 1783 2133 ac-

134 2168 269 2221 tione
279 2169 594 2239 percipitur
616 2169 667 2234 (I
697 2167 832 2221 Tim.
870 2183 947 2232 IV,
979 2166 1071 2236 4);
1105 2167 1205 2222 sed
1239 2183 1353 2221 non
1376 2166 1450 2221 ad
1482 2167 1589 2221 hoc
1610 2165 1785 2222 creati

138 2272 340 2311 sumus
368 2261 429 2311 ut
475 2256 632 2311 fmda
679 2259 737 2310 et
778 2256 849 2327 (c)
880 2255 1205 2327 impudenti
1260 2256 1534 2311 aviditate
1581 2272 1786 2311 omnes

140 2345 338 2399 mundi
367 2345 562 2417 copias
596 2348 1273 2417 expetamus,tamquam
1298 2345 1453 2416 quod
1474 2344 1609 2401 licet
1631 2344 1785 2400 sumi

50 2494 51 2499 η
143 2449 248 2487 non
279 2433 451 2489 liceat
473 2432 866 2507 praetermitti.

206 2524 340 2578 CAP.
373 2523 516 2578 Il.——
548 2523 851 2579 Laudetur
872 2522 1154 2595 Deus,qui
1184 2522 1488 2578 hominum
1514 2523 1647 2578 usui
1667 2527 1785 2579 tam

144 2610 295 2667 διο
327 2612 504 2668 multa
521 2612 763 2668 donavit
786 2630 799 2679 ;
826 2611 928 2667 sed
940 2611 1537 2667 annoscxrrationalis
1554 2613 1788 2668 animus

148 2701 390 2771 majores
418 2701 662 2757 delicias
694 2700 876 2756 menti
908 2701 1076 2756 datas
1107 2717 1234 2757 esse
1279 2718 1455 2772 quam
1506 2701 1686 2757 carni.
1721 2703 1790 2757 Et

143 2798 273 2843 cum
305 2790 462 2845 audit
493 2790 606 2846 sibi
639 2807 745 2862 per
772 2789 1057 2861 Spiritum
1083 2794 1353 2845 sanctum
1376 2789 1643 2846 dicizl’ost
1670 2807 1790 2847 con-

141 2879 492 2947 cupiscentias
523 2878 861 2949 tuas(il)non
886 2882 1053 2945 eas,et
1084 2896 1118 2932 α
1147 2878 1422 2934 voluntate
1437 2887 1533 2933 tua
1549 2888 1791 2936 avertere

148 2964 332 3031 (Baeti.
362 2984 511 3033 xvm,
544 2967 657 3038 30),
691 2965 981 3038 intelligat
1030 2966 1140 3020 sibi
1194 2970 1397 3021 contra
1436 2966 1633 3023 omnia
1663 2986 1788 3039 qua":

143 3053 409 3111 sensibus
438 3056 507 3125 (ε)
530 3054 828 3126 corporeis
852 3054 1254 3121 blandiuntur,
1290 3057 1683 3127 temperantiae
1706 3073 1791 3112 sc-

150 3143 412 3199 ctandam
443 3162 572 3201 esse
603 3146 900 3211 virtutem,
937 3160 1039 3215 per
1069 3161 1267 3215 quam,
1304 3145 1445 3199 dum
1492 3146 1790 3200 exterioris

1897 552 2063 604 cente
2095 549 2340 605 Domino
2374 567 2388 606 :
2424 550 2611 607 Omnis
2630 551 2907 622 plantatio
2938 566 3105 622 quam
3133 565 3243 605 non
3265 551 3543 622 plantavit

1892 638 2056 693 Pater
2082 654 2235 694 mens
2263 638 2492 695 cmlestis
2522 639 2894 695 eradicabitur
2917 639 3124 704 (Matth.
3156 656 3232 708 Ix,
3262 640 3371 712 13).
3405 644 3544 697 Cus-

1894 725 2171 783 todienda
2219 727 2399 800 igitur
2445 728 2615 784 nobis
2646 728 2722 799 (g)
2755 732 2844 784 est
2891 727 3158 783 omnium
3206 728 3540 801 germinum

1894 813 2304 888 seminumque
2333 816 2890 890 generositas,quam
2917 834 2984 873 ex
3015 818 3234 874 summi
3260 817 3541 891 Agricolas

1896 902 2255 976 plantatione
2284 905 2742 979 concepimus,et
2766 906 2924 979 vigili
2948 906 3344 963 sollicitudine
3355 908 3541 980 provi-

1894 992 2153 1048 dendum
2185 1010 2257 1049 ne
2286 994 2385 1049 Dei
2428 1010 2673 1050 munera
2727 994 2922 1066 aliqua
2971 994 3283 1051 invidentis
3314 995 3540 1052 inimici

1895 1081 2099 1137 fraude
2127 1081 2436 1150 violentur,
2464 1088 2523 1139 et
2555 1082 2612 1137 in
2646 1083 2917 1155 paradiso
2947 1082 3231 1139 virtutum
3272 1101 3538 1141 concres-

1895 1175 1985 1225 cat
2018 1170 2160 1226 silva
2189 1171 2485 1226 vitiorum.

1965 1260 2100 1315 CAP.
2135 1259 2227 1316 IV.
2263 1292 2327 1300 ——
2359 1260 2443 1315 Ad
2470 1260 2888 1316 declinandum
2922 1263 3118 1316 autem
3149 1260 3259 1316 hoc
3289 1261 3538 1333 malum,

1896 1347 2039 1404 nihil
2071 1352 2158 1403 est
2191 1349 2486 1419 potentius
2517 1347 2899 1421 eleemosynis
2921 1349 3377 1422 atquejejuniis,
3397 1351 3541 1407 dum

1894 1442 1951 1492 et
1973 1438 2235 1493 carnales
2257 1438 2606 1510 cupiditates
2628 1438 2988 1495 continentia
3008 1443 3193 1507 necat,
3217 1444 3273 1495 et
3310 1439 3541 1497 deside-

1894 1525 2117 1582 riorum
2153 1525 2509 1598 spiritalium
2550 1528 2777 1583 fructus
2835 1527 3249 1584 misericordia
3287 1529 3365 1601 (h)
3401 1546 3544 1586 cura

1895 1614 2436 1686 multiplicat.Unde
2459 1615 2800 1670 charitatem
2818 1618 3067 1670 vestram
3091 1615 3429 1673 solemniter
3447 1619 3544 1674 ad-

1896 1721 2205 1759 monemus
2233 1709 2296 1759 ut
2318 1721 2421 1776 per
2443 1704 2889 1776 castigationem
2905 1704 3167 1777 corporis
3188 1708 3544 1778 etperopera

1897 1793 2130 1866 pietatis
2160 1794 2222 1864 (i)
2257 1793 2526 1848 mundari
2558 1794 2629 1848 ab
2660 1792 2922 1849 omnium
2954 1798 3324 1865 peccatorum
3369 1796 3542 1851 sorde

1894 1882 2437 1955 cupientes,quarta
2466 1887 2523 1937 et
2553 1886 2713 1938 sexta
2744 1882 2886 1937 feria
2907 1882 3277 1953 jejunemus;
3297 1884 3541 1940 sabbato

1894 1976 2089 2027 autem
2123 1972 2279 2045 apud
2320 1972 2727 2027 beatissimum
2763 1971 3000 2027 Petrum
3031 1970 3363 2044 apostolum
3393 1973 3543 2046 vigi-

1896 2061 2004 2117 lias
2034 2060 2398 2116 celebremus
2431 2077 2444 2115 :
2490 2061 2659 2131 cujus
2712 2059 2937 2115 meritis
2979 2064 3036 2115 et
3067 2060 3431 2117 orationibus
3459 2062 3544 2119 ita

1896 2167 2002 2205 nos
2033 2166 2135 2222 per
2163 2149 2361 2205 omnia
2390 2149 2687 2205 credimus
2718 2149 3183 2220 adjuvandos,ut
3212 2151 3543 2208 misericor-

1895 2239 1993 2293 dia
2019 2238 2117 2293 Dei
2150 2243 2207 2293 et
2227 2238 2474 2309 jejuniis
2505 2238 2722 2293 nostris
2748 2237 2904 2292 adsit
2933 2242 2991 2294 et
3018 2238 3191 2305 votis,
3218 2255 3323 2311 per
3350 2238 3545 2297 Chris-

1896 2332 2022 2383 tum
2058 2327 2371 2383 Dominum
2405 2332 2695 2382 nostrum.
2728 2329 2934 2382 Amen.

2152 2417 2299 2471 821
2346 2416 2588 2471 SERMO
2629 2415 2866 2470 LXXXII
2905 2417 3009 2485 [AL
3055 2416 3281 2487 LXXX].

2145 2487 2207 2541 In
2235 2488 2423 2542 Natali
2452 2489 2818 2560 apostolorum
2846 2490 2999 2543 Petri
3024 2491 3075 2542 et
3104 2489 3289 2544 Pauli.

1897 2578 2271 2633 SYNOPSIS.—
2302 2577 2631 2644 LQuantum
2662 2578 2846 2632 Roma’
2865 2577 3045 2643 gloria
3071 2592 3172 2647 per
3199 2578 3543 2648 religionem,

1967 2649 2336 2719 apostolorum
2381 2649 2707 2719 ministerio,
2760 2650 3006 2701 creverit.
3039 2679 3108 2686 —
3158 2648 3227 2703 II.
3268 2650 3543 2717 Quomodo

1970 2718 2274 2774 Romanum
2304 2720 2600 2788 imperium
2642 2718 2854 2773 Christi
2887 2719 3119 2788 imperio
3166 2722 3439 2775 servierit.
3472 2752 3543 2762 ——

1969 2790 2066 2845 IlI.
2085 2792 2202 2845 Cur
2221 2791 2407 2845 Romae
2426 2790 2701 2859 primaria
2721 2789 2974 2844 Ecclesia)
2986 2788 3133 2843 sedes
3145 2792 3428 2845 constituta
3441 2793 3546 2846 sit?

1969 2893 2037 2901 —
2068 2861 2159 2915 IV.
2195 2862 2409 2929 Quanta
2456 2861 2609 2916 Petri
2629 2859 2890 2929 fortitudo
2936 2864 2987 2913 et
3035 2859 3278 2915 charitas
3318 2863 3542 2917 Romam

1971 2933 2420 3003 ingredientis.-—-
2451 2930 2517 2985 V.
2543 2932 2650 2999 Qui
2678 2932 2831 2986 Petri
2860 2930 3088 2998 labores,
3112 2940 3407 3057 antezuam
3433 2935 3542 2989 Ro-

1971 3021 2117 3057 mam
2142 3004 2364 3057 veniret.
2396 3034 2464 3042 -—
2495 3002 2587 3057 v1.
2618 3004 2842 3057 Petrum
2871 3011 2920 3056 et
2959 3003 3198 3057 Paulum
3273 3007 3386 3057 etro
3416 3020 3540 3057 con.-

1968 3002 2117 3058 mam
2142 3004 2364 3058 veniret.
2396 3034 2464 3042 -—
2495 3002 2587 3057 v1.
2618 3004 2842 3057 Petrum
2871 3011 2920 3056 et
2959 3003 3198 3057 Paulum
3229 3002 3386 3060 Petro
3416 3020 3540 3060 con.-

1968 3074 2361 3135 sociatum,duo
2390 3074 2650 3145 pra’ctara
2673 3074 2853 3128 divini
2877 3075 3102 3129 seminis
3130 3089 3242 3129 esse
3269 3077 3540 3144 germina.

1974 3179 2042 3186 —-
2074 3144 2189 3201 VII.
2224 3149 2286 3201 In
2316 3146 2510 3200 horum
2537 3150 2669 3215 [esto
2694 3155 2956 3215 quantum
2986 3146 3309 3201 lactandum.

148 3227 397 3288 hominis
421 3233 693 3304 voluptas
727 3233 1035 3300 minuitur,
1062 3233 1348 3304 sapientia
1378 3232 1670 3289 interioris
1691 3250 1791 3289 au-
1826 3210 1869 3275 Ο
1975 3236 2236 3290 CAP.I.-—-
2268 3234 2542 3289 Omnium
2572 3234 2809 3305 quidem
2842 3239 3178 3288 sanctarum
3203 3234 3543 3289 solemnita-

150 3324 337 3387 getur.
364 3321 486 3377 Non
518 3322 680 3377 enim
712 3320 868 3377 idem
901 3322 1065 3393 vigor
1092 3321 1286 3376 cordis
1328 3326 1416 3376 est
1462 3323 1573 3377 sub
1620 3340 1792 3380 onere

151 3407 279 3474 cibi,
315 3410 409 3481 qui
441 3411 553 3466 sub
582 3410 815 3467 levitate
837 3410 1082 3481 jejunii;
1110 3426 1212 3464 nec
1245 3411 1519 3466 eumdem
1551 3428 1790 3467 sensum

155 3500 335 3564 potest
364 3500 601 3555 satietas
633 3516 915 3571 generare
962 3515 1135 3571 quem
1170 3499 1441 3570 parcitas.
1477 3500 1623 3563 Qum
1670 3517 1791 3556 CUM

155 3599 278 3641 caro
308 3589 724 3661 concupiscens
774 3590 1056 3643 adversus
1088 3589 1359 3659 spiritum
1410 3588 1658 3660 spiritali
1689 3606 1790 3645 cu-

156 3671 381 3742 piditate
431 3684 744 3749 superatur
772 3677 971 3748 (Galut.
1014 3695 1071 3745 v,
1104 3679 1215 3748 17),
1268 3677 1449 3732 libera
1496 3678 1794 3734 obtinetur

157 3764 364 3820 sanitas
389 3771 446 3821 et
476 3784 621 3822 sana
651 3766 893 3823 libertas
928 3784 941 3822 :
975 3770 1038 3821 ut
1068 3771 1126 3823 et
1155 3784 1289 3822 caro
1324 3765 1541 3822 mentis
1563 3767 1789 3838 judicio

157 3853 206 3904 et
233 3868 390 3911 mens
420 3855 520 3911 Dei
555 3860 796 3927 regatur
827 3854 1064 3912 auxilio.

219 3940 342 3998 ΒΑΡ.
372 3945 543 4000 III.—
573 3945 659 3999 Ad
692 3944 846 3999 hanc
876 3960 1014 4017 ergo
1045 3943 1358 4001 utilitatem
1392 3945 1790 4014 nos,dilectis-

161 4026 554 4104 simi,praesens
575 4038 816 4106 tempus
838 4032 1069 4092 invitat.
1091 4037 1155 4088 ut
1178 4050 1211 4087 a
1233 4034 1657 4089 resurrectione
1678 4035 1790 4091 Do-

72 4108 83 4197 ‘_
163 4117 286 4174 mini
300 4122 568 4194 usquead
584 4123 903 4179 adventum
926 4120 1179 4193 Spiritus
1193 4121 1378 4178 sancti
1400 4122 1538 4193 quin
1550 4124 1793 4197 quagin-

78 4190 87 4235 ἶ
168 4208 217 4261 ta
233 4190 427 4267 diebus
448 4210 888 4282 emensis,quos
905 4190 1174 4265 inlaetitia
1193 4190 1496 4284 praecipuae
1510 4190 1787 4268 festivita-

84 4294 89 4373 ξ
164 4293 1011 4373 tisexegimus,adjejuniorum
1035 4298 1370 4371 remediall)
1395 4316 1786 4358 recurremus:

86 4372 97 4462 λ
169 4396 225 4437 ne
250 4372 383 4443 forte
413 4405 518 4461 per
546 4389 917 4445 occasionem
949 4387 1198 4443 licentiae
1226 4387 1790 4462 blandiorisaliquas

171 4472 501 4548 negligentia
552 4477 760 4549 culpas
811 4475 1246 4533 delectabilium
1307 4494 1451 4533 usus
1499 4478 1787 4535 inciderit.

1900 3330 2049 3395 tum,
2082 3323 2470 3391 dilectissimi,
2503 3326 2661 3378 totus
2712 3322 2969 3376 mundus
3017 3326 3105 3377 est
3148 3323 3459 3395 particeps,
3488 3330 3545 3379 et

1900 3412 2078 3469 unius
2111 3412 2238 3467 fidei
2273 3411 2458 3484 pietas
2478 3410 2655 3484 exigit
2685 3412 2748 3466 ut
2777 3410 3060 3483 quidquid
3079 3429 3183 3484 pro
3204 3411 3393 3468 salute
3414 3411 3544 3467 uni-

1899 3518 2197 3557 versorum
2230 3504 2459 3572 gestum
2494 3500 2558 3572 (j)
2592 3498 2880 3565 recolitur,
2894 3500 3309 3557 communibus
3326 3500 3545 3573 ubique

1899 3590 2129 3663 gaudiis
2150 3588 2912 3645 celebretur.Verumtamen
2935 3588 3218 3645 hodierna
3236 3589 3546 3660 festivitas,

1900 3682 2107 3753 praeter
2135 3676 2296 3734 illam
2330 3676 2710 3733 reverentiam
2742 3695 2919 3749 quam
2950 3683 3069 3734 toto
3098 3682 3390 3735 terrarum
3406 3679 3545 3736 orbe

1899 3765 2484 3840 promcruit,specia1i
2518 3771 2576 3821 et
2608 3767 2841 3839 propria
2872 3770 3082 3822 nostras
3104 3766 3266 3823 urbis
3283 3767 3544 3824 exsulta-

1897 3856 2053 3912 tione
2085 3856 2413 3911 veneranda
2442 3859 2549 3910 est:
2567 3859 2631 3910 ut
2659 3854 2758 3910 ubi
2788 3855 3213 3928 prmeipuorum
3244 3855 3542 3928 apostolo-

1899 3962 2028 4000 rum
2061 3943 2421 4017 glorificatus
2437 3948 2526 3999 est
2545 3943 2841 4012 exitus,ibi
2865 3944 2939 4015 (Ιιῖ)
2961 3943 3021 3998 in
3044 3943 3136 3999 die
3156 3944 3419 4015 martyrii
3445 3960 3541 3999 eo-

1898 4050 2030 4089 rum
2062 4033 2140 4091 sit
2170 4031 2382 4087 laztitia:
2412 4032 2794 4104 principatus.
2816 4032 2918 4087 Isti
2949 4032 3104 4086 enim
3137 4034 3276 4086 sunt
3302 4031 3409 4086 viri
3440 4047 3545 4103 per

1898 4139 2046 4195 quos
2079 4121 2181 4176 tibi
2202 4119 2577 4193 Evangelium
2600 4118 2836 4184 Christi,
2854 4120 3058 4188 Roma,
3084 4118 3544 4191 resplenduit;et

1898 4227 2026 4283 qua:
2058 4226 2188 4265 eras
2220 4208 2500 4281 magistra
2530 4206 2923 4275 erroris,facta
2942 4223 3005 4262 es
3034 4206 3324 4279 discipula
3337 4207 3544 4265 verita-

1896 4297 2100 4353 tis.Isti
2126 4301 2265 4351 sunt
2285 4297 2347 4367 (ι)
2368 4295 2554 4351 sancti
2577 4300 2771 4365 patres
2791 4293 2877 4350 tui
2897 4295 3133 4367 verique
3149 4297 3543 4370 pastores,qui

1897 4391 1953 4442 te
1980 4386 2177 4457 regnis
2209 4384 2546 4440 ccnlestibus
2568 4383 2940 4439 inserendam
2966 4383 3150 4440 multo
3164 4383 3375 4441 melius
3397 4385 3546 4442 mul-

1896 4479 2075 4547 toque
2106 4473 2333 4529 felicius
2367 4471 2957 4544 condiderunt,quam
2990 4471 3544 4547 illiquorumstudio

170 4546 327 4617 Terra
347 4565 499 4621 enim
533 4546 732 4622 carnis
762 4571 996 4633 nostris,
1033 4565 1146 4621 nisi
1180 4564 1437 4622 assiduis
1461 4566 1635 4623 fuerit
1654 4569 1793 4623 sub-
1822 4572 1872 4636 D
1901 4546 2091 4637 prima
2118 4562 2399 4617 moenium
2422 4565 2659 4616 tuorum
2683 4561 3065 4618 fundamenta
3083 4546 3271 4619 locata
3286 4569 3454 4621 sunt:
3476 4581 3548 4620 ex

176 4652 278 4704 acta
303 4652 569 4721 culturis,
604 4654 719 4710 cito
751 4655 825 4710 de
855 4654 1022 4726 segni
1053 4654 1170 4711 otio
1200 4654 1401 4726 spinas
1428 4654 1793 4728 tribulosque

174 4738 424 4811 producit,
457 4747 516 4799 et
542 4748 717 4815 partu
743 4741 1017 4815 degeneri
1051 4742 1214 4797 dabit
1242 4744 1498 4801 fructum
1519 4761 1634 4801 non
1653 4744 1794 4801 hor-

225 4866 293 4935 (α)
320 4865 401 4922 Ita
431 4884 565 4923 cum
600 4866 914 4932 Quesnello
946 4866 1134 4922 nostri
1162 4867 1390 4924 codices
1421 4872 1478 4923 et
1520 4867 1795 4925 similiter

80 4994 81 4999 η
172 4950 320 4992 serui.
349 4939 437 5005 79,
471 4955 599 5010 cap.
635 4942 657 4994 1
700 4958 712 4995 :
745 4938 1126 4994 Dubitandum
1154 4955 1267 4993 non
1309 4948 1386 4994 est
1432 4955 1651 4995 omnem
1697 4943 1792 4995 ob-

167 5012 470 5064 servantiam
499 5011 877 5067 Christianam
900 5010 1226 5065 eruditionis
1241 5027 1353 5066 esse
1381 5010 1789 5069 divinwﬁzete-

171 5094 232 5133 re
256 5081 550 5148 editiones,
582 5083 973 5138 institutionis.

226 5151 292 5221 (ὁ)
320 5152 511 5224 Prima
540 5154 741 5219 editio,
762 5151 1112 5224 excipienda.

227 5224 286 5291 (ε)
314 5223 433 5295 Duo
460 5225 631 5280 codd.
664 5225 846 5293 Vatt.,
879 5222 1237 5295 imprudenti.

230 5296 295 5363 (it)
325 5294 502 5352 Iidem
533 5298 650 5353 duo
682 5313 854 5361 mss.,
884 5294 969 5351 ne
990 5311 1104 5355 eas;
1125 5299 1182 5367 et
1210 5294 1366 5360 dein,
1394 5311 1498 5367 pro
1527 5305 1788 5363 avertere,

164 5381 301 5437 unus
325 5383 391 5421 ex
414 5367 620 5424 iisdem
653 5368 885 5424 collect.
919 5368 957 5422 5
984 5370 1039 5421 et
1070 5366 1260 5437 prima
1289 5366 1464 5423 editio
1498 5368 1722 5425 collect.
1756 5371 1790 5423 3

162 5435 376 5501 habent,
406 5449 602 5497 vetare.
1071 5435 1088 5437 “
1616 5458 1621 5463 ‘

223 5509 283 5580 (ei
312 5509 368 5563 In
398 5511 602 5568 iisdem
637 5511 837 5577 codd.,
871 5508 1137 5580 corporis.

222 5578 281 5659 (ἡ
309 5581 492 5659 lirium
520 5585 698 5642 editio
730 5589 790 5642 et
820 5578 1005 5659 code}:
1037 5578 1202 5651 Bon.,
1233 5596 1641 5659 concurramus.

220 5653 290 5727 (ρ)
314 5652 555 5715 Verbum
587 5660 669 5717 est
697 5660 759 5726 et
790 5652 1016 5711 nostris
1049 5667 1192 5711 mss.
1223 5652 1571 5727 adjecimus.

1902 4654 2120 4725 quibus
2149 4652 2200 4706 is
2229 4650 2331 4721 qui
2360 4650 2466 4704 tibi
2499 4666 2713 4705 nomen
2742 4649 2904 4705 dedit
2932 4652 3187 4707 fraterna
3204 4655 3262 4707 te
3282 4653 3437 4708 caede
3451 4653 3548 4713 fte-
3648 4648 3656 4661 ’

1902 4740 2187 4796 davit.Isti
2218 4743 2358 4794 sunt
2387 4738 2487 4811 qui
2518 4743 2572 4795 te
2598 4739 2669 4795 ad
2701 4738 2851 4794 hanc
2869 4738 3112 4813 gloriam
3141 4745 3545 4813 provexerunt,

1973 4864 2050 4934 (h)
2083 4864 2189 4939 Sic
2209 4863 2390 4939 nostri
2422 4864 2650 4919 codices
2676 4869 2738 4939 et
2766 4880 2969 4939 omnes
2999 4864 3550 4939 editiones,excepta

1900 4934 2395 5007 Quesnclliana,in
2430 4952 2564 5007 qua,
2589 4935 2751 4991 nullo
2780 4936 3035 4992 indicato
3066 4934 3545 5003 codice,cultura.

1973 5009 2036 5080 (ί)
2070 5006 2265 5061 Prima
2294 5006 2493 5080 editio.
2526 5007 2791 5062 mandari
2820 5007 2890 5062 ad
2928 5009 3177 5063 omnium
3202 5014 3550 5080 peccatorum

1899 5078 2053 5151 sorde
2070 5093 2351 5151 curemus.
2376 5079 2594 5151 Quarta
2626 5080 2797 5151 igitur
2814 5083 2866 5133 et
2892 5082 3049 5134 sexta
3075 5078 3241 5151 feria,
3272 5086 3381 5136 etc.

1971 5149 2465 5275 (jglectionarius
2496 5149 2676 5205 codex
2717 5150 2928 5205 Veron.
2978 5151 3037 5206 S.
3069 5149 3246 5207 Firmi
3286 5152 3544 5224 Maioris,

1971 5237 2019 5275 :o
2047 5237 2209 5275 unus.

1900 5236 2209 5275 recoumus.

1994 5292 2050 5362 h)
2091 5292 2194 5364 His
2241 5291 2432 5347 verbis
2463 5290 2811 5364 Quesnellus
2841 5290 3076 5364 longam
3107 5293 3545 5364 annotationem

1900 5362 2169 5444 subjecit,
2204 5379 2382 5444 quam
2413 5362 2776 5444 noninutili,
2811 5369 2876 5418 ut
2905 5362 3231 5444 speramus,
3262 5362 3545 5444 disquisi-

1899 5432 2057 5490 tione
2087 5432 2440 5490 illustratum
2472 5434 2626 5489 inter
2655 5432 3088 5490 observationes
3118 5432 3397 5487 invenies.

1968 5506 2032 5585 (ζ)
2062 5505 2190 5585 V9);
2211 5507 2396 5585 sancti
2432 5506 2631 5585 addita
2658 5522 2729 5585 εξ
2775 5504 3188 5585 αηςὶᾳρίεξξξιρρ
3215 5501 3342 5556 Vat.
3373 5499 3537 5572 3835,

1899 5572 2234 5636 ex'l'audato
2264 5577 2475 5636 Veron.
2506 5581 2564 5635 et
2587 5593 2655 5635 ex
2682 5575 2897 5634 Homil.
2916 5572 3093 5633 'Pauli
3122 5572 3278 5630 Diae.
