3946 6214
431 322 549 399 ω

1550 320 1616 385 S.
1661 320 1941 387 LEONIS
1986 318 2239 399 MAGNI
2281 319 2728 405 SERMONES‘

3667 328 3767 399 M8

432 459 766 521 cordiarum
785 455 998 543 jejunii
1021 456 1205 517 nostri
1227 454 1304 532 (a)
1335 453 1621 517 sacriﬁcio
1642 453 1908 533 placatus
1924 454 2075 520 εει
2108 457 2166 527 Α
2188 454 2595 517 imbecillitate
2623 457 2879 534 propria,
2912 456 3216 534 possibilia
3243 457 3483 533 spondet
3507 475 3571 518 ex
3594 459 3772 525 virtute

431 551 705 616 exaudiat
731 568 835 624 per
861 550 1066 607 Jesum
1092 547 1390 605 Christum
1424 546 1741 604 Dominum
1787 550 2076 617 nostrum,

432 641 533 715 qui
566 640 706 703 vivit
724 644 940 715 regnat
970 639 1028 695 in
1080 638 1293 694 saecula
1322 637 1695 693 saeculorum.
1727 637 1931 693 Amen.

784 773 1026 830 SERMO
1065 771 1156 828 XC
1201 773 1307 844 [AL
1350 771 1718 843 LXXXVIII].

807 864 885 919 De
910 862 1129 934 Jejunio
1155 861 1372 933 septimi
1399 861 1600 916 mensis
1638 862 1691 916 V.

426 976 724 1030 SYNOPSIS.
741 1002 809 1011 —
828 972 869 1025 Ι.
902 956 1301 1024 Paenitentiam
1329 981 1542 1035 semper
1569 981 1683 1021 esse
1710 966 2077 1020 necessariam

493 1043 1018 1119 ρνοριενεοηιὲῖιιιιξδ
1030 1040 1249 1119 inlimis“
1268 1037 2079 1119 insi‘li‘tfe’m'wl‘l’lwtﬂttam

495 1107 703 1173 carnis.
736 1146 804 1154 —
850 1112 918 1168 II.
954 1111 1151 1167 Omnia
1189 1108 1551 1179 impossibilia
1596 1124 1668 1163 ex
1698 1107 2077 1163 imbecillitate

497 1189 759 1251 humana,
774 1199 894 1249 esse
906 1180 1193 1254 possibilia
1216 1196 1287 1254 ea;
1308 1182 1506 1254 virtute
1527 1179 1737 1254 divina.
1763 1210 1838 1254 _—
1874 1179 1966 1254 ΙΙΙ.
2001 1180 2076 1234 De

497 1274 683 1314 amore
701 1257 798 1311 Dei
811 1262 863 1310 et
882 1250 1091 1308 mundi.
1114 1281 1183 1291 --
1216 1250 1304 1305 IV.
1338 1252 1589 1306 Amorem
1618 1251 1718 1305 Dei
1759 1251 1914 1306 bonis
1946 1266 2072 1322 ope-

496 1331 651 1386 ribus
682 1327 913 1383 nutriri.
944 1327 1058 1381 Cur
1085 1324 1304 1394 septimi
1326 1324 1532 1377 mensis
1551 1323 1856 1394 jejunium.

496 1446 627 1507 CAP.
677 1445 718 1500 Ι.
768 1474 839 1487 --
885 1442 1213 1508 Sacratum,
1274 1437 1663 1504 dilectissimi,
1714 1437 1771 1491 in
1822 1436 2072 1508 septimo

426 1552 627 1593 mense
649 1531 965 1608 jejunium,
991 1529 1065 1586 ad
1096 1527 1429 1587 communis
1448 1525 1771 1582 devotionis
1793 1523 2072 1580 exercitia

423 1624 829 1699 praedicamus,
862 1620 1110 1675 ﬁdenter
1134 1634 1238 1674 vos
1270 1615 1530 1689 paternis
1562 1614 2071 1671 cohortationibus

421 1715 753 1779 incitantes,
787 1714 851 1766 ut
880 1708 1035 1781 quod
1067 1706 1175 1763 fuit
1195 1703 1772 1780 (b)anteJudaieum,
1792 1702 2070 1773 vestra(c)

421 1805 523 1861 ﬁat
534 1798 904 1859 observantia
917 1795 1448 1854 Christianum.Est
1464 1792 1619 1849 enim
1636 1791 1795 1847 omni
1812 1796 2071 1863 tempore

420 1897 626 1966 aptum
674 1894 732 1946 et
776 1889 1153 1961 Testamento
1199 1883 1434 1956 utrique
1465 1881 1844 1949 conveniens,
1877 1884 1941 1935 ut
1970 1895 2074 1952 per

420 1976 958 2055 eastigationem(d)
974 1979 1031 2031 et
1057 1973 1273 2030 mentis
1302 1977 1360 2028 et
1389 1971 1654 2044 corporis
1672 1968 2075 2055 misericordia

421 2070 620 2127 divina
648 2068 965 2140 quaeratur,
1020 2062 1160 2135 quia
1203 2059 1350 2119 nihil
1381 2064 1471 2116 est
1502 2059 1801 2115 efﬁcacius
1835 2054 1905 2113 ss
1939 2075 2070 2113 exo-

422 2158 673 2221 randum
706 2160 887 2210 Deum
915 2168 1094 2235 quam
1125 2154 1190 2206 ut
1226 2150 1401 2205 homo
1449 2149 1576 2221 ipse
1623 2163 1686 2203 se
1734 2145 1980 2219 judicet,
2014 2150 2072 2202 et

420 2242 1005 2319 numoumdesinata
1023 2241 1192 2297 venia
1202 2235 1681 2312 postulanda,qui
1704 2252 1765 2292 se
1778 2236 2072 2292 seitnum-

421 2351 600 2412 quam
611 2348 739 2389 esse
758 2330 883 2387 sine
900 2329 1090 2402 culpa.
1106 2327 1291 2385 Habet
1313 2326 1469 2383 enim
1491 2325 1673 2382 hocin
1690 2341 1751 2382 se
1764 2325 1835 2397 (e)
1858 2322 2068 2379 vitium

420 2424 683 2487 humana
713 2423 941 2488 natura,
973 2434 1088 2474 non
1117 2434 1150 2474 a
1180 2418 1446 2473 Creatore
1470 2413 1845 2480 insitum,sed
1872 2430 1904 2469 a
1926 2429 2068 2486 pra:-

417 2512 743 2571 varicatore
780 2512 1167 2574 contractum,
1198 2508 1256 2562 et
1283 2504 1345 2560 in
1370 2508 1636 2578 posteros
1664 2503 1729 2577 (Γ)
1750 2502 2066 2577 generandi

423 2601 551 2676 lege
576 2598 965 2664 transfusum,
1017 2600 1083 2652 ut
1128 2596 1199 2651 de
1230 2593 1593 2668 corruptibili
1624 2609 1863 2665 corpore
1889 2590 2065 2647 etiam

421 2691 577 2766 quod
597 2688 855 2746 animam
878 2701 1251 2758 corrumpere
1270 2680 1458 2757 possit
1481 2682 1721 2740 oriatur.
1749 2681 1894 2737 Hinc
1917 2680 2065 2736 inte-

420 2782 542 2840 rior
568 2779 766 2846 homo,
790 2776 868 2850 (g)
888 2767 1125 2832 tametsi
1138 2773 1339 2847 jamin
1356 2772 1584 2829 Christo
1606 2774 1984 2845 regeneratus
2008 2774 2067 2825 et

421 2867 714 2928 avineulis
734 2864 1091 2939 captivitatis
1106 2868 1197 2919 est
1212 2860 1711 2929 erutus,assiduos
1731 2858 1909 2915 habet
1929 2874 2063 2913 cum

421 2956 992 3021 earneoonllictus,et
1011 2953 1154 3010 dum
1174 2950 1409 3009 cohibet
1430 2949 1938 3023 concupiscentem
1961 2964 2062 3021 pa-

419 3046 564 3104 titur
579 3048 981 3118 repugantem.
1016 3043 1079 3099 In
1096 3058 1214 3115 qua
1240 3039 1533 3097 discordia
1570 3056 1684 3095 non
1721 3037 1888 3094 facile
1914 3035 2064 3092 obti-

421 3141 593 3195 netur
613 3139 731 3192 tam
755 3134 1009 3209 perfecta
1026 3131 1267 3190 victoria
1293 3134 1357 3187 ut
1378 3130 1554 3187 etiam
1569 3129 1647 3203 (Ιι)
1662 3128 1762 3184 illa
1785 3145 1911 3201 quae
1924 3128 2065 3185 sunt

421 3204 824 3300 abrumpenda
853 3239 968 3279 non
996 3220 1241 3294 illigent,
1266 3224 1324 3277 et
1355 3236 1481 3293 quas
1504 3222 1643 3274 sunt
1661 3214 2065 3273 interﬁeienda
2093 3204 2137 3275 C

419 3332 537 3379 non
565 3312 888 3371 vulnerent.
921 3307 1366 3378 Quantumlibet
1395 3306 1691 3380 sapienter
1719 3309 1776 3361 et
1828 3303 2065 3378 provide

409 3404 595 3477 judex
610 3403 845 3459 animus
875 3400 941 3473 (i)
960 3396 1347 3457 exterioribus
1369 3395 1641 3453 sensibus
1663 3392 1879 3467 praesit,
1913 3393 2066 3448 inter

423 3491 759 3565 ipsatamen
782 3504 953 3546 curas
974 3491 1150 3559 atque
1164 3501 1475 3545 mensuras
1498 3484 1759 3558 regendas
1784 3481 1977 3540 carnis
2007 3484 2067 3536 et

424 3576 665 3647 alendis,
716 3575 895 3633 nimis
944 3576 994 3633 ei
1024 3591 1260 3647 semper
1287 3572 1481 3629 vicina
1516 3573 1760 3629 tentatio
1789 3576 1897 3629 est.
1925 3569 2066 3636 Quis

426 3668 584 3726 enim
614 3667 696 3724 ita
723 3682 788 3722 se
817 3669 918 3721 aut
964 3681 999 3719 a
1042 3662 1339 3737 voluptate
1378 3660 1637 3737 corporis
1667 3665 1771 3717 aut
1808 3678 1842 3717 a
1870 3659 2068 3717 dolore

426 3755 786 3839 sejungit,ut
805 3754 879 3810 ad
910 3752 1100 3826 ipsam
1131 3755 1387 3808 mentem
1423 3768 1537 3807 non
1568 3749 1876 3839 pertineat,
1909 3749 2066 3821 quod

419 3837 785 3905 extrinsecus
806 3845 908 3900 aut
928 3841 1231 3899 blanditur
1251 3844 1352 3897 aut
1371 3839 1630 3896 cruciat?
1645 3837 1966 3893 Indivisum
1980 3841 2069 3893 est

420 3931 1054 4012 gaudium,iudiscreta
1070 3928 1309 3986 tristitia
1334 3945 1346 3984 :
1371 3926 1517 3984 nihil
1529 3929 1595 4000 (j)
1617 3926 1676 3981 in
1697 3926 1934 3982 homine
1955 3926 2069 3981 ira-

420 4023 638 4082 cundia
660 4040 775 4080 non
799 4019 1082 4090 accendit,
1108 4016 1253 4074 nihil
1274 4016 1479 4075 latitia
1505 4032 1621 4072 non
1644 4014 1898 4081 resolvit,
1920 4013 2067 4069 nihil

423 4113 578 4183 852
625 4110 910 4186 agritudo
954 4124 1071 4165 non
1103 4106 1306 4164 afﬁcit.
1339 4107 1411 4162 Et
1456 4121 1583 4178 quas
1614 4101 1731 4160 illic
1762 4100 2069 4159 declinatio

422 4205 614 4281 potest
633 4218 761 4259 esse
781 4199 1022 4275 peccati,
1048 4195 1149 4253 ubi
1169 4212 1289 4253 una
1324 4192 1523 4269 passio
1551 4195 1707 4250 estet
1728 4192 1985 4266 regentis
2015 4193 2073 4247 et

422 4290 686 4349 subditi?
708 4288 914 4346 Merito
945 4285 1234 4347 Dominus
1262 4286 1625 4359 protestatur
1655 4282 1809 4356 quod
1840 4282 2071 4354 spiritus

423 4379 646 4453 quidem
687 4380 969 4452 promptus
1014 4383 1113 4445 est,
1176 4390 1305 4431 caro
1353 4376 1535 4430 autem
1584 4370 1813 4444 inﬁrma
1859 4371 2070 4441 (Matth.

422 4483 576 4536 xxvr,
610 4468 722 4534 41).

2188 549 2421 605 divina:
2455 549 2700 621 Angusta
2743 551 2898 605 enim
2947 551 2996 606 et
3025 553 3178 607 arcta
3214 551 3293 606 est
3318 551 3405 607 via
3433 567 3543 623 qua:
3568 550 3693 611 ducit
3716 554 3773 610 ad

2186 638 2355 693 vitam
2402 637 2607 711 (Matth.
2640 654 2742 705 xu,
2772 637 2883 711 44),
2919 642 2976 695 et
2999 654 3171 695 nemo
3194 638 3254 693 in
3274 654 3398 695 eam
3427 654 3677 711 gressum
3704 641 3772 697 in-

2190 727 2383 794 ferret,
2419 743 2589 781 ncmo
2634 726 2949 799 vestigium
2999 731 3378 800 promoveret,
3411 728 3514 784 nisi
3544 728 3767 786 difﬁciles

2187 815 2383 871 aditus
2403 815 2528 887 ipse
2550 831 2612 872 se
2632 814 2896 877 Christus
2926 816 3077 872 viam
3109 816 3371 872 faciendo
3402 822 3691 874 reserarat:
3719 825 3770 875 ut

2187 909 2388 961 auctor
2400 904 2628 960 itineris
2642 905 2743 961 ﬁat
2754 905 3112 977 possibilitas
3126 903 3767 979 ambulantis,quiaidem

2185 999 2242 1050 et
2262 994 2583 1050 introducit
2605 993 2677 1049 ad
2703 994 2961 1051 laborem
2984 1000 3042 1051 et
3062 994 3330 1067 perducit
3353 995 3422 1051 ad
3445 995 3695 1067 requiem.
3723 997 3772 1057 In

2185 1101 2300 1156 quo
2332 1100 2468 1157 ergo
2500 1083 2669 1139 nobis
2702 1100 2836 1156 spes
2865 1089 2954 1139 est
2983 1088 3206 1140 aeternae
3242 1084 3385 1152 vita,
3418 1084 3473 1140 in
3503 1084 3681 1142 eodem
3700 1092 3771 1142 est

2183 1173 2240 1225 et
2257 1170 2443 1226 forma
2464 1170 2773 1243 patientiae.
2799 1171 2859 1227 Si
2868 1172 3027 1229 enim
3041 1174 3422 1245 compa-timur,
3456 1180 3503 1228 et
3522 1189 3769 1244 conregna-

2185 1260 2364 1315 bimus
2390 1260 2457 1333 (II
2491 1261 2625 1315 Tim.
2659 1277 2719 1327 ll,
2770 1263 2835 1315 12
2874 1279 2887 1328 ;
2940 1264 3091 1316 Rom.
3126 1278 3249 1329 vni,
3281 1263 3401 1330 l7):
3432 1262 3700 1334 quoniam,
3725 1266 3775 1321 ut

2182 1348 2490 1420 Apostolus
2521 1348 2626 1414 ait;
2678 1350 2775 1420 qui
2818 1366 2876 1408 se
2904 1349 3038 1405 dicit
3068 1352 3130 1405 in
3161 1350 3374 1406 Christo
3404 1367 3627 1419 manere,
3650 1352 3769 1408 debet

2179 1438 2318 1493 sicut
2348 1440 2445 1493 ille
2471 1438 2775 1493 ambulavit
2804 1443 2857 1493 et
2903 1439 3016 1512 ipse
3063 1440 3354 1495 ambulare
3384 1440 3425 1512 (Ι
3451 1438 3594 1497 Joan.
3640 1456 3690 1509 ιι,
3710 1440 3771 1509 6).

2179 1525 2408 1598 Alioqui
2439 1526 2594 1582 falsae
2617 1527 2996 1599 professionis
3020 1527 3277 1601 imagine
3307 1529 3542 1596 utimur,
3571 1528 3614 1583 si
3633 1529 3774 1599 cujus

2180 1618 2417 1673 nomine
2437 1616 2914 1690 gloriamur,ejus
2936 1616 3211 1674 instituta
3222 1635 3337 1677 non
3353 1616 3772 1691 sequimurtqna

2180 1706 2383 1778 utique
2404 1706 2572 1763 nobis
2595 1723 2841 1764 onerosa
2863 1724 2977 1763 non
3001 1711 3222 1777 essent,
3254 1712 3311 1764 et
3323 1708 3394 1765 ab
3416 1707 3666 1764 omnibus
3690 1723 3774 1762 nos

2180 1794 2457 1868 periculis
2481 1793 2870 1865 liberarent,si
2894 1794 3041 1851 nihil
3065 1795 3227 1853 aliud
3251 1812 3427 1870 quam
3448 1794 3587 1869 quod
3609 1811 3774 1853 aman-

2182 1885 2321 1940 dum
2347 1885 2592 1957 jubetur
2615 1901 2971 1941 amaremus.

2250 1974 2387 2029 CAP.
2422 1974 2518 2029 lII.
2559 2005 2628 2013 —
2660 1973 2784 2029 Duo
2814 1990 3071 2047 namque
3102 1991 3335 2033 amores
3364 1977 3499 2032 sunt
3517 1972 3775 2046 exquibus

2178 2079 2381 2118 omnes
2405 2061 2691 2135 prodeunt
2710 2059 3153 2131 voluntatesjta
3165 2064 3406 2123 diversas
3419 2062 3773 2137 qualitatibus,

2178 2151 2328 2208 sicut
2341 2150 3389 2210 dividunturauctoribus.Rationalis
3401 2152 3549 2210 enim
3562 2151 3773 2214 animus,

2123 2238 2140 2256 '
2178 2240 2277 2314 qui
2300 2241 2427 2298 sine
2453 2239 2763 2297 dilectione
2810 2257 2940 2297 esse
2970 2258 3085 2297 non
3115 2246 3336 2315 potest,
3369 2242 3441 2317 (k)
3487 2246 3582 2300 aut
3606 2239 3691 2298 Dei
3706 2241 3775 2294 est

2178 2334 2404 2387 amator
2424 2334 2524 2385 aut
2545 2329 2770 2386 mundi.
2802 2330 2863 2386 ln
2887 2320 3203 2389 dilectione
3224 2331 3328 2389 Dei
3350 2330 3506 2395 nulla
3525 2329 3700 2395 nimia,
3727 2327 3771 2382 in

2175 2418 2699 2475 dilectioneautem
2731 2419 2939 2476 mundi
2969 2423 3184 2475 cuncta
3215 2425 3357 2477 sunt
3376 2420 3557 2476 noxia.
3584 2418 3645 2475 Et
3668 2416 3771 2472 ideo

2176 2508 2406 2565 aeternis
2427 2508 2596 2565 bonis
2617 2508 3084 2582 inseparabiliter
3101 2509 3773 2579 inhaerendumMmpors-

2175 2597 2331 2654 libus
2351 2614 2483 2661 vero
2504 2600 2877 2654 transeunter
2906 2598 3196 2656 utendum
3220 2604 3311 2656 est
3333 2615 3345 2655 :
3372 2602 3437 2656 ut
3454 2595 3773 2673 peregrinan-

2172 2686 2333 2744 tibus
2356 2687 2525 2743 nobis
2544 2691 2600 2744 et
2619 2687 2691 2743 ad
2715 2686 2961 2759 patriam
2980 2688 3173 2744 redire
3186 2683 3773 2763 properantibus,quid-

2174 2777 2314 2850 quid
2328 2777 2398 2832 de
2410 2774 2895 2849 prosperitatibus
2908 2776 3114 2832 mundi
3128 2776 3313 2851 hujus
3326 2770 3774 2843 occurrerit,viati—

2172 2882 2306 2921 eum
2322 2865 2397 2922 sit
2416 2865 2784 2934 itineris,non
2808 2864 3081 2922 illecebra
3103 2868 3454 2926 mansionis.
3467 2867 3586 2924 ldeo
3606 2866 3772 2921 beatus

2171 2951 2483 3026 Apostolus
2505 2951 2781 3026 praedicat
2811 2951 3011 3013 dicens
3036 2970 3049 3009 :
3086 2956 3315 3027 Tempus
3359 2956 3508 3011 breve
3530 2955 3601 3010 est
3629 2969 3641 3007 :
3665 2948 3771 3007 reli-

2170 3057 2340 3115 quum
2366 3046 2447 3098 est
2473 3046 2534 3097 ut
2553 3043 2649 3114 qui
2663 3042 2865 3097 habent
2883 3036 3100 3111 uxores,
3117 3051 3401 3116 tamquam
3430 3059 3535 3099 non
3561 3040 3772 3097 habente:

2169 3131 2312 3194 sint;
2332 3134 2384 3187 et
2407 3131 2503 3201 qui
2519 3132 2670 3201 ﬂent,
2701 3128 2982 3207 tamquam
3002 3147 3113 3187 non
3132 3134 3358 3202 ﬂentes;
3374 3141 3424 3189 et
3444 3133 3535 3206 qui
3554 3127 3768 3204 gaudent.

2174 3222 2457 3291 tamquam
2478 3234 2585 3276 non
2604 3219 2903 3290 gaudentes
2918 3237 2938 3282 ;
2968 3223 3025 3276 et
3041 3221 3142 3292 qui
3166 3226 3378 3295 munt,
3404 3231 3663 3294 tamquam
3680 3230 3771 3272 non

2167 3307 2495 3383 possidentes
2514 3324 2537 3371 ;
2565 3310 2613 3364 et
2643 3309 2741 3379 qui
2769 3311 3003 3365 utuntur
3025 3308 3124 3365 hoc
3153 3311 3384 3377 mundo,
3414 3318 3665 3381 tamquam
3683 3318 3769 3359 non

2171 3400 2420 3452 utantur.
2442 3397 2693 3454 Praeterit
2718 3399 2871 3454 enim
2889 3398 3073 3469 ﬁgura
3092 3399 3262 3470 hujus
3291 3398 3483 3456 mundi
3501 3399 3547 3471 (Ι
3570 3397 3768 3455 Cor.vn,

2172 3484 2383 3557 29-31).
2434 3486 2546 3542 Sed
2575 3487 2732 3557 quod
2766 3486 2837 3542 de
2867 3486 3081 3559 specie,
3114 3476 3189 3545 de
3220 3489 3406 3562 copia,
3439 3489 3509 3547 de
3535 3484 3769 3545 varietate

2171 3573 2489 3643 blanditur,
2520 3591 2636 3631 non
2664 3574 2830 3633 facile
2860 3575 3214 3646 declinatur,
3247 3578 3363 3635 nisi
3394 3577 3452 3635 in
3484 3575 3578 3634 illa
3602 3568 3767 3630 visibi-

2174 3663 2319 3719 lium
2363 3662 2801 3737 pulchritudine
2842 3669 3079 3723 Creator
3115 3668 3318 3739 potius
3347 3683 3522 3741 quam
3548 3666 3774 3722 creatura

2174 3752 2473 3827 diligatur,
2507 3753 2608 3827 qui
2656 3771 2790 3811 cum
2837 3755 2978 3812 dicit
3017 3771 3031 3812 :
3065 3758 3283 3827 Diliges
3319 3757 3599 3815 Dominum
3637 3752 3776 3808 Deum

2175 3850 2329 3899 tuum
2358 3858 2428 3898 ex
2446 3846 2554 3899 toto
2568 3843 2726 3900 corde
2747 3849 2859 3913 tuo,
2891 3846 2943 3902 et
2970 3861 3040 3902 ex
3058 3853 3172 3903 tota
3186 3856 3366 3905 mente
3393 3850 3509 3912 tua,
3536 3852 3584 3901 et
3607 3858 3669 3901 ea:
3690 3839 3778 3896 ωια

2173 3932 2371 3989 virtute
2416 3934 2515 3987 tua
2564 3933 2771 4002 (Matth.
2821 3951 2963 4000 xxn,
3003 3934 3120 4006 37),
3164 3934 3228 3990 in
3260 3934 3421 3993 nullo
3450 3950 3553 3995 nos
3590 3925 3778 3987 vultab

2177 4020 2392 4078 amoris
2414 4020 2507 4077 sui
2537 4021 2790 4079 vinculis
2809 4020 3077 4080 relaxari.
3113 4024 3183 4079 Et
3216 4041 3352 4081 cum
3383 4023 3516 4080 huic
3538 4018 3778 4094 praecepto

2176 4109 2424 4182 proximi
2448 4126 2681 4184 quoque
2703 4109 2941 4183 copulat
2962 4109 3115 4169 358
3148 4110 3516 4180 charitatem,
3549 4102 3781 4166 imitatio-

2178 4214 2314 4255 nem
2346 4198 2515 4255 nobis
2536 4217 2654 4256 suae
2677 4199 2957 4258 bonitatis
2977 4199 3184 4257 indicit
3215 4219 3229 4258 :
3266 4206 3332 4258 ut
3360 4200 3511 4276 quod
3531 4194 3703 4273 diligit
3719 4187 3782 4248 di-

2177 4285 2519 4361 ligamus,et
2538 4289 2694 4361 quod
2717 4292 2996 4361 operatur
3018 4305 3352 4362 operemur.
3375 4286 3635 4358 Quamvis
3653 4280 3781 4339 enim

2180 4377 2290 4433 Dei
2307 4377 2653 4445 agricultura
2681 4380 2875 4448 simus,
2907 4383 2959 4433 et
2980 4378 3081 4434 Dei
3097 4379 3453 4454 aediﬁcatioﬂ
3482 4379 3597 4435 Car.
3618 4389 3691 4439 in,
3716 4368 3779 4437 9),

2178 4471 2230 4521 et
2257 4480 2430 4538 neque
2449 4468 2548 4538 qui
2569 4467 2785 4538 plantat
2807 4468 2881 4523 sit
2900 4466 3318 4540 aliquid,neque
3333 4470 3431 4542 qui
3453 4454 3784 4539 rigat,sedqui

496 4553 632 4609 Car.
650 4553 722 4610 Il.
746 4584 814 4594 —
832 4554 904 4610 Et
923 4570 995 4609 ne
1016 4567 1203 4627 usque
1224 4550 1559 4641 adinertem
1576 4547 1861 4641 desidiam
1876 4549 2074 4641 despe-
2102 4575 2149 4641 Ι)
2180 4554 2573 4612 incrementum
2598 4555 2693 4611 dat
2721 4556 2859 4617 Deus
2891 4556 3074 4629 (lbid.,
3102 4557 3159 4630 7)
3190 4575 3206 4627 ;
3238 4556 3300 4614 ln
3327 4555 3595 4619 omnibus
3622 4554 3781 4607 tamen

426 4640 653 4699 ratione
692 4642 1001 4707 ducamur,
1033 4657 1159 4713 qua":
1184 4637 1576 4713 impossibilia
1596 4636 1972 4694 sunthomini
2004 4654 2074 4694 ex
2102 4636 2139 4641 “
2181 4642 2359 4715 exigit
2378 4643 2564 4700 nostri
2588 4643 2897 4701 ministerii
2921 4645 3286 4716 servitutem,
3320 4649 3376 4703 et
3397 4661 3501 4700 nos
3522 4642 3784 4713 dispensa-

498 4802 577 4876 (a)
609 4801 696 4858 Ita
714 4816 849 4883 eum
871 4800 1091 4883 nostris
1106 4801 1274 4883 codd.
1302 4799 1619 4883 etvulgatis
1648 4801 1780 4855 ante
1798 4798 2070 4883 Quesnel.

427 4871 575 4958 1pm,
591 4873 745 4958 apud
762 4888 937 4958 quem
952 4871 1113 4955 nullo
1125 4876 1325 4958 nostro
1348 4887 1457 4958 ms.
1475 4871 2072 4958 'sull'ragante,'sacni-

424 4913 617 5020 ﬁhiu’m
627 4913 1529 5027 kplaca'tus‘qccipiat.n('llausulam
1549 4913 1834 5024 exegdiee
1855 4913 2073 5027 Veneto

427 5013 846 5091 expressimus.
877 5014 992 5085 AL,
1022 5013 1127 5070 Per
1158 5013 1434 5069 Christum
1472 5014 1767 5069 Dominum
1804 5017 2071 5070 nostrum.

427 5091 841 5242 Αῃῖἕῗὲθριίωῇ
858 5154 1081 5239 mensis
1091 5154 1391 5282 gejunium
1404 5155 1559 5227 apud
1581 5153 1850 5210 Hebrasos
1863 5155 2072 5228 ageba-

427 5236 526 5282 tur
554 5246 684 5282 ipso
712 5233 1061 5282 exulationis
1134 5243 1202 5282 ie.

427 5236 526 5297 tur
554 5233 684 5309 ipso
712 5233 1061 5303 expiationis
1091 5233 1202 5283 die.
1526 5294 1538 5307 .
1575 5294 1586 5306 .

428 5373 466 5378 _
501 5301 573 5378 (_c)
597 5299 1187 5378 Ita_cum_Lectiop_ar.
1208 5296 1425 5378 Veneto
1450 5295 2075 5378 editiones'anteriores

427 5366 736 5432 Bainaudo
758 5375 816 5428 et
833 5370 1172 5453 Quesnello,
1187 5368 1341 5453 apud
1375 5384 1545 5453 quos,
1575 5368 1665 5423 sit.
1691 5366 1823 5421 Mox
1842 5370 2078 5441 tempori

426 5454 807 5521 promtempore
822 5443 895 5521 in
935 5460 1048 5499 ms.
1071 5442 1200 5521 Vat.
1225 5438 1452 5521 collect.
1484 5440 1539 5494 5.

502 5516 577 5589 (ἁ)
602 5507 1054 5589 ᾐᾼὶίἀίάίωιιενει
1081 5530 1150 5589 ex
1171 5511 1409 5589 laudato
1441 5527 1551 5567 ms.
1582 5507 1822 5589 Veneto;

458 5656 470 5670 .
499 5580 573 5661 (ο)
598 5588 748 5645 Editi
770 5602 875 5660 pro
888 5584 1403 5670 pitium‘habebant
1419 5580 1768 5670 geztegaliter.
1789 5581 2076 5670 rEmenda.

428 5652 651 5716 tionem
681 5652 1077 5733 suppeditavit
1095 5656 1372 5715 laudatus
1390 5652 1518 5711 cod.
1542 5652 1819 5710 Venetus.

2254 4803 2321 4875 (fl
2353 4802 2448 4859 Sic
2479 4820 2615 4859 cum
2646 4804 2960 4869 Quesnello
2992 4807 3147 4863 idem
3180 4824 3293 4864 ms.
3325 4806 3578 4863 Venetus
3603 4803 3656 4856 et
3678 4795 3781 4849 Vat.

2181 4873 2407 4946 collect.
2435 4876 2489 4946 5.
2512 4875 2625 4941 AL,
2648 4878 2917 4946 generali.
3198 4921 3212 4931 .

2254 4946 2328 5070 (ἶ)
2360 4945 2528 5029 Vulg.
2543 4950 2686 5028 ante
2707 4949 2922 5030 Quesn.
2955 4951 3012 5004 et
3032 4947 3230 5022 plures
3255 4947 3447 5014 eodd.,
3471 4946 3519 5003 si
3545 4952 3724 5026 lamen-

2254 5021 2274 5070 (
2317 5016 2697 5070 lAddidlmus
2719 5020 2821 5070 illa
2841 5035 2910 5070 ex
2930 5035 3043 5070 ms.
3064 5020 3303 5070 Veneto.
3328 5020 3456 5070 Mox
3470 5013 3681 5070 allwent
3700 5024 3724 5070 l1

2254 5013 2331 5089 (ἦ)
2347 5013 2697 5089 Addidimus
2719 5020 2821 5074 illa
2841 5035 2911 5075 ex
2930 5013 3051 5076 ms.’
3064 5020 3303 5077 Veneto.
3327 5013 3457 5077 Mox
3470 5013 3681 5087 alligent
3698 5020 3783 5083 pm

2183 5087 2403 5162 illigent
2432 5087 2490 5162 in
2523 5088 2715 5162 prima
2734 5090 3005 5147 editione.

2215 5230 2227 5242 ,
2258 5150 2321 5231 (ἶ)
2348 5150 2544 5242 νυιϐοξ
2566 5161 2681 5242 suis
2700 5162 3067 5218 exterioribus
3081 5164 3296 5235 prmsit.
3323 5158 3672 5219 Praetulimus
3696 5150 3785 5205 lec-

2187 5232 2403 5303 tionem
2436 5232 2739 5303 cOd.)Ven.
3081 5232 3099 5235 ⁷
3480 5300 3489 5303 Α
3599 5296 3611 5303 ,
3668 5291 3702 5303 ..

2223 5302 2319 5382 ,,(Ῐ)
2356 5302 2442 5382 Ita
2462 5301 2674 5382 melius
2695 5320 2763 5382 εξ
2785 5303 2977 5382 prima
2996 5303 3271 5382 editione,
3312 5304 3396 5382 uti
3419 5292 3786 5382 etiamindief-

2183 5372 2706 5440 viteorrigendum
2733 5372 2974 5435 Latinus
2999 5375 3280 5432 Latinius.
3313 5372 3426 5440 AL,
3450 5374 3509 5427 in

2256 5443 2331 5517 (k)
2362 5430 2571 5530 US$500
2594 5445 2750 5530 ιβξξυ
2782 5430 2934 5530 apud
2956 5430 3396 5530 Quosnellianes
3413 5430 3785 5530 bene“:

2185 5510 2475 5597 Quesnelli
2509 5516 2745 5597 postilla
2773 5510 2961 5575 eidem
2976 5510 3269 5597 apposita,
3291 5516 3460 5597 plura
3480 5514 3536 5568 in
3556 5510 3785 5597 observa-

2182 5588 2442 5645 tionibus
2473 5588 2547 5644 ad
2591 5588 2748 5669 hunc
2781 5588 3111 5647 sermonem
3143 5588 3390 5646 dicenda
3417 5588 3598 5643 erunt.
