3946 6214
166 295 260 361 457

168 536 253 587 xu,
278 520 351 587 9).

375 608 445 666 II.
464 640 532 651 --
551 609 993 667 Abstinendum
1012 613 1099 665 est
1118 610 1334 682 itaque,
1350 608 1814 678 dilectissimi,ab

174 698 251 755 bis
269 713 391 770 quae
413 697 590 754 nobis
620 699 792 754 noxie
824 699 1225 766 blandiuntur,
1251 702 1307 755 et
1325 698 1425 755 lex’
1448 698 1661 772 peccati
1686 715 1814 770 quae

171 791 246 843 est
272 787 329 843 in
361 786 650 843 membris
678 788 902 844 nostris
923 788 1093 859 (Rom.
1116 805 1216 857 vn,
1240 788 1353 859 23),
1376 786 1478 843 Dei
1500 786 1626 860 lege
1649 803 1816 860 supe-

168 876 334 932 renda
357 879 482 932 est:
512 881 579 931 ut
606 876 750 933 licet
771 894 874 949 per
902 894 1105 933 omnes
1139 893 1350 933 sensus
1380 874 1640 949 corporis
1665 875 1815 931 mul-

167 967 228 1019 ta:
248 964 598 1021 insidientur
618 963 925 1033 illecebrae,
939 966 1136 1021 anima
1158 968 1377 1027 tamen,
1392 964 1484 1020 cui
1506 981 1809 1020 summum

166 1054 369 1110 bonum
418 1057 479 1109 et
503 1069 712 1109 verum
764 1052 1046 1126 gaudium
1077 1058 1231 1110 Deus
1282 1057 1391 1122 est,
1416 1054 1567 1110 inter
1615 1058 1810 1111 castas

165 1142 567 1217 spiritalesque
600 1142 843 1202 delicias
885 1142 946 1199 in
994 1143 1293 1217 sapientia:
1324 1142 1634 1199 latitudine
1662 1147 1719 1197 et
1748 1142 1807 1197 in

162 1232 409 1288 veritatis
437 1231 572 1288 luce
601 1236 886 1288 versetur.
919 1231 978 1288 Si
1009 1231 1163 1289 enim
1195 1218 1458 1305 seipsum
1489 1231 1598 1287 sibi
1631 1232 1809 1287 ratio-

160 1320 302 1377 nalis
352 1321 533 1377 homo
563 1326 885 1394 comparet,
918 1338 1240 1394 omnesque
1269 1338 1510 1377 suorum
1540 1325 1804 1377 .aetuum

162 1410 464 1483 qualitates
485 1427 625 1467 vera
643 1409 1005 1483 inspectione
1024 1411 1327 1483 dijudicet,
1343 1410 1628 1481 numquid
1646 1411 1722 1482 (a)
1743 1408 1805 1464 in

159 1498 373 1555 intimis
404 1499 775 1556 conscientiae
807 1516 925 1555 suaa
968 1499 1078 1556 hoc
1119 1497 1523 1556 delectationis
1552 1497 1806 1554 inveniet

160 1588 224 1644 de
252 1588 562 1661 iniquitate
590 1587 929 1655 commissa,
953 1588 1109 1662 quod
1135 1588 1206 1644 de
1236 1587 1507 1661 equitate
1538 1587 1805 1643 servata?

161 1681 253 1732 aut
276 1678 508 1732 tantum
535 1676 588 1733 ei
610 1676 1000 1748 jucunditatis
1026 1676 1278 1733 carnalis
1302 1675 1591 1749 voluptas,
1616 1693 1802 1748 quan-

1616 298 1901 371 SERMO.
1922 298 2128 369 XCIV.

169 431 227 486 ad
253 430 713 501 continentiam,
754 433 866 488 hoc
905 432 1164 504 perducit
1205 404 1278 488 ad
1320 431 1565 507 gloriam
1592 434 1663 501 (II
1692 431 1812 489 Cor.
1847 433 1901 500 Α

3457 302 3578 387 es

2355 434 2597 492 SERMO
2633 434 2797 491 XCIV
2826 436 2931 508 [Αἱ.
2964 435 3147 508 XCII].

2278 542 2352 596 De
2376 543 2606 612 Jejum'o
2641 544 2860 614 septimi
2894 544 3098 600 mensis
3134 543 3218 598 IX.

1924 647 2224 722 vaqrsxs.
2251 679 2318 689 —
2340 650 2383 704 Ι.
2414 648 2915 722 Hagiacurandatp
2949 665 3063 709 esse
3097 648 3380 722 jejunium
3404 648 3573 722 spiri-

1993 719 2102 802 tale
2147 736 2312 806 quam
2360 721 2656 806 corporale.
2682 721 2834 778 —II.
2865 720 2930 785 In
2977 719 3382 806 qao'spiijtate
3419 719 3572 794 jeju-

1991 792 2156 864 gziuni
2195 792 2269 846 sit
2318 793 2556 863 positum
2603 795 2652 847 et
2700 808 2803 864 quo
2850 791 3067 849 auxilio
3113 791 3575 864 iﬁzplendurizQ-r-

1991 861 2088 917 IlI.
2123 862 2234 917 Cur
2294 861 2494 918 tiatuor
2519 865 2628 918 tem
2841 864 3124 947 jejunium
3146 861 3575 947 fderitiyzsti‘tu-

1991 936 2129 988 tum.
2154 965 2220 974 —
2251 880 2346 989 ἵν.
2380 938 2562 990 Deum
2607 880 2790 990 ditior.
2820 951 2948 990 cum
2993 950 3278 990 proximus
3316 933 3575 990 adicitur

2015 949 2129 988 um.
2154 965 2220 974 —
2251 949 2346 989 ιν.
2380 949 2562 991 Deum

2646 935 2790 1006 iligi,
2820 933 2948 991 cum
2988 933 3278 1008 proximus
3316 933 3577 1007 diligitur

1988 1008 2041 1061 et
2060 1005 2310 1077 juvatur.

1988 1145 2123 1201 CAP.
2157 1147 2199 1203 Ι.
2224 1178 2292 1187 —-
2313 1147 2440 1203 Scio
2471 1146 2729 1220 quidem,
2751 1147 3141 1218 dilectissimi,
3163 1147 3450 1222 plurimos
3479 1163 3571 1205 ve-

1916 1238 2108 1290 strum
2141 1235 2225 1291 ita
2251 1236 2309 1290 in
2342 1236 2415 1293 iis
2448 1253 2575 1310 quae
2605 1236 2680 1310 (h)
2714 1237 2785 1295 ad
2821 1227 3250 1299 observantiam
3281 1237 3566 1294 Christia-

1914 1339 2052 1379 nam
2083 1324 2379 1396 pertinent
2406 1341 2535 1381 esse
2565 1325 2822 1394 devotos,
2858 1330 2924 1382 ut
2961 1325 3179 1384 nostris
3215 1325 3567 1383 cohortatio-

1914 1411 2088 1469 nibus
2120 1430 2234 1469 non
2266 1414 2566 1487 indigeant
2594 1414 2915 1471 admoneri.
2944 1415 3107 1481 Quod
3149 1413 3306 1475 enim
3336 1415 3563 1472 dudum

1913 1505 1970 1561 et
1999 1501 2233 1558 traditio
2255 1502 2528 1574 decrevit,
2553 1506 2610 1559 et
2627 1503 2989 1579 consuetudo
3011 1503 3282 1573 firmavit,
3303 1520 3407 1561 nec
3438 1520 3565 1567 eru-

1910 1590 2056 1646 ditio
2085 1590 2334 1664 ignorat,
2367 1608 2472 1648 nec
2502 1591 2688 1663 pietas
2717 1592 3126 1664 praetermittit.
3156 1591 3270 1651 Sed
3302 1594 3442 1666 quia
3468 1580 3563 1651 sa-

1911 1679 2218 1735 cerdotalis
2261 1679 2437 1735 ofﬁcii
2468 1684 2558 1736 est
2595 1696 2733 1755 erga
2761 1696 2964 1739 omnes
2992 1678 3261 1737 Ecclesiae
3284 1679 3438 1737 alios
3461 1697 3562 1738 cu-

160 1770 273 1866 tum
306 1764 802 1865 spiritalispariet
822 1765 1161 1866 appeti-tus?
1191 1764 1348 1864 Nihil
1371 1764 1611 1865 prorsus
1631 1766 1705 1864 (ρ)
1728 1767 1801 1821 de
1830 1800 1878 1866 B
1910 1784 2036 1823 ram
2066 1768 2280 1824 habere
2311 1784 2705 1835 communem,
2729 1769 2788 1825 in
2814 1768 2871 1824 id
2897 1769 3052 1842 quod
3076 1772 3135 1825 et
3162 1768 3410 1825 rudibus
3430 1784 3563 1842 pro-

160 1854 425 1910 virtutum
473 1854 647 1909 bonis
695 1853 908 1928 attigit,
943 1853 1089 1910 nihil
1124 1854 1195 1911 de
1228 1854 1458 1927 pietatis
1508 1854 1794 1910 suavitate
1830 1853 1876 1866 “’
1908 1857 1985 1913 sit
2014 1860 2071 1912 et
2099 1857 2307 1927 doctis,
2332 1874 2479 1930 quos
2523 1855 2697 1913 simul
2748 1856 3072 1930 diligimus,
3104 1856 3324 1930 pariter
3351 1856 3558 1914 incita-

158 1943 532 2016 gustavit,qui
567 1943 757 2016 magis
786 1945 911 1998 vult
954 1944 1010 1997 in
1042 1942 1137 1998 his
1167 1944 1502 1999 sordescere
1522 1961 1649 2016 quae
1682 1943 1792 2001 im-

160 2032 361 2089 munda
380 2036 543 2108 sunt,
558 2048 737 2103 quam
759 2031 816 2086 in
842 2031 915 2088 iis
936 2031 1240 2106 splendere
1261 2049 1389 2104 qua:
1411 2038 1614 2088 sancta
1631 2036 1790 2088 sunt.

158 2118 267 2175 Non
287 2120 425 2176 Sinit
451 2118 600 2181 ratio
624 2125 689 2176 ut
709 2120 983 2176 cordibus
1016 2138 1130 2178 non
1161 2137 1586 2194 usquequaque
1609 2122 1791 2194 capti-

157 2209 233 2264 vis
260 2209 338 2266 ita
368 2209 596 2285 placeat
625 2209 839 2267 satiata
867 2210 973 2276 ira,
1007 2214 1070 2265 ut
1100 2210 1348 2267 remissa
1376 2211 1658 2278 vindicta;
1693 2213 1794 2266 aut

152 2302 370 2355 tantum
424 2303 705 2373 generent
760 2298 1042 2373 gaudium
1092 2299 1162 2372 (ε)
1214 2297 1365 2355 male
1423 2299 1666 2371 quaesita
1721 2299 1791 2354 de

147 2385 354 2453 alieno,
381 2391 666 2460 quantum
697 2387 845 2443 bene
874 2404 1128 2459 expensa
1154 2389 1227 2443 de
1256 2387 1512 2460 proprio.
1546 2386 1792 2443 Felicior

146 2491 378 2547 semper
402 2483 486 2532 est
510 2493 688 2549 parca
730 2478 1117 2551 temperantia
1146 2493 1324 2549 quam
1354 2476 1592 2550 profusa
1620 2476 1788 2532 luxu-

149 2564 259 2631 ria;
290 2564 367 2637 (d)
397 2566 585 2637 major
652 2565 887 2637 requies
915 2564 1242 2622 humilibus
1273 2582 1447 2639 quam
1481 2566 1786 2638 superbis;

151 2657 202 2706 et
227 2652 529 2709 sublimior
559 2670 729 2710 mens
760 2671 888 2726 quae
938 2653 1090 2708 inter
1132 2654 1426 2726 prohibita
1453 2659 1627 2726 atque
1660 2671 1787 2728 per-

150 2741 319 2798 missa
349 2743 567 2799 certius
600 2743 779 2799 habet
810 2759 1044 2815 sperare
1074 2741 1349 2814 coalestia,
1384 2759 1561 2816 quam
1593 2760 1789 2800 amare

152 2833 380 2886 terrena.
417 2832 488 2888 Ut
518 2834 716 2897 autem
775 2831 837 2886 in
892 2830 1002 2889 hoc
1057 2837 1330 2904 provectu
1388 2832 1621 2888 animus
1654 2831 1788 2887 reli-

144 2918 337 2991 giosus
366 2919 611 2977 excellat
632 2925 691 2978 et
711 2910 956 2992 jussima
978 2921 1395 2987 dominationis
1414 2921 1673 2977 obtineat
1696 2923 1786 2993 (e),

148 3008 461 3081 subigendo
491 3009 724 3081 corpori
770 3009 1077 3083 castigatio
1124 3014 1215 3065 est
1260 3009 1595 3066 adhibenda
1632 3011 1786 3081 jeju-

146 3096 242 3150 nii.
271 3099 430 3164 Quod
463 3096 601 3153 licet
628 3095 889 3171 generali
927 3098 1167 3173 nomine
1209 3099 1279 3154 ad
1327 3115 1559 3154 omnem
1603 3101 1787 3155 conti-

145 3187 396 3242 nentiam
472 3186 779 3260 pertinere’
816 3187 1100 3255 videatur,
1132 3168 1380 3261 proprie
1448 3192 1646 3244 tamen
1713 3190 1786 3246 ad
1816 3164 1859 3231 (ἶ

139 3273 341 3331 edendi
372 3275 828 3333 diminutionem
870 3277 1117 3333 refertur
1148 3294 1160 3332 :
1197 3281 1262 3332 ut
1292 3276 1476 3350 prosit
1505 3295 1660 3334 nunc
1689 3296 1787 3334 vo-

139 3359 357 3429 luntate
385 3383 502 3422 non
562 3381 820 3434 sumere,
852 3366 1006 3438 quod
1050 3366 1132 3429 ab
1173 3365 1342 3422 initio
1395 3372 1599 3423 contra
1646 3367 1785 3423 veti—

137 3455 258 3513 tum
317 3455 520 3510 nocuit
579 3471 902 3527 usurpasse
946 3471 961 3511 :
1011 3459 1077 3510 ut
1131 3455 1286 3511 sicut
1335 3454 1453 3511 illic
1511 3457 1787 3529 concupi-

136 3542 348 3598 scentia
376 3544 454 3617 (f)
487 3543 599 3598 fuit
643 3542 892 3614 vulneri,
920 3542 1003 3599 ita
1032 3543 1127 3601 hic
1169 3544 1526 3601 abstinentia
1574 3547 1650 3601 sit
1696 3563 1788 3602 sa-

140 3628 260 3687 luti.

203 3718 342 3776 Car.
375 3719 556 3776 III.—
581 3719 688 3776 Cui
720 3719 1045 3788 medicinae,
1068 3720 1459 3792 dilectissimi,
1485 3721 1621 3778 licet
1649 3726 1793 3778 tem-

140 3824 247 3879 pus
267 3810 423 3867 τοι
455 3826 632 3866 omne
662 3810 740 3866 sit
769 3825 1116 3883 congruum,
1136 3811 1244 3867 hoc
1275 3816 1470 3867 tamen
1504 3811 1793 3867 habemus

144 3899 532 3969 aptissimum,
548 3896 704 3972 quod
728 3904 788 3955 et
817 3898 1150 3971 apostolicis
1170 3905 1228 3956 et
1253 3899 1539 3972 legalibus
1561 3899 1795 3956 institu-

148 3986 217 4041 tis
242 3988 507 4045 videmus
552 3987 828 4056 electum,
850 3993 916 4043 ut
944 3989 1098 4044 sicut
1126 3989 1183 4043 in
1216 3988 1349 4045 aliis
1395 3989 1532 4045 anni
1562 3989 1790 4057 diebus,

152 4074 223 4129 ita
238 4076 298 4131 in
318 4077 782 4156 menseseptimo
795 4076 1159 4149 spiritalibus
1172 4094 1278 4133 nos
1289 4078 1417 4149 puri
1427 4077 1795 4134 ﬁcationibus

153 4165 1059 4223 cmundemus.Convenientibus
1085 4165 1241 4221 enim
1274 4166 1333 4220 in
1366 4183 1552 4221 unum
1584 4184 1793 4240 propo-

154 4252 322 4309 situm
373 4256 563 4312 tribus
603 4255 840 4323 studiis,
874 4255 1133 4311 oratione
1175 4254 1416 4322 scilicet,
1440 4260 1497 4312 et
1547 4255 1795 4313 elcemo-

156 4348 495 4417 syna,atque
506 4344 763 4415 jejunio,
786 4343 1161 4416 priestabitur
1182 4344 1351 4399 nobis
1373 4362 1408 4400 a
1430 4345 1793 4402 misericordi

160 4426 263 4484 Deo
290 4437 345 4486 et
371 4433 650 4489 cohibitio
680 4432 1094 4504 cupiditatum,
1117 4439 1175 4489 et
1201 4435 1497 4490 exauditio
1528 4451 1792 4507 precum,

1905 1963 2037 2003 mus
2073 1964 2085 2001 :
2121 1950 2184 2001 ut
2211 1946 2507 2019 jejunium
2541 1946 2695 2019 quod
2730 1943 2898 2003 nobis
2939 1944 3174 2017 septimi
3203 1946 3426 2002 mensis
3464 1961 3561 2001 re-

1903 2052 2110 2091 cursus
2143 2034 2364 2103 indicit,
2400 2035 2513 2090 ﬁde
2543 2033 2718 2093 alacri
2768 2050 2870 2108 per
2898 2033 3339 2107 castigationem
3371 2031 3557 2095 animi

1902 2128 1959 2179 et
1996 2124 2256 2197 corporis
2303 2122 2685 2183 celebremus.
2711 2121 2985 2189 Quamvis
3034 2122 3191 2178 enim
3224 2112 3556 2203 diminutio

1902 2213 2015 2271 cibi
2046 2229 2282 2269 carnem
2335 2212 2566 2285 proprie
2594 2212 2863 2269 videatur
2909 2211 3162 2279 afficere,
3180 2206 3328 2291 nihil
3356 2214 3556 2291 tamen

1902 2302 2194 2374 corporeis
2227 2301 2501 2357 Sensibus
2534 2301 2623 2358 vel
2649 2300 2985 2357 conceditur
3004 2299 3093 2356 vel
3124 2299 3556 2377 negatur,quod

1901 2406 2015 2444 non
2043 2389 2196 2446 sicut
2216 2391 2288 2446 ad
2320 2390 2691 2458 servientem,
2714 2390 2797 2447 ita
2816 2389 3108 2464 pertineat
3129 2390 3201 2446 ad
3220 2380 3552 2469 jubentem.

1899 2481 2043 2534 Cum
2075 2480 2271 2551 itaque
2301 2479 2709 2552 unusquisque
2738 2478 2914 2537 homo
2954 2477 3246 2551 duplicem
3278 2478 3338 2535 in
3370 2495 3432 2539 se
3470 2477 3553 2534 le-

1898 2583 2030 2639 gem
2060 2567 2275 2624 habeat
2303 2568 2693 2634 continentiae,
2714 2566 3301 2645 nihilqueactionum
3322 2569 3551 2631 nostra-

1898 2668 2027 2711 rum
2060 2656 2131 2711 ad
2164 2655 2355 2711 solum
2388 2672 2623 2728 corpus.
2648 2654 2833 2713 multa
2857 2658 3055 2711 autem
3086 2654 3157 2710 ad
3184 2653 3378 2723 solum
3410 2654 3553 2710 refe-

1896 2744 2078 2799 renda
2107 2744 2226 2800 sint
2269 2744 2556 2811 animum,
2599 2743 2915 2816 prudenter
2938 2730 3221 2798 debemus
3251 2741 3550 2821 advertere

1898 2849 2075 2905 quam
2106 2833 2382 2888 indecens
2426 2848 2722 2904 quamque
2772 2831 3061 2901 injustam
3113 2829 3210 2899 sit,
3244 2829 3294 2886 si
3333 2829 3488 2902 quod
3513 2845 3550 2885 a

1897 2922 2194 2996 superiore
2244 2921 2521 2976 indicitur
2550 2921 2621 2975 ab
2650 2919 2923 2975 inferiore
2969 2918 3318 2993 negligatur.
3341 2915 3416 2987 Ut
3440 2933 3550 2997 au-

1898 2998 2016 3066 tem
2052 3027 2220 3067 meus
2251 3008 2555 3066 rationalis
2587 3007 2900 3065 salubriter
2941 3008 3097 3067 864
3140 3005 3425 3063 exteriora
3453 3022 3547 3071 ca-

1899 3101 2091 3173 stiget,
2123 3100 2296 3155 debet
2323 3097 2498 3154 etiam
2547 3096 2782 3171 propria
2811 3112 3073 3153 exercere
3108 3094 3340 3169 jejunia
3363 3112 3391 3175 :7
3410 3093 3551 3177 quia

1898 3208 2011 3247 non
2045 3188 2236 3247 solum
2282 3186 2475 3243 carnis
2523 3185 2849 3254 desideriis,
2882 3185 2985 3249 sed
3014 3184 3189 3245 etiam
3232 3183 3415 3243 animi
3445 3200 3547 3240 cu-

1897 3279 2242 3354 piditatibus
2275 3275 2543 3333 convenit
2571 3290 2916 3348 repugnare,
2943 3273 3171 3330 dicente
3199 3272 3501 3353 Scriptura
3528 3289 3542 3328 :

1896 3372 2021 3424 Post
2049 3367 2508 3438 concupiscentias
2529 3369 2651 3422 tuas
2674 3380 2786 3420 non
2807 3380 2918 3432 eas,
2939 3370 3043 3423 δια
3060 3362 3338 3437 voluntate
3365 3365 3460 3416 tua
3479 3360 3544 3434 (i)

1897 3460 2139 3515 avertere
2170 3455 2356 3524 (Eccti.
2384 3471 2537 3520 XVIII,
2558 3453 2669 3527 30).
2692 3453 2978 3525 Jejunans
3014 3467 3150 3525 ergo
3180 3451 3253 3508 ab
3301 3450 3375 3507 iis
3417 3466 3546 3524 qua:

1900 3563 2033 3602 caro
2063 3544 2303 3618 appetit,
2343 3543 2570 3615 jejunet
2618 3546 2676 3599 et
2713 3543 2785 3598 ab
2815 3542 2889 3597 iis
2920 3558 3047 3617 quas
3105 3540 3257 3597 male
3310 3538 3553 3618 interior

1900 3633 2235 3691 substantia
2279 3631 2659 3705 concupiscit.
2691 3632 2983 3687 Psssmus
3028 3630 3187 3697 enim
3232 3629 3441 3686 animae
3471 3627 3552 3684 ci-

1900 3725 2012 3780 bus
2045 3726 2153 3790 est,
2183 3721 2330 3778 velle
2359 3721 2517 3794 quod
2564 3738 2685 3794 non
2712 3719 2871 3788 licet;
2903 3723 2964 3776 et
3012 3719 3185 3777 noxia
3229 3717 3425 3801 cordis
3452 3717 3553 3774 de-

1900 3813 2132 3869 lectatio
2163 3815 2271 3879 est,
2299 3828 2432 3887 quae
2464 3813 2567 3869 aut
2612 3809 2772 3883 turpi
2818 3808 2979 3865 lucro
3009 3808 3291 3882 pascitur,
3320 3810 3427 3863 aut
3454 3822 3555 3862 su-

1902 3902 2102 3976 perbia
2146 3899 2467 3967 extollitur,
2503 3903 2604 3956 aut
2634 3900 2699 3973 (j)
2730 3897 2950 3956 ultione
2998 3897 3249 3954 laetatur.
3281 3893 3557 3959 Quamvis

1903 3989 2061 4048 enim
2114 3990 2206 4047 his
2267 3989 2572 4048 atl‘ectibus
2629 3991 2826 4045 motus
2857 4001 3090 4058 quoque
3118 3983 3379 4056 corporis
3433 3998 3554 4041 ser-

1903 4080 2083 4147 viant,
2116 4079 2188 4134 ad
2221 4078 2503 4151 originem
2535 4080 2731 4133 tamen
2763 4090 2933 4131 suam
2972 4075 3185 4129 cuncta
3212 4070 3555 4142 respiciunt,

1904 4174 1960 4224 et
1992 4168 2071 4223 ibi
2102 4172 2372 4223 censetur
2399 4164 2656 4237 qualitas
2687 4161 2954 4231 actionis,
2976 4160 3078 4217 ubi
3121 4159 3416 4217 invenitur
3442 4158 3557 4214 ini-

1907 4257 2051 4313 tium
2085 4255 2419 4322 voluntatis,
2446 4270 2625 4326 quam
2667 4266 2932 4308 revocare
2963 4267 2997 4306 a
3024 4248 3218 4323 pravis
3248 4246 3559 4305 desideriis

1905 4346 2195 4419 optimum
2249 4328 2692 4413 maximumque
2739 4338 3036 4413 jejunium
3074 4342 3185 4405 est,
3227 4336 3368 4410 quia
3413 4338 3555 4394 tunc

1903 4441 1993 4492 est
2022 4434 2230 4491 edendi
2279 4430 2634 4489 abstinentia
2680 4430 2979 4486 fructuosa
3024 4427 3256 4501 quando
3302 4424 3557 4484 exterior

161 4520 211 4570 et
247 4521 505 4577 remissio
551 4523 927 4594 peccatorum
964 4539 976 4577 :
1010 4537 1114 4594 per
1162 4521 1474 4577 Dominum
1525 4528 1792 4579 nostrum
1822 4531 1870 4596 ι)
1902 4524 2154 4599 parcitas
2184 4540 2219 4578 a
2247 4518 2633 4594 temperantia
2658 4517 2931 4574 interiore
2961 4515 3246 4590 procedit.

162 4603 345 4663 Jesum
372 4609 669 4666 Christum
702 4609 804 4683 (g),
833 4609 933 4682 qui
980 4610 1119 4665 vivit
1147 4614 1203 4666 et
1232 4617 1436 4685 regnat
1461 4629 1595 4668 cum
1628 4612 1796 4669 Patre

164 4698 215 4748 et
237 4695 445 4768 Spiritu
475 4702 683 4755 sancto
711 4698 774 4755 in
804 4697 1016 4756 saecula
1046 4698 1414 4756 saeculorum.
1443 4703 1651 4758 Amen.

231 4821 431 4897 (9)313.
461 4823 758 4897 Bergom.,
791 4825 850 4879 in
886 4826 1030 4881 imis.

232 4862 283 4886 ι..
329 4862 431 4881 μισ.
463 4862 561 4880 υυι
615 4862 732 4880 mu.

201 4862 409 4971 "(bina
435 4912 504 4953 ex
534 4862 797 4971 qginqde
827 4897 1132 4971 ms§__V'at.
1160 4901 1217 4952 et
1246 4897 1475 4954 duobus
1505 4899 1800 4971 Lectiona-

171 4966 264 5038 lfiis
290 4966 638 5038 Bergomfet
658 4966 899 5024 Veneto.
925 4968 1074 5024 Editi
1104 4973 1238 5024 ante
1268 4972 1507 5037 Quesn.,
1531 4970 1595 5027 de
1626 4973 1799 5028 virtu-

174 5035 275 5112 tum
307 5035 583 5112 splendore
618 5041 874 5112 attingit,
923 5045 980 5095 et
1026 5039 1182 5104 dein,
1235 5044 1433 5112 gustat.
1467 5035 1705 5111 Quesn.,
1737 5043 1803 5099 de

174 5107 725 5186 tirtutamsplendore
766 5107 1030 5186 attinget,
1050 5119 1105 5167 et
1142 5107 1416 5182 gustabit;
1447 5114 1520 5169 ad
1552 5114 1609 5169 id
1641 5107 1801 5170 mar-

175 5179 288 5246 gine
317 5197 331 5235 :
361 5179 476 5245 AL,
501 5181 569 5238 de
598 5184 870 5239 virtutum
900 5179 1075 5238 bonis.

232 5250 295 5320 (ε)
322 5251 482 5324 Editi
500 5258 637 5308 ante
666 5253 909 5318 Quesn.,
933 5254 1085 5309 mala
1114 5256 1367 5324 quesita,
1392 5258 1449 5310 et
1477 5255 1632 5323 dein,
1666 5256 1803 5313 bona

175 5332 403 5399 gpensa.
424 5323 618 5399 Aliqui
650 5325 821 5399 codd.
844 5324 1064 5399 habent
1092 5323 1347 5399 tantum,
1379 5328 1518 5382 bona
1543 5344 1800 5399 expensa.

171 5387 279 5449 Duo
308 5400 504 5451 nostra
532 5387 901 5462 Lectionaria
940 5399 1133 5451 textus
1170 5387 1477 5453 lectionem
1508 5387 1801 5454 exhibent.

228 5463 299 5543 (ti)
330 5465 412 5543 ita
466 5466 961 5543 cum‘Quesnello
1008 5485 1120 5523 ms.
1158 5467 1450 5543 Bergom.,
1479 5475 1537 5525 et
1595 5486 1801 5543 parum

169 5533 497 5612 absimiliter
533 5539 714 5595 codex
751 5538 1240 5612 Venetus,_major
1268 5533 1445 5612 Ziaies.’
1473 5533 1806 5597 Antériores

1975 4615 2107 4669 CAP.
2142 4612 2208 4667 II.
2235 4643 2300 4652 —
2330 4607 2684 4665 Celebraturi
2718 4605 2917 4679 igitur,
2942 4604 3328 4674 dilectissimi,
3350 4620 3556 4665 verum

1904 4708 1961 4761 et
1990 4699 2250 4776 spiritale
2272 4695 2751 4771 jejunium,quod
2771 4699 2828 4751 et
2845 4711 3059 4767 corpus
3079 4697 3137 4750 et
3166 4693 3432 4759 animum
3463 4692 3558 4751 sui

1978 4827 2055 4900 (θ)
2081 4826 2176 4882 Sic
2206 4841 2275 4881 ex
2305 4821 2522 4900 nostris
2565 4837 2710 4900 mss.
2744 4823 2803 4877 et
2833 4817 3026 4892 editis,
3047 4821 3284 4893 excepto
3316 4819 3558 4889 Quesn.,

1908 4892 2062 4973 apud
2091 4913 2292 4973 gnem.
2316 4892 2666 4973 scaenae.-

1981 4972 2055 5042 (Γ)
2079 4960 2291 5032 Queen;
2313 4960 2561 5042 addidit,
2572 4966 2702 5042 fuit,
2825 4961 3037 5042 legitur
3057 4961 3121 5042 in
3138 4960 3334 5042 codice
3354 4963 3560 5042 venat.

2089 5030 2171 5095 Ex
2212 5055 2358 5114 mss.
2389 5030 2615 5114 Veneto
2654 5030 2714 5114 et
2761 5030 3151 5114 VaLfcollect.
3183 5034 3236 5103 4,
3265 5030 3563 5107 supplevi-

1910 5107 2065 5176 mu's,
2093 5128 2214 5166 cum
2244 5111 2408 5164 Patre
2436 5112 2487 5163 et
2517 5107 2732 5179 Spiritu
2758 5107 2962 5179 sancto.
3110 5112 3115 5117 ’

1983 5184 2061 5256 (Ιι)
2092 5181 2243 5237 Editi
2275 5185 2411 5256 ante
2442 5176 2683 5256 Quesn.,
2715 5177 2787 5256 ad
2815 5177 3215 5256 obseruantiam
3250 5176 3565 5256 christiana:

1910 5244 2057 5328 ﬁdei;
2091 5269 2225 5309 cum
2269 5252 2440 5328 codd.
2472 5244 2695 5328 collect.
2727 5250 2762 5328 3
2791 5252 2848 5328 et
2877 5249 2927 5304 4.
2961 5248 3159 5328 caeteri
3190 5246 3375 5328 nostri
3402 5244 3564 5328 codi-

1911 5314 2007 5383 ces
2038 5314 2096 5382 et
2139 5341 2284 5380 mss.
2316 5323 2487 5380 Corb.
2519 5340 2583 5378 ac
2621 5322 2762 5377 Vict.
2797 5318 3090 5386 Quesnelli
3118 5323 3312 5376 textus
3358 5314 3565 5370 lectio-

1914 5414 2048 5454 nem
2079 5396 2412 5454 praeferunt.

1987 5469 2052 5541 (i)
2078 5466 2509 5541 Lectionarium
2540 5467 2848 5541 Venetum,
2876 5466 3094 5541 ivetare._
3253 5528 3264 5539 υ

1987 5470 2031 5541 (i
2081 5470 2509 5524 Lectionarium
2540 5470 2848 5528 Venetum,
2876 5470 3094 5541 vetarez
3253 5528 3264 5539 υ

1983 5470 2052 5613 (jg
2073 5539 2171 5613 Sic
2193 5537 2704 5613 Quesnelluspum
2725 5538 2923 5613 nostro
2938 5520 3560 5613 Lectlopamqy‘enﬁtg,

166 5608 433 5687 editiones
473 5627 612 5687 cum
656 5627 805 5668 mss.
837 5589 1226 5685 posterioer
1260 5589 1809 5687 ἐδιεὲθιξ,
1880 5589 2253 5687 ηαςῖἷιῇἰῃιιιῖξ
2285 5627 2428 5687 mss.
2462 5604 2898 5687 collection‘iSUZ.
2934 5602 2993 5657 in
3033 5599 3251 5673 qnibus
3292 5589 3561 5659 habet“,

165 5684 235 5738 ut
262 5681 359 5737 lux
389 5680 710 5738 humilibus.

354 5806 621 5878 PA‘I'BOL.
670 5808 823 5879 LIV.

1916 5682 2181 5758 vindicta.
2214 5681 2415 5744 Castori
2445 5678 2610 5753 editi,
2639 5676 2975 5737 adulatione.

3171 5792 3249 5859 15
