3946 6214
114 356 199 416 1.61

1573 354 1838 418 SERMO
1880 355 2059 417 XCV.

3403 359 3526 425 462

172 506 286 557 esse,
304 494 368 565 ut
392 491 537 565 Deus
564 490 855 565 videatur.
884 523 949 529 —
980 489 1064 565 IX.
1097 491 1363 565 Quantam
1393 492 1463 544 sit
1492 506 1621 545 vera
1646 505 1761 561 paa:
1791 489 1844 555 Α
1873 489 2070 561 gentia
2088 489 2454 547 facultatum.
2476 490 2741 548 Dubitari
2765 494 2962 548 autem
2990 508 3106 547 non
3143 494 3332 565 potest
3366 495 3523 565 quod

172 578 275 633 qum
297 562 591 617 hominem
625 563 733 617 Dei
762 563 940 633 ﬁlium
966 563 1152 634 efﬁcit.

172 669 292 725 CAP.
313 672 359 722 Ι.
376 667 875 735 —-Przedicante,
895 667 1282 733 dilectissimi,
1311 668 1552 723 Domino
1567 667 1643 740 (α)
1660 683 1759 722 no-

121 763 219 815 stro
234 757 365 813 Jesu
383 756 629 814 Christo
650 757 1039 830 Evangelium
1063 757 1251 830 regni,
1272 760 1329 812 et
1367 758 1630 813 diversos
1661 772 1761 828 per

118 844 272 903 lotam
292 845 604 903 Galileam
627 845 1222 919 curantelanguores,
1242 847 1301 901 in
1320 863 1554 902 omnem
1582 862 1643 901 se
1661 846 1761 917 Sy-

116 937 240 992 riam
257 936 551 991 virtutum
571 937 708 1007 ejus
724 936 882 992 fama
901 935 1244 1005 diffuderat;
1264 940 1319 991 et
1339 934 1536 991 multis
1553 952 1620 990 ex
1637 934 1761 989 uni-

113 1042 256 1082 versa
271 1026 482 1082 Judaea
519 1026 710 1082 turbae
733 1026 808 1081 ad
843 1024 1136 1081 cmlestem
1177 1025 1471 1081 medicum
1506 1024 1759 1079 conflue-

113 1115 253 1170 bant.
273 1114 422 1181 Quia
434 1113 600 1170 enim
618 1115 790 1170 tarda
812 1118 900 1170 est
917 1113 1189 1169 humanae
1213 1114 1556 1187 ignorantiae
1613 1113 1759 1169 ﬁdes

109 1202 168 1257 ad
185 1202 477 1258 credenda
496 1217 628 1273 qua:
653 1218 771 1256 non
792 1199 967 1269 videt,
992 1202 1351 1273 etsperanda
1381 1219 1509 1275 quae
1550 1200 1754 1268 nescit,

107 1291 397 1362 oportebat
428 1287 633 1344 divina
649 1288 979 1345 eruditione
998 1290 1319 1349 firmandos
1339 1290 1635 1361 corporeis
1658 1290 1755 1344 be-

107 1378 314 1434 neﬁciis
329 1382 387 1434 et
404 1377 1069 1449 visibilibusImiraculis
1084 1378 1312 1434 incitari
1335 1396 1347 1434 :
1370 1384 1433 1434 ut
1445 1380 1617 1451 cujus
1634 1383 1754 1435 tam

103 1467 405 1541 benignam
421 1468 880 1539 experiebantur
895 1468 1397 1539 potentiam,367
1418 1485 1534 1523 non
1557 1467 1752 1523 ambi-

103 1562 291 1630 gerent
312 1554 638 1613 salutarem
659 1572 790 1613 esse
812 1556 1159 1612 doctrinam.
1174 1557 1249 1612 Ut
1267 1573 1402 1631 ergo
1437 1558 1752 1613 exteriores

103 1645 346 1701 medelas
360 1644 653 1701 Dominus
676 1645 746 1699 ad
775 1645 1032 1701 remedia
1071 1645 1348 1702 interiora
1387 1647 1749 1714 transferret,

102 1740 179 1790 est
196 1740 328 1808 post
339 1734 421 1806 (b)
436 1733 727 1790 sanitates
745 1750 991 1807 corporu
1002 1751 1057 1790 m
1070 1734 1402 1791 curationes
1414 1739 1753 1807 operaretur

1873 576 2226 635 humilitatis
2242 579 2413 635 istius
2435 580 2657 636 bonum
2685 580 2918 637 facilius
2936 597 3221 654 pauperes
3240 596 3419 654 quam
3442 580 3527 637 di-

1870 666 2017 722 vites
2038 672 2431 740 assequantur
2446 687 2458 725 :
2475 670 2616 725 dum
2640 673 2698 726 et
2717 669 2836 726 illis
2856 670 2914 725 in
2932 669 3215 727 tenuitate
3237 670 3525 728 amicaest

1873 757 2285 823 mansuetudo,
2308 762 2365 813 et
2401 757 2532 814 istis
2568 758 2786 814 divitiis
2827 758 3136 815 familiaris
3176 758 3370 816 elatio.
3409 758 3520 816 Ve-

1872 847 2202 901 rumtamen
2222 850 2279 902 et
2297 846 2356 900 in
2380 846 2673 920 plerisque
2685 847 2964 904 divitibus
2986 847 3281 904 invenitur
3291 845 3386 903 hic
3398 846 3521 904 ani-

1871 950 2005 989 mus
2022 935 2122 1006 qui
2136 936 2496 991 abundantia
2507 937 2777 993 sua368
2792 952 2905 993 non
2925 937 2995 993 ad
3009 941 3300 993 tumorem
3318 953 3516 1011 super-

1868 1022 1999 1089 biae,
2020 1024 2121 1079 sed
2145 1024 2217 1079 ad
2236 1040 2412 1096 opera
2429 1024 2891 1098 henignitatis(e)
2928 1029 3144 1095 utatur,
3195 1025 3373 1097 idque
3410 1042 3515 1098 pro

1867 1109 2047 1167 lucris
2060 1111 2333 1169 maximis
2346 1107 2613 1170 numeret
2625 1115 2779 1187 quod
2795 1114 2863 1187 (Γ)
2877 1115 2947 1170 ad
2961 1114 3331 1171 relevandam
3345 1114 3519 1172 mise-

1866 1199 2015 1254 riam
2039 1198 2213 1256 alieni
2236 1199 2453 1259 laboris
2488 1202 2858 1274 impenderit.
2884 1202 3057 1260 Omni
3100 1202 3299 1276 generi
3336 1206 3516 1275 atque

1865 1287 2055 1344 ordini
2078 1290 2382 1347 hominum
2420 1292 2596 1347 datur
2624 1291 2683 1348 in
2719 1291 2830 1349 hac
2870 1291 3087 1347 virtute
3115 1290 3510 1360 consortium,

1865 1377 2003 1448 quia
2014 1383 2403 1450 possuntesse
2422 1380 2720 1452 proposito
2740 1397 2931 1453 pares,
2959 1383 3015 1436 et
3036 1378 3294 1453 impares
3308 1395 3510 1448 censu;

1864 1482 1968 1521 nec
1986 1467 2525 1541 interestquantum
2548 1469 2669 1525 sint
2699 1469 2759 1525 in
2784 1468 3059 1525 facultate
3079 1472 3315 1525 terrena
3337 1467 3513 1525 dissi-

1863 1553 2055 1622 miles,
2079 1555 2252 1627 quiin
2272 1556 2817 1628 spiritalibusbonis
2842 1556 3222 1614 inveniuntur
3234 1556 3510 1630 aequales.

1862 1643 2038 1699 Beata
2075 1642 2253 1717 igitur
2287 1648 2620 1717 paupertas,
2663 1662 2792 1717 quae
2846 1661 3043 1701 rerum
3095 1643 3511 1717 temporalium

1860 1747 2057 1787 amore
2079 1748 2192 1787 non
2215 1732 2460 1804 capitur,
2486 1749 2591 1789 nec
2617 1733 2822 1789 mundi
2853 1732 3062 1806 opibus
3083 1732 3284 1806 augeri
3330 1749 3511 1806 appe-

101 1824 444 1889 animarum,
464 1827 812 1895 segregatus
830 1840 863 1878 a
882 1822 1409 1879 circumstantibus
1433 1824 1644 1891 turbis,
1660 1840 1749 1879 se-
1780 1858 1828 1922 Β
1858 1818 1952 1887 tit,
1974 1819 2075 1876 sed
2099 1819 2431 1876 cmlestibus
2448 1821 2617 1877 bonis
2638 1822 2918 1878 ditescere
2950 1820 3327 1894 concupiscit.

100 1927 321 1968 cessum
337 1910 762 1966 vicinimontis
786 1911 1068 1977 ascendit,
1104 1911 1401 1968 advocatis
1445 1911 1748 1985 apostolis,

103 2017 237 2071 quos
252 1998 707 2056 sublimioribus
734 1999 1024 2055 institutis
1043 2000 1113 2056 ab
1136 2000 1290 2055 edito
1314 2002 1571 2073 mysticae
1593 2001 1749 2057 sedis

106 2090 403 2160 imbueret,
430 2105 500 2144 ex
518 2087 648 2160 ipsa
680 2088 791 2144 loci
814 2094 989 2160 atque
1006 2090 1202 2160 operis
1224 2088 1507 2161 qualitate
1530 2090 1751 2162 signiﬁ-

108 2195 308 2234 cansse
322 2194 454 2234 esse
476 2176 577 2248 qui
595 2177 796 2233 Mosen
813 2178 1109 2248 quondam
1125 2194 1231 2233 suo
1250 2178 1458 2234 fuisset
1472 2178 1750 2251 dignatus

110 2265 384 2339 alloquio:
404 2267 525 2323 illic
549 2266 789 2339 quidem
806 2265 1153 2321 terribiliore
1169 2267 1421 2337 justitia,
1439 2266 1532 2322 hic
1550 2271 1746 2322 autem

108 2356 410 2412 secretiore
458 2355 794 2421 clementia,
832 2358 899 2409 ut
947 2354 1293 2426 impleretur
1331 2356 1487 2427 quod
1536 2356 1746 2421 fuerat,

107 2443 731 2516 (clprophetaJeremia
753 2442 1004 2511 dicente,
1024 2443 1381 2516 promissum
1406 2462 1420 2500 :
1459 2449 1591 2500 Ecce
1632 2445 1748 2500 dies

108 2534 340 2599 veniunt,
372 2533 505 2589 dicit
525 2533 813 2601 Dominus,
845 2540 896 2588 et
932 2534 1316 2589 consummabo
1343 2550 1505 2604 super
1529 2534 1749 2589 domum

112 2622 262 2678 Israel
279 2632 331 2678 et
342 2638 510 2694 super
527 2621 751 2678 domum
768 2621 909 2677 Iuda
930 2625 1311 2677 testamentum
1343 2638 1561 2677 novum.
1624 2623 1748 2678 Post

113 2711 212 2765 dies
238 2712 374 2780 illos,
391 2712 528 2766 dicit
547 2711 834 2778 Dominus,
859 2709 997 2766 dabo
1021 2711 1159 2782 teges
1180 2726 1326 2765 meas
1347 2712 1405 2765 in
1430 2728 1595 2765 sensu
1613 2712 1749 2783 ipso-

117 2816 240 2866 rum,
255 2804 305 2856 et
333 2802 391 2855 in
415 2799 580 2855 corde
600 2801 841 2871 ipsorum
868 2800 1103 2854 scribam
1122 2816 1215 2854 eas
1233 2801 1451 2869 (Jerem.
1476 2817 1628 2866 xm,
1648 2799 1707 2855 3|
1732 2818 1745 2867 ;

118 2888 253 2942 Hebr.
269 2906 388 2957 vui,
410 2891 488 2957 8).
510 2888 621 2952 Qui
656 2904 794 2960 ergo
828 2886 1060 2943 locutus
1098 2888 1288 2942 fuerat
1327 2886 1475 2942 Mosi
1518 2887 1749 2944 locutus

117 2982 259 3032 estet
277 2976 584 3050 apostolis,
611 2982 669 3031 et
701 2976 760 3031 in
809 2975 1084 3032 cordibus
1127 2975 1553 3048 discipulorum
1585 2975 1749 3032 velox

116 3065 405 3122 scribentis
418 3064 599 3121 Verbi
621 3081 835 3120 manus
854 3063 983 3120 novi
1006 3064 1362 3119 Testamenti
1377 3064 1608 3120 decreta
1620 3081 1750 3119 con-

116 3153 269 3209 debat
289 3173 305 3223 ;
322 3153 488 3210 nulla
503 3159 572 3209 ut
588 3153 886 3226 quondam
905 3152 1261 3208 circumfusa
1274 3154 1519 3208 nubium
1543 3152 1751 3209 crassi-

1929 1909 2174 1964 CAPJII.
2201 1910 2477 1980 —lIujus
2502 1909 2669 1966 nobis
2713 1909 3102 1983 magnanimae
3146 1910 3507 1982 paupertatis

1859 1996 2189 2069 exemplum
2211 1998 2289 2069 (θ)
2309 1997 2480 2070 primi
2500 2002 2631 2070 post
2649 1999 2962 2054 Dominum
2984 1996 3231 2070 apostoli
3252 1998 3512 2069 praebue-

1860 2090 2019 2155 runt,
2054 2086 2154 2158 qui
2176 2087 2377 2142 omnia
2412 2103 2519 2143 sua
2557 2086 2683 2143 sine
2710 2086 3042 2143 differentia
3090 2084 3506 2159 relinquentes,

1861 2174 1933 2229 ad
1955 2190 2151 2231 vocem
2179 2174 2429 2231 caelestis
2465 2174 2754 2248 magistri,
2796 2193 2830 2231 a
2872 2179 3117 2248 captura
3160 2172 3410 2246 piscium
3447 2174 3509 2230 in

1858 2261 2180 2333 piscatores
2205 2262 2511 2320 hominum
2537 2263 2712 2320 alacri
2735 2263 3114 2320 conversione
3136 2261 3347 2319 mutati
3366 2269 3509 2319 sunt

1858 2349 2064 2421 (Matth.
2100 2368 2178 2418 ιν,
2208 2341 2315 2423 19),
2341 2358 2394 2408 el
2413 2352 2629 2409 multos
2652 2353 2743 2408 sui
2767 2351 2990 2408 similes
3010 2351 3143 2408 ﬁdei
3164 2368 3286 2408 suae
3312 2351 3503 2408 imita-

1858 2439 2014 2494 tione
2032 2439 2313 2509 fecerunt,
2361 2442 2595 2513 quando
2615 2441 2846 2514 (h).illis
2886 2439 3199 2514 primitivis
3237 2440 3507 2498 Ecclesiae

1858 2526 1995 2582 ﬁliis
2009 2545 2191 2583 unum
2210 2544 2308 2583 cor
2319 2529 2585 2585 omnium
2599 2535 2657 2585 et
2669 2530 3132 2586 animaeratuna
3146 2529 3507 2586 credentium

1859 2618 1992 2686 (Act.
2023 2634 2094 2683 IV,
2121 2617 2234 2688 3‘2);
2273 2617 2373 2690 qui
2417 2617 2703 2675 universis
2738 2619 2863 2674 suis
2903 2619 3077 2674 rebus
3117 2618 3507 2691 possessioni-

1857 2705 2087 2777 busque
2109 2706 2426 2772 distractis,
2480 2724 2582 2779 per
2620 2706 3059 2763 devotissimam
3098 2709 3503 2779 paupertatem

1859 2792 2028 2848 bonis
2052 2793 2393 2850 ditabantur
2414 2796 2666 2869 aeternis,
2689 2799 2745 2850 et
2764 2812 2831 2850 ex
2881 2792 3200 2867 apostolica
3224 2793 3501 2866 praedica-

1857 2882 2013 2937 tione
2033 2883 2363 2954 gaudebant
2387 2882 2531 2937 nihil
2575 2883 2790 2939 habere
2826 2882 2897 2937 de
2932 2883 3176 2949 mundo,
3216 2886 3274 2937 et
3305 2882 3504 2938 omnia

1859 2970 1921 3042 (ἱ)
1938 2970 2236 3042 possidere
2248 2987 2379 3026 cum
2396 2970 2473 3025 Ch
2484 2970 2642 3027 risto.
2665 2971 2808 3026 Hinc
2822 2970 3026 3026 beatus
3044 2970 3248 3026 Petrus
3268 2972 3502 3041 aposto-

1858 3057 1972 3126 lus,
1997 3075 2130 3114 cum
2146 3059 2467 3114 ascendens
2490 3059 2547 3114 in
2568 3058 2852 3131 templum
2868 3076 2902 3116 a
2916 3058 3125 3115 claudo
3138 3058 3506 3132 eleemosyna

1860 3151 2215 3219 posceretur.
2264 3148 2582 3218 Argentum,
2623 3146 2839 3220 inquit,
2888 3152 2940 3203 et
2978 3164 3179 3204 aurum
3235 3163 3347 3204 non
3427 3152 3507 3203 est

114 3220 321 3313 tudine,
342 3261 535 3318 neque
552 3220 659 3315 per
678 3241 970 3299 terribiles
993 3259 1167 3298 sonos
1187 3246 1361 3314 atque
1381 3241 1635 3314 fulgores
1654 3259 1750 3314 po-
1779 3220 1822 3287 (ἶ
1862 3237 1927 3309 (j)
1959 3236 2119 3305 mihi,
2139 3236 2280 3308 quod
2295 3239 2475 3291 autem
2504 3236 2694 3304 habeo,
2716 3238 2813 3291 hoc
2843 3237 2944 3292 tibi
3000 3235 3067 3293 do
3098 3253 3117 3292 :
3163 3237 3229 3291 In
3280 3237 3508 3293 nomine

113 3330 325 3402 puloab
348 3349 594 3390 accessu
632 3330 852 3387 montis
887 3331 1223 3399 absterrito,
1268 3331 1368 3387 sed
1401 3335 1635 3402 patente
1676 3331 1747 3386 ad
1856 3330 1992 3383 Jesu
2022 3325 2223 3380 Christi
2248 3325 2526 3380 Nazareni
2589 3341 2753 3394 surge
2780 3328 2831 3381 et
2860 3324 3083 3380 ambula
3120 3324 3253 3397 (Act.
3304 3340 3389 3391 III,
3427 3325 3507 3395 6).

112 3435 271 3480 aures
292 3420 815 3478 circumstantium
855 3417 1281 3490 tranquillitate
1330 3417 1642 3491 colloquii:
1688 3423 1752 3474 ut

110 3523 201 3577 per
217 3510 421 3582 gratia
434 3508 742 3566 lenitatem
764 3512 1161 3565 removeretur
1179 3506 1328 3579 legis
1364 3507 1671 3579 asperitas,
1695 3511 1753 3563 et

107 3596 332 3667 spiritus
354 3596 701 3670 adoptionis
732 3596 989 3653 auferret
1020 3596 1394 3651 formidinem
1432 3595 1749 3652 servitutis.

166 3689 289 3742 CAP.
314 3687 384 3743 II.
410 3718 479 3727 —
505 3685 711 3749 Qualis
729 3684 914 3759 igitur
934 3684 1198 3742 doctrina
1222 3684 1300 3739 sit
1325 3684 1536 3739 Christi
1575 3701 1751 3739 sacrae

110 3773 281 3845 ipsius
300 3775 607 3831 sententia:
644 3777 1085 3846 protestantur:
1121 3778 1185 3829 ut
1219 3771 1318 3845 qui
1359 3772 1431 3827 ad
1480 3775 1753 3827 aiternam

110 3863 519 3920 beatitudinem
545 3862 849 3935 pervenire
865 3862 1223 3929 desiderant,
1237 3860 1458 3934 gradus
1490 3859 1754 3916 felicissi-

114 3964 206 4003 mas
227 3950 593 4008 ascensionis
621 3955 965 4023 agnoscant.
1013 3950 1187 4015 Beati,
1239 3948 1451 4021 inquit,
1492 3965 1759 4020 pauperes

114 4041 324 4108 spiritu,
344 4045 611 4113 quoniam
635 4041 880 4111 ipsorum
903 4045 983 4093 est
1007 4054 1240 4106 regnum
1272 4037 1759 4108 cwlorum(Matth.

118 4127 252 4197 νβ),
278 4129 354 4201 (d)
378 4130 454 4184 De
483 4128 706 4201 quibus
754 4125 1112 4199 pauperibus
1151 4126 1381 4181 Veritas
1422 4125 1765 4198 loqueretur

117 4202 249 4271 lorte
266 4223 421 4273 esset
439 4215 814 4289 ambiguum,
834 4215 884 4270 si
901 4213 1125 4279 dicens,
1152 4216 1310 4271 Beati
1345 4231 1634 4287 pauperes,
1674 4214 1762 4270 ni-

122 4297 194 4354 hil
212 4304 448 4361 adderet
466 4303 942 4376 deintelligenda
986 4319 1311 4375 pauperum
1356 4302 1669 4375 qualitate;
1707 4307 1765 4358 et

122 4391 618 4450 suficerevideretu
629 4410 655 4448 r
666 4392 740 4448 ad
755 4393 1099 4464 promerend
1113 4408 1209 4446 um
1224 4407 1470 4464 regnum
1484 4390 1763 4447 caelorum

125 4491 186 4531 ea
203 4480 327 4535 sola
345 4481 543 4556 inopia
570 4497 753 4554 quam
784 4480 957 4537 multi
982 4481 1092 4536 sub
1113 4479 1274 4553 gravi
1297 4483 1355 4535 et
1371 4481 1521 4536 dura
1561 4496 1731 4535 neces
1748 4511 1765 4522 -

129 4564 283 4623 sitate
303 4572 627 4642 patiuntur.
649 4570 761 4625 Sed
805 4586 942 4625 cum
985 4569 1147 4633 dicit,
1171 4570 1324 4624 Beati
1350 4584 1613 4641 pauperes
1653 4570 1768 4641 spi-
1799 4588 1847 4652 ι)

132 4655 248 4724 ritu,
270 4660 520 4715 ostendit
546 4660 633 4716 eis
650 4675 899 4731 regnum
918 4657 1196 4715 caelorum
1210 4658 1589 4713 tribuendum
1622 4653 1785 4728 quos

135 4739 417 4805 humilitas
439 4748 822 4806 commendat
838 4748 1173 4804 animorum
1196 4746 1383 4819 magis
1400 4762 1577 4818 quam
1620 4745 1771 4802 indi-

194 4886 268 4955 (α)
291 4889 421 4948 Tria
438 4889 809 4948 Lectionaria
830 4889 1131 4955 omittunt,
1152 4892 1351 4945 nostro.

181 4958 269 5080 :(b)
286 4960 406 5019 Duo
425 4961 798 5019 Lectionaria
818 4961 946 5017 Vat.
973 4962 1110 5018 1272
1143 4964 1200 5015 et
1236 4958 1583 5024 Padiliron.,
1621 4961 1772 5015 sani-

202 5045 302 5080 ειη-

133 5034 303 5086 tutan.

198 5102 265 5172 (c)
286 5104 417 5160 Tria
434 5121 580 5161 mss.
620 5102 998 5159 Lectouaria:
1050 5102 1338 5174 Propheta?
1365 5102 1618 5174 Ieremia?
1643 5117 1772 5172 pro-

138 5173 341 5230 missum
358 5176 629 5232 dicentis:
655 5176 789 5231 Ecce
837 5174 953 5230 dies
980 5173 1231 5238 veniunt,
1257 5173 1390 5227 dicit
1410 5173 1696 5237 Dominus,
1723 5179 1774 5228 et

139 5239 402 5313 disponam
419 5248 649 5302 domum
678 5246 869 5303 Israel.
907 5245 1031 5300 Duo
1052 5261 1120 5299 ex
1141 5243 1235 5298 his
1265 5247 1541 5315 praeterea
1582 5242 1779 5298 delent

149 5324 557 5390 Ὶοᾳεξβεδυρσν
586 5317 809 5374 domum
849 5315 987 5374 Iuda
1033 5318 1676 5390 testamentum__novum.
1712 5330 1779 5369 ac

149 5382 256 5442 dein
279 5382 519 5454 habent,
534 5390 596 5445 in
618 5405 778 5445 sensu
802 5404 1008 5444 eorum.
1032 5386 1236 5442 Postea
1255 5402 1360 5458 pro
1381 5386 1778 5457 discipulorum

149 5458 425 5532 trescodd.
448 5460 609 5532 vat,
634 5460 1029 5532 apostolorum.

201 5528 269 5600 (εἰ)
297 5530 612 5604 Exemplar
630 5526 798 5604 Pauli
815 5528 1169 5604 Diaconi,De
1189 5526 1384 5604 quist
1419 5526 1684 5604 Dominus
1701 5527 1778 5582 Io-

144 5599 391 5672 qucretur.
411 5599 554 5660 Cod.
576 5599 1098 5672 Padilix;on._habe_t
1108 5600 1280 5672 item,
1302 5599 1587 5672 Dominus.

204 5673 269 5747 (ε)
285 5675 450 5750 Apud
473 5674 757 5731 eumdem
780 5669 1030 5729 Paulum
1053 5669 1240 5741 Diac.,
1266 5667 1521 5739 utantur,
1538 5671 1597 5725 et
1622 5667 1779 5740 dein,

1860 3414 2007 3480 Quid
2030 3413 2138 3468 hac
2156 3412 2487 3469 humilitate
2506 3412 2861 3470 sublimius?
2879 3413 3019 3486 quid
3039 3412 3147 3469 hac
3167 3416 3510 3487 paupertate

1859 3502 2210 3574 locupletius
2234 3501 2261 3557 ‘7
2277 3502 2400 3558 Non
2426 3502 2603 3558 habet
2624 3502 2894 3575 praesidia
2914 3501 3196 3575 pecunias,
3214 3502 3315 3558 sed
3329 3501 3509 3560 habet

1861 3593 2016 3647 dona
2036 3595 2279 3646 naturae.
2304 3592 2485 3655 Quem
2508 3591 2759 3648 debilem
2790 3590 2973 3648 edidit
2990 3596 3178 3647 mater
3206 3607 3275 3647 ex
3316 3594 3504 3661 utero,

1863 3697 2074 3736 sanum
2099 3679 2232 3735 fecit
2254 3680 2458 3736 Petrus
2481 3697 2550 3736 ex
2572 3681 2747 3737 verbo
2768 3684 2851 3750 ;et
2868 3680 2967 3753 qui
2987 3680 3304 3753 imaginem
3326 3684 3508 3737 Caesa-

1864 3770 1946 3826 ris
1968 3770 2026 3824 in
2043 3785 2280 3825 nummo
2299 3786 2413 3824 non
2428 3769 2606 3832 dedit,
2624 3769 2943 3843 imaginem
2955 3768 3168 3825 Christi
3184 3769 3244 3824 in
3267 3768 3506 3825 homine

1865 3858 2217 3914 reformavit.
2243 3858 2432 3929 Hujus
2454 3860 2649 3915 autem
2672 3858 2929 3914 thesauri
2952 3857 3163 3930 opibus
3179 3872 3294 3913 non
3315 3856 3508 3912 solum

1867 3946 1964 4003 ille
1989 3946 2329 4017 adjutuscst
2352 3946 2444 4002 cui
2462 3961 2703 4019 gressus
2728 3950 2817 4003 est
2868 3944 3153 4013 redditus,
3194 3944 3295 4000 sed
3332 3942 3508 4000 etiam

1869 4036 2129 4108 quinque
2147 4033 2332 4091 millia
2351 4034 2631 4105 virorum,
2659 4035 2760 4107 qui
2777 4040 2918 4090 tunc
2938 4034 3011 4089 ad
3050 4031 3512 4090 exhortationem

1870 4122 2128 4198 Apostoli
2149 4124 2221 4179 ob
2242 4123 2509 4194 ejusdem
2531 4122 2851 4178 curationis
2883 4120 3234 4177 miraculum
3255 4119 3513 4177 credide-

1873 4218 2013 4270 runt
2032 4214 2165 4284 (Aet.
2191 4228 2268 4282 ιν,
2293 4212 2364 4283 4).
2391 4215 2456 4264 Et
2477 4210 2574 4266 ille
2587 4226 2699 4283 pau
2706 4226 2808 4283 per
2823 4209 2924 4282 qui
2947 4224 3063 4264 non
3085 4208 3339 4265 habebat
3357 4208 3515 4280 quod

1872 4302 2092 4374 petenti
2109 4301 2296 4367 daret,
2307 4302 2529 4354 tantam
2548 4297 2708 4354 dedit
2726 4296 2932 4353 divina:
2944 4296 3141 4370 gratiae
3162 4295 3516 4369 largitatem,

1874 4395 1940 4446 ut
1960 4388 2460 4463 quemadmodum
2480 4403 2662 4444 unum
2688 4385 2987 4441 hominem
3018 4385 3439 4458 redintegrarat
3459 4385 3520 4441 in

1876 4478 2143 4552 pedibus,
2167 4476 2251 4533 sic
2273 4480 2359 4533 tot
2383 4475 2569 4533 millia
2587 4474 2949 4531 credentium
2971 4478 3206 4531 sanaret
3230 4474 3291 4530 in
3329 4474 3525 4531 cordi-

1877 4569 2009 4634 bus,
2034 4567 2362 4636 faceretque
2384 4581 2484 4620 eos
2503 4564 2565 4620 in
2585 4563 2815 4621 Christo
2836 4563 3077 4632 alacres,
3120 4578 3268 4637 quos
3308 4563 3369 4620 in
3418 4564 3525 4625 Ju-

1878 4655 2045 4711 daica
2065 4652 2308 4727 perﬁdia
2336 4652 2637 4710 invenerat
2652 4651 3066 4711 claudicantes.

1951 4748 2083 4800 CAP.
2107 4742 2196 4798 IV.
2220 4773 2288 4783 —
2311 4742 2445 4798 Post
2469 4740 2935 4813 praedicationem
2957 4741 3141 4815 hujus
3176 4742 3529 4802 felicissima:

1882 4891 2189 4955 numerent,
2214 4900 2279 4939 ac
2309 4884 2529 4955 postea,
2564 4882 2960 4955 impenderent.

1975 4958 2022 5027 Γ)
2049 4954 2292 5020 Ibidem,
2310 4954 2379 5009 ad
2390 4954 2782 5027 redimendam.

1978 5024 2030 5098 ῃ)
2056 5028 2147 5081 Sic
2167 5043 2237 5081 ex
2257 5043 2366 5080 ms.
2393 5024 2729 5098 Padiliron.,
2756 5025 2949 5098 tribus
2965 5026 3094 5098 Vat.
3118 5032 3176 5083 et
3209 5044 3327 5085 uno
3363 5031 3535 5098 Bon.,

1885 5095 1993 5155 nec
2013 5095 2123 5154 non
2147 5114 2214 5151 ex
2233 5098 2426 5169 prima
2440 5095 2692 5152 editione
2725 5101 2784 5153 et
2806 5097 3019 5154 Homil.
3036 5098 3201 5155 Pauli
3219 5099 3379 5156 Diae.
3418 5095 3536 5171 AL,

1879 5186 2145 5243 primum.

1959 5241 2036 5322 (tt)
2050 5240 2148 5322 Pri
2155 5256 2266 5322 ma
2263 5236 2459 5322 editio,
2476 5238 2516 5293 il
2523 5238 2588 5293 lis
2615 5239 2886 5322 primitiis
2896 5256 2918 5301 ;
2931 5239 3148 5322 Paulus
3165 5240 3339 5307 Diac.,
3423 5239 3541 5296 illis

1884 5309 2210 5385 primitivis.
2228 5309 2602 5385 Retinuimus
2615 5309 2923 5385 lectionem
2936 5310 3257 5385 vulgatam,
3277 5309 3376 5385 sed
3390 5309 3544 5385 inse-

1890 5378 2120 5440 ruimus
2140 5397 2340 5438 vocem
2369 5381 2525 5451 ﬁliis,
2552 5397 2681 5451 quae
2704 5378 3165 5451 desiderabatur,
3189 5378 3542 5437 auctoritate

1892 5454 2119 5525 antiqui
2137 5451 2483 5525 Lectionarii
2504 5451 2772 5525 Yaticani
2790 5453 2951 5525 1272.

1990 5528 2011 5580 i
2036 5522 2362 5595 'Exemplar
2390 5522 2550 5578 Pauli
2573 5522 2758 5591 Diac.,
2783 5522 2994 5578 habere.

1965 5525 2035 5668 ὃ)
2060 5594 2256 5668 Vulg.,
2276 5609 2506 5668 mecum.
2527 5592 2725 5668 θερειιί
2748 5609 2954 5649 sumus
2977 5609 2994 5647 ι

1984 5581 2035 5669 j)
2060 5581 2256 5668 Vulg...
2276 5609 2506 5669 mecum.
2527 5581 2954 5669 §ecutisumus
2977 5607 3087 5648 me.
3129 5581 3443 5647 Padiliron.
3489 5591 3551 5648 et

1894 5661 2052 5727 idem
2083 5661 2380 5741 exemplar
2404 5661 2569 5723 Pauli
2591 5662 2749 5724 Diae.
