3946 6214
118 338 213 413 eo
692 368 699 377 -
834 416 841 422 δ
1316 406 1323 411 ,
1604 339 1676 401 Pl

2006 340 2057 402 ι.
2778 366 2781 367 ί
3410 318 3564 413 ηρ.

170 469 421 531 «Primo
451 466 596 532 loco
661 472 907 548 ponitur
952 487 1143 531 sermo
1176 469 1234 529 in
1292 468 1484 533 Natali
1514 471 1571 529 S.
1634 470 1918 530 Vincentii
1976 468 2267 546 martyris,
2303 484 2477 545 quem
2540 467 2610 526 ad
2671 466 3061 543 Lugdunense
3094 459 3527 539 Lectionarium

121 580 214 620 ms.
243 563 300 618 in
327 563 714 623 bibliotheca
745 565 1026 621 Thuanea
1056 566 1444 631 asservatum,
1478 566 1535 618 et
1564 563 1635 617 ad
1668 561 2143 634 Corbeiense,qui
2176 577 2332 617 nunc
2351 564 2444 617 est
2479 559 2758 617 Asceterii
2790 557 3130 616 S.Germani
3161 573 3195 611 a
3225 554 3528 623 Pratis,re-

122 653 296 726 legis.
317 653 672 726 Augustino
689 652 973 709 tribuitur
996 654 1049 707 in
1074 653 1238 708 Corb.
1266 652 1496 707 Nullius
1519 652 1775 707 auctoris
1804 668 2016 707 nomen
2049 648 2226 707 habet
2251 651 2521 723 Lugdun.
2556 650 2764 705 Leonis
2794 664 2923 705 esse
2951 647 3241 721 plerisque
3271 644 3527 716 Operum

121 744 223 814 ejus
242 741 534 797 editiones
554 741 994 799 testantur.Sed
1023 759 1124 797 nec
1150 742 1324 796 Leoni
1350 757 1453 796 nec
1470 742 1797 812 Augustino
1824 757 1952 797 esse
1973 740 2356 795 tribuendum
2376 738 2461 794 vel
2483 738 2609 812 ipse
2629 737 2818 811 stylus
2839 734 3395 793 demonstrat.Certe
3420 744 3527 785 nec

121 830 402 888 Africanus
432 847 547 888 nec
570 831 761 888 Italus
783 830 1124 898 fuitauclor,
1152 831 1253 902 qui
1283 830 1478 902 potius
1510 830 1835 902 Hispanum
1868 846 1929 884 se
1956 830 2302 901 prodit,tum
2322 828 2383 883 in
2408 828 2535 900 ipso
2558 826 2846 883 sermonis
2884 826 3071 893 initio,
3105 828 3233 880 tum
3274 819 3527 877 maxime

124 920 200 976 his
225 920 413 975 verbis
444 919 671 992 capitis
703 920 725 974 -Ι
757 936 769 975 ;
806 921 956 974 Hune
984 936 1113 990 ergo
1135 920 1373 989 amplius
1396 921 1627 990 propria
1656 923 2164 990 venerentur,quem
2183 919 2353 974 etiam
2376 919 2665 990 peregrina
2688 918 2967 972 mirantur
2982 932 3075 978 ,'ex
3098 912 3313 987 quibus
3335 906 3526 965 mani-

123 1008 316 1063 festum
346 1013 437 1063 est
473 1007 599 1063 illic
632 1006 945 1063 laudatum
977 1007 1157 1063 fuisse
1186 1007 1295 1062 hoc
1317 1024 1586 1063 sermone
1610 1006 1979 1063 Vincentium
2004 1005 2442 1079 martyrem,ubi
2465 1021 2713 1078 agonem
2735 1005 3041 1078 sanguinis
3064 1003 3347 1061 ell‘usione
3366 1011 3524 1071 com-

122 1097 372 1170 pleverat.
405 1097 657 1153 Accedit
689 1096 830 1152 huic
888 1100 1229 1170 argumento
1263 1097 1508 1151 alterum
1567 1114 1635 1152 ex
1668 1095 2054 1152 Ecclesiarum
2113 1096 2504 1167 Romanaeque
2558 1095 2615 1149 in
2662 1095 2872 1166 primis
2921 1091 3361 1157 consuetudine,
3395 1099 3524 1160 quae

114 1185 474 1259 propriorum
508 1186 774 1259 regionis
806 1202 926 1240 suae
959 1190 1281 1258 martyrum
1312 1183 1654 1240 mermoriam
1687 1201 1884 1240 annua
1913 1183 2284 1241 solemnitate
2333 1183 2594 1239 venerari
2655 1187 2962 1251 contentae,
3006 1188 3309 1238 extraneos
3342 1174 3525 1235 simili
3560 1172 3565 1177 ’

114 1273 419 1347 festivitate~
442 1290 480 1327 a
504 1272 637 1327 suis
670 1271 1042 1328 honorandos
1074 1272 1500 1344 relinquebant.
1534 1273 1599 1326 Et
1633 1289 1827 1327 revera
1857 1272 1905 1328 si
1953 1271 2338 1337 Machabaaos,
2372 1271 2470 1344 qui
2528 1275 2690 1327 extra
2730 1272 2997 1329 ordinem
3049 1273 3209 1336 sunt,
3241 1266 3519 1339 excipias,

112 1361 329 1419 nullum
356 1360 628 1416 laudavit
660 1361 939 1416 concione
970 1360 1202 1433 publica
1228 1361 1335 1415 Leo
1360 1360 1693 1424 noster,nisi
1727 1378 1900 1433 quem
1933 1360 2067 1416 sinu
2092 1377 2197 1415 suo
2219 1361 2437 1415 foverat
2457 1361 2719 1415 Romana
2742 1359 3018 1428 Ecclesia;
3056 1360 3155 1415 sed
3191 1374 3298 1414 nec
3328 1357 3525 1428 ipsum

114 1455 597 1523 protomartyr-em
630 1450 1017 1523 Stephanum,
1052 1452 1136 1504 tot
1157 1448 1291 1504 licet
1315 1449 1654 1504 nominibus
1681 1450 1962 1505 universae
1987 1448 2195 1504 Christi
2222 1448 2486 1504 Ecclesiae
2507 1448 3097 1504 venerandum.Alius
3122 1448 3302 1521 igitur
3324 1449 3529 1502 auctor
3569 1434 3572 1438 Α

116 1540 413 1595 sermonis.
444 1544 504 1594 S.
540 1540 876 1594 Leandrum
909 1537 1315 1610 Hispalensem
1338 1538 1676 1610 episcopum
1701 1557 1813 1595 non
1851 1538 1977 1594 sine
1999 1537 2287 1611 probabili
2343 1538 2565 1595 ratione
2610 1537 2945 1609 conjeceris.
2982 1538 3190 1594 Prima:
3218 1536 3527 1607 utriusque

120 1629 359 1683 nominis
391 1627 636 1700 syllabae
670 1627 998 1683 similitudo
1028 1628 1274 1683 Leonem
1308 1644 1411 1699 pro
1444 1628 1700 1683 Leandro
1729 1628 2097 1701 supponendi
2130 1629 2493 1683 occasionem
2528 1627 2774 1683 fortasse
2827 1626 3094 1699 prmbuit,
3142 1627 3283 1683 dum
3308 1625 3434 1681 sola
3465 1624 3524 1678 in

124 1734 220 1772 ms.
248 1716 448 1772 codice
482 1716 795 1791 remansit,
825 1715 1047 1771 caeteris
1078 1715 1345 1788 apicibus
1376 1720 1668 1773 vetustate
1695 1717 1900 1773 exesis.

185 1830 211 1855 α
241 1805 386 1861 Huic
419 1805 681 1861 sermoni
717 1804 863 1860 alios
893 1804 1040 1860 duos
1072 1804 1710 1875 subjecimus,alterum
1742 1807 1813 1862 de
1841 1804 2692 1872 Nativitate-Domini,alterum
2723 1805 2795 1860 de
2823 1804 3525 1874 Ascensione,utrumque

131 1912 187 1950 es
208 1894 403 1951 codice
431 1892 1148 1950 Corbeiensibibliothecaa
1180 1893 1238 1949 S.
1274 1894 1545 1949 Germani
1580 1913 1614 1950 a
1644 1895 2069 1951 Pratis.Leonis
2101 1908 2314 1951 nomen
2347 1894 2406 1948 in
2440 1894 2628 1949 fronte
2658 1894 2903 1962 habent;
2930 1893 3137 1949 Leonis
3168 1895 3365 1949 tamen
3395 1907 3555 1947 esse.

131 1985 465 2057 persuadere
498 1983 644 2038 mihi
680 2000 795 2039 non
824 1983 1005 2055 potui.
1039 1983 1097 2037 S.
1140 1981 1423 2055 Fulgentii
1455 1983 1674 2055 stylum
1702 1984 1893 2057 magis
1925 1984 2069 2039 milii
2103 1983 2341 2055 sapiunt
2389 1998 2566 2054 quam
2613 1981 2861 2049 Leonis;
2896 1997 3071 2053 quem
3105 1982 3164 2036 in
3198 1981 3374 2053 primi
3409 1995 3526 2036 ser-

132 2073 303 2131 monis
330 2072 572 2129 exordio
597 2072 859 2127 imitatus
889 2076 979 2128 est
1010 2076 1246 2139 auctor;
1271 2071 1328 2126 in
1362 2073 1551 2144 primo
1582 2073 1739 2128 enim
1772 2073 1841 2129 de
1872 2073 2182 2129 Nativitate
2213 2088 2481 2128 sermone
2513 2071 2734 2127 similia
2768 2070 3045 2144 leguntur
3073 2072 3229 2142 apud
3253 2075 3519 2127 Leonem.

188 2186 213 2211 α
238 2162 502 2233 Denique
532 2176 639 2216 nec
671 2149 745 2216 ab
778 2159 1031 2215 editione
1063 2164 1261 2216 nostra
1294 2161 1605 2231 rejecimus
1635 2161 1937 2234 geminum
1995 2165 2303 2217 centonem
2361 2177 2428 2216 ex
2462 2160 2667 2216 Leonis
2699 2159 2883 2216 nostri
2915 2158 3150 2232 scriptis
3181 2165 3518 2217 consutam.

135 2249 345 2307 Primus
371 2256 459 2305 est
487 2265 683 2305 sermo
707 2248 809 2320 qui
831 2249 1125 2305 secundus
1147 2252 1317 2305 antea
1337 2255 1461 2305 erat
1478 2268 1539 2305 1n
1560 2251 1753 2306 Natali
1773 2249 2170 2323 apostolorum
2196 2249 2347 2304 Petri
2365 2253 2423 2303 et
2446 2248 2706 2311 Pauli,de
2727 2265 2841 2320 quo
2862 2248 2994 2304 vide
3007 2248 3297 2305 monitum
3311 2267 3529 2307 sermo-

134 2339 185 2394 ni
213 2340 399 2411 primo
419 2338 477 2393 in
500 2338 708 2394 eodem
736 2338 881 2392 festo
904 2337 1420 2408 subjectum.Alter
1443 2343 1531 2394 est
1563 2344 1829 2396 tractatus
1860 2340 1914 2395 S.
1950 2341 2142 2395 Leonis
2180 2340 2314 2406 PP.,
2350 2341 2413 2392 ut
2432 2338 2542 2392 fert
2571 2337 2799 2405 titulus,
2830 2338 3090 2395 adversus
3117 2344 3331 2396 errores
3360 2343 3528 2415 Euty-

133 2427 291 2483 chetis
320 2436 372 2481 et
391 2428 623 2481 aliorum
654 2426 1076 2493 hwreticorum;
1111 2443 1285 2499 quem
1317 2444 1386 2482 ex
1415 2432 1640 2484 vetusto
1671 2429 1867 2484 codice
1918 2444 2028 2484 ms.
2061 2426 2426 2483 bibliotheca:
2469 2426 2758 2483 Vaticanae
2816 2428 3178 2499 descriptum
3237 2428 3401 2486 aiunt
3431 2430 3532 2504 qui

56 2506 59 2531 ⁵
133 2515 298 2586 primi
332 2515 491 2570 illum
521 2517 581 2570 S.
614 2516 827 2571 Leonis
858 2514 1144 2588 Operibus
1176 2516 1492 2573 inseruere.
1530 2520 1606 2573 Ex
1637 2536 1752 2590 quo
1786 2519 2035 2591 quisque
2080 2534 2313 2589 pannus
2365 2515 2487 2571 loco
2531 2519 2873 2588 assumptus
2905 2516 3002 2582 sit,
3036 2516 3203 2574 facile
3233 2517 3414 2576 lector
3442 2538 3532 2576 co-

135 2607 361 2675 gnoscet
387 2620 456 2659 ex
488 2603 561 2660 iis
590 2620 720 2675 quae
754 2605 822 2658 ad
860 2602 1187 2674 marginem
1220 2605 1648 2661 annotavimus.
1684 2627 1710 2657 ο

197 2698 244 2747 3.
276 2693 565 2749 Hactenus
596 2690 980 2755 Quesnellus:
1010 2692 1112 2763 qui
1144 2692 1363 2762 optime
1396 2694 1634 2765 quidem
1672 2695 1742 2751 de
1767 2695 1954 2750 tribus
1985 2693 2192 2764 primis
2224 2693 2616 2757 sermonibus,
2650 2693 2722 2747 de
2748 2690 2954 2762 quinto
2983 2692 3160 2748 etiam
3194 2711 3307 2749 non
3341 2696 3533 2751 omni-

144 2797 204 2836 no
238 2781 402 2837 male.
435 2784 511 2837 At
538 2781 611 2835 de
642 2796 913 2836 sermone
940 2783 995 2834 in
1030 2782 1214 2851 Natali
1240 2782 1292 2836 S.
1330 2785 1481 2838 Petri
1508 2785 1860 2856 apostoli,qui
1886 2783 2093 2855 incipit
2124 2783 2470 2839 Ersultemus
2494 2784 2554 2835 in.
2584 2783 2832 2848 Domino,
2866 2781 3136 2836 assentiri
3172 2799 3287 2837 non
3324 2800 3532 2854 possu:
3560 2827 3570 2835 .

144 2886 294 2926 mus:
330 2871 487 2926 hunc
519 2870 678 2925 enim
703 2870 1027 2943 genuinum
1060 2870 1264 2925 Leonis
1287 2871 1466 2926 fetum
1491 2890 1619 2928 esse
1641 2872 2018 2944 probavimus
2040 2872 2098 2927 in
2132 2872 2530 2928 admonitione
2561 2869 2866 2942 praemissa
2889 2869 3148 2925 sermoni
3178 2872 3376 2943 83,ubi
3397 2890 3533 2930 eum

141 2957 763 3016 collocavimus.Potius
783 2958 936 3014 inter
965 2959 1292 3031 apocrypha
1318 2961 1528 3016 referre
1559 2962 1805 3017 debebat
1834 2978 2160 3017 sermonem
2187 2963 2245 3015 in
2272 2959 2541 3015 (.‘atheilm
2556 2960 2609 3014 S.
2631 2960 2982 3030 Petri,quem
3008 2958 3103 3015 ille
3133 2960 3216 3015 uti
3234 2960 3529 3023 sincerum

142 3048 283 3103 dedit
311 3066 485 3103 serm.
516 3049 726 3113 96,nos
758 3051 954 3102 autem
985 3047 1163 3103 veluti
1188 3054 1344 3104 certo
1377 3050 1819 3122 supposititium
1854 3052 1910 3105 in
1943 3051 2051 3106 hac
2083 3050 2402 3123 appendice
2453 3049 2801 3104 recudemus
2832 3065 3007 3104 serm.
3045 3050 3131 3118 14,
3167 3050 3238 3108 de
3271 3067 3386 3123 quo
3418 3051 3532 3108 ibi-
3561 3108 3568 3119 ,

141 3136 260 3192 dem
291 3135 476 3209 plura.
508 3135 706 3191 Alium
738 3150 969 3207 quoque
996 3151 1327 3191 sermonem
1359 3137 1425 3191 de
1447 3138 1791 3203 Mashabmis,
1825 3139 1925 3210 qui
1980 3138 2038 3194 in
2091 3137 2368 3195 omnibus
2417 3136 2777 3192 editionibus
2810 3135 3015 3192 Leonis
3048 3136 3193 3194 citra
3223 3139 3537 3199 dubitatio-

140 3241 261 3279 nem
289 3225 565 3293 habotur,
598 3223 949 3296 Augustino,
978 3240 1093 3278 non
1127 3227 1322 3278 autem
1356 3226 1527 3280 Leoni
1581 3228 2040 3298 adjudicandum
2090 3227 2324 3283 invictis
2372 3224 2737 3298 argumentis
2785 3226 3145 3298 detegemus.
3179 3226 3310 3285 Haec
3340 3232 3533 3301 quoad

136 3327 423 3369 sermones
454 3312 515 3367 in
551 3312 761 3367 Leonis
789 3310 1143 3367 editionibus
1174 3312 1458 3370 hactenus
1488 3314 1772 3387 vulgatos.
3359 3380 3367 3389 _

189 3402 237 3455 4.
270 3400 479 3457 Plures
510 3416 647 3455 vero
668 3399 814 3455 alios
841 3415 1144 3471 sermones
1166 3405 1364 3459 nostro
1387 3403 1619 3458 Auctori
1647 3405 1876 3460 affictos
1923 3404 1981 3459 in
2030 3422 2173 3459 mss.
2209 3402 2590 3459 Lectionariis
2620 3404 2678 3456 et
2709 3401 3153 3459 collectionibus
3183 3405 3535 3466 deteximus.

127 3487 261 3546 Tres
288 3506 362 3545 ex
392 3489 486 3544 his
518 3489 578 3542 in
604 3491 869 3543 veterum
902 3487 1349 3545 PP.Latinorum
1374 3492 1676 3562 opusculis
1706 3496 1849 3548 tom.
1886 3494 1957 3559 ll,
1984 3498 2130 3566 part.
2158 3511 2193 3560 ι,
2228 3491 2545 3548 novissime
2574 3490 2756 3547 edidit
2781 3490 2850 3544 V.
2884 3494 2940 3546 C.
2976 3491 3035 3546 P.
3070 3492 3252 3550 abbas
3279 3496 3539 3557 Joannes

122 3576 573 3651 Chrysostomus
600 3575 1090 3645 Trombellius,ex
1118 3578 1334 3648 quibus
1362 3579 1512 3634 duos
1539 3582 2093 3649 subdititios,unum
2120 3582 2442 3653 genuinum
2464 3580 2903 3652 putat.Eosdem
2932 3598 3037 3636 nos
3060 3599 3297 3656 quoque
3317 3604 3539 3660 repere-

122 3672 408 3735 ramus,et
434 3666 584 3722 alios
615 3666 837 3738 plures,
857 3666 928 3720 de
957 3667 1172 3737 quibus
1204 3685 1337 3722 mox
1367 3668 1632 3725 dicemus
1659 3688 1671 3737 ;
1705 3671 1805 3726 sed
1839 3687 1908 3725 ne
1943 3687 2126 3725 unum
2154 3671 2393 3742 quidem
2419 3686 2550 3725 vere
2584 3669 2908 3724 Leoninum
2940 3669 3446 3744 arbitramur.Qua
3477 3677 3539 3745 in

126 3771 180 3810 re
201 3761 265 3811 ut
282 3757 525 3812 interim
548 3755 897 3811 omittamus
916 3754 1134 3810 indicia
1151 3757 1413 3834 quaedam
1430 3757 1750 3829 peculiaria
1775 3759 1899 3815 suis
1934 3758 2076 3814 locis
2100 3759 2374 3825 notanda,
2409 3773 2534 3829 qua:
2567 3756 2886 3814 nonnullos
2906 3774 2975 3813 ex
3003 3748 3376 3820 sermonibus
3406 3782 3543 3822 mox

122 3846 498 3902 recensendis
528 3862 564 3899 a
594 3845 781 3900 Leone
812 3843 1433 3918 abjudicant,aliisque
1464 3864 1618 3903 nunc
1649 3847 1825 3903 certis
1858 3865 2011 3904 nunc
2068 3847 2303 3903 incertis
2351 3846 2691 3902 auctoribus
2745 3846 3090 3907 tribuendos
3127 3849 3437 3922 evincunt;
3467 3855 3540 3910 ad

122 3931 572 4007 distinguendae
600 3938 859 3999 caeteros,
885 3933 985 4004 qui
1019 3933 1244 3988 nullam
1275 3935 1628 4006 peculiarem
1660 3936 1950 4006 ejusmodi
1982 3940 2181 3991 notam
2213 3936 2546 4008 prmferunt,
2570 3934 2631 3989 hi
2664 3935 2779 3991 duo
2810 3934 3177 3991 characteres
3209 3938 3532 3997 sufﬁcient.
3572 3980 3578 3991 .

124 4019 359 4078 Primus
387 4026 592 4096 aperta
620 4022 753 4094 styli
783 4038 849 4078 ac
876 4021 1135 4095 syntaxis
1167 4022 1605 4088 dissimilitudo,
1641 4042 1768 4097 qun
1818 4025 2135 4081 Leoninum
2185 4023 2479 4079 scribendi
2532 4022 2817 4077 rationem
2857 4021 3208 4080 callentibus
3237 4024 3296 4080 in
3330 4027 3533 4084 oculos

126 4111 331 4168 statim
359 4113 632 4170 incurret.
662 4112 969 4167 Secundus
999 4110 1259 4168 formulae
1286 4112 1346 4168 in
1380 4113 1745 4186 appellandis
1774 4114 2146 4170 auditoribus
2174 4116 2467 4184 usurpatae
2497 4114 2719 4182 fratres,
2753 4113 2855 4165 aut
2873 4111 2984 4179 ﬁlii
3011 4112 3420 4183 charissimi,et
3436 4116 3543 4174 .his

128 4196 377 4270 similes,
400 4219 527 4274 quae
560 4218 592 4256 a
612 4202 802 4256 Leone
834 4197 1206 4255 alienissimae
1237 4205 1412 4256 sunt:
1450 4202 1542 4257 hic
1559 4202 1714 4258 enim
1750 4202 1872 4259 solo
1908 4202 2212 4273 adjective,
2245 4202 2610 4266 dilectissimi,
2641 4202 2978 4255 constanter
3004 4200 3209 4268 utitur,
3241 4206 3307 4257 ut
3335 4219 3545 4263 omnes

130 4301 430 4345 sermones
459 4292 588 4362 ejus
618 4287 1019 4344 evolventibus
1050 4287 1245 4360 palam
1279 4289 1392 4344 ﬁet.
1426 4290 1787 4347 Alterutrum
1820 4292 1962 4348 satis
1993 4295 2117 4347 est:
2153 4290 2336 4346 multo
2386 4290 2575 4361 magis
2617 4288 2666 4343 si
2710 4291 3028 4360 utrumque
3076 4290 3134 4345 in
3170 4294 3545 4353 sermonibus

123 4372 377 4448 iamjam
406 4376 811 4435 memorandis
834 4375 1120 4433 invenias.

197 4464 254 4517 5,
294 4466 407 4522 Hac
439 4467 495 4522 in
522 4466 845 4540 appendice
880 4464 917 4519 ii
950 4482 1248 4523 sermones
1279 4467 1583 4524 omittendi
1618 4486 1730 4524 non
1761 4468 1995 4524 fuerunt
2026 4466 2125 4539 qui
2156 4466 2213 4522 in
2246 4463 2538 4531 Qucsnelli
2572 4464 2827 4520 editione
2858 4466 3142 4537 prodiere.
3177 4469 3284 4534 Qui
3317 4487 3448 4526 vero
3484 4472 3540 4528 in

132 4547 237 4605 hac
270 4557 523 4613 editione
558 4557 821 4612 nondum
857 4555 1093 4609 fuerunt
1124 4555 1324 4611 inserti
1355 4558 1410 4611 in
1449 4557 1594 4613 duas
1625 4557 1844 4614 classes
1870 4556 2267 4629 distinguendi
2293 4560 2448 4610 sunt.
2483 4555 2596 4610 Alii
2650 4554 2806 4610 enim
2839 4555 2991 4611 inter
3020 4556 3270 4614 aliorum
3300 4560 3540 4619 Patrum

132 4636 325 4709 Opera
354 4646 636 4716 prodiere,
669 4644 765 4700 alii
799 4660 935 4698 vero
969 4660 1209 4714 prorsus
1238 4644 1435 4701 inediti
1470 4650 1626 4701 sunt.
1661 4647 1857 4711 Quoad
1892 4645 2021 4701 illos
2049 4645 2148 4716 qui
2180 4646 2238 4698 in
2274 4644 2402 4698 aliis
2447 4643 2716 4700 Patribus
2756 4643 2974 4717 vulgati
2999 4646 3379 4704 inveniuntur
3401 4652 3541 4723 (uno

139 4741 317 4786 scrin.
348 4735 400 4801 8,
432 4735 502 4790 ob
535 4733 891 4805 peculiarem
927 4731 1213 4787 rationem
1245 4732 1303 4787 in
1336 4735 1733 4791 admonitione
1764 4734 2161 4802 indicandam,
2197 4734 2481 4805 excepto),
2514 4733 2662 4789 satis
2691 4733 2801 4788 erit
2846 4750 3050 4790 eorum
3096 4736 3427 4810 catalogum
3460 4737 3555 4796 hic

141 4813 414 4889 inserere,
446 4828 502 4878 et
530 4822 816 4878 editiones
849 4822 908 4875 in
941 4821 1156 4893 quibus
1188 4826 1454 4894 prostant
1482 4824 1755 4880 indicare.
1791 4826 1939 4880 Sunt
1967 4827 2165 4879 autem
2197 4838 2498 4877 sermones
2530 4826 2880 4894 sequentes:

1494 4983 1498 4989 _
1656 4930 1726 4967 DE
1762 4928 2042 4969 ADVENTU.

228 4994 266 5049 ἰ.
297 4997 542 5057 Sanctam
578 5009 632 5057 et
657 4998 1098 5066 desiderabilem,
1130 5000 1425 5069 gloriosam
1459 5018 1524 5056 ac
1551 5003 1889 5072 singularem
1934 4999 2356 5064 solemnitatem,
2402 5002 2537 5067 etc.,
2571 4998 2655 5054 uti
2686 5016 2860 5057 serm.
2896 4999 3001 5056 416
3053 5004 3301 5074 append.
3336 5007 3565 5078 Sermo-

169 5093 297 5139 num
327 5089 382 5143 S.
412 5090 723 5164 Augustini
746 5093 894 5145 tom.
930 5090 977 5140 V
1009 5087 1338 5143 novissimae
1369 5089 1665 5145 editionis.
1700 5087 1874 5144 Leoni
1922 5092 2118 5142 autem
2161 5085 2501 5143 inscribitur
2530 5088 2587 5143 in
2621 5107 2763 5146 mss.
2796 5092 2852 5147 S.
2887 5091 3038 5147 Petri
3096 5093 3223 5159 406,
3253 5093 3469 5148 Veneto
3499 5096 3560 5149 S.

172 5164 474 5247 Man-i153,
501 5178 847 5234 Tridentino
880 5192 947 5231 ac
978 5176 1209 5232 duobus
1241 5177 1695 5234 Veronensibus.
1730 5178 1842 5233 Sed
1872 5181 1926 5231 S.
1960 5175 2272 5231 Caesarium
2308 5174 2522 5232 habere
2574 5183 2874 5235 auctorem
2929 5180 3031 5235 PP.
3067 5180 3319 5237 Maurini
3351 5180 3411 5235 in
3442 5181 3567 5237 lau-

180 5254 297 5316 data
319 5267 631 5339 appendice
652 5266 1065 5323 observarunt.

1086 5344 1100 5355 Ο
1631 5372 1703 5411 DE
1747 5371 2092 5412 NATIVITATE.

240 5442 301 5495 Il.
327 5443 599 5518 Cupientes
627 5443 854 5518 aliquid
883 5442 949 5496 de
979 5440 1142 5513 hujus
1161 5442 1273 5498 diei
1301 5444 1667 5515 solemnitate,
1701 5449 1811 5501 etc.
1845 5444 2010 5500 Certo
2045 5442 2255 5497 Leonis
2313 5444 2568 5500 sermoni
2610 5445 2924 5516 subjicitur
2952 5447 3012 5499 in
3045 5461 3157 5498 ms.
3190 5437 3568 5495 Vallicellano

184 5528 377 5595 26,0um
405 5535 724 5609 epigraphe
762 5531 915 5590 Unde
938 5548 1121 5602 supra,
1153 5548 1279 5603 quae
1308 5531 1487 5603 hujus
1519 5538 1575 5588 et
1607 5533 1914 5589 anterioris
1946 5531 2236 5588 sermonis
2267 5533 2542 5589 eumdem
2589 5538 2884 5589 auctorem
2939 5548 3065 5588 esse
3097 5530 3156 5584 in
3190 5526 3569 5601 Lectionariis

187 5617 451 5693 signiﬁcat.
485 5626 586 5681 Est
612 5638 821 5680 sermo
849 5620 909 5675 S.
947 5618 1227 5692 Fulgentii
1259 5637 1315 5693 p.
1345 5621 1757 5679 525editionis
1791 5620 2135 5678 Parisiensis
2167 5618 2292 5675 l67l
2317 5663 2328 5675 .
