3946 6214
431 322 569 407 illi
931 344 1335 407 APPENDIX
1380 345 1484 406 AD
1526 342 1836 405 PRIMAM
1879 341 2205 404 PARTEM
2247 342 2571 406 OPERUM
2620 343 2686 405 S.
2731 343 3016 405 LEONIS
3059 341 3328 405 MAGNI.
3683 347 3785 407 472

502 474 601 535 III.
631 476 899 535 Dominus
928 484 980 533 et
1010 477 1264 533 Salvator
1290 484 1490 544 noster,
1524 479 1633 532 etc.
1675 475 1884 531 Leonis
1915 473 2150 530 nomine
2208 478 2562 546 praenotatur
2590 472 2648 529 in
2683 492 2790 530 ms.
2852 473 3126 531 Patavine
3178 458 3625 535 Eremitanorum
3683 479 3780 533 112.

432 565 673 640 Legitur
700 568 897 623 autem
930 566 989 621 in
1020 568 1153 638 app.
1188 565 1502 638 Augustini
1534 580 1707 621 scrm.
1747 566 1866 631 141,
1897 567 1956 620 et
1983 564 2040 620 S.
2065 552 2313 620 Caesarie
2342 563 2643 619 tribuitur.

499 654 598 711 IV.
620 656 944 723 Iustissime',
975 657 1200 726 fratres,
1230 656 1543 726 festivitatis
1568 655 1864 725 praesentis
1894 652 2023 720 diei,
2057 656 2166 708 etc.
2200 652 2557 709 Recensetur
2603 652 2757 708 inter
2814 652 3024 709 Leonis
3084 653 3393 709 Sermones
3446 652 3503 708 in
3532 670 3634 711 ms.
3662 655 3789 711 Casi.

428 745 597 803 nens‘i
626 738 849 801 collect.
879 744 935 813 1,
964 743 1064 800 scd
1096 748 1187 799 est
1215 744 1274 800 S.
1309 743 1544 799 Maximi
1575 742 1980 809 Taurinensis,
2013 745 2070 797 et
2095 744 2319 813 proStat
2347 740 2499 796 inter
2529 741 2796 813 ejusdem
2827 741 3018 814 Opera
3047 741 3204 797 hom.
3240 744 3276 796 2
3307 741 3377 798 de‘
3395 738 3697 799 Nativitate.

498 830 566 889 V.
598 831 950 889 Nativitatem
978 833 1200 889 Domini
1250 834 1426 888 nostri
1467 834 1596 888 Iesu
1657 830 1862 887 Christi
1916 829 2218 886 secundum
2263 846 2505 896 carnem,
2539 834 2671 897 etc.,
2727 829 2903 887 Leoni
2953 846 3257 903 perperam
3312 831 3667 904 ascriptusin
3695 850 3783 890 ms.

426 917 710 980 V’allicell.
741 924 832 980 26.
864 921 1101 996 Legitur
1126 923 1187 977 in
1216 922 1466 995 append.
1500 920 1813 993 Augustini
1846 936 2021 975 serm.
2059 920 2179 976 125.
2780 946 2787 951 ο
3470 990 3479 1001 1

496 1008 597 1069 VI.
626 1010 900 1070 Nati'eitas
922 1012 1145 1069 Domini
1170 1013 1349 1068 nostri
1368 1012 1495 1067 Iesu
1525 1010 1735 1066 Christi
1763 1012 1935 1065 totum
1961 1007 2249 1073 mundum,
2277 1011 2385 1063 etc.
2424 1009 2484 1063 In
2531 1009 2734 1064 eodem
2783 1007 3064 1065 Vallicell.
3097 1010 3171 1065 26
3216 1009 3420 1066 Leonis
3443 1025 3640 1066 nomen
3667 1010 3787 1066 falso

427 1098 678 1175 prefert.
708 1101 915 1159 Editus
939 1104 1030 1157 est
1056 1100 1117 1156 in
1147 1116 1281 1172 app.
1311 1097 1624 1173 Augustini
1656 1113 1828 1154 serm.
1868 1096 1988 1152 125.

1918 1220 1989 1260 DE
2027 1219 2352 1260 EPIPHANIA.

499 1313 624 1384 VII.
656 1313 721 1369 In
750 1312 870 1381 hac,
902 1311 1265 1379 dilectissimi,
1300 1312 1624 1369 celebritate.
1658 1311 1762 1369 Est
1790 1312 1948 1368 hom.
1984 1312 2010 1367 1
2043 1312 2102 1368 S.
2144 1310 2379 1368 Maximi
2435 1313 2506 1368 de
2554 1311 2919 1385 Epiphania;
2953 1328 3259 1386 perperam
3317 1318 3510 1371 autem
3549 1312 3789 1370 tributim

437 1403 498 1460 8.
532 1401 710 1459 Leoni
740 1400 801 1457 in
831 1418 974 1459 mss.
1008 1400 1137 1457 Vat.
1169 1401 1335 1457 1267.

503 1488 655 1548 VIII.
684 1491 945 1563 Plerique
971 1491 1033 1546 in
1062 1491 1164 1546 hac
1190 1495 1383 1546 sancta
1428 1490 1758 1563 Epiphania,
1791 1492 1902 1546 etc.
1953 1490 2010 1545 S.
2063 1488 2238 1546 Leoni
2302 1490 2615 1546 ascribitur
2664 1490 2724 1546 in
2773 1506 2885 1546 ms.
2937 1489 3154 1548 Veneto
3217 1491 3337 1548 153.
3386 1492 3575 1549 Exstat
3600 1495 3723 1549 tom.
3749 1493 3785 1547 ll

429 1569 725 1638 Ambrosii
753 1578 1082 1638 novissimae
1115 1579 1411 1649 editionis,
1444 1578 1504 1636 in
1535 1578 1854 1653 appendice
1894 1596 2071 1636 serm.
2106 1580 2173 1635 10
2201 1580 2274 1635 de
2305 1580 2633 1653 Epiphania
2658 1582 2715 1636 3.

1861 1704 1932 1742 DE
1970 1703 2421 1750 QUADRAGESIMA.

502 1793 593 1851 IX.
625 1794 919 1866 Conﬂictas
938 1795 1037 1851 iste
1064 1794 1361 1862 mirabilis,
1392 1796 1524 1862 etc.,
1558 1792 1705 1851 falso
1736 1794 1794 1849 S.
1825 1792 2001 1849 Leoni
2028 1792 2348 1866 inscriptus
2374 1792 2437 1850 in
2461 1810 2608 1851 mss.
2647 1794 2929 1852 Vallicell.
2957 1811 3018 1865 ιι,
3053 1799 3110 1852 et
3171 1795 3438 1852 Patavine
3480 1795 3534 1851 S.
3583 1793 3780 1851 Antonii

433 1885 560 1953 408,
591 1900 729 1942 cum
760 1884 838 1942 sit
864 1884 1023 1942 b'om.
1055 1885 1092 1938 2
1121 1884 1193 1940 de
1223 1883 1539 1955 Quadrag,
1564 1882 1751 1938 sancti
1778 1881 2037 1938 Maximi.

500 1973 566 2030 Χ.
599 1976 743 2045 Rogo
771 1989 860 2030 vos
886 1977 940 2029 et
965 1972 1246 2039 admoneo,
1274 1974 1474 2044 fratres
1502 1972 1837 2038 charissimi,
1871 1971 2079 2028 Leonis
2109 1972 2347 2028 nomine
2368 1971 2427 2027 in
2449 1974 2578 2029 cod.
2614 1973 2988 2047 Bergomensi
3011 1970 3069 2030 S.
3102 1972 3420 2030 Alexandri
3440 1973 3492 2029 in
3518 1972 3787 2030 Columna.

431 2064 536 2121 Est
562 2062 817 2131 Casarii,
849 2065 908 2117 et
937 2060 1155 2134 legitur
1183 2061 1242 2115 in
1274 2077 1408 2133 app.
1443 2059 1751 2133 Augustini
1782 2060 1971 2117 Serm.
2008 2060 2133 2116 142.

504 2151 594 2209 XI.
622 2151 834 2224 Iejunii
863 2153 1128 2225 tempora,
1157 2150 1457 2205 secundum
1483 2149 1818 2221 Scripturas,
1849 2153 1981 2217 etc.,
2013 2149 2167 2206 inter
2196 2148 2507 2207 Sermones
2536 2150 2592 2209 S.
2630 2151 2840 2209 Leonis
2868 2154 3208 2209 recensetur
3228 2152 3290 2209 in
3323 2166 3457 2209 mss.
3485 2149 3790 2209 collectioni-

430 2241 548 2297 bus
578 2241 605 2296 1
638 2242 697 2297 et
722 2242 778 2306 2,
811 2240 872 2295 at
895 2237 956 2293 in
984 2237 1361 2294 Lectionariis
1391 2237 1646 2294 basilicae
1677 2240 1734 2295 S.
1772 2239 1919 2296 Petri
1952 2240 2055 2296 105
2085 2243 2143 2295 et
2165 2239 2296 2309 107,
2324 2239 2452 2296 sine
2501 2240 2620 2297 ullo
2651 2242 2908 2298 auctoris
2960 2242 3226 2299 nomine.
3260 2243 3565 2316 Excerptus
3613 2238 3711 2296 fuit
3732 2254 3786 2295 ex

432 2328 583 2387 libro
615 2329 806 2404 primo
830 2328 902 2385 de
930 2326 1340 2384 ecclesiasticis
1365 2326 1572 2384 officiis
1602 2329 1659 2384 S.
1693 2328 1896 2385 Isidori
1937 2328 2301 2403 Hispalensis
2332 2346 2458 2402 cap.
2492 2331 2584 2397 37,
2617 2330 2707 2400 38,
2743 2330 2811 2385 39
2839 2335 2897 2387 et
2928 2330 3013 2386 40.

486 2419 623 2477 ΧΠ.
654 2420 766 2477 Has
785 2421 994 2476 sanctae
1021 2416 1464 2489 Quadragesimze
1490 2416 1624 2486 dies,
1656 2422 1788 2486 etc.,
1820 2419 1879 2474 in
1912 2430 2045 2492 app.
2094 2418 2407 2493 Augustini
2440 2435 2620 2476 serm.
2684 2421 2809 2488 145,
2844 2419 3055 2477 Leoais
3115 2420 3357 2477 nomine
3412 2419 3471 2476 in
3499 2434 3601 2476 ms.
3632 2421 3785 2474 Pater.

438 2508 675 2567 Eremit.
706 2506 830 2565 112.

505 2598 656 2656 XIII.
679 2598 881 2654 Mirum
908 2611 1015 2652 non
1044 2611 1153 2652 esse
1179 2595 1333 2652 debet
1357 2612 1392 2652 a
1421 2599 1533 2652 Deo
1561 2597 1769 2668 factum
1797 2596 2151 2667 miraculum,
2180 2602 2288 2654 etc.
2326 2602 2387 2654 In
2446 2597 2717 2672 Evangel.
2745 2598 2992 2654 Joannis
3022 2616 3092 2655 v:
3120 2602 3257 2656 Erat
3289 2600 3402 2657 dies
3428 2602 3588 2672 festus
3610 2596 3784 2655 Iudae-

432 2705 580 2757 rum,
612 2686 772 2760 quod
798 2685 1014 2759 legitur
1042 2682 1186 2741 feria
1211 2686 1247 2741 6
1277 2687 1530 2758 quatuor
1556 2688 1888 2758 temporum
1914 2686 2384 2761 Quadragesimae
2415 2688 2624 2744 Leonis
2657 2686 2892 2744 nomine
2924 2688 3221 2760 profertur
3250 2689 3310 2746 in
3340 2689 3463 2745 cod.
3496 2685 3656 2745 Basil.
3683 2684 3784 2739 Vat.

433 2778 494 2837 S.
524 2775 678 2835 Petri
708 2775 832 2833 106.
865 2773 965 2832 Est
992 2777 1189 2832 autem
1218 2776 1503 2831 tractatus
1531 2775 1600 2830 17
1628 2775 1686 2831 S.
1713 2774 2033 2847 Augustini
2064 2776 2124 2831 in
2152 2775 2461 2833 Joannem.

1765 2897 1835 2937 DE
1871 2898 2209 2937 TRADITIONE
2247 2899 2512 2940 SYMBOLI.

501 2972 643 3030 XIV.
675 2970 813 3028 Cum
835 2969 981 3045 apud
1007 2970 1197 3027 Patres
1226 2973 1458 3037 nostros,
1489 2969 1632 3026 sicut
1660 2969 1797 3026 liber
1822 2969 2075 3027 Iudicum
2104 2974 2288 3044 refert,
2322 2976 2453 3041 etc.,
2510 2989 2701 3030 sermo
2731 2976 2786 3027 S.
2842 2971 3050 3029 Leonis
3108 2971 3171 3029 in
3218 2988 3329 3029 ms.
3375 2969 3721 3028 Vallicellano
3743 2968 3785 3021 2.

434 3063 539 3121 Est
566 3065 763 3118 autem
791 3060 851 3117 S.
880 3059 1117 3117 Maximi
1149 3058 1352 3116 homil.
1388 3061 1415 3116 1
1450 3058 1520 3115 de
1552 3058 1822 3137 Diuersis.
3668 3132 3669 3135 η

504 3149 621 3208 XV.
656 3151 719 3207 In
746 3148 1068 3207 hodiernum
1096 3150 1404 3206 convivium
1431 3150 1530 3221 qui
1557 3150 1789 3204 solemni
1813 3150 2144 3222 frequentia,
2176 3157 2283 3207 etc.
2319 3151 2493 3207 Leoni
2520 3151 2801 3209 tribuitur
2830 3152 2888 3207 in
2921 3166 3034 3208 ms.
3067 3150 3353 3209 Patavino
3382 3154 3435 3207 S.
3457 3146 3670 3207 Antonii
3690 3145 3787 3201 408.

437 3230 739 3299 Invenitur
764 3241 961 3296 autem
991 3236 1144 3295 inter
1169 3236 1569 3310 Chrysostomi
1599 3237 1787 3310 Opera
1810 3241 1951 3294 tom.
1987 3237 2065 3294 III
2094 3237 2366 3295 editionis
2395 3238 2729 3297 Nivelliana:
2774 3256 2905 3314 pag.
2937 3241 3064 3309 7113,
3099 3241 3203 3298 sed
3238 3244 3329 3297 est
3356 3237 3550 3295 incerti
3579 3231 3790 3293 auctoris

440 3327 652 3387 Latini.

1784 3430 1855 3470 DE
1890 3430 2076 3471 CRUCE
2112 3428 2183 3471 ET
2219 3431 2492 3471 LATRONE.

508 3503 655 3560 XVI.
683 3502 752 3562 Et
781 3501 1001 3575 quando
1025 3502 1092 3558 de
1115 3516 1270 3558 cruce
1296 3508 1485 3558 nostra
1507 3504 1770 3574 processit
1796 3505 1994 3571 oratio,
2027 3508 2163 3568 etc.,
2192 3502 2251 3559 in
2278 3520 2388 3560 ms.
2423 3503 2727 3561 Casinensi
2777 3509 3119 3562 Sermonem
3153 3505 3213 3563 S.
3251 3504 3458 3562 Leonis
3487 3497 3791 3559 collectionis

440 3599 488 3651 1.
523 3592 731 3650 Incerti
756 3589 986 3663 antiqui
1019 3587 1209 3647 Latini
1233 3588 1486 3646 auctoris
1516 3594 1605 3647 est
1632 3589 1786 3648 inter
1813 3588 2207 3665 CbrysoStomi
2241 3592 2428 3665 Opera
2456 3595 2598 3649 tom.
2635 3593 2714 3650 III
2763 3591 3039 3649 editionis
3088 3585 3447 3651 Basileensis
3472 3586 3790 3661 Hervagiane

436 3696 533 3740 an.
568 3676 726 3750 1639,
750 3682 883 3755 pag.
912 3678 1039 3736 567.

1963 3786 2035 3826 DE
2073 3786 2305 3827 PASCHA.

501 3860 677 3919 XVII.
708 3858 921 3918 Retinet
944 3856 1206 3915 sanctitas
1233 3863 1429 3928 vestra,
1462 3861 1597 3929 etc.,
1629 3857 1688 3915 in
1721 3874 1864 3916 mss.
1898 3858 2157 3917 Basilicas
2187 3858 2316 3916 Vat.
2346 3856 2452 3917 106
2481 3863 2541 3918 et
2584 3860 2924 3918 Tridentino
2951 3878 2965 3930 ;
2999 3860 3220 3934 legitur
3257 3863 3450 3918 autem
3482 3858 3537 3915 in
3567 3852 3788 3929 app.Au-

428 3950 769 4026 gustiniana
795 3947 1067 4006 sermone
1090 3945 1211 4003 162.
1752 3942 1758 3951 ‘

1891 4053 1963 4093 DE
1998 4052 2366 4094 ASCBNSIONE.
3276 4076 3283 4084 -

496 4122 690 4187 XVIII.
724 4126 943 4185 Fratres
985 4123 1318 4193 chorissimi,
1350 4124 1693 4182 Ascensionis
1713 4125 2017 4184 Dominicae
2064 4124 2337 4199 inclytum
2392 4131 2445 4182 et
2501 4127 2684 4199 regale
2718 4127 3065 4198 mysterium,
3098 4128 3238 4197 etc.,
3270 4125 3476 4184 Leonis
3515 4118 3721 4179 nomine
3738 4115 3784 4170 in

431 4216 719 4277 Vallicell.
751 4216 819 4286 Α,
850 4215 905 4284 7,
935 4214 994 4272 et
1022 4214 1177 4272 inter
1196 4211 1407 4270 Leonis
1436 4211 1748 4271 Sermones
1780 4214 1840 4269 in
1870 4214 2065 4271 Casin.
2098 4213 2322 4272 collect.
2357 4216 2407 4270 1.
2444 4215 2700 4272 Habetur
2728 4215 2786 4270 in
2819 4228 2954 4287 app.
2995 4215 3317 4287 Augustini
3347 4226 3603 4271 sermone
3625 4205 3725 4263 179.

495 4306 632 4365 XIX.
669 4305 1003 4376 Gloriﬁcatio
1032 4304 1251 4360 Domini
1272 4304 1447 4360 nostri
1471 4306 1606 4361 Iesu
1637 4304 1842 4360 Christi
1868 4305 2199 4376 resurgendo
2227 4308 2280 4360 et
2310 4305 2645 4361 ascendendo
2692 4305 2956 4377 completa
2985 4311 3083 4371 est,
3117 4307 3258 4373 etc.,
3306 4315 3591 4378 perperam
3620 4297 3783 4352 nostro

428 4395 657 4454 buctori
685 4394 966 4451 tribuitur
994 4392 1053 4449 in
1086 4411 1199 4449 ms.
1230 4391 1512 4447 Vallicell.
1544 4394 1612 4459 A,
1642 4393 1697 4462 9,
1730 4397 1789 4449 et
1816 4410 1947 4461 xxv,
1980 4410 2087 4450 nec
2116 4410 2232 4449 non
2266 4392 2324 4449 in
2355 4392 2637 4465 Chigiano
2665 4394 2721 4459 5,
2753 4409 2887 4449 cum
2916 4392 2995 4447 sit
3042 4407 3239 4449 sermo
3270 4377 3376 4447 263
3403 4388 3461 4446 S.
3491 4377 3779 4458 Augustini-

494 4483 608 4540 XX.
640 4482 911 4540 Hodierna
933 4481 1022 4538 die
1050 4483 1427 4539 Ascensionem
1452 4483 1510 4537 in
1542 4483 1738 4537 caelum
1765 4482 2117 4549 celebramus,
2148 4486 2259 4538 etc.
2314 4480 2560 4538 Nomine
2619 4479 2827 4538 Leonis
2885 4484 3247 4552 praenotatur
3293 4479 3353 4536 in
3384 4494 3520 4536 mss.
3547 4466 3778 4529 Patavina

423 4573 483 4629 S.
514 4571 758 4627 Iustinae
788 4574 846 4627 et
874 4570 934 4626 in
964 4570 1223 4626 Vallicel.
1258 4572 1324 4640 A,
1349 4571 1403 4625 7.
1438 4570 1642 4627 Editus
1673 4574 1763 4627 est
1793 4588 1826 4626 a
1846 4571 2129 4628 Maurinis
2159 4586 2227 4627 ex
2274 4570 2676 4627 vetustissimo
2724 4569 2920 4626 codice
2960 4568 3327 4643 Remigiano,
3357 4572 3524 4640 atque
3564 4557 3777 4617 tributus

421 4660 481 4716 S.
513 4657 842 4733 Augustino
873 4657 931 4712 in
964 4656 1078 4713 ﬁne
1107 4657 1478 4726 Sermonum,
1513 4674 1689 4714 serm.
1721 4656 1846 4715 395.

488 4746 628 4805 XXI.
662 4746 877 4813 Omnia,
907 4747 1242 4815 charissimi,
1275 4761 1401 4818 quae
1429 4739 1689 4804 Dominus
1711 4749 1863 4805 Iesus
1891 4746 2137 4803 Christus
2165 4749 2225 4803 in
2255 4749 2352 4803 hoc
2379 4747 2601 4814 mundo,
2629 4750 2739 4802 etc.
2776 4751 2840 4801 In
2864 4756 3007 4803 mss.
3035 4743 3435 4803 Vallicellanis
3463 4743 3523 4809 A,
3551 4737 3582 4792 9
3600 4736 3647 4792 et
3666 4745 3770 4794 xxv,

420 4840 594 4911 atque
625 4835 682 4891 in
712 4833 997 4907 Cbigiano
1024 4834 1079 4901 5,
1104 4832 1317 4905 legitur
1345 4837 1577 4908 praeﬁxo
1609 4837 1818 4892 Leonis
1849 4834 2103 4891 nomine.
2137 4836 2237 4892 Est
2263 4838 2457 4892 autem
2480 4835 2540 4891 in
2574 4852 2706 4909 app.
2740 4835 3050 4908 Augustini
3082 4851 3258 4891 serm.
3294 4835 3415 4891 176.
3608 4912 3655 4916 Α
3722 4906 3732 4916 .

489 4924 914 4981 XXII.Salvator
934 4925 1134 4991 noster,
1165 4922 1525 4989 dilectissimi,
1557 4926 1801 4982 ascendit
1832 4928 1889 4981 in
1919 4925 2137 4995 caelum,
2168 4928 2275 4980 etc.
2307 4925 2517 4981 Leonis
2546 4926 2687 4981 item
2719 4924 2955 4981 nomine
2991 4923 3052 4979 in
3082 4924 3296 4982 iisdem
3319 4922 3501 4980 tribus
3530 4912 3696 4978 codd.,
3721 4912 3767 4960 in

416 5012 554 5088 app.
584 5028 723 5069 vero
749 5008 1061 5084 Augustini
1095 5026 1273 5066 serm.
1309 5011 1432 5066 177.

654 5172 657 5175 _
1881 5119 1949 5157 nr:
1992 5117 2360 5157 PENTECOSTE.

483 5172 684 5248 XXIII.
716 5188 1057 5246 Discessurus
1085 5205 1114 5243 e
1141 5187 1343 5244 mundo
1371 5188 1499 5255 isto,
1528 5192 1579 5244 et
1607 5206 1933 5245 ascensurus
1965 5192 2027 5246 in
2054 5192 2250 5247 caelum
2278 5193 2558 5260 Dominus,
2594 5195 2727 5259 etc.,
2759 5194 2849 5247 est
2878 5205 3070 5246 sermo
3102 5187 3160 5245 in
3194 5204 3329 5262 app.
3359 5187 3503 5258 Aug.
3532 5179 3643 5238 184.
3663 5172 3764 5262 Non

414 5278 608 5338 solum
639 5278 702 5335 in
728 5294 870 5335 mss.
901 5276 1230 5333 Fossatensi
1262 5279 1321 5332 et
1349 5275 1728 5332 Germanensi
1759 5279 1914 5350 apud
1946 5279 2267 5349 Maurinos,
2300 5280 2400 5336 sed
2430 5257 2609 5335 etiam
2665 5257 2724 5334 in
2752 5279 2876 5335 cod.
2907 5278 3126 5338 .Veneto
3184 5257 3307 5345 151i,
3367 5275 3423 5331 S.
3457 5257 3617 5329 Leoni
3644 5257 3763 5318 falso

410 5368 734 5437 tribuitur;
767 5366 985 5441 legitur
1011 5369 1207 5422 autem
1236 5366 1363 5422 sine
1394 5364 1512 5421 ullo
1542 5365 1794 5421 auctoris
1823 5366 2059 5423 nomine
2088 5364 2147 5422 in
2181 5367 2564 5423 Lectionariis
2595 5367 2912 5424 Veronensi
2945 5382 3013 5422 ac
3042 5362 3321 5422 Vallicell.
3357 5364 3422 5430 A,
3451 5360 3501 5414 9.
3612 5435 3649 5441 __
3722 5430 3732 5441 ο

475 5456 666 5515 XXIV.
701 5435 1014 5514 Post‘illam
1041 5456 1382 5524 singularem
1412 5455 1790 5528 insignemque
1818 5459 2130 5528 victoriam,
2158 5460 2294 5523 etc.,
2327 5461 2416 5513 est
2440 5473 2630 5513 sermo
2670 5459 2769 5512 182
2797 5471 2931 5528 app.
2963 5451 3294 5527 Augustini.
3321 5450 3383 5507 In
3414 5435 3759 5528 Vallicellanis

401 5561 534 5614 xxv,
567 5550 625 5601 et
650 5548 715 5615 A,
742 5544 797 5616 9,
831 5544 992 5601 nullo
1024 5523 1260 5600 nomine
1292 5544 1648 5616 praenotatur
1675 5523 1823 5601 z-sed
1854 5545 1914 5601 in
1939 5523 2243 5618 Chigiano,
2274 5544 2335 5600 in
2368 5545 2642 5602 Patavina
2673 5546 2730 5602 S.
2762 5523 3008 5600 Justinae
3040 5523 3099 5598 et
3129 5541 3185 5596 in
3234 5538 3447 5594 Veneto
3476 5528 3587 5596 154,
3614 5523 3755 5580 Ῑάεοιπ

402 5649 709 5707 perperam
740 5634 1071 5693 ascribitur.
