3946 6214
133 340 261 403 ns
1621 341 2067 406 PR/EFA'I‘IO.
3314 432 3325 437 _
3428 354 3559 414 me

202 474 361 531 XXV.
395 473 660 546 Perpetui
698 475 946 532 muneris
988 473 1210 547 refulsit
1239 472 1398 531 hodie
1423 480 1827 543 ornamentum,
1879 481 2012 545 etc.,
2048 475 2258 534 Leonis
2303 476 2538 535 nomine
2566 476 2626 534 in
2658 495 2801 537 mss.
2836 480 3136 551 Patavine,
3170 476 3547 557 Bergomeusi

134 565 190 621 S.
221 562 537 620 Alexandri
565 579 633 619 ac
660 562 901 634 Veneto,
925 563 1145 636 absque
1177 563 1433 621 auctoris
1462 565 1699 621 nomine
1729 566 1789 621 in
1817 563 2101 622 Vallicell.
2134 583 2263 623 xxv.
2287 565 2523 640 Legitur
2577 570 2773 624 autem
2821 568 2880 624 in
2943 572 3193 643 append.
3232 574 3545 647 Augustini

139 670 308 710 serm.
343 653 467 707 186.

201 741 389 798 XXVI.
423 742 720 797 Sanctitati
745 750 963 810 vestrae,
994 743 1328 811 eharissimi,
1360 746 1609 800 votorum
1647 744 1774 816 jam
1800 752 1929 799 nota
1959 743 2111 799 debet
2144 760 2256 800 esse
2315 746 2606 816 festivitas,
2655 748 2790 812 etc.,
2822 750 2910 803 est
2940 764 3133 806 sermo
3168 751 3272 807 185
3302 751 3361 808 in
3408 768 3543 826 app.

136 831 897 905 Augustiniana,cujuslege
909 832 1375 889 observationem
1389 833 1776 905 prmﬁxamJn
1797 833 2019 888 Veneto
2046 836 2238 889 autem
2257 834 2494 889 cod.154
2515 851 2582 890 ae
2602 834 2662 891 in
2672 834 2956 893 Vallicell.
2980 855 3092 895 xxv
3105 840 3313 896 Leonis
3336 857 3547 898 nomen

136 921 278 977 falso
304 920 578 994 pmfert;
612 920 674 975 in
698 919 978 977 Vallicell.
1010 938 1145 977 vero
1176 925 1245 988 A,
1276 922 1330 987 9,
1363 922 1585 994 absque
1616 920 1737 977 ullo
1769 921 2026 978 auctoris
2054 920 2312 979 nomine.

1417 1054 1488 1092 DE
1523 1054 1755 1095 JEJUNIO
1796 1053 1989 1093 DECIMI
2036 1054 2266 1094 MENSIS.

201 1152 467 1211 XXXVII.
500 1154 758 1222 Legimus
785 1156 844 1209 S.
876 1154 1094 1226 Moysen
1115 1154 1316 1226 populo
1346 1154 1446 1209 Dei
1467 1162 1743 1226 praecepta
1770 1153 2011 1220 dan-tem,
2048 1156 2180 1224 etc.,
2207 1158 2297 1209 est
2326 1170 2481 1209 serm
2501 1154 2610 1209 285
2637 1153 2789 1212 inter
2815 1158 3141 1231 Augustino
3171 1161 3311 1219 olim
3361 1164 3546 1221 tribu-

138 1246 224 1297 tos
249 1260 265 1308 ;
297 1246 353 1296 et
387 1240 581 1315 reipsa
610 1241 671 1296 in
703 1258 816 1296 ms.
850 1242 974 1298 Bas.
1002 1242 1186 1298 Vatic.
1220 1244 1344 1308 170,
1366 1242 1519 1297 inter
1542 1241 1828 1315 opuscula
1849 1242 2030 1314 hujus
2052 1242 2239 1299 sancti
2264 1246 2601 1299 recensetur
2630 1244 2738 1301 hac
2763 1245 3173 1320 inscriptione:
3206 1255 3349 1308 Item
3367 1254 3431 1310 de
3444 1255 3550 1326 ﬁde

135 1330 403 1387 catholica
426 1331 482 1387 S.
517 1332 831 1400 Augustini.
854 1331 1064 1388 Leonis
1094 1331 1328 1388 nomine
1359 1331 1610 1388 habetur
1642 1331 1701 1386 in
1735 1347 1845 1388 ms.
1879 1329 2166 1386 Vallicell.
2198 1347 2259 1386 ιι.

1490 1463 1562 1504 ΒΕ
1601 1464 1894 1503 CATBEDRA
1924 1463 1973 1502 S.
2009 1464 2193 1502 PETRI.

202 1563 446 1620 XXVIII.
478 1566 759 1621 Institutio
787 1564 1152 1622 solemnitatis
1182 1563 1456 1621 hodiernae
1479 1580 1515 1620 a
1544 1564 1852 1620 senioribus
1880 1566 2107 1641 nostris,
2142 1566 2276 1633 etc.,
2310 1579 2397 1618 ac.

202 1653 391 1709 XXIX.
424 1654 684 1722 Quamvis
716 1654 1032 1710 solemnitas
1059 1655 1370 1726 festivitatis
1404 1653 1695 1721 hodiernae,
1729 1657 1864 1722 etc.,
1900 1657 2039 1710 sunt
2071 1668 2371 1709 sermones
2396 1653 2500 1708 190
2526 1655 2584 1709 et
2607 1653 2702 1708 191
2729 1656 3070 1727 appendicis
3088 1659 3547 1733 Augustinianaa,

140 1742 207 1827 ad
236 1759 388 1814 quos
416 1741 544 1816 lege
575 1741 794 1798 ibidem
825 1742 1026 1797 doctas
1054 1738 1561 1798 Benedictinorum
1586 1741 2039 1798 observationes.
2071 1740 2239 1797 Leoni
2270 1740 2647 1797 ascribuntur
2676 1742 2736 1799 in
2758 1743 3037 1801 Vallicell.
3068 1764 3198 1804 xxvr
3219 1766 3286 1806 ac
3307 1751 3367 1807 in
3389 1752 3550 1826 regio

142 1830 485 1887 Taurinensi
515 1832 644 1886 218.

1243 1945 1302 1983 IN
1341 1944 1804 1984 ANNUNTIATIONE
1841 1945 1895 1983 Β.
1937 1944 2192 1983 VIRGINIS
2232 1945 2446 1983 ΜΑΒῙᾸΞ.

210 2045 372 2101 XXX.
408 2046 708 2116 Virginalis
726 2045 888 2101 hodie
904 2045 1222 2101 solemnitas
1243 2045 1492 2115 linguam
1515 2047 1754 2100 nostram
1766 2088 1779 2109 ,
1799 2047 2020 2117 fratres.
2044 2044 2115 2099 ad
2124 2045 2464 2117 prmeonium
2478 2053 2646 2102 vocat.
2673 2047 2733 2101 In
2755 2047 3115 2105 Lectionario
3130 2050 3551 2114 Padilironcnsi

148 2134 204 2190 S.
233 2135 407 2191 ueni
435 2151 597 2208 papae
624 2133 928 2190 tribuitur.
954 2134 1058 2190 Est
1084 2139 1281 2190 autem
1302 2137 1470 2189 vetus
1495 2131 1916 2205 interpretatio,
1939 2133 2041 2189 sed
2064 2133 2533 2211 corruptissima,
2561 2133 2806 2192 celebris
2823 2135 3075 2193 homiliae
3098 2139 3157 2195 S.
3181 2142 3388 2213 Procli,
3412 2148 3553 2204 tunc

148 2223 423 2296 Cyziceni,
454 2229 658 2298 postea
702 2240 841 2280 vero
870 2221 1496 2294 Constantinopolitani
1545 2221 1827 2295 episcopi,
1876 2224 1938 2278 in
1971 2223 2192 2278 laudem
2219 2225 2493 2295 Deiparze,
2527 2240 2655 2296 qua:
2688 2225 2882 2281 Graece
2911 2230 2970 2307 et
2999 2227 3203 2285 Latine
3232 2233 3557 2307 przeﬁgitur

150 2312 291 2368 actis
319 2312 539 2369 concilii
564 2312 845 2386 Ephesini
866 2316 1009 2367 tom.
1044 2310 1121 2367 III
1145 2310 1380 2366 Venetae
1409 2310 1681 2369 editionis
1709 2327 1841 2383 pag.
1873 2312 2001 2379 577,
2036 2328 2140 2367 nec
2171 2328 2288 2368 non
2320 2311 2476 2369 inter
2500 2313 2792 2370 orationes
2819 2318 2875 2371 et
2896 2314 3172 2374 homilias
3203 2318 3306 2376 PP.
3329 2326 3552 2380 Graeco-

151 2416 281 2455 rum
295 2401 514 2458 editasa
531 2400 883 2458 Combeﬁsio
904 2416 1034 2473 pag.
1060 2402 1188 2467 301,
1212 2400 1417 2457 Latine
1437 2404 1635 2457 autem
1657 2400 1716 2455 in
1739 2400 2091 2456 bibliotheca
2112 2400 2559 2458 Concionatoria
2578 2403 2843 2474 ejusdem
2866 2407 3007 2460 tom.
3034 2406 3127 2475 Vl,
3152 2411 3554 2482 pag.355.Haac

155 2488 357 2545 eadem
376 2492 605 2564 antiqua
619 2489 813 2547 versio
835 2491 894 2546 S.
928 2488 1129 2545 Proclo
1161 2488 1467 2563 inscripta,
1494 2506 1564 2545 ex
1583 2489 1710 2545 cod.
1733 2489 1861 2545 Vat.
1889 2491 2030 2545 2836
2060 2490 2128 2561 (Ι.
2159 2491 2322 2562 3836)
2344 2491 2500 2546 edita
2530 2490 2641 2546 fuit
2657 2508 2692 2547 a
2714 2492 2774 2548 P.
2802 2492 3108 2550 Vincentio
3130 2495 3396 2556 Ricardio
3417 2517 3552 2575 pag.

159 2577 258 2633 673
281 2579 541 2636 editionis
571 2580 847 2635 Romanas
879 2595 974 2634 an.
1007 2578 1149 2634 I630
1170 2578 1436 2634 omnium
1467 2577 1721 2650 Operum
1751 2578 2017 2651 ejusdem
2050 2578 2110 2634 S.
2143 2576 2348 2633 Procli.

1348 2711 1408 2749 IN
1447 2710 1647 2750 NATALI
1678 2710 1728 2750 S.
1767 2711 2004 2750 JOANNIS
2035 2710 2335 2749 BAPTIS’I‘E.

226 2810 410 2868 XXXI.
441 2812 626 2881 Hodie,
649 2811 995 2868 dilectissimi
1010 2812 1232 2882 fratres,
1256 2810 1353 2881 qui
1372 2810 1592 2865 Domini
1609 2811 1975 2882 praecucurrit
1995 2810 2305 2878 adventum,
2330 2811 2437 2866 etc.
2463 2808 2637 2865 Leoni
2661 2808 2999 2867 inscribitur
3014 2810 3073 2867 in
3096 2828 3240 2870 mss.
3264 2813 3550 2876 Vallicell.

171 2900 230 2969 Α,
257 2901 311 2968 9,
340 2906 395 2959 et
420 2919 546 2959 xxv.
580 2900 894 2973 Reperitur
922 2900 982 2955 in
1013 2917 1148 2973 app.
1179 2898 1496 2972 Augustini
1528 2916 1795 2955 sermone
1829 2900 1949 2954 198.

232 2990 432 3048 XXXII.
463 2994 590 3049 Post
622 2992 784 3047 illum
812 3006 966 3046 sacro
984 2993 1232 3045 sanctum
1248 2991 1470 3045 Domini
1488 2989 1729 3045 natalem
1747 2989 1910 3059 diem,
1931 2994 2039 3045 etc.
2063 2988 2165 3044 Est
2188 3004 2365 3045 serm.
2393 2987 2495 3043 196
2515 3004 2646 3061 app.
2671 2987 3004 3062 Augustini,
3028 2994 3084 3047 et
3109 2989 3256 3049 falso
3277 2992 3559 3054 tribuitur

174 3076 327 3135 Leoni
353 3080 407 3136 in
425 3098 534 3138 ms.
568 3079 748 3153 Regio
778 3077 1128 3135 Taurinensi
1148 3078 1275 3133 768.

1390 3192 1449 3230 ΙΝ
1481 3192 1681 3232 NATALI
1712 3191 1795 3231 SS.
1827 3191 1989 3231 PETRI
2018 3192 2086 3231 ET
2114 3191 2303 3231 PAULI.

232 3294 453 3354 XXXIIL
484 3295 778 3369 Apostolici
804 3294 1015 3350 natalis
1042 3291 1265 3362 gaudio,
1298 3293 1503 3363 fratres
1533 3293 1869 3358 charissimi,
1902 3295 2038 3360 etc.,
2071 3308 2157 3347 ac.

230 3382 452 3441 XXXIV.
477 3384 935 3441 Beatissin‘wrum
961 3382 1335 3454 apostolorum
1363 3382 1565 3453 passio,
1599 3397 1835 3453 quorum
1863 3380 2021 3437 hodie
2051 3381 2294 3436 natalem
2323 3381 2640 3437 solentniter
2665 3380 3021 3452 celebramus,
3053 3386 3186 3453 etc.,
3209 3402 3314 3443 nec
3345 3403 3483 3445 non.

230 3473 426 3530 XXXV.
457 3476 912 3531 Beatissimorum
941 3471 1309 3544 apostolorum
1338 3472 1492 3527 Petri
1514 3479 1566 3527 et
1594 3470 1767 3526 Pauli
1782 3470 2207 3542 inseparabilem
2234 3469 2416 3541 ﬁdem,
2439 3473 2549 3526 etc.
2583 3470 2651 3526 Hi
2682 3474 2799 3526 tres
2830 3487 3133 3530 sermones
3165 3473 3317 3532 inter
3342 3475 3473 3534 illos
3495 3478 3555 3534 S.

171 3559 358 3620 Leonis
386 3562 753 3637 reperiuntur
782 3562 842 3618 in
875 3577 1019 3617 mss.
1044 3559 1487 3616 collectionibus
1509 3561 1534 3614 1
1561 3563 1619 3616 et
1636 3562 1691 3627 2,
1716 3563 1773 3615 et
1793 3559 1911 3615 duo
1936 3558 2215 3631 postremi
2243 3559 2480 3614 nomine
2500 3558 2707 3615 Leonis
2726 3564 3126 3632 praenotantur
3141 3550 3211 3619 in,
3223 3565 3350 3620 cod.
3373 3565 3561 3622 Valli-

169 3649 392 3710 cell.vn.
420 3653 715 3726 Leguntur
741 3664 879 3708 vero
909 3650 1060 3706 inter
1079 3649 1267 3723 Opera
1293 3652 1350 3703 S.
1385 3647 1623 3705 Maximi
1657 3646 2041 3704 Taurinensis
2071 3647 2231 3704 hom.
2253 3650 2309 3714 2,
2351 3647 2386 3702 3
2415 3650 2474 3703 et
2497 3648 2550 3715 4,
2581 3649 2655 3704 De
2682 3649 2865 3705 natali
2894 3649 2986 3707 SS.
3014 3653 3386 3724 apostolorum
3405 3657 3562 3713 Petri

168 3742 213 3793 et
238 3741 416 3799 Pauli.

1566 3846 1640 3890 DE
1666 3849 1880 3890 SANCTO
1921 3849 2127 3889 PAULO.

230 3950 453 4012 XXXVI.
482 3955 678 4013 Filioli
705 3957 835 4022 mei,
868 3953 1053 4009 audite
1080 3968 1199 4020 nos,
1229 3953 1281 4007 et
1312 3950 1542 4006 liberate
1568 3965 1679 4017 vos,
1715 3952 1823 4005 etc.
1860 3948 2067 4005 Leonis
2098 3948 2333 4005 nomine
2363 3948 2419 4004 in
2453 3952 2680 4006 vetusto
2710 3967 2823 4006 ms.
2858 3950 3212 4020 Corbeiensi,
3245 3944 3391 4010 acin
3426 3957 3553 4012 cod.

170 4040 531 4102 Eremitarum
562 4042 842 4101 Patavine
871 4045 907 4098 2
937 4045 994 4097 et
1024 4040 1081 4095 in
1112 4037 1433 4095 Veronensi
1461 4042 1517 4093 S.
1552 4036 1732 4093 Firmi
1760 4036 2017 4108 Majoris.
2050 4035 2195 4093 Vide
2226 4036 2607 4110 appendicem
2635 4040 2809 4110 Aug.,
2845 4040 2944 4095 ubi
2974 4039 3189 4113 legitur
3217 4058 3392 4099 serm.
3427 4045 3554 4102 204.

1498 4152 1569 4191 DE
1606 4150 1820 4191 SANCTO
1860 4151 2198 4191 LAURENTIO.

232 4238 477 4297 XXXVII.
505 4240 771 4297 Sanctum
800 4238 899 4303 est,
926 4237 1148 4308 fratres,
1181 4251 1247 4290 ac
1271 4238 1381 4291 Deo
1406 4235 1697 4306 placitam,
1731 4241 1855 4301 etc.,
1888 4236 1964 4289 et.

234 4327 501 4388 XXXVIII.
534 4329 686 4385 Sicut
708 4330 933 4399 patrum
964 4328 1295 4388 nostrorum,
1332 4326 1536 4395 fratres
1564 4324 1897 4390 eharissimi,
1920 4339 2031 4379 non
2062 4324 2271 4377 incerta
2302 4322 2571 4377 relatione
2599 4320 2914 4387 didicimus,
2945 4326 3052 4378 etc.
3086 4323 3153 4379 Hi
3186 4325 3302 4382 duo
3332 4336 3526 4384 sermo

175 4429 263 4471 nes
289 4435 582 4493 perperam
614 4415 793 4475 Leoni
827 4414 1205 4472 ascribuntur
1235 4413 1294 4468 in
1325 4429 1469 4469 mss.
1504 4411 1726 4468 collect.
1763 4413 1785 4467 1
1823 4415 1879 4468 et
1898 4414 1955 4481 2,
1979 4427 2111 4467 cum
2139 4411 2257 4467 sint
2277 4408 2477 4466 homil.
2502 4409 2524 4465 Ι
2557 4412 2613 4465 et
2632 4413 2667 4464 2
2688 4410 2745 4465 S.
2773 4409 3010 4466 Maximi
3038 4414 3099 4468 in
3118 4414 3304 4470 Natali
3328 4414 3383 4472 S.
3406 4417 3556 4473 Lau-

1582 4615 1653 4654 DE
1690 4615 1741 4654 S.
1782 4614 2094 4657 STEPHANO.

231 4702 443 4764 XXXIX.
472 4708 686 4763 Fratres
717 4701 1056 4769 eharissimi,
1077 4698 1469 4755 celebravimus
1489 4696 1735 4754 hesterno
1763 4696 1852 4753 die
1878 4696 2141 4768 natalem,
2163 4711 2266 4768 quo
2295 4711 2395 4752 rex
2421 4699 2754 4769 martyrum,
2785 4700 2893 4754 etc.
2930 4698 3138 4757 Leonis
3170 4717 3383 4758 nomen
3406 4719 3551 4776 prte-

178 4789 267 4849 lart
288 4795 344 4851 in
371 4796 495 4853 Vat.
530 4796 689 4863 1267,
718 4790 873 4864 stylo
904 4791 1285 4863 repugnante.
1318 4786 1556 4860 Legitur
1583 4785 1642 4843 in
1669 4784 1988 4859 appendice
2016 4783 2324 4857 Augustini
2359 4800 2533 4840 serm.
2565 4785 2690 4840 215.

902 4922 974 4961 DE
1008 4919 1284 4973 ABSALON,
1326 4917 1555 4965 QUANDO
1595 4917 2081 4965 PERSEQUEBATUR
2118 4917 2288 4956 DAVID
2327 4916 2551 4956 PATBEM
2596 4916 2778 4957 SUUM.

355 5026 596 5085 Perdidit
626 5024 867 5082 Absalon
893 5019 1339 5077 sceleratissimus
1356 5024 1590 5073 mentem
1609 5033 1786 5082 suam,
1814 5016 2058 5089 perdidit
2070 5028 2308 5081 sensum,
2329 5016 2517 5072 amisit
2542 5016 2857 5084 consilium,
2878 5020 2986 5073 etc.
3018 5020 3174 5074 Inter
3194 5019 3399 5076 Leonis
3420 5021 3552 5078 Ser-

184 5118 343 5174 mones
364 5116 420 5173 in
452 5132 598 5173 mss.
626 5110 854 5170 collect.
882 5111 919 5165 2
944 5112 1002 5165 et
1031 5109 1090 5163 in
1123 5104 1424 5162 nonnullis
1451 5104 1675 5161 collect.
1707 5106 1742 5161 3
1772 5109 1830 5161 et
1858 5105 1909 5160 4.
1943 5104 2111 5160 Hunc
2144 5120 2475 5161 sermonem
2506 5121 2572 5160 ex
2603 5102 2696 5160 his
2727 5103 3026 5162 codicibus
3049 5106 3231 5163 edidit
3256 5108 3553 5166 Gerardus

185 5202 395 5276 Vossius,
419 5204 773 5282 prepositus
787 5197 1170 5273 Tungrensis,
1193 5196 1347 5252 inter
1362 5193 1703 5251 Miscellanea
1722 5202 2032 5251 sanctorum
2056 5195 2265 5265 aliquot
2286 5198 2519 5250 Patrum
2537 5193 2849 5252 Graecorum
2867 5202 2919 5251 et
2933 5196 3273 5264 Latinorum,
3288 5195 3554 5282 subjecta

188 5295 371 5354 editioni
403 5280 765 5371 Moguntina;
791 5288 1043 5362 Operum
1060 5290 1117 5342 S.
1135 5281 1835 5359 GregoriiThaumaturgi
1858 5296 1954 5371 an.
1980 5282 2138 5351 1604,
2164 5299 2295 5356 pag.
2319 5282 2565 5338 234.Sed
2583 5282 2802 5340 incerto
2815 5284 3038 5341 auctori
3053 5284 3255 5340 Latino
3275 5280 3550 5371 eumdem

187 5398 453 5445 sermonem
477 5366 900 5443 ascribendum
932 5376 1180 5443 censuit,
1215 5372 1551 5445 notavitquc
1577 5388 1712 5427 eum
1744 5370 1932 5444 reperi
1962 5371 2020 5426 in
2067 5370 2422 5427 editionibus
2455 5370 2679 5427 Latinis
2708 5372 2770 5429 S.
2810 5372 2901 5429 Jo.
2925 5368 3343 5445 Chrysostomi,
3368 5366 3455 5421 uti
3486 5368 3548 5422 in

186 5469 443 5535 Malliana
469 5478 618 5533 tom.
655 5472 699 5542 l,
734 5485 868 5544 pag.
891 5469 1017 5524 556.

1590 5575 1660 5613 DE
1691 5570 2081 5614 MARTYRIBUB.

233 5673 332 5732 xu,
362 5675 840 5746 Quotiescumque,
861 5666 1061 5737 fratres
1080 5658 1412 5725 charissimi,
1436 5660 1747 5713 sanctorum
1766 5663 2046 5728 matyrum
2064 5655 2296 5712 solemni
2303 5658 2442 5711 tates
2469 5653 2829 5719 celebramus,
2858 5654 2966 5709 etc.
3000 5644 3203 5706 Leonis
3225 5640 3462 5699 nomine
3482 5643 3543 5700 in
