3946 6214
404 327 523 390 4¹75
924 319 1322 386 APPENDlX
1363 318 1468 381 AD
1512 316 1817 381 PRIMAM
1859 315 2182 380 PARTEM
2227 316 2552 381 ΟΡΕῆοΜ
2591 316 2654 379 S.
2687 314 2969 381 LEONIS
3014 315 3286 382 MAGNI.
3681 322 3785 383 476

404 462 630 538 aliquot
658 459 1016 519 editionibus
1045 454 1305 528 antiquis
1321 452 1513 510 editus
1543 451 1672 519 fuit,
1697 466 1802 506 nec
1836 467 1951 507 non
1973 449 2033 507 in
2064 449 2407 508 Homiliario
2430 449 2591 528 Pauli
2616 451 2853 508 Diaconi
2887 449 3158 531 editionis
3179 449 3527 534 Basileensis
3543 471 3621 537 an.
3642 453 3780 512 1496.

401 526 791 612 Levanienses
824 551 883 605 in
914 545 1165 605 editione
1193 539 1607 614 Antuerpiensi
1626 557 1699 595 an
1725 540 1862 595 1583
1884 542 1939 596 et
1968 539 2307 597 Rainaudus
2337 526 2556 597 incerto
2581 540 2802 597 auctori
2824 526 3175 618 tribuerunt,
3199 529 3255 598 et
3274 526 3542 600 similiter
3559 527 3783 600 vossius

400 643 764 721 Tungrensis
793 638 1063 696 eumdem
1085 651 1153 690 ex
1177 648 1319 689 mss.
1344 628 1800 686 emendatiorem
1828 629 2111 685 recudens
2134 629 2192 684 in
2216 630 2570 685 Mz'scellaneis
2588 630 2762 702 paulo
2784 633 2918 686 ante
2938 630 3213 697 laudatis,
3238 648 3272 687 a
3297 632 3482 688 Leone
3504 633 3780 704 abjudica-

395 738 498 795 vit.
521 718 756 808 Legitur
785 732 977 785 autem
997 720 1309 796 Augustini
1332 720 1566 775 nomine
1588 719 1646 773 in
1670 718 1929 773 Romano
1953 718 2266 786 Breviario,
2299 722 2355 775 et
2373 719 2430 774 in
2451 719 2769 791 appendice
2792 719 3056 790 ejusdem
3081 720 3334 776 doctoris
3354 738 3529 777 serm.
3552 723 3674 791 224,
3696 722 3779 776 ubi

395 807 646 883 editores
675 820 843 876 illum
878 817 935 871 S.
966 811 1212 869 Caesario
1236 807 1646 865 ascribendum
1673 807 2030 862 existimant.

460 918 515 972 6.
539 914 849 970 Sermones
879 901 1200 975 descriptos
1225 899 1281 954 in
1306 898 1622 971 appendice
1642 896 1998 969 egollcctionis
2020 897 2313 965 secundae,
2339 898 2410 953 de
2430 898 2646 969 quibus
2664 898 2723 953 in
2745 897 3083 970 praefatione
3106 899 3477 955 sermonibus
3501 900 3784 971 praemissa

395 1023 559 1064 num.
585 1004 671 1070 19,
695 999 806 1057 etsi
823 997 883 1052 in
901 997 1125 1067 partem
1149 989 1465 1045 maximam
1482 986 1612 1042 aliis
1635 984 2018 1057 scriptoribus
2037 984 2331 1042 tribuendi
2355 986 2506 1041 inter
2526 1004 2728 1042 eorum
2756 1003 2930 1059 opera
2950 986 3088 1041 editi
3111 986 3450 1055 fuerint,hic
3471 992 3663 1044 tamen
3684 1007 3781 1045 non

393 1092 819 1154 recensuimus,
840 1103 906 1141 eo
938 1081 1093 1155 quod
1124 1096 1192 1135 ex
1214 1094 1322 1133 ms.
1359 1075 1610 1132 basilica:
1633 1075 1691 1131 S.
1719 1074 1867 1129 Petri
1888 1075 1951 1128 21

2224 1090 2279 1130 m
2303 1074 2663 1131 collectionis
2685 1074 2935 1147 separati
2958 1092 2991 1129 a
3016 1075 3224 1130 Leonis
3243 1076 3624 1132 Sermonibus
3644 1078 3782 1134 inve-

393 1184 651 1248 niantur,
673 1180 808 1252 post
827 1172 1132 1242 interjeeta
1149 1166 1413 1238 quaedam
1435 1162 1703 1252 Cypriani
1724 1162 2021 1252 Opuscula
2046 1162 2293 1252 subjecti
2317 1163 2441 1219 sine
2459 1162 2576 1219 ullo
2599 1163 2852 1219 auctoris
2875 1162 3139 1231 nomine;
3166 1164 3320 1220 unde
3340 1164 3517 1220 Leoni
3539 1166 3778 1221 attributi

392 1274 507 1330 dici
539 1250 858 1341 nequeunt.
890 1258 1107 1315 Eadem
1139 1256 1209 1309 de
1240 1270 1416 1307 causa
1445 1252 1505 1306 in
1536 1251 1645 1306 hac
1678 1251 1826 1306 serie
1849 1267 1962 1306 non
1983 1250 2396 1306 collocavimus
2425 1253 2819 1324 fragmentum
2842 1252 3131 1307 sermonis
3151 1251 3217 1306 de
3237 1252 3472 1309 Abrahae
3490 1253 3604 1322 ﬁlio
3623 1269 3652 1308 e
3682 1270 3775 1308 ms.

390 1339 755 1418 bibliotheca:
785 1345 1165 1407 Bononiensis
1197 1343 1255 1397 S.
1290 1340 1604 1397 Salvatoris
1637 1357 1671 1395 a
1703 1340 1761 1394 P.
1797 1341 2006 1396 abbate
2038 1339 2393 1395 Trombellio
2427 1340 2647 1395 editum
2680 1345 2822 1395 tom.
2862 1340 2909 1395 Il
2936 1341 3213 1395 Anecdot.
3248 1345 3397 1412 part.
3434 1358 3473 1408 ι,
3509 1358 3638 1413 pag.
3665 1342 3774 1396 252.

392 1451 539 1505 Cum
568 1445 726 1502 enim
760 1440 939 1496 codex
957 1431 1210 1490 auctoris
1243 1431 1477 1485 nomine
1499 1433 1676 1494 caret,
1703 1433 1827 1483 tum
1853 1446 1988 1484 vero
2011 1429 2135 1501 ipse
2157 1428 2345 1484 editor
2364 1447 2433 1484 ex
2454 1429 2706 1500 simplici
2730 1446 2834 1485 con
2836 1428 3151 1500 jectatione
3173 1446 3319 1501 vaga
3339 1434 3396 1484 et
3417 1429 3634 1485 incerta
3652 1428 3776 1484 illud

391 1537 480 1595 vel
511 1534 707 1599 Leoni,
737 1528 825 1586 vel
861 1524 1106 1583 Maximo
1134 1518 1502 1586 Taurinensi,
1533 1516 1618 1573 vel
1658 1518 1822 1572 Petro
1853 1516 2207 1590 Cbrysologo
2238 1517 2416 1571 tribui
2451 1534 2621 1589 posse
2651 1516 3022 1572 existimavit.

458 1630 514 1682 7.
546 1619 776 1693 Reliqui
798 1621 937 1674 sunt
957 1615 1253 1685 sermones
1273 1607 1443 1663 Leoni
1470 1607 1525 1661 in
1550 1606 1773 1678 aliquot
1796 1606 2094 1662 codicibus
2116 1604 2375 1677 ascripti,
2397 1605 2495 1677 qui
2515 1605 2675 1661 nulla
2696 1605 2753 1659 in
2773 1605 3025 1660 editione
3043 1605 3276 1660 Patrum
3294 1605 3773 1677 prodieruntllos,

389 1732 524 1772 cum
557 1692 716 1770 editu
739 1705 898 1779 digni
925 1703 1031 1758 visi
1064 1703 1221 1766 sunt,
1245 1699 1305 1752 in
1328 1697 1592 1766 subjecta
1613 1695 1932 1766 appendice
1957 1695 2235 1750 invenies.
2261 1693 2369 1759 Qui
2391 1692 2669 1766 peculiari
2694 1694 2891 1765 aliqua
2914 1693 3134 1749 ratione
3161 1712 3194 1750 a
3216 1695 3405 1751 Leone
3425 1696 3775 1768 abjudicandi

389 1806 644 1865 fuerunt,
669 1791 1128 1855 admonitionem
1153 1786 1454 1859 praferent
1476 1785 1531 1837 in
1557 1800 1673 1854 qua
1693 1789 2034 1854 opportuna:
2058 1783 2489 1839 observationes
2512 1782 3074 1846 inserentur.Quoad
3097 1786 3335 1839 caeteros
3356 1800 3509 1852 vero,
3534 1786 3628 1856 qui
3646 1784 3773 1840 nihil

387 1890 676 1966 peculiare
709 1885 942 1949 habent,
965 1894 1099 1934 cum
1125 1873 1301 1931 Leoni
1329 1890 1427 1928 eos
1458 1871 1669 1927 ascribi
1704 1888 1816 1926 non
1852 1887 2023 1943 posse
2055 1872 2168 1926 duo
2200 1871 2562 1927 characteres
2598 1889 2757 1927 num.
2792 1872 2825 1926 3
2857 1871 3136 1944 propositi
3188 1871 3331 1928 satis
3373 1873 3771 1939 demonstrent,

387 1959 647 2040 codicem
677 1993 745 2032 ex
769 1988 884 2046 quo
917 1985 1016 2025 eos
1046 1964 1256 2021 Leonis
1291 1962 1524 2018 nomine
1557 1961 1869 2032 inscriptos
1902 1959 2186 2028 eruimus,
2222 1961 2280 2015 in
2316 1961 2578 2032 ipsorum
2610 1962 2798 2017 fronte
2825 1960 3083 2017 indicare
3112 1960 3386 2017 sufficiet.

457 2074 511 2126 8.
544 2069 745 2139 Neque
775 2060 989 2117 idcirco
1021 2054 1313 2110 credimus
1345 2067 1549 2106 omnes
1571 2062 1870 2105 sermones
1894 2048 1992 2120 qui
2028 2048 2201 2104 Leoni
2230 2049 2289 2104 in
2321 2065 2463 2104 mss.
2491 2048 2830 2104 tribuuntur
2854 2048 3077 2105 anobis
3096 2047 3367 2105 inventos
3388 2048 3573 2106 fuisse.
3596 2050 3768 2106 Immo

387 2175 523 2216 cum
544 2156 605 2210 in
626 2135 902 2211 omnibus
920 2148 1036 2202 fere
1054 2140 1428 2198 Lectionariis
1443 2139 1806 2194 diversarum
1825 2136 2213 2192 Ecclesiarum
2234 2135 2397 2192 libris
2411 2154 2558 2209 quos
2575 2136 2939 2193 contulimus
2953 2137 3206 2209 aliquem
3227 2154 3443 2193 novum
3464 2155 3770 2196 sermonem

388 2244 709 2305 Leoninum
742 2237 897 2294 nacti
929 2236 1136 2299 simus,
1169 2227 1685 2299 nihilambigimus
1711 2226 1851 2298 quin
1882 2224 2014 2281 aliis
2037 2224 2182 2281 alios
2203 2226 2494 2297 ejusmodi
2515 2225 2740 2281 codices
2763 2225 3161 2283 evolventibus
3181 2225 3326 2281 alios
3349 2243 3644 2284 sermones
3659 2229 3772 2299 ejus

386 2333 609 2393 nomini
640 2326 911 2387 similiter
939 2321 1247 2392 ascriptus,
1280 2316 1337 2371 id
1364 2320 1454 2372 est
1479 2314 1902 2387 supposititios,
1938 2314 2190 2387 reperire
2225 2314 2544 2386 continget.

454 2426 509 2479 9,
543 2421 660 2477 Hac
693 2420 887 2473 autem
911 2407 1211 2467 occasione
1231 2406 1379 2460 duas
1392 2403 1862 2476 suppositionum
1889 2403 2309 2475 frequentiores
2331 2402 2604 2477 origines,
2623 2419 2770 2474 quas
2792 2403 2851 2459 in
2875 2404 3770 2476 expendendismultisLectiona-

384 2510 487 2569 riis
519 2506 865 2565 deteximus,
889 2499 984 2555 hic
1010 2500 1288 2554 annotare
1322 2510 1435 2548 non
1468 2492 1673 2548 inutile
1706 2508 1811 2547 nec
1840 2491 2138 2564 ingratum
2160 2491 2474 2547 lectoribus
2497 2492 2688 2546 fuerit.
2714 2491 2857 2547 Cum
2880 2493 2937 2547 in
2957 2492 3165 2549 iisdem
3180 2493 3491 2550 codicibus
3510 2492 3769 2550 describe-

385 2604 591 2658 rentur
605 2607 904 2653 sermones
926 2587 1023 2660 qui
1044 2587 1194 2641 inter
1214 2583 1409 2637 divina
1425 2581 1616 2637 ofﬁcia
1632 2597 1733 2653 pro
1753 2580 2031 2636 festorum
2051 2584 2151 2635 aut
2167 2578 2445 2635 feriarum
2467 2579 2691 2635 ratione
2711 2578 2937 2653 legendi
2962 2585 3127 2635 erant
3148 2581 3195 2637 si
3214 2581 3416 2654 plures
3432 2582 3504 2638 ad
3526 2583 3768 2639 eamdem

385 2686 816 2746 solemnitatem
839 2677 1194 2753 pertinentes
1214 2672 1488 2728 eumdem
1505 2670 1800 2726 habebant
1825 2674 2142 2736 auctorem,
2175 2668 2365 2742 primo
2387 2668 2641 2724 sermoni
2666 2672 2895 2724 tantum
2915 2670 3172 2726 auctoris
3194 2687 3411 2727 nomen
3434 2688 3583 2744 saepe
3601 2672 3770 2745 praefi-

382 2778 660 2852 gebatur;
690 2768 912 2828 caeteris
931 2781 1084 2832 vero,
1109 2762 1209 2836 qui
1233 2760 1571 2818 continuata
1588 2758 1736 2815 serie
1758 2759 2286 2830 consequebantur,
2312 2762 2631 2830 praenotata
2653 2757 2926 2830 leguntur
2951 2758 3071 2813 hinc
3092 2760 3287 2827 verba,
3306 2760 3478 2832 Cujus
3497 2777 3675 2832 supra,
3694 2760 3769 2815 vel

384 2847 530 2927 {Inde
556 2879 746 2937 supra,
780 2858 998 2932 quibus
1029 2853 1320 2909 indicatur
1349 2849 1502 2906 idem
1535 2853 1735 2904 auctor
1766 2847 2063 2921 sequentis
2093 2847 2382 2904 sermonis
2414 2864 2480 2902 ac
2512 2847 2908 2919 praecedentis.
2945 2847 3298 2904 Posteriores
3331 2856 3533 2906 autem
3565 2850 3767 2906 librarii

379 2957 481 3029 qui
509 2934 795 3027 ejusmodi
830 2945 1058 3003 codices
1083 2939 1570 3009 transcribebant,
1599 2937 1829 3010 aliquos
1848 2935 2166 2992 identidem
2200 2952 2500 2993 sermones
2525 2934 2611 2990 vel
2640 2936 3011 3009 prmieribant
3031 2935 3118 2991 vel
3141 2937 3521 2994 addebantex
3538 2937 3663 2994 aliis
3684 2939 3769 2993 Le-

378 3024 771 3109 ctionariismt
787 3037 998 3107 cuique
1012 3030 1488 3088 videbatur.Hinc
1510 3032 1704 3083 autem
1723 3026 2099 3099 contingebat
2117 3043 2230 3081 non
2251 3042 2378 3082 raro
2404 3030 2465 3080 ut
2481 3024 2730 3097 alicujus
2750 3026 3004 3082 auctoris
3026 3042 3358 3082 sermonem
3380 3028 3695 3084 inserentes
3710 3044 3768 3082 ex

378 3128 735 3190 Lectionario
757 3127 816 3181 in
849 3141 963 3198 quo
994 3124 1117 3177 erat
1146 3118 1447 3190 inscriptio
1480 3117 1646 3190 Cujus
1678 3133 1864 3188 supra,
1889 3115 1974 3170 vel
2009 3115 2155 3173 Unde
2182 3131 2370 3186 supra,
2406 3114 2557 3171 hanc
2588 3116 2852 3172 eamdem
2884 3115 3324 3187 inscriptionem
3360 3117 3768 3174 inconsiderate

378 3222 714 3284 retinerent,
737 3216 873 3272 licet
903 3212 1052 3269 alius
1085 3208 1341 3266 auctoris
1362 3206 1618 3263 sermoni
1641 3205 1726 3261 vel
1748 3205 2132 3261 Sermonibus
2153 3203 2567 3275 subjiceretur;
2601 3209 2658 3260 et
2681 3205 2762 3259 ita
2777 3204 3019 3260 lectores
3041 3204 3199 3259 hunc
3216 3222 3320 3276 pro
3345 3223 3612 3263 sermone
3632 3207 3769 3277 ejus-

377 3313 510 3369 dem
549 3304 851 3381 scriptoris
876 3301 1222 3373 acciperent.
1262 3301 1349 3352 Ita
1373 3297 1432 3351 in
1464 3312 1575 3351 ms.
1611 3294 1972 3350 Lectionario
2000 3294 2274 3350 Patavino
2306 3294 2544 3349 Patrum
2576 3292 3063 3351 Conventualium
3089 3295 3148 3351 S.
3180 3295 3445 3363 Antonii,
3478 3302 3609 3369 post
3636 3297 3768 3351 duos

375 3413 678 3457 sermones
694 3396 754 3452 S.
778 3389 1013 3449 Maximi
1033 3389 1104 3444 de
1120 3385 1442 3459 Epiphania
1466 3383 1817 3440 describitur
1837 3401 2028 3439 sermo
2050 3382 2366 3455 incipiens:
2389 3382 2719 3439 Hodiernum
2736 3385 3103 3455 festivitatem,
3126 3383 3493 3453 dilectiscimi,
3513 3386 3767 3458 apparitio

373 3486 615 3549 Domini,
648 3487 784 3549 etc.,
815 3495 948 3536 cum
975 3476 1145 3532 titulo
1165 3475 1331 3545 Cujus
1359 3489 1568 3544 supra;
1596 3488 1665 3527 ex
1686 3488 1799 3543 quo
1815 3470 1987 3527 titulo
2006 3471 2066 3526 S.
2092 3471 2343 3527 Maximo
2366 3472 2715 3527 tribuendus
2736 3470 2985 3539 videtur,
3013 3476 3369 3527 cumtamen
3392 3489 3509 3528 non
3532 3473 3588 3530 S.
3608 3472 3767 3529 Mui-

376 3586 564 3644 mum,
587 3571 684 3627 sed
709 3571 767 3624 S.
787 3568 1037 3622 Leonem
1057 3563 1271 3618 habeat
1292 3565 1610 3627 auctorem,
1634 3564 1691 3615 et
1712 3560 1789 3616 sit
1809 3576 1999 3616 sermo
2020 3562 2056 3615 5
2076 3560 2148 3615 de
2167 3560 2369 3616 eadem
2396 3559 2784 3626 solemnitate,
2805 3560 2864 3616 in
2883 3564 3082 3616 nostra
3102 3564 3295 3616 autem
3318 3561 3577 3617 editione
3592 3576 3763 3617 sermo

374 3662 464 3720 35.
495 3661 613 3716 Hac
635 3658 782 3713 forte
810 3655 881 3709 de
909 3669 1090 3708 causa
1109 3650 1257 3706 duos
1288 3664 1588 3704 sermones
1610 3648 1798 3720 ipsius
1821 3647 2029 3704 Leonis
2048 3649 2119 3703 38
2134 3652 2191 3703 et
2209 3649 2278 3703 43
2293 3647 2620 3721 Augustino
2649 3649 2883 3704 fuerunt
2903 3647 3190 3715 attributi,
3215 3652 3272 3704 et
3288 3648 3349 3703 in
3370 3648 3548 3720 hujus
3567 3665 3765 3722 appen~

372 3751 500 3807 dice
514 3749 790 3821 leguntur
805 3757 980 3799 serm.
1007 3740 1129 3795 133.
1153 3742 1211 3794 et
1237 3738 1355 3804 148,
1382 3753 1485 3792 nec
1510 3735 1858 3792 absimiliter
1876 3753 2071 3792 sermo
2090 3737 2356 3808 ejusdem
2378 3735 2671 3808 pontificis
2695 3737 2782 3805 40,
2806 3735 2909 3808 qui
2930 3735 3041 3791 sub
3060 3736 3270 3792 Leonis
3291 3737 3535 3808 quidem
3551 3737 3765 3793 nomine

371 3837 676 3913 legebatur
690 3852 725 3892 ο.
740 3828 1041 3890 monachis
1055 3825 1524 3897 Corbeiensibus,
1547 3824 2017 3894 Divionensibus,
2034 3824 2518 3897 Sandionysianis
2537 3828 2594 3880 et
2614 3824 3195 3897 Compendiensibus,
3218 3825 3461 3882 nomine
3478 3827 3535 3882 S.
3550 3823 3764 3882 Maximi

371 3912 805 3984 inscribebatur
835 3917 992 3992 apud
1014 3916 1449 3985 Cluniacenses,
1483 3918 1629 3973 teste
1647 3912 1913 3969 Ulderico
1935 3914 2090 3986 apud
2112 3914 2172 3969 P.
2200 3914 2456 3969 Martene
2478 3913 2549 3969 de
2570 3912 2833 3985 antiquis
2855 3912 3276 3968 monachorum
3304 3912 3539 3971 Ritibus
3559 3913 3655 3970 lib.
3685 3930 3758 3979 ιιι,

369 4032 497 4089 cap.
533 4015 622 4082 11,
655 4026 816 4068 num.
853 4012 908 4064 2.

442 4087 529 4160 10.
561 4101 689 4158 Alia
716 4099 894 4158 etiam
927 4090 1351 4170 suppositionis
1380 4090 1564 4165 origo,
1600 4090 1739 4147 licet
1768 4090 1966 4148 minus
1993 4091 2287 4164 frequens,
2308 4090 2497 4146 afferri
2532 4092 2743 4162 potest.
2775 4090 3233 4163 Nonnumquam
3255 4090 3482 4149 librarii
3514 4092 3633 4148 sine
3661 4087 3765 4146 ulla

367 4190 621 4249 auctoris
649 4188 944 4246 mentione
965 4199 1267 4242 sermones
1286 4179 1536 4252 alicujus
1558 4179 1728 4236 nobis
1756 4179 1935 4252 ignoti
1968 4178 2269 4252 scriptoris
2300 4178 2360 4233 in
2383 4178 2760 4235 Lectionariis
2778 4177 3094 4248 inseruere,
3118 4181 3219 4252 qui
3244 4185 3451 4253 postea
3471 4177 3645 4235 habiti
3665 4178 3768 4232 fue-

368 4282 507 4335 runt
521 4278 649 4350 ejus
676 4273 932 4332 auctoris
949 4271 1038 4327 cui
1061 4269 1450 4344 praecedentes
1468 4283 1769 4323 sermones
1796 4266 1854 4321 in
1874 4266 2082 4323 iisdem
2100 4266 2402 4323 codicibus
2424 4266 2915 4323 inscribebantur.
2942 4268 3028 4324 Ita
3046 4269 3195 4325 duos
3214 4286 3517 4326 sermones
3539 4280 3763 4341 quorum

367 4368 515 4425 alter
548 4384 578 4423 e
606 4368 666 4421 S.
692 4364 899 4421 Isidori
920 4359 1279 4435 Hispalensis
1302 4357 1588 4431 Operibus
1613 4360 1919 4429 excerptus
1951 4356 2081 4424 fuit,
2104 4355 2279 4429 paulo
2312 4360 2446 4412 ante
2470 4361 2834 4413 memoratus
2858 4373 3020 4412 num.
3050 4359 3136 4426 11,
3166 4357 3315 4414 alter
3345 4376 3479 4415 vero
3501 4356 3760 4431 quiexor—

366 4456 546 4520 ditur,
585 4453 937 4509 Dilectissimi
974 4451 1150 4520 nobis,
1182 4448 1314 4519 ﬁdes
1344 4455 1532 4503 nostra
1558 4462 1657 4502 nos
1685 4446 1957 4516 admonet,
1990 4449 2046 4502 et
2072 4446 2129 4501 in
2154 4446 2261 4501 hac
2295 4445 2615 4518 appendice
2648 4446 2854 4520 edetur
2885 4463 3049 4503 num.
3082 4448 3134 4514 4,
3172 4447 3300 4503 sine
3323 4447 3501 4503 ullius
3529 4441 3757 4502 auctoris

366 4519 605 4600 nomine
627 4540 874 4613 subjecti
905 4519 1276 4595 sermonibus
1308 4541 1362 4592 S.
1399 4535 1607 4592 Leonis
1638 4536 1708 4591 de
1743 4535 2172 4605 Quadragesima
2203 4534 2264 4589 in
2289 4533 2664 4590 Lectionariis
2690 4519 2944 4590 basilicae
2965 4540 3020 4590 S.
3057 4535 3205 4591 Petri
3233 4536 3339 4591 105
3367 4540 3425 4592 et
3456 4536 3575 4601 107,
3602 4526 3757 4587 veluti

368 4628 609 4689 Leonini
641 4632 1017 4685 recensentur
1037 4627 1095 4680 in
1121 4643 1263 4682 mss.
1289 4624 1512 4681 collect.
1539 4625 1639 4680 let
1658 4628 1712 4693 2,
1737 4641 1863 4696 quae
1885 4641 1953 4679 ex
1973 4622 2183 4680 iisdem
2208 4622 2295 4679 vel
2319 4622 2614 4680 similibus
2635 4623 3013 4679 Lectionariis
3034 4623 3319 4697 originem
3349 4619 3755 4689 ducunt.Hujus

365 4716 597 4793 generis
628 4716 809 4772 fuisse
836 4716 1111 4771 videntur
1140 4713 1223 4768 illi
1256 4728 1558 4769 sermones
1589 4712 1687 4785 qui
1718 4712 1777 4768 in
1808 4712 2054 4769 diversis
2083 4711 2462 4768 Lectionariis
2488 4711 2655 4768 libris
2686 4711 2817 4767 aliis
2851 4716 3027 4786 atque
3055 4712 3189 4767 aliis
3206 4713 3571 4781 tribuuntur,
3597 4725 3659 4766 ex
3676 4721 3753 4779 gr.

364 4808 424 4864 S.
459 4804 801 4879 Augustino,
833 4804 892 4860 S.
924 4802 1137 4859 Joanni
1168 4801 1599 4874 Cbrysostomo,
1631 4801 1690 4857 S.
1727 4801 1921 4868 Leoni,
1955 4805 2091 4870 etc.,
2116 4800 2353 4872 haecque
2386 4800 2515 4873 ipsa
2535 4804 2844 4857 auctorum
2862 4801 3078 4873 quibus
3100 4802 3191 4873 adj
3205 4800 3513 4857 udicantur
3530 4797 3753 4858 varietas

363 4893 570 4952 incerti
602 4897 659 4949 et
686 4892 869 4965 ignoti
901 4889 1159 4946 auctoris
1182 4889 1468 4947 indicium
1499 4894 1607 4946 est.

439 4983 526 5038 11.
560 4980 723 5049 Quod
749 4979 800 5035 si
828 4978 922 5035 his
946 4976 1142 5033 causis
1169 4976 1346 5031 aliam
1372 4975 1634 5047 adjicias,
1668 4994 1846 5048 quam
1877 4978 1982 5033 PP.
2019 4976 2269 5034 Maurini
2303 4977 2359 5031 in
2390 4976 2701 5033 Ambrosio
2734 4982 3090 5049 proponunt,
3123 4974 3517 5034 celebritatem
3549 4970 3747 5031 scilicet

365 5067 642 5137 ἃυοίονίει
666 5086 784 5141 qua
813 5068 1147 5141 ignotorum
1177 5064 1265 5119 vel
1296 5064 1587 5120 inferioris
1620 5082 1851 5137 quoque
1885 5070 2030 5122 notae
2064 5066 2416 5139 scriptorum
2447 5066 2885 5122 lucubrationes
2916 5066 3325 5123 commendare
3364 5064 3598 5138 placuit,
3627 5072 3745 5115 cum

365 5156 576 5217 Leonis
598 5171 812 5213 nomen
839 5152 1284 5210 celeberrimum
1315 5155 1492 5217 esset,
1526 5151 1646 5205 haec
1669 5169 1901 5224 quoque
1931 5152 2409 5210 ascribendorum
2434 5154 2546 5227 ipsi
2573 5171 2911 5210 sermonum
2935 5171 3112 5210 causa
3138 5172 3254 5210 non
3275 5154 3477 5210 defuit.
3502 5155 3617 5220 Quo
3634 5160 3749 5203 vero

366 5247 567 5321 Plures
589 5244 839 5317 alicujus
859 5240 1049 5298 sane“
1081 5257 1381 5297 Sermones
1403 5241 1475 5294 οἱ)
1494 5239 1890 5296 cclebritatcm
1913 5243 2044 5311 ejus
2067 5243 2442 5300 Lectionariis
2466 5245 2700 5299 fuerunt
2723 5242 2951 5310 inserti,
2971 5259 3036 5299 eo
3060 5242 3257 5316 plures
3281 5242 3455 5300 alieni
3478 5250 3750 5299 sermones

365 5320 555 5392 eidem
584 5332 851 5390 attributi
886 5328 1415 5403 deprehendentur,
1448 5331 1513 5382 ut
1533 5327 1592 5383 in
1615 5330 1943 5401 Augustino
1957 5331 2153 5389 videre
2170 5336 2277 5400 est,
2298 5333 2466 5404 cujus
2497 5349 2798 5388 sermones
2816 5331 2874 5387 in
2900 5331 3263 5388 Lectionaria
3279 5331 3500 5405 passim
3520 5320 3747 5385 inducti,

362 5422 765 5479 incredibilem
795 5420 1135 5478 ascitiorum
1157 5418 1404 5491 copiam,
1430 5434 1557 5489 quae
1579 5417 1971 5489 genuinorum
1995 5438 2307 5477 numerum
2334 5423 2449 5477 fere
2473 5428 2752 5494 coaequat,
2778 5426 3141 5494 receperunt.
3168 5421 3310 5476 Cum
3334 5421 3530 5492 itaque
3550 5417 3605 5472 S.
3630 5414 3753 5469 Leo-

365 5512 458 5569 nis
488 5528 788 5568 sermones
810 5510 867 5566 in
903 5506 1280 5566 Lectionariis
1311 5506 1646 5578 frequentes
1675 5512 2002 5578 occurrant,
2032 5510 2228 5581 plures
2260 5510 2447 5566 eidem
2481 5510 2815 5583 suppositos
2837 5508 3094 5565 nancisci
3117 5527 3231 5567 non
3252 5508 3487 5565 difficile
3507 5504 3627 5561 fuit.
3649 5496 3747 5557 Sed

364 5601 455 5658 eia
475 5602 603 5675 jam
631 5602 791 5676 ipsos
824 5615 1122 5657 sermones
1154 5598 1214 5653 in
1245 5597 1355 5654 hac
1387 5594 1705 5668 appendice
1734 5595 1991 5654 edendos
2012 5599 2419 5671 subjiciamus.
2480 5606 2497 5615 ‘
