3946 6214
428 293 541 355 851

1246 289 1659 368 ΡιιιΕΡΑΤιρ
1705 287 1781 350 1N
1827 287 2015 350 EPIS'

2182 287 2257 349 \S
2305 287 2368 347 ὃ.
2416 286 2697 349 LEONIS
2740 282 3025 355 MAGNI.
3684 290 3776 352 558

430 443 553 482 ram
582 424 935 499 praevalente
954 440 1065 480 esse
1094 440 1203 479 non
1229 425 1420 499 possit,
1441 422 1657 499 idcirco
1688 428 1780 499 aut
1814 421 2076 499 Ilcz'ama-
2106 423 2154 488 Α
2189 419 2501 499 nonpeum
2517 418 2905 499 potiusquam
2931 422 3227 499 creaturas
3247 418 3512 499 diligunt,
3527 438 3632 499 non
3645 422 3778 499 facile

428 508 512 555 tor
528 492 627 563 est,
650 500 743 552 aut
768 496 981 557 mundi;
1004 500 1060 551 et
1079 492 1283 551 omnes
1303 494 1628 549 voluntates
1653 493 1893 565 proinde
1908 492 2074 565 bona:

426 571 516 625 vel
545 567 736 631 malae,
758 571 832 624 ita
854 569 1085 624 diversa:
1106 572 1231 621 sunt
1255 567 1630 634 qualitatibus.
1654 563 1797 619 sicut
1828 563 2079 618 dividun-

428 644 522 697 tur
550 641 881 696 auctoribus.
916 639 1017 693 Hic
1039 638 1244 693 obvius
1290 639 1596 691 verborum
1629 651 1839 691 sensus
1874 640 1962 688 est
2007 635 2077 690 de

433 712 708 768 omnibus
730 710 1130 765 voluntatibus
1146 726 1213 763 ex
1226 724 1421 763 amore
1437 706 1894 779 praedominante
1909 705 2077 779 bonis

425 783 512 839 vel
547 782 738 838 malis.
760 782 899 847 Quis
922 797 1184 853 ergonon
1208 780 1400 835 videat
1424 778 1601 853 quam
1620 793 1929 853 perperam
1949 778 2076 853 ejus

424 855 599 910 verba
650 853 958 908 trahantur
988 847 1079 907 "ad
1112 868 1317 907 omnes
1347 855 1403 905 et
1438 847 1707 921 singulos
1733 847 2076 921 _voluntatis

425 930 611 990 actus,
627 940 694 980 ac
716 924 763 979 si
786 924 897 979 Leo
918 922 1181 978 docuerit
1202 926 1367 976 actus
1399 917 1604 976 omnés
1634 924 1692 975 et
1719 917 1983 990 singulos
2006 936 2075 974 ex

426 996 707 1052 alterutro
729 995 828 1049 illo
850 1011 1046 1050 amore
1069 993 1407 1063 prodire,ita
1428 995 1491 1046 ut
1520 990 1877 1063 quicumque
1908 994 2075 1063 actus

427 1085 543 1124 non
575 1072 714 1123 sunt
737 1084 805 1121 ex
834 1082 1032 1121 amore
1064 1061 1185 1129 Dei,
1219 1064 1340 1119 sint
1372 1080 1441 1118 ex
1496 1061 1694 1118 amore
1751 1061 1982 1125 mundi,
2017 1066 2075 1116 et

426 1139 554 1196 ideo
584 1143 838 1210 peccata,
866 1142 931 1191 ut
961 1134 1253 1210 Quesnelli
1287 1133 1525 1210 postilla
1554 1132 1853 1210 insinuat;
1878 1137 1935 1187 et
1966 1132 2074 1188 hac

426 1205 649 1265 ratione
679 1205 1471 1280 peccataaccusandaSintea
1493 1205 1621 1276 ipsa
1641 1205 1923 1280 virtutum
1937 1220 2072 1280 Ope-

426 1297 511 1348 ra,
534 1274 750 1351 quae'S.
771 1278 1028 1351 pontifex
1059 1274 1555 1351 inpeccatoribus
1585 1275 1671 1351 vel
1704 1274 1881 1331 etiam
1909 1274 2073 1351 inin-

425 1346 828 1407 ﬁdel'ibusnon
854 1348 1027 1416 mala,
1052 1346 1330 1405 sedbona
1349 1363 1477 1402 esse
1510 1348 1808 1419 professus
1837 1346 1965 1402 est?

424 1456 456 1530 §
488 1456 583 1514 III.
619 1456 743 1512 Alia
773 1455 1051 1524 Quesnelli
1067 1455 1296 1530 postilla
1310 1455 1382 1530 in
1412 1453 1661 1509 eumdem
1679 1468 1983 1509 sermonem
2002 1453 2072 1506 90

1061 1526 1408 1598 (impenditur.

492 1635 547 1689 9.
582 1635 697 1690 Hoc
756 1635 957 1689 eodem
1011 1649 1301 1697 sermone,
1330 1648 1457 1702 cap.
1493 1632 1546 1699 3,
1582 1631 1637 1686 Β,
1669 1631 1781 1686 Leo
1813 1630 2018 1685 scribit
2053 1647 2065 1685 :

424 1706 574 1774 Quod
603 1706 667 1761 de
690 1708 882 1777 specie,
915 1705 978 1760 de
1033 1706 1211 1777 copia,
1239 1704 1303 1758 de
1332 1705 1595 1777 varietate
1624 1703 2069 1777 (creaturarum)

424 1773 1044 1855 blanditur-,aon’lacile
1072 1773 1528 1855 declinaturmisi
1560 1775 1617 1828 in
1636 1774 1741 1855 illa
1762 1773 2069 1855 visitiilium
2100 1791 2145 1855 Β

417 1849 833 1919 pulchritudine

423 1919 766 1983 Quesnellus
788 1920 845 1973 in
880 1919 1000 1973 haec
1015 1935 1110 1973 ver

423 1992 519 2047 Dei
545 2007 701 2046 amor
729 2008 763 2046 a
790 1998 1062 2044 creaturae
1082 2005 1268 2044 amore
1296 1985 1548 2042 retrahit.
1571 1986 1852 2049 Viden,ex
1894 1985 2073 2040 colla-

422 2062 582 2140 tione
595 2062 672 2116 mi
681 2079 793 2140 nus
814 2067 1035 2140 rectum
1064 2060 1439 2140 interpretem
1456 2059 1483 2112 ?
1505 2060 1621 2140 Non
1640 2056 1813 2127 facile
1827 2057 2069 2112 declina-

906 1852 1085 1903 reator
1110 1849 1292 1917 potius
1311 1863 1476 1917 quam
1498 1852 1752 1900 creatura
1775 1843 2063 1917 diligatur.

1149 1865 1292 1901 ouus
1311 1865 1476 1917 quam
1498 1865 1752 1900 creatura
1775 1865 2063 1912 amgamr.

1110 1865 1187 1972 iis
1198 1918 1270 1973 ad
1298 1917 1633 1988 marginem
1648 1914 1866 1988 notavit
1882 1932 1894 1971 ε
1912 1914 2068 1988 Solus

2189 491 2487 546 declinant
2518 490 2551 546 a
2583 491 2734 547 503
2766 490 3052 561 perversis
3105 490 3381 561 ipsarum
3428 490 3705 561 illecebris,
3735 502 3778 551 et

2187 562 2462 617 facillime
2494 567 2753 634 peccant.
2790 562 2918 616 Haec
2950 566 3071 634 tota
3128 562 3338 617 Leonis
3390 564 3660 619 sententia
3692 571 3775 620 est.

2186 635 2338 705 Num
2363 633 2609 705 verohic
2631 633 2729 688 Dei
2750 650 2935 699 amor,
2958 633 3083 689 sine
3103 634 3259 705 quod
3285 634 3358 688 ab
3371 634 3780 705 ejusmodiblan-

2186 704 2348 760 ditiis
2373 710 2430 760 et
2450 704 2651 777 illicito
2673 709 3074 777 creaturarum
3097 704 3294 777 amore
3332 704 3438 759 non
3464 706 3616 777 facile
3639 707 3779 763 decli-

2186 781 2378 843 natur,
2410 776 2556 831 solas
2587 776 2659 831 ab
2693 776 2800 831 hoc
2842 775 3148 831 interdicto
3170 776 3384 831 affectu
3407 775 3666 844 retrahat,
3688 795 3777 835 non

2187 847 2320 912 Leo,
2348 848 2449 902 sed
2465 845 2810 911 Quesnellus
2833 847 3113 915 afﬁrmat;
3130 863 3266 902 cum
3290 850 3483 902 tamen
3504 852 3702 904 certum
3720 849 3779 905 sit

2184 918 2509 991 hominess.
2534 918 2782 989 peccatis
2805 917 3016 991 retrabi
3039 916 3196 989 (licet
3216 935 3327 991 non
3350 918 3431 973 ita
3452 920 3623 991 facile)
3638 921 3777 976 etiam

2183 989 2411 1063 timore.
2435 988 2879 1063 illo’przesertim
2907 988 3183 1063 gehennae
3213 990 3423 1045 timore
3445 988 3780 1063 atque'pcena-

2184 1077 2338 1134 rum,
2358 1059 2617 1116 dolorem
2650 1061 2719 1115 de
2749 1059 3005 1134 peccatis
3030 1060 3351 1134 ingerente,
3382 1059 3549 1133 quem
3567 1059 3655 1134 Dei
3668 1062 3779 1119 dono

2183 1141 2237 1215 et
2249 1131 2505 1215 “Spiritus
2526 1134 2704 1188 sancti
2722 1131 2963 1215 impulsu
2983 1131 3355 1215 conceptum,
3381 1131 3493 1215 non
3516 1132 3782 1215 solumco-

2182 1202 2382 1277 bibere
2430 1219 2673 1258 manum
2731 1202 2805 1277 ab
2839 1219 3018 1277 opere
3047 1202 3268 1277 illicito,
3304 1204 3403 1259 sed
3437 1204 3778 1277 ipsemetiam

2179 1276 2522 1349 voluntatem
2530 1274 2795 1349 peccandi
2823 1274 3294 1349 excludere,sat_is
3312 1274 3503 1349 aperte
3533 1274 3779 1349 colligitur

2181 1362 2248 1418 ex
2270 1345 2609 1418 Tridentina
2627 1345 2780 1418 ΜΗ,
2802 1347 3022 1418 synodo
3045 1363 3192 1403 sees.
3218 1347 3309 1415 44,
3328 1345 3453 1418 cap.
3476 1348 3525 1402 4.
3558 1345 3779 1402 Hicsane

2180 1416 2357 1471 timor
2368 1416 2741 1498 gehennaajn
2764 1416 3074 1498 quam-non
3097 1422 3221 1498 tam
3244 1416 3416 1498 opere
3432 1418 3777 1498 quam'all'ectu

2180 1504 2354 1561 pravo
2376 1488 2720 1561 incurritur,
2734 1488 2807 1561 ad
2832 1488 3265 1561 excludendum
3285 1488 3342 1545 et
3356 1488 3498 1561 opus
3518 1493 3571 1545 et
3586 1505 3777 1545 omnem

2179 1559 2741 1634 alfectumpeccandi
2766 1560 2783 1625 (
2790 1560 2867 1614 uti
2882 1560 2960 1634 _ad
2986 1560 3378 1634 etl‘ugiendam
3393 1559 3693 1634 gehennam
3708 1576 3781 1634 ne:

2179 1646 2340 1685 resse
2365 1630 2483 1703 est)’
2499 1647 2611 1703 per,
2629 1646 2690 1703 se
2722 1630 3021 1703 impellam
3072 1630 3137 1686 ae
3173 1630 3422 1703 movere'
3444 1632 3617 1688 debet.
3644 1631 3776 1694 Quod

2181 1698 2540 1775 monendum
2590 1701 2719 1765 fuit,
2753 1698 2837 1775 ne,
2874 1703 3015 1775 forte
3049 1703 3334 1775 subrepat
3384 1698 3530 1759 inter
3575 1708 3776 1775 caeteras

2180 1772 2591 1835 Quesnelliana
2610 1773 2925 1844 propositio
2945 1775 3035 1838 6t,
3051 1772 3402 1829 damnatain
3418 1774 3779 1830 constitutione

2179 1845 2500 1915 Unigenitus
2526 1862 2538 1900 :
2566 1845 2744 1900 Timor
2764 1861 2872 1899 non
2893 1848 3006 1900 nisi
3026 1862 3260 1900 manum
3281 1846 3497 1913 cohibet,
3520 1862 3604 1901 cor
3625 1849 3780 1900 autem

2181 1915 2394 1988 tamdiu
2420 1920 2637 1986 peccato
2665 1916 2959 1988 addicitur,
2983 1917 3249 1988 quamdiu
3282 1918 3350 1973 ab
3388 1933 3554 1973 amore
3565 1918 3785 1988 justiﬁes

2180 2002 2291 2041 mm
2322 1987 2559 2042 ducitur.
2577 1988 2687 2042 Sed
2721 1987 2829 2043 hac
2850 1988 2919 2042 de
2951 1986 3012 2043 re
3035 1993 3309 2043 nostrum
3339 2005 3443 2043 non
3464 1993 3542 2043 est
3562 1986 3779 2041 hocloco

2180 2057 2505 2125 disserere;
2535 2058 2717 2113 solam
2750 2060 2907 2114 enim
2943 2059 3151 2115 Leonis
3189 2059 3523 2116 sententiam
3551 2075 3582 2113 a
3623 2060 3782 2123 Queso

422 2139 536 2212 tur,
569 2132 760 2212 inquit
788 2132 921 2212 _Leo
955 2148 968 2185 :
1006 2130 1105 2202 qui
1137 2129 1291 2212 enim
1317 2130 1841 2212 “in‘creaturarum
1872 2145 2071 2212 amore
2181 2129 2317 2212 uelli
2343 2129 2821 2202 interpretatione
2852 2130 3102 2187 alienam
3134 2132 3440 2188 ostendere
3468 2129 3783 2203 propositum

422 2198 666 2271 sistunt,
694 2207 753 2258 et
785 2202 843 2256 in
875 2198 1074 2257 earum
1107 2200 1560 2273 pulchritudine,
1595 2198 2069 2271 copia,varietate
2181 2200 2311 2255 fuit.

1892 2486 2378 2590 SA’NCTI

750 2728 2103 2953 LEOle
2331 2728 3502 2957 MAGNI

1576 3080 2012 3170 ROMANI
2068 3080 2482 3167 PONTIF
2488 3080 2694 3167 [CIS

1030 3276 1813 3434 OPERUM
1938 3275 3213 3435 GENUINORUM

1698 3542 2011 3637 PARS
2079 3542 2574 3637 ALTERA

1963 3726 2277 3768 CONTINENS

1567 3863 1638 3929 S-
1730 3865 2069 3932 PATRIS
2144 3865 2692 3932 EPISTOLAS.

1828 4157 2411 4246 PBIEFATIO

1159 4306 1248 4370 De
1279 4326 1417 4369 mss.
1451 4306 1768 4376 codicibus.
1806 4308 1918 4388 qui
1942 4309 2003 4368 in
2032 4307 2407 4371 emendandis
2437 4307 2699 4391 epistolis
2726 4309 2866 4369 usui
2888 4309 3081 4386 fuere.

977 4569 1002 4625 §
1032 4568 1073 4615 ι.
1105 4566 1381 4617 Distinctio
1411 4565 1780 4616 eolleetionum
1811 4568 2296 4631 manuscriptarum
2326 4580 2445 4630 quae
2476 4566 2667 4616 Leonis
2698 4531 2945 4630 epistolas
2974 4567 3273 4618 continent.

493 4679 547 4737 l.
574 4678 713 4735 Tria
740 4679 1156 4751 distinguenda
1186 4685 1328 4736 sunt
1358 4697 1573 4754 genera
1602 4681 1869 4738 codicum
1898 4682 1956 4737 in
1982 4683 2202 4754 quibus
2236 4682 2444 4738 Leonis
2474 4680 2731 4753 epistola:
2761 4681 3154 4738 continentur.
3189 4681 3446 4737 Primum
3475 4687 3641 4751 genus
3666 4666 3775 4754 309‘

421 4766 789 4824 collectiones
802 4765 1103 4840 generales
1115 4751 1408 4823 canonum
1431 4773 1488 4824 et
1504 4751 2411 4826 constitutionumvﬂomanorum
2435 4751 2878 4843 pontiﬁcum,in
2904 4769 3121 4842 quibus
3142 4767 3594 4842 aliquotintegra
3606 4751 3775 4843 [collis

420 4854 676 4928 epistolae
698 4853 1000 4926 descripta!
1025 4855 1203 4911 fuere.
1227 4856 1486 4911 Alterum
1511 4861 1650 4913 sunt
1668 4858 2037 4914 collectiones
2062 4841 2452 4931 particulares
2463 4875 2566 4914 seu
2591 4841 2985 4931 quarumdam
3003 4841 3414 4923 Ecclesiarum,
3432 4870 3527 4912 seu
3551 4841 3773 4931 epistol?

422 4959 553 4998 rum
586 4941 771 4999 solius
802 4941 1032 5012 Leonis,
1049 4958 1174 5012 qua:
1195 4960 1263 4997 ex
1287 4943 1552 5014 vetustis,
1572 4945 1656 4999 vel
1689 4946 1865 5002 etiam
1897 4948 2187 5018 primmvis
2216 4946 2646 5019 exemplaribus
2675 4947 2815 5003 olim
2849 4952 3184 5020 compactae,
3218 4941 3661 5019 antiquissimam
3688 4925 3772 5020 οιξί’

421 5031 615 5104 ginem
641 5031 1037 5103 praeset'erunt.
1058 5029 1319 5085 Tertium
1348 5034 1487 5086 sunt
1510 5031 1879 5090 collectiones
1897 5014 2277 5108 particulares
2302 5014 2688 5108 epistolarum
2718 5036 2777 5092 S.
2799 5014 3026 5104 Leonis,
3041 5036 3143 5093 sed
3170 5014 3551 5096 recentiores,
3567 5039 3676 5098 qua!
3700 5014 3771 5072 ηί·

422 5120 640 5176 mirum
669 5135 739 5176 ex
768 5119 942 5192 primi
964 5119 1194 5190 generis
1225 5118 1665 5176 collectionibus
1695 5121 1756 5176 in
1781 5128 2008 5195 partem
2039 5124 2357 5180 maximam
2389 5124 2708 5196 proﬂuunt.

488 5210 541 5264 2.
567 5208 731 5265 Sicut
751 5206 917 5264 nulla
935 5211 1126 5263 exstat
1148 5207 1324 5264 Leoni
1346 5222 1535 5263 coaeva
1556 5215 1659 5265 aut
1685 5227 1907 5283 supper
1929 5213 2195 5270 omnium
2227 5214 2357 5286 ejus
2379 5230 2719 5270 sermonum
2741 5212 3022 5281 collectio,
3048 5218 3113 5270 ut
3143 5215 3202 5270 in
3234 5209 3551 5287 praefatione
3577 5199 3640 5258 ad
3661 5198 3747 5250 38"
3749 5209 3767 5221 ⁸

419 5315 624 5356 mones
646 5296 1191 5363 animadvertimus,
1213 5297 1297 5352 ita
1316 5295 1539 5351 nullam
1574 5313 1803 5370 quoque
1824 5316 2096 5369 coaevam,
2120 5306 2222 5359 aut
2238 5319 2551 5376 supparem
2577 5301 2843 5358 omnium
2864 5301 3246 5374 epistolarum
3275 5303 3398 5374 ejus
3420 5288 3766 5376 collecti???“

422 5387 634 5444 factam
656 5385 859 5453 fuisse,
876 5383 1045 5441 nobis
1065 5383 1463 5440 certissimum
1485 5388 1594 5440 est.
1613 5369 1758 5442 Hinc
1777 5386 1834 5441 in
1855 5388 2169 5447 editionem
2194 5369 2401 5448 Leonis
2428 5390 2660 5446 nullum
2680 5369 2940 5447 codicem
2971 5390 3231 5448 invenire
3261 5369 3360 5447 aut
3386 5394 3602 5459 sperare
3635 5369 3764 5429 licet,

419 5476 518 5547 qui
542 5492 748 5532 omnes
767 5475 897 5546 ejus
920 5472 1200 5546 epistolas
1221 5472 1519 5545 praeferat;
1541 5474 1899 5544 nequeenim
1917 5476 2057 5534 olim
2076 5495 2280 5536 omnes
2303 5480 2538 5551 perinde
2562 5481 2802 5535 luerunt
2822 5478 2880 5533 in
2911 5495 3097 5535 unum
3137 5495 3365 5553 corpus,
3380 5478 3476 5531 aut
3494 5463 3760 5553 regeﬂu‘m'

420 5564 504 5618 uti
536 5569 765 5631 vocant,
789 5562 1143 5631 collectaa,ut
1174 5563 1232 5618 S.
1256 5561 1514 5633 Gregorii
1538 5562 1731 5635 Magni
1759 5564 2023 5637 epistolis
2044 5568 2253 5624 evenit.
2278 5547 2448 5624 Initio
2483 5566 2719 5640 quidem
2749 5583 2953 5623 omnes
2986 5547 3297 5625 collocatas
3325 5563 3497 5620 fuisse
3524 5557 3575 5611 et
3595 5547 3757 5640 custo-

418 5652 570 5710 ditas
594 5670 771 5726 quam
794 5651 1247 5725 diligentissime
1267 5650 1326 5706 in
1346 5653 1570 5707 scriniis
1583 5667 1685 5707 seu
1710 5653 1929 5711 archiva
1940 5656 2098 5713 sedis
2115 5656 2445 5729 apostolicae
2466 5632 2617 5713 inter
2636 5659 2874 5712 caeteras
2900 5656 3341 5713 constitutiones
3370 5650 3595 5729 aliorum
3610 5632 3742 5710 ροηῑί

420 5711 628 5806 ticum:
651 5746 881 5797 vetusta
902 5711 1286 5798 "consuetudo
1338 5740 1613 5797 Romana
1638 5738 1907 5798 Ecclesiae
1929 5711 2170 5814 suadet:
2293 5711 2551 5818 qualegi
2565 5711 2769 5817 potest
2883 5711 3260 5800 Coustantius
3288 5742 3344 5797 in
3376 5711 3757 5818 ρι’ωΐαιίρξξϐναά

420 5825 711 5902 Epistolas
738 5829 1135 5891 Romanorum
1157 5828 1497 5908 pontiﬁcum
1522 5846 1582 5888 n.
1605 5829 1675 5890 44
1695 5835 1753 5890 et
1767 5847 1931 5910 seqq.
1947 5805 2255 5896 Enimvero
2277 5805 2479 5895 auctor
2496 5805 2856 5893 ﬁentiﬁoalis
2877 5833 3144 5906 Romani,
3171 5805 3555 5912 quiAnastssii
3579 5805 3756 5873 Biblio-
