3946 6214
140 344 233 407 333
900 340 1337 408 'PIUEFA'I‘IO
1378 346 1458 407 IN
1501 346 1927 408 EPISTULAS
1977 349 2038 409 S.
2088 348 2364 435 LEDNIS
2409 349 2680 412 MAGNI.
3370 338 3503 411 5'51

135 479 337 536 thecarii
371 477 611 535 nomine
647 477 933 559 appellari
959 479 1123 545 solet,
1158 479 1432 536 etLeonis
1448 479 1624 535 vitam
1654 479 2092 552 scripsitscrius
2124 481 2467 549 sarculovm,
2503 483 2706 541 hacde
2722 484 2987 558 ejusdem
3009 482 3272 559 epistolis
3292 484 3501 541 tradit:

134 572 257 626 Idem
282 568 645 626 beatissimus
678 558 779 624 Leo
808 571 1277 649 archiepismpus
1294 571 1510 625 multas
1535 570 1803 641 epistolas
1814 570 1952 640 ﬁdei
1977 571 2154 639 misit,
2175 589 2297 643 qua”
2314 573 2475 629 hodie
2492 575 2725 631 archiva
2743 576 3012 633 Ecclesiae
3028 558 3503 633 Romana’rccon-

131 660 514 717 dilztcneatur.
531 658 644 713 Hic
657 659 909 727 ﬁrmavit
920 659 1381 731 frcqucntcrsuis
1399 659 1657 727 epistolis
1677 659 1953 729 synodum
1966 653 2617 719 Chalcedonensch/Id
2632 652 2992 723 Martiamim
3010 665 3323 737 Augustum
3338 663 3503 723 misit

130 749 456 816 epistolasxu,
471 747 554 802 ad
565 750 813 803 Leonem
834 747 1145 818 Augustum
1157 747 1443 816 epistolas
1458 748 1676 816 xm,'ad
1697 750 2041 804 Flavianum
2062 749 2383 821 cpiscOpum
2396 752 2661 820 epistolas
2680 769 2760 820 Ix,
2777 755 2852 810 ad
2863 753 3162 823 episcopos
3172 770 3282 827 per
3297 752 3504 812 Orien-

131 844 220 891 tem
243 837 498 905 epistolas
515 852 685 903 xvm,
714 851 819 906 per
839 851 985 907 quas
996 834 1177 908 ﬁdem
1199 837 1402 908 synodi
1410 837 1791 907 conﬁrmavit.
1802 836 1975 893 Vides
2002 837 2299 893 archivum
2318 840 2822 911 apostolicumhoc
2846 858 3080 914 quoque
3097 846 3357 915 tempore
3369 839 3504 898 alle-

128 926 246 997 gari,
260 925 310 981 in
326 941 433 997 quo
456 923 679 980 Leonis
709 924 961 996 epistolae
981 926 1367 980 servabantur
1390 942 1404 994 ;
1428 924 1641 981 etlicet
1666 928 2063 981 memorentur
2083 925 2218 982 solae
2241 926 2496 998 epistolae
2519 945 2621 1001 pro
2645 927 2929 986 catholica
2949 929 3061 985 fide
3077 932 3279 986 contra
3323 929 3499 1002 Euty-

128 1014 342 1069 chianam
362 1014 640 1069 haeresim
672 1014 920 1086 scriptae,
955 1013 1154 1085 plures
1178 1016 1375 1068 tamen
1403 1029 1580 1085 quam
1605 1020 1739 1084 quae
1761 1013 1831 1067 ad
1858 1030 1964 1068 nos
1979 1019 2385 1085 pervenerunt,
2409 1014 2469 1071 in
2490 1032 2556 1072 eo
2578 1016 2812 1072 archivo
2832 1023 2959 1073 tum
2982 1018 3275 1075 exstitisse
3290 1033 3500 1092 cogno-

127 1103 328 1171 scimus;
349 1118 536 1176 neque
559 1102 725 1157 enim
748 1101 1002 1174 epistoer
1025 1120 1151 1175 quze
1174 1105 1412 1158 exstant
1440 1102 1509 1156 ad
1537 1102 1786 1157 Leonem
1819 1105 2149 1175 Augustum
2174 1109 2314 1159 sunt
2338 1121 2465 1169 xm,
2502 1106 2573 1161 ad
2596 1105 2933 1162 Flavianum
2964 1124 3041 1164 1x.

177 1196 217 1244 3.
241 1194 301 1246 At
324 1198 451 1247 cum
475 1189 858 1246 collectiones
880 1189 1179 1263 generales
1200 1206 1491 1245 canonum
1521 1195 1577 1244 et
1600 1186 1981 1261 epiStularum
2006 1191 2403 1247 Romanorum
2425 1193 2770 1264 pontiﬁcum
2794 1210 2828 1249 a
2870 1194 3114 1266 privatis
3157 1192 3495 1249 hominibus

125 1279 228 1334 olim
242 1280 558 1351 compositae
584 1278 647 1333 in
676 1277 965 1350 privatum
990 1295 1186 1342 usum,
1210 1278 1291 1333 ita
1316 1278 1622 1350 propagari
1649 1283 1708 1332 et
1730 1278 1991 1334 obtinere
2013 1286 2333 1352 coeperunt,
2360 1287 2423 1335 ut
2443 1281 2620 1337 iidem
2644 1283 2887 1338 Romani
2910 1282 3200 1339 antistites
3220 1282 3497 1354 epistolas

122 1369 436 1424 decessurum
459 1367 688 1440 saepius
711 1383 827 1423 non
852 1384 917 1422 ex
940 1366 1276 1439 apostolicis
1296 1366 1547 1435 scriniis,
1573 1367 1673 1422 sed
1700 1383 1767 1422 ex
1789 1367 1862 1423 iis
1883 1367 2324 1425 collectionibus
2349 1371 3067 1439 sumerent;tuncfactum
3089 1376 3177 1428 est
3196 1375 3501 1427 utearum-

118 1456 600 1530 ‘demepistolarum
626 1456 992 1528 autographa
1008 1454 1322 1527 exemplari
1332 1472 1526 1535 a,quae
1548 1460 1713 1535 erant
1737 1455 1792 1510 in
1819 1456 2133 1529 apostolico
2152 1457 2404 1526 archivo,
2431 1459 2651 1513 sensim
2675 1458 2958 1533 neglecta,
2982 1464 3313 1534 temporum
3333 1459 3500 1516 vicis~

120 1542 421 1602 situdinibus
443 1536 881 1612 intereiderint,
904 1560 968 1600 ac
987 1549 1297 1617 prepterea
1322 1543 1575 1614 antiqua
1598 1534 1723 1599 ietaz
1764 1544 2063 1617 generales
2087 1544 2460 1601 collectiones
2482 1547 2601 1602 sint
2648 1548 2996 1604 vetustiores
3038 1542 3104 1604 ac
3146 1547 3495 1604 celebriores

121 1630 261 1691 tentes
276 1652 339 1689 ex
358 1637 582 1706 quibus
603 1628 1012 1706 antiquiorum
1036 1632 1379 1706 pontificum
1414 1632 1861 1689 constitutiones
1884 1635 2239 1707 accepimus,
2265 1635 2407 1691 adeo
2430 1639 2496 1691 ut
2518 1653 2632 1691 non
2657 1636 2783 1692 aliae
2807 1638 3197 1709 quorumdam
3212 1638 3499 1693 Romano-

122 1741 217 1779 rum
236 1724 551 1780 antistitum
579 1723 846 1796 epistola:
868 1723 938 1778 ad
956 1740 1064 1779 nos
1086 1723 1473 1795 pervenerint,
1508 1723 1621 1776 nisi
1647 1739 1773 1794 quae
1798 1724 2084 1792 ejusmodi
2111 1721 2552 1780 collectionibus
2597 1731 2947 1781 conservatae
2987 1727 3240 1782 fuerunt.
3284 1726 3363 1782 De
3401 1726 3495 1781 his

119 1811 517 1880 collectionibus,
541 1818 603 1869 et
623 1812 702 1869 de
729 1829 873 1869 mss.
894 1812 1213 1879 codicibus,
1236 1811 1339 1884 qui
1358 1828 1457 1867 eas
1470 1811 2152 1884 complectuntur,fusius
2174 1814 2468 1885 agendum
2492 1813 2602 1869 erit
2622 1814 2681 1869 in
2714 1819 2962 1871 tractatu
2986 1826 3162 1888 quem
3179 1819 3336 1872 tumo
3376 1819 3497 1871 ter—

120 1899 177 1956 tio
192 1900 450 1959 insertum
482 1902 768 1975 reperies.
2923 1912 2932 1923 ‘
3475 1890 3483 1940 ί

168 1990 206 2044 4.
235 1990 385 2047 Nunc
407 1992 479 2048 de
501 1990 656 2048 solis
678 1988 945 2063 epistolis
972 1989 1182 2046 Leonis
1206 1989 1416 2056 acturi,
1441 2005 1509 2043 ea
1531 1990 1760 2043 tantum
1786 1989 2066 2045 debemus
2084 1991 2407 2062 expendere
2456 2007 2583 2063 qum
2603 1989 2662 2045 in
2702 1990 2913 2047 iisdem
2948 1990 3383 2048 collectionibus
3422 1990 3496 2047 ad

117 2080 597 2154 easdemiepistolas
612 2079 914 2153 pertinent
940 2096 951 2134 :
977 2079 1033 2134 id
1054 2077 1283 2135 interim
1304 2082 1746 2150 praemonentes,
1760 2079 1915 2151 quod
1929 2086 2001 2134 ex'
2014 2079 2182 2137 dictis
2197 2080 2485 2151 sequitur,
2508 2079 2616 2136 has
2626 2078 2886 2137 vetustas
2897 2080 3197 2154 generales
3209 2078 3496 2138 collectio-

117 2183 191 2221 nes
212 2168 500 2225 habendas
531 2184 672 2225 esse
689 2167 863 2223 veluti
888 2168 1236 2239 originarios
1253 2168 1464 2233 fontes,
1499 2167 1567 2222 ad
1596 2183 1742 2238 quos
1761 2166 2141 2239 epistularum
2182 2168 2358 2224 editio
2400 2170 2724 2224 revocanda
2770 2168 2898 2226 erit.
2934 2170 3090 2225 Inter
3134 2168 3324 2226 fontes
3359 2165 3493 2226 vero

116 2256 207 2325 pari
222 2256 428 2314 ratione
471 2256 833 2330 originarios
856 2258 1155 2312 censenda:
1179 2262 1313 2311 sunt
1336 2255 1510 2311 etiam
1540 2256 1831 2310 nonnulla:
1854 2256 2104 2328 antiqua:
2122 2255 2492 2313 collectiones
2517 2256 2904 2330 particulares
2943 2260 3063 2315 sive
3103 2258 3493 2332 quarumdam

115 2344 575 2413 Ecclesiarum,siv
592 2364 629 2404 e
657 2343 1041 2419 epistularum
1068 2346 1430 2417 Leonis,quaz
1463 2362 1596 2399 cum
1615 2362 1682 2401 ex
1704 2345 1957 2402 laudatis
1980 2345 2350 2417 generalibus
2368 2346 2809 2403 collectionibus
2826 2352 3073 2420 sumpta
3098 2352 3213 2406 non
3252 2347 3490 2417 fuerint,

110 2449 157 2487 ex
172 2433 436 2505 primaevis
455 2436 669 2493 Leonis
690 2433 1124 2507 exemplaribus
1154 2433 1439 2507 prodiere.

160 2523 204 2576 5.
225 2522 583 2582 Collectiones
605 2530 838 2585 autem.
863 2542 987 2596 quae
1022 2525 1107 2580 ita
1128 2524 1283 2580 solas
1305 2522 1511 2579 Leonis
1530 2519 1807 2595 epistolas
1827 2522 2123 2590 exhibent,
2165 2527 2231 2578 ut
2265 2522 2583 2579 maximam
2624 2523 2830 2580 saltem
2868 2523 3118 2580 istarum
3153 2528 3379 2598 partem
3423 2540 3494 2584 ex

116 2614 541 2672 antecedentibus
563 2614 1020 2672 collectionibus
1044 2614 1338 2670 evidenter
1358 2612 1739 2685 sumpserint,
1766 2612 2115 2685 posteriores
2156 2615 2497 2682 noscuntur,
2530 2616 2588 2668 et
2636 2617 2878 2669 eatenus
2902 2613 3233 2685 originariae
3256 2613 3369 2670 dici
3390 2629 3491 2671 ne-

118 2707 307 2771 queunt,
332 2705 614 2773 nec,tales
642 2708 707 2758 ut
732 2702 1195 2775 antiquioribus,
1221 2719 1289 2759 ex
1307 2701 1521 2774 quibus
1543 2700 1811 2756 derivata:
1838 2701 2095 2769 fuerunt,
2130 2700 2497 2773 prmiurendae
2511 2701 2649 2756 sint.
2687 2700 2836 2756 Utile
2852 2705 3048 2756 tamen
3088 2701 3200 2756 fuit
3242 2701 3491 2758 istarum

120 2790 292 2847 codices
309 2793 522 2865 pariter
538 2793 836 2859 conferre;
856 2808 984 2863 quce
1003 2790 1159 2846 enim
1184 2794 1574 2863 provenerunt
1593 2807 1662 2845 ex
1673 2788 2176 2847 emendatioribus
2199 2789 2618 2862 manuscriptis
2649 2790 3025 2861 antiquarum
3061 2789 3492 2862 collectionum,

120 2875 332 2937 lectiones
349 2882 627 2940 meliores
657 2879 1163 2937 etemendationes
1189 2897 1302 2935 non
1321 2878 1778 2935 contemnendas
1798 2873 2117 2934 identidem
2139 2878 2456 2950 praebuere.
2479 2879 2751 2945 Quazdam
2774 2878 2950 2934 etiam
2988 2895 3058 2934 ex
3085 2877 3179 2936 his
3215 2878 3495 2952 epistolas

125 2968 379 3036 continent,
398 2988 523 3043 quae
543 2987 695 3027 cum
717 2969 773 3023 in
794 2969 1049 3042 antiquis
1073 2969 1225 3024 notis
1243 2966 1682 3024 collectionibus
1706 2984 1820 3022 non
1846 2966 2236 3033 inveniantur,
2257 2971 2504 3038 sumptae
2542 2966 2701 3023 fuere
2720 2983 2789 3022 ex
2831 2965 2963 3024 aliis
3006 2967 3268 3040 antiquis
3315 2968 3493 3026 colle-

123 3054 349 3115 ctionibus
367 3061 541 3133 plane
564 3058 792 3134 ignotis
815 3075 828 3114 :
853 3058 1006 3114 unde
1029 3059 1084 3112 in
1110 3058 1217 3113 hac
1236 3063 1402 3129 parte
1424 3074 1526 3128 pro
1551 3055 1884 3128 originariis
1906 3056 2105 3111 haberi
2124 3056 2354 3111 debent.
2380 3056 2507 3111 Haec
2527 3055 2818 3128 generalis
2833 3055 3242 3113 collectionum
3264 3058 3484 3114 distin-

125 3144 202 3199 ctio
226 3150 617 3218 praemittenda
652 3148 780 3216 fuit,
816 3151 1017 3203 utnon
1043 3164 1247 3203 omnes
1269 3163 1397 3217 quae
1416 3163 1546 3200 mox
1572 3145 1985 3200 iudicabuntur
2007 3163 2166 3217 asque
2180 3145 2545 3200 aestimentur
2568 3163 2581 3213 ;
2605 3150 2662 3201 et
2697 3163 2824 3217 quae
2847 3146 3177 3219 originarize
3222 3151 3279 3203 et
3331 3148 3485 3203 anti-

125 3250 228 3303 quae,
247 3254 499 3309 quievere
526 3237 888 3294 recentiores
912 3242 968 3291 et
987 3234 1321 3309 profectitize
1339 3239 1495 3298 sunt,
1522 3234 1950 3298 discernantur,
1975 3235 2127 3305 quod
2158 3234 2227 3288 ad
2270 3250 2472 3289 eorum
2515 3251 2690 3290 usum
2742 3234 2803 3290 in
2851 3234 3177 3291 recolendis
3217 3236 3483 3308 epistolis

124 3328 230 3377 recte
248 3325 695 3393 instituendum,
726 3331 782 3381 et
804 3325 876 3394 ad
899 3324 1011 3380 alia
1030 3324 1237 3391 multa,
1260 3342 1389 3397 quae
1403 3323 1526 3378 suis
1565 3323 1707 3378 locis
1748 3323 2102 3395 aperientur,
2124 3323 2345 3380 utiliter
2362 3325 2784 3396 cognoscenda,
2808 3323 3061 3381 maxime
3083 3325 3485 3383 necessarium
3501 3360 3518 3373 ο

124 3415 287 3481 experti
307 3433 531 3474 sumus.

171 3499 210 3553 ϐ.
233 3501 603 3561 Collectiones
635 3508 831 3560 autem
852 3502 1266 3575 manuscripts!
1289 3500 1668 3575 epistolarum
1693 3501 1752 3556 S.
1786 3500 1992 3556 Leonis
2018 3500 2188 3556 nobis
2211 3500 2661 3574 adhuccognitze
2702 3505 2840 3557 sunt
2875 3506 3127 3573 quatuor
3163 3506 3221 3558 et
3260 3502 3490 3576 viginti.

125 3584 179 3640 Ex
194 3588 268 3646 bis
285 3608 379 3649 xm
420 3597 490 3650 ad
518 3591 903 3651 collectiones
930 3592 1203 3663 antiquas
1227 3590 1526 3663 generales
1541 3589 1886 3657 referuntur,
1930 3606 2028 3643 sex
2054 3589 2123 3643 ad
2157 3589 2418 3662 antiquis
2457 3588 2860 3663 particulares,
2895 3590 3158 3664 quinque
3190 3608 3325 3649 vero
3357 3596 3497 3649 sunt

127 3676 434 3739 collectiones
456 3681 825 3740 recentiores
850 3681 1114 3752 ejusdem
1149 3678 1442 3751 pontiﬁcis
1465 3678 1807 3750 peculiares.
1828 3677 2333 3743 Quemadmodum
2365 3694 2496 3735 vero
2514 3678 2601 3734 ha:
2643 3679 2894 3755 singulae
2935 3679 3089 3736 inter
3122 3697 3186 3737 se
3221 3681 3495 3753 epistola-

128 3779 218 3821 m)
238 3786 485 3842 numero,
510 3770 753 3841 ordine,
774 3769 1021 3841 aliisque
1044 3768 1481 3825 characteribus
1504 3769 1900 3839 discrepantes
1914 3765 2200 3821 diversam
2225 3766 2509 3840 originem
2534 3769 2810 3841 produnt,
2836 3768 2917 3825 ita
2956 3786 3160 3826 omnes
3205 3772 3497 3843 cujusque

127 3852 428 3915 collectionis
450 3859 698 3917 codices
716 3857 860 3913 adeo
888 3856 1233 3930 plerumque
1255 3856 1400 3928 ipsis
1420 3854 1768 3911 lectionibus
1796 3858 2149 3928 congruunt,
2170 3858 2235 3910 ut
2254 3856 2434 3928 (quod
2480 3855 2541 3910 in
2577 3857 2913 3929 przefatione
2946 3858 3016 3913 ad
3067 3858 3378 3914 Sermones
3424 3859 3500 3914 de

128 3939 285 4001 iisdem
306 3949 686 4005 sermonibus
705 3945 1066 4014 monuimus)
1091 3961 1586 4021 supervacaneum
1606 3944 1950 4018 plerumque
1966 3943 2044 3999 sit
2057 3943 2253 4016 plures
2266 3944 2590 4012 consulere,
2615 3947 3016 4018 majoremque
3028 3944 3342 4001 utilitatem
3360 3946 3503 4002 refe-

130 4035 190 4085 rat
202 4035 281 4105 qui
303 4036 443 4093 duos
467 4043 574 4094 aut
597 4039 720 4091 tres
742 4033 1106 4090 diversarum
1130 4034 1538 4089 collectionum
1565 4050 1706 4089 mss.
1723 4031 1928 4099 libros,
1960 4049 2137 4104 quam
2162 4033 2260 4105 qui
2279 4032 2602 4107 permultos
2626 4034 2802 4089 unius
2824 4032 3182 4089 collectionis
3203 4032 3500 4092 evolverit.

131 4115 249 4176 Nunc
267 4124 329 4180 de
347 4125 609 4201 singulis
630 4122 969 4197 peculiaria,
992 4124 1187 4195 quoad
1213 4124 1415 4178 Leonis
1437 4122 1748 4195 epistolas;
1775 4138 1910 4176 nam
1934 4128 2138 4177 caetera
2159 4139 2286 4193 quae
2309 4122 2378 4177 ad
2404 4121 2770 4194 generalium
2795 4120 3205 4177 collectionum
3226 4120 3500 4179 intimam

131 4211 458 4280 cognitionem
477 4219 779 4289 spectant,
804 4212 861 4267 in
884 4215 1135 4268 tractatu
1155 4228 1330 4284 quem
1353 4216 1511 4267 tumo
1533 4210 1699 4267 tertio
1721 4210 2049 4266 inseremus
2073 4211 2414 4283 exponenda
2436 4210 2817 4266 remittimus.

942 4331 967 4388 §
997 4327 1057 4378 ll.
1089 4328 1162 4377 De
1192 4340 1291 4377 ms.
1313 4327 1564 4377 Vaticano
1592 4325 1808 4390 Regina:
1840 4325 2039 4376 Sueciaa
2070 4324 2398 4375 collectionis
2428 4325 2631 4387 primae.

180 4432 408 4494 7.Prima
428 4434 734 4513 generalis
757 4434 1020 4491 collectio
1038 4433 1324 4502 omnium,
1346 4438 1413 4489 ut
1431 4433 1749 4500 credimus,
1770 4432 2204 4504 antiquissima,
2230 4437 2285 4487 et
2308 4432 2592 4489 hactenus
2616 4433 2832 4506 ignota,
2857 4433 3154 4490 invenitur
3196 4435 3256 4490 in
3301 4432 3500 4493 codice

134 4513 353 4581 Vaticano
382 4528 618 4601 Regina:
634 4524 857 4580 Sueciae
878 4524 1038 4592 1997,
1062 4523 1200 4579 Octo
1221 4522 1426 4579 Leonis
1447 4522 1724 4595 epistolas
1747 4521 1980 4579 exhibet
2006 4539 2018 4578 :
2060 4522 2102 4589 Ι,
2141 4521 2378 4576 Rustico
2409 4522 2467 4577 in
2510 4526 2710 4578 nostra
2744 4522 2996 4579 editione
3027 4524 3199 4597 epist.
3243 4525 3381 4593 167;
3424 4524 3498 4596 II,

135 4605 754 4685 episcopisMauritanim
780 4611 952 4686 epist.
978 4611 1201 4679 12;III,
1238 4611 1691 4685 Flavianojepist.
1733 4614 1835 4679 28;
1863 4611 1955 4666 1V.
2006 4601 2275 4666 Turribio
2314 4610 2486 4681 epist.
2514 4612 2619 4681 15;
2664 4611 2732 4683 ν,
2774 4611 2987 4669 Siculis
3025 4612 3196 4687 epist.
3248 4614 3356 4683 16;
3401 4614 3502 4685 VI,

139 4689 300 4757 Niseia
318 4704 481 4776 epist.
508 4704 617 4762 159
634 4722 649 4772 ;
668 4701 795 4773 VII,
820 4700 1175 4772 Aquileiensi
1198 4701 1470 4773 episcOpo
1500 4701 1671 4774 epist.
1694 4700 1717 4756 l
1752 4718 1766 4769 ;
1788 4701 1938 4769 VII-1,
1958 4698 2217 4772 Septimo
2240 4698 2409 4771 epist.
2433 4701 2486 4754 2.
2730 4714 2733 4717 '

1375 4815 1510 4879 §lll.
1541 4817 1615 4866 De
1644 4815 1947 4866 collectione
1977 4812 2231 4864 secunda.

188 4912 230 4968 8.
247 4916 377 4977 Huic
395 4922 726 4981 collectioni
746 4921 1028 5001 Vaticano
1048 4919 1259 4993 Regiis,
1284 4921 1342 4976 in
1366 4939 1481 4993 qua
1503 4921 1816 4994 Catalogus
1840 4922 2236 4978 Romanorum
2259 4921 2606 4993 pontificum
2628 4922 2842 4979 desinit
2862 4922 2922 4979 in
2953 4924 3286 4995 Hormisda,
3318 4926 3521 4997 SUbjl-r

142 4998 287 5063 cimus
308 5010 471 5069 aliam
490 5031 620 5087 quae
644 4998 975 5084 eatalogum
995 5011 1229 5083 praefert
1258 5010 1315 5064 in
1337 5010 1546 5083 Vigilio
1571 5011 1954 5077 desinentem,
1979 5016 2035 5065 et
2055 5010 2388 5066 continetur
2406 5011 2463 5066 in
2487 5028 2598 5068 ms.
2623 5012 2958 5069 Corbeiensi
2977 5015 3317 5070 venerandae
3352 5015 3507 5071 anti-

144 5092 405 5156 ‘illitatisin
427 5101 785 5158 bibliotheca
812 5100 868 5155 S.
894 5098 1167 5155 Germani
1191 5116 1223 5153 a
1247 5098 1430 5153 Pratis
1458 5096 1559 5153 PP.
1587 5099 2090 5155 Benedictinorum
2114 5098 2557 5169 Parisiensium,
2580 5101 2735 5157 unde
2766 5101 3129 5159 Corbeiensis
3170 5102 3430 5159 collectio
3470 5120 3508 5161 ε.

145 5174 425 5264 Constantio
449 5190 802 5264 appellatur.
823 5187 979 5244 Licet
999 5186 1231 5242 nullum
1252 5186 1430 5258 hujus
1456 5186 1812 5243 collectionis
1834 5187 2092 5242 codicem
2117 5186 2271 5242 nacti
2285 5186 2495 5254 simus,
2520 5206 2654 5244 cum
2678 5194 2877 5246 tamen
2899 5189 3247 5255 Quesnellus
3268 5207 3337 5247 ea
3358 5207 3507 5246 usus

148 5263 217 5357 ξξὶ,
234 5273 280 5325 et
296 5263 671 5336 memoratum
697 5277 958 5333 codicem
983 5274 1220 5343 indicet,
1246 5275 1472 5347 quoties
1496 5276 1686 5333 sivein
1710 5275 2097 5343 variantibus,
2120 5275 2243 5357 sive
2265 5276 2322 5331 in
2344 5276 2499 5331 notis
2519 5278 2924 5335 Corbeiensem
2948 5295 3059 5337 ms.
3085 5279 3303 5341 laudat,
3328 5279 3393 5329 ut
3429 5291 3501 5330 ex

146 5348 315 5441 Notitia
331 5364 865 5441 manuscriptorum
888 5366 959 5421 ab
981 5364 1185 5421 eodem
1208 5364 1501 5437 descripta
1532 5365 1911 5421 manifestum
1938 5367 2045 5430 est,
2069 5348 2255 5420 omitti
2289 5384 2325 5420 a
2352 5365 2522 5421 nobis
2561 5384 2677 5422 non
2721 5371 2966 5440 poterat,
3006 5384 3140 5422 cum
3178 5359 3499 5436 praesertim

146 5440 280 5527 Eillam
299 5467 397 5509 nos
417 5462 484 5512 ex
499 5440 813 5523 Quesnello
832 5471 961 5511 eam
979 5452 1302 5508 identidem
1325 5452 1706 5508 memoraturi
1728 5453 1936 5508 simus.
1960 5451 2159 5509 Plures
2181 5454 2389 5511 Leonis
2416 5454 2675 5527 epistolae
2714 5455 2775 5510 in
2817 5472 2886 5510 ea
2917 5454 3211 5525 leguntur.
3254 5448 3399 5501 Cum
3430 5449 3498 5500 P.
3526 5474 3530 5478 -

147 5522 486 5616 qousmntius,
503 5546 601 5619 qui
625 5545 698 5599 de
724 5547 845 5598 tam
861 5540 1079 5615 insigni
1097 5539 1436 5597 collectione
1453 5541 1721 5613 pluribus
1745 5542 1866 5615 agit
1886 5541 1946 5597 in
1970 5542 2307 5614 praefatione
2328 5543 2400 5598 ad
2423 5522 2709 5615 Epistolas
2724 5522 3120 5598 Romano—rum
3134 5531 3503 5596 Pontificum,

150 5626 275 5679 num.
293 5626 374 5699 61,
397 5630 738 5692 distinctum
771 5630 1114 5690 earumdem
1136 5627 1522 5706 epistularum
1544 5628 1879 5707 catalogum
1898 5647 2015 5689 non
2032 5630 2306 5708 prebeat,
2327 5634 2595 5690 exactum
2612 5644 2926 5689 numerum
2947 5629 3004 5684 et
3026 5622 3289 5681 ordinem
3323 5629 3511 5689 agno-

421 5756 681 5825 Ρλτιιοι.
726 5758 883 5823 LlV.

3000 5744 3184 5812 ,18
