3946 6214
430 320 550 387 555
1250 311 1665 375 PR/EFATIO
1708 309 1786 372 IN
1834 304 2261 369 EPISTOLAS
2307 303 2374 365 S.
2418 298 2700 364 LEONIS
2743 295 3013 363 MAGNI.
3703 289 3810 354 536

430 470 591 511 scere
612 449 1003 525 nequivimus.
1028 449 1107 505 Ex
1128 447 1200 515 iis
1220 451 1438 511 tamen,
1459 461 1585 516 quaa
1608 447 1732 499 tum
1757 441 1830 497 ab
1852 440 2054 496 eodem
2079 434 2413 495 Constantio
2438 437 2564 490 tum
2590 451 2621 489 a
2642 429 2947 497 Quesnello
2991 428 3576 525 indicantur,certum
3596 424 3663 481 ﬁt
3683 425 3739 480 in
3756 440 3814 481 eo

431 562 544 601 ms.
569 514 850 600 contineri
871 536 1147 612 epistolas
1169 514 1503 609 sequentes,
1527 550 1674 606 quas
1692 531 1995 587 deficiente
2018 528 2220 584 ordine
2242 526 2482 592 codicis,
2493 526 2663 596 juxta
2682 520 2954 578 editionis
2977 522 3187 575 nostra:
3212 517 3425 574 seriem
3457 514 3771 588 allegamus
3802 531 3815 570 :

428 633 472 701 Ι,
495 630 806 704 Campanis
827 604 998 701 epist.
1025 628 1056 681 4
1085 644 1098 695 ;
1124 626 1195 695 II,
1222 604 1382 681 Italis
1403 604 1572 695 epist.
1596 625 1634 676 7
1659 639 1672 691 ;
1700 621 1799 687 III,
1820 616 2252 704 Viennensibus
2275 615 2443 687 epist.
2492 615 2595 680 10;
2636 611 2730 679 IV,
2774 608 3080 704 Anastasio
3120 607 3307 704 epist...
3334 607 3430 674 44;
3466 604 3535 704 V,
3570 604 3817 704 :P'urribi-o

428 692 598 794 epist.
623 692 691 775 15
714 736 728 788 ;
749 692 1126 784 VI,.Flaviani
1150 692 1223 770 ad
1247 692 1498 769 Leonem
1520 710 1690 783 epist.
1712 712 1821 777 22;
1850 707 1974 774 V11,
2000 696 2269 761 Flaviano
2289 705 2461 776 epist.
2507 703 2616 769 28;
2658 701 2812 759 VIII.
2853 697 3180 794 Theodosio
3219 695 3528 794 epist.“2.9;
3571 692 3665 794 IX,

424 783 631 866 cherim
653 783 825 881 epist.
851 806 913 863 31
945 822 960 874 ;
985 804 1054 871 X,
1076 803 1311 861 Juliano
1334 801 1504 873 epist.
1527 801 1598 855 35
1623 799 1747 868 ;XI,
1770 792 2435 866 ConstantinOpolitanis
2459 791 2629 881 epist.
2655 790 2724 845 59
2752 810 2766 859 ;
2791 789 2907 881 XII,
2924 786 3217 881 Ravennip
3234 790 3291 842 et
3314 783 3496 881 Gallis
3516 784 3684 881 epist.
3708 785 3821 850 103;

416 897 571 967 XIII,
593 874 859 955 Juvenali
884 894 1055 967 epist.
1081 892 1224 961 139;
1246 890 1390 962 XIV,
1413 889 1588 945 Leoni
1613 888 1874 959 Augusto
1898 883 2068 957 epist.
2101 884 2223 938 165.
2247 878 2597 948 Quesnellus
2623 881 2759 934 nota
2781 877 2972 967 prima
3001 876 3060 967 in
3104 875 3305 967 epist._
3323 874 3390 941 X,
3431 875 3512 967 ad
3541 874 3825 967 episCOpos

432 963 759 1060 provincias,
774 963 1129 1039 Viennensis
1149 981 1499 1038 Thuaneum
1527 976 1785 1033 codicem
1808 974 2044 1046 allegat,
2070 970 2271 1044 quihu
2273 970 2374 1042 jus
2399 968 2759 1025 collectionis
2779 983 2905 1023 esse
2925 965 3172 1021 videtur.
3197 968 3275 1019 De
3293 963 3399 1021 hoc
3422 963 3581 1020 enim
3621 964 3824 1035 inquit;

435 1050 548 1148 .Qui
585 1050 917 1131 Corbeiensi
951 1073 1038 1128 ita
1064 1069 1280 1128 similis
1294 1076 1563 1135 esbatae:
1591 1082 1658 1121 eo
1687 1064 2250 1132 transcriptumeum
2263 1061 2618 1115 existimem.
2637 1057 2984 1113 Thuaneum
3007 1054 3265 1127 primum
3287 1053 3346 1108 in
3368 1050 3829 1126 postillisetnotis

438 1142 735 1239 appellare
766 1161 940 1230 solet,
960 1164 1018 1218 et
1037 1177 1156 1217 una
1184 1174 1318 1215 cum
1341 1154 1675 1213 Corbeiensi
1709 1151 2028 1208 identidem
2051 1150 2208 1217 citat,
2234 1149 2390 1220 quod
2406 1146 2628 1204 similes
2650 1145 2926 1201 lectiones
2950 1142 3181 1215 utrique
3202 1143 3534 1215 praeferant.

1667 1274 1692 1329 §
1718 1270 1800 1320 IV.
1831 1269 1904 1317 De
1933 1281 2062 1316 mss.
2092 1265 2264 1316 tertiae
2295 1262 2647 1314 collectionis.

506 1367 561 1424 9.
580 1365 774 1423 Tertio
792 1364 922 1421 loco
941 1363 1116 1419 aliam
1134 1362 1418 1436 ignotam,
1440 1364 1501 1417 at
1513 1358 1973 1415 vetustissimam
1994 1360 2051 1412 et
2066 1358 2437 1428 praestantem
2453 1351 2850 1409 collectionem
2876 1348 3173 1422 ponimus,
3199 1364 3329 1421 quae
3344 1349 3607 1406 exstatin
3630 1351 3837 1408 duobus

439 1453 807 1530 perantiquis
836 1451 1136 1508 codicibus
1156 1450 1471 1508 Barberino
1500 1451 1641 1504 2888
1657 1453 1715 1505 et
1735 1447 2019 1503 Vaticano
2054 1446 2214 1501 4342.
2243 1444 2352 1500 Sex
2376 1447 2432 1498 et
2454 1443 2654 1497 decem
2687 1438 2895 1496 Leonis
2922 1437 3199 1511 epistolas
3228 1438 3641 1530 complectitur
3659 1441 3837 1497 ordine

439 1525 738 1617 sequenti:
766 1546 809 1606 Ι,
831 1540 1138 1597 Anastasio
1160 1539 1331 1612 epist.
1353 1539 1545 1609 14;“,
1571 1534 1807 1593 Rustico
1835 1535 2009 1607 epist.
2044 1535 2147 1588 167
2173 1551 2187 1601 ;
2209 1537 2306 1600 III,
2358 1530 2572 1587 Siculis
2617 1529 2786 1601 epist,
2839 1529 2940 1617 16;
2963 1527 3052 1617 IV,
3090 1525 3446 1599 Aquileiensi
3487 1530 3657 1601 epist.
3679 1531 3744 1597 1;
3780 1529 3836 1593 V,

432 1615 659 1703 Mauris
678 1630 848 1702 epist.
874 1630 973 1696 12;
1001 1628 1329 1694 VI,Nicetw
1353 1627 1521 1700 epist.
1554 1623 2138 1694 159;VII,Dioscoro
2157 1621 2420 1693 epist.9;
2458 1619 2605 1685 VIII,
2649 1615 2920 1674 Juvenali
2962 1616 3134 1688 epist.
3185 1617 3329 1685 139;
3382 1617 3471 1683 IX,
3524 1617 3695 1674 Leoni
3740 1621 3837 1674 Au-

437 1726 610 1794 gusto
628 1719 797 1793 epist.
829 1719 965 1785 145;
994 1717 1060 1783 X,
1084 1717 1334 1773 Maximo
1359 1717 1529 1789 epist.
1556 1716 1658 1771 119
1682 1733 1695 1785 ;
1719 1714 1811 1782 XI,
1839 1712 2114 1768 Flaviano
2156 1710 2308 1783 epist
2337 1710 2443 1777 23;
2494 1713 2620 1773 XII,
2661 1705 2913 1762 Flaviani
2955 1706 3027 1760 ad
3067 1706 3334 1794 Leonem,
3356 1706 3530 1778 epist.
3569 1711 3677 1776 22;
3710 1707 3838 1772 XIII,

437 1793 744 1885 Eutycheti
762 1807 934 1880 epist.
957 1805 1233 1875 20;XIV,
1258 1804 1538 1862 Flaviano
1561 1804 1734 1877 epist.
1758 1802 1827 1857 28
1853 1820 1866 1869 ;
1890 1802 2007 1867 XV,
2043 1800 2217 1856 Leoni
2240 1802 2500 1870 Augusto
2544 1797 2715 1870 epist.
2766 1796 2909 1864 165;
2947 1795 3084 1862 XVI,
3137 1793 3402 1851 Anatolio
3448 1795 3841 1853 Constantino-

439 1898 700 1974 politano
723 1895 893 1968 epist.
917 1893 1009 1949 80.

1604 1988 1787 2048 §V.De
1813 1987 2087 2038 codicibus
2115 1986 2442 2037 collectionis
2478 1988 2700 2049 quartas.

516 2104 607 2158 10.
630 2102 847 2167 Quarta
867 2096 1126 2155 collectio
1147 2097 1316 2154 estin
1338 2096 1581 2169 antiquo
1604 2095 1802 2153 codice
1815 2094 2053 2168 capituli
2070 2083 2368 2163 Lucensis,
2384 2094 2554 2165 cujus
2575 2091 3026 2164 descriptionem
3052 2107 3188 2146 accu
3200 2090 3550 2147 ratissimam
3572 2093 3845 2149 debemus

449 2192 511 2248 P.
531 2189 749 2247 Joanni
772 2186 1074 2244 Dominico
1099 2187 1286 2243 Mansi
1306 2187 1367 2241 in
1390 2184 1674 2258 opusculo
1696 2186 1764 2243 de
1787 2185 1998 2241 celebri
2006 2185 2196 2242 codice
2208 2186 2417 2241 saeculo
2440 2183 2633 2239 Caroli
2655 2182 3098 2254 Magniscrz’plo,
3120 2181 3277 2253 quod
3291 2180 3510 2237 editum
3531 2180 3693 2257 leges
3714 2188 3840 2240 tom.

447 2279 590 2338 XLV
609 2275 1044 2352 Opusculorum
1064 2278 1126 2333 P.
1150 2275 1450 2350 Calogera.
1478 2276 1690 2331 Eadem
1714 2274 1974 2332 collectio
1996 2279 2185 2331 exstat
2204 2258 2437 2346 quoque
2460 2273 2518 2328 in
2542 2289 2654 2328 ms.
2696 2271 2892 2327 codice
2933 2270 3072 2326 olim
3110 2270 3441 2327 Colbertino
3478 2272 3609 2339 784,
3649 2274 3746 2346 qui
3782 2274 3841 2351 ab

446 2348 739 2430 Antelmio
759 2369 815 2423 et
836 2366 1012 2438 Pagio
1032 2364 1284 2421 maxime
1305 2348 1769 2432 commendatur,
1794 2381 1899 2420 nec
1923 2381 2033 2420 non
2057 2382 2090 2420 a
2110 2365 2172 2420 P.
2207 2363 2567 2429 Constantio,
2592 2362 2690 2434 qui
2715 2360 2867 2416 hanc
2901 2359 3300 2416 collectionem
3324 2359 3587 2418 Italicam
3610 2348 3841 2436 agnovit,

447 2457 756 2528 fusiusque
775 2453 1052 2511 describit
1069 2453 1129 2508 in
1150 2452 1365 2525 saepius
1386 2452 1625 2509 laudata
1656 2453 1876 2525 praefat.
1901 2471 1961 2508 n.
1984 2455 2074 2508 89.
2099 2455 2359 2519 Quatuor
2379 2456 2609 2507 tant-um
2632 2449 2839 2506 Leonis
2856 2447 3135 2521 epistolas
3155 2449 3425 2522 praebuit,
3469 2468 3722 2524 quarum
3760 2470 3842 2508 va-

450 2548 670 2606 riantes
692 2562 761 2602 ex
779 2541 1027 2600 Lucensi
1049 2541 1244 2598 codice
1266 2546 1628 2598 memoratus
1647 2543 1709 2599 P.
1735 2541 1920 2598 Mansi
1947 2543 2017 2597 ad
2042 2559 2149 2598 nos
2178 2540 2617 2614 perhumaniter
2637 2538 2817 2594 misit.
2843 2535 3111 2610 Epistolas.
3134 2541 3330 2594 autem
3367 2538 3480 2595 hoc
3524 2542 3726 2598 ordine
3760 2542 3841 2597 de»

448 2634 791 2693 scribuntur
814 2649 828 2688 :
854 2636 897 2699 I,
920 2629 1159 2687 Rustico
1179 2628 1349 2702 epist.
1372 2631 1476 2686 167
1501 2646 1514 2684 :
1541 2630 1609 2697 II,
1632 2630 1850 2685 Mauris
1870 2629 2041 2702 epist.
2069 2631 2137 2684 12
2160 2647 2173 2698 ;
2204 2632 2308 2697 ΙΙΙ,
2331 2626 2685 2700 Aquileiensi
2706 2626 2877 2700 epist.
2906 2627 2930 2681 1
2960 2644 2973 2695 ;
3000 2625 3091 2695 IV,
3116 2626 3374 2699 Septimo
3396 2628 3569 2701 epist.
3591 2633 3649 2686 2.

1170 2745 1200 2809 §
1227 2745 1310 2796 VI.
1342 2746 1415 2795 De
1443 2744 1755 2795 collectione
1785 2746 1995 2810 quinta,
2030 2744 2425 2805 Quesnelliana,
2458 2743 2805 2807 ejusdemque
2837 2741 3128 2792 codicibus.

522 2842 603 2896 II.
627 2837 900 2903 Quintam
925 2834 1330 2891 collectionem
1357 2833 1830 2898 Quesnellianam
1850 2851 2127 2890 vocamus
2147 2851 2168 2897 ,ο
2191 2838 2281 2890 est
2302 2833 2457 2889 enim
2479 2831 2580 2888 illa
2600 2848 2777 2904 quam
2800 2829 3146 2897 Quesnellus
3184 2831 3363 2887 edidit
3400 2849 3537 2891 cum
3577 2835 3745 2893 titulo
3779 2838 3839 2893 ab

441 2929 647 2987 eodem
669 2941 973 3001 perperam
996 2924 1228 2997 praeﬁxo
1253 2940 1266 2978 :
1291 2922 1484 2981 Codex
1498 2930 1854 2980 canonumet
1879 2924 2359 2980 conslitutz'onum
2380 2921 2647 2978 Ecclesiae
2660 2925 2952 2976 Romanam
2976 2920 3134 2976 Hanc
3157 2919 3555 2978 collectionem
3575 2924 3845 2982 claudunt

444 3016 654 3075 Leonis
682 3013 938 3088 epistolas
969 3014 1097 3069 duas
1120 3029 1300 3085 supra
1319 3011 1562 3085 triginta
1580 3012 1690 3067 hoc
1710 3011 1912 3069 ordine
1938 3030 1951 3068 :
1977 3012 2019 3068 Ι.
2044 3013 2218 3068 Leoni
2243 3017 2505 3084 Augusto
2529 3010 2699 3083 epist.
2726 3013 2938 3065 nostrw
2980 3007 3256 3065 editionis
3297 3010 3406 3066 465
3428 3030 3442 3080 ;
3485 3017 3561 3084 II,
3599 3013 3849 3071 Juvenali

446 3102 970 3177 Hierosolymitano
990 3101 1159 3175 epist.
1184 3102 1287 3158 139
1314 3119 1328 3170 ;
1352 3101 1430 3157 IlI
1455 3100 1724 3157 Flaviano
1746 3100 2394 3174 Constantinopolitano
2416 3100 2585 3172 epist.
2608 3102 2679 3156 28
2703 3117 2716 3167 ;
2750 3098 2842 3167 IV,
2869 3098 3169 3155 Theodoro
3192 3099 3577 3169 Forojuliensi
3601 3103 3661 3159 in
3687 3104 3849 3161 Gallia

452 3194 725 3269 episcopo
746 3191 916 3265 epist.
943 3192 1044 3247 108
1067 3207 1081 3258 ;
1103 3190 1172 3260 V,
1195 3189 1417 3245 Turbio
1441 3189 1569 3262 (sic)
1592 3190 1649 3246 id
1671 3194 1761 3246 est
1777 3190 2047 3246 Turribio
2069 3190 2429 3246 Asturicensi
2468 3189 2638 3261 epist.
2664 3189 2733 3243 16
2758 3206 2771 3255 ;
2794 3187 2888 3257 VI,
2911 3187 3146 3243 Rustico
3168 3188 3511 3247 Narbonens
3533 3192 3705 3264 epist.
3728 3194 3846 3261 167;

450 3284 578 3351 VII,
598 3280 905 3338 Anastasio
926 3277 1432 3335 Thessalonicensi
1451 3277 1619 3349 epist.
1646 3280 1730 3334 14:
1755 3278 1906 3346 VIII,
1921 3279 2134 3335 Nicetae
2154 3277 2509 3350 Aquileiensi
2532 3278 2702 3350 epist.
2728 3278 2859 3347 159;
2889 3276 2977 3342 IX,
3000 3276 3281 3332 Januario
3302 3277 3665 3350 Aquileiensi
3699 3283 3847 3356 epist.

453 3372 525 3431 48
551 3391 564 3441 ;
588 3371 653 3439 Χ,
676 3367 964 3442 episcopis
985 3366 1531 3439 Campaniae,Piceni
1553 3371 1609 3423 et
1627 3367 1848 3423 Tusciae
1869 3367 2038 3439 epist.
2063 3369 2096 3423 4
2120 3386 2133 3435 ;
2156 3368 2248 3435 ΧΙ,
2272 3367 2561 3440 episcopis
2584 3366 2762 3422 Italia:
2800 3365 2968 3438 epist.
3009 3366 3043 3418 7
3068 3383 3081 3431 ;
3124 3365 3243 3431 XII,
3294 3368 3591 3441 epis00pis
3629 3370 3847 3427 Siculis.

459 3461 631 3532 epist.
656 3459 761 3526 16;
784 3458 932 3522 XIII,
954 3455 1269 3511 Pulcheriae
1290 3457 1563 3527 Augusta:
1585 3455 1755 3527 epist.
1778 3457 1838 3512 3|
1871 3474 1885 3525 ;
1926 3457 2070 3523 XIV,
2113 3455 2772 3528 Constantinopolitanis
2809 3455 2978 3527 epist.
3018 3456 3087 3509 59
3115 3471 3129 3520 ;
3172 3453 3292 3522 XV,
3334 3455 3663 3515 Palmstinis
3698 3460 3845 3533 epist.

461 3548 561 3606 124
584 3546 764 3615 ;XV1,
785 3543 1431 3616 Aquileiensiepiscopo
1454 3544 1625 3616 epist.
1658 3548 1675 3598 1
1708 3545 1913 3612 ;XVII,
1936 3546 2191 3617 Septimo
2212 3543 2789 3617 Altinensiepiscopo
2822 3542 2991 3616 epist.
3016 3545 3087 3612 2;
3112 3542 3310 3610 XVIII,
3366 3545 3661 3619 episcopis
3701 3549 3845 3604 Mau-

457 3633 682 3691 ritania:
712 3632 969 3704 epist.12
991 3649 1004 3699 ;
1028 3631 1173 3686 XIX.
1208 3632 1427 3703 synodo
1450 3631 1749 3703 Ephesinze
1772 3634 1941 3705 epist.
1964 3634 2033 3688 33
2063 3633 2217 3701 :XX,
2242 3634 2567 3689 Theodosio
2588 3635 2851 3705 Augusto
2874 3631 3042 3704 epist.
3084 3633 3152 3686 44
3177 3649 3189 3697 ;
3212 3632 3351 3699 ΧΧΙ,
3395 3632 3714 3692 Pulcherize
3749 3640 3847 3692 Au-

454 3726 643 3797 gustae
662 3720 832 3794 epist.
856 3721 957 3787 45;
981 3719 1143 3784 XXII,
1164 3719 1396 3775 Juliano
1418 3720 1622 3776 Coensi
1645 3720 1915 3793 episcOpo
1938 3721 2090 3794 epist
2109 3724 2180 3777 25
2204 3740 2217 3790 ;
2250 3722 2445 3788 XXIII,
2467 3721 2789 3777 Theodosio
2829 3723 3093 3793 Augusto
3146 3721 3296 3793 epist
3335 3724 3406 3777 29
3433 3740 3445 3790 ;
3489 3724 3679 3793 XXIV,
3720 3726 3846 3783 llat-

454 3812 902 3883 cianoAugusto
923 3807 1094 3879 epist.
1139 3808 1278 3875 1011;
1320 3807 1482 3875 XXV,
1523 3807 1786 3863 Anatolio
1829 3810 2465 3883 Constantinopolitano
2509 3810 2680 3882 epist.
2726 3810 2862 3876 106;
2916 3809 3105 3875 XXVI,
3148 3811 3368 3882 synodo
3410 3812 3847 3887 Chalcedonensi

451 3895 1315 3974 epist.114;XXVII,Anatolio
1354 3896 1999 3968 Constantinopolitano
2034 3898 2204 3971 epist.
2260 3901 2397 3967 135;
2439 3898 2687 3965 XXVIII,
2730 3899 2905 3954 Leoni
2936 3902 3200 3971 Augusto
3253 3899 3430 3971 epist.
3485 3902 3629 3969 162;
3672 3902 3845 3970 XXIX,

446 3988 715 4046 Anatolio
735 3988 904 4061 epist.
936 3985 1465 4053 163;XXX,eidem
1492 3984 1660 4056 epist.
1696 3986 1839 4053 135;
1892 3987 2069 4043 XXXI
2108 3989 2328 4061 synodo
2368 3987 2822 4043 Chalcedonensi
2868 3987 3039 4060 epist.
3078 3992 3183 4056 93;
3226 3988 3445 4058 XXXII,
3486 3990 3634 4047 Doro
3687 3993 3841 4048 Bene-

446 4080 694 4136 ventano
722 4075 893 4149 epist.
919 4076 1006 4131 19.
1036 4077 1154 4130 Has
1183 4072 1593 4147 praceduntin
1618 4072 1887 4145 pluribus
1911 4075 2212 4132 codicibus
2249 4081 2368 4132 tres
2388 4075 2511 4131 aliae
2552 4075 2799 4131 aliorum
2846 4075 3104 4147 epistolae
3142 4075 3212 4131 ad
3241 4077 3516 4146 Leonem,
3557 4096 3681 4151 quae
3710 4079 3844 4136 inter

447 4165 734 4240 Leoninas
754 4166 1001 4222 edentur
1021 4181 1036 4233 ;
1059 4162 1102 4231 I,
1125 4161 1362 4219 Eusebii
1393 4165 1449 4218 et
1472 4161 2219 4233 synodiMedioIanensisin
2242 4168 2442 4221 nostra
2463 4164 2718 4220 editione
2747 4164 2918 4235 epist.
2964 4166 3072 4231 97;
3126 4168 3177 4218 II
3219 4165 3459 4221 Ravenii
3500 4166 3839 4240 aliorumque

446 4257 850 4330 episcoporum
872 4252 1069 4310 Galliae
1088 4251 1260 4325 epist.
1281 4251 1355 4306 99
1376 4269 1390 4320 ;
1410 4251 1505 4319 III,
1531 4252 1766 4308 tandem
1789 4251 2017 4320 Ceretii,
2040 4252 2276 4321 Salonii,
2301 4256 2358 4309 et
2378 4253 2589 4309 Verani
2610 4254 3015 4324 eriscoporum
3046 4252 3342 4309 Gallorum
3363 4255 3536 4327 epist.
3559 4256 3645 4311 1'8.

523 4345 611 4402 12.
634 4344 871 4416 Aliquot
890 4343 1069 4414 hujus
1083 4340 1441 4398 collectionis
1458 4341 1686 4398 codices
1702 4340 1865 4396 valde
1889 4347 2232 4414 praestantes
2250 4342 2393 4399 satis
2413 4343 2640 4414 cognoti
2659 4342 2714 4396 in
2739 4341 3053 4398 Gallicanis
3074 4341 3444 4399 bibliothecis
3466 4344 3835 4400 inveniuntur.

453 4431 800 4494 Quesnellus
831 4432 966 4488 licet
989 4432 1048 4486 in
1071 4432 1296 4488 edenda
1319 4430 1425 4487 hac
1458 4429 1795 4486 collectione
1815 4448 1961 4487 usus
1982 4431 2055 4486 sit
2076 4449 2186 4487 ms.
2206 4431 2542 4496 Oxoniensi,
2579 4429 2762 4486 multo
2780 4430 3083 4486 recentiori
3106 4434 3161 4486 et
3181 4448 3296 4486 non
3320 4448 3531 4504 parum
3560 4433 3834 4496 mendoso,

449 4518 507 4572 in
529 4520 911 4576 emendandis
933 4525 1127 4576 tamen
1144 4519 1412 4576 Leoninis
1426 4518 1686 4592 epistolis
1701 4519 2073 4593 potissimum
2088 4521 2359 4577 adhibuit
2373 4521 2517 4577 alios
2530 4522 2677 4575 duos
2691 4519 2953 4591 insignes
2975 4520 3241 4591 ejusdem
3260 4519 3617 4578 collectionis
3634 4521 3834 4577 codices

446 4604 775 4693 Gallicanos
802 4607 1080 4663 nimirum
1100 4609 1446 4665 Thuaneum
1468 4612 1669 4681 postea
1692 4609 2093 4666 Colbertinum
2115 4612 2240 4679 932,
2267 4611 2366 4683 qui
2391 4609 2708 4666 novissime
2738 4609 2797 4664 in
2837 4608 3249 4665 bibliothecam
3290 4609 3534 4682 Regiam
3573 4607 3835 4671 transivit,

444 4698 504 4750 et
518 4694 1057 4767 Trecopithaeanum
1071 4740 1084 4767 ,
1106 4698 1203 4768 qui
1229 4698 1287 4753 in
1312 4700 1585 4754 Trecensi
1608 4698 1959 4755 bibliotheca
1971 4699 2078 4755 PP.
2093 4699 2337 4755 Oratorii
2352 4697 2699 4755 custoditur.
2716 4698 2859 4753 Hinc
2879 4715 2944 4753 ex
2961 4697 3253 4762 Quesnelli
3269 4699 3667 4755 notationibus
3680 4697 3833 4768 hujus

446 4782 806 4839 collectionis
828 4783 1104 4839 lectiones
1125 4784 1313 4857 colligi
1340 4787 1483 4841 satis
1516 4791 1639 4842 tute
1663 4787 2014 4858 potuissent.
2047 4787 2117 4842 Ut
2153 4792 2347 4843 autem
2394 4804 2461 4843 ex
2497 4804 2640 4843 novo
2684 4786 2880 4858 aliquo
2924 4791 2981 4843 et
3014 4786 3231 4860 insigni
3274 4786 3456 4859 hujus
3506 4783 3834 4845 collectionis

443 4870 842 4942 manuscripto
864 4870 1083 4942 aliquid
1108 4872 1465 4944 praecipuum
1496 4874 1631 4929 huic
1662 4874 1901 4930 editioni
1926 4876 2383 4943 accederet,cum
2412 4874 2644 4931 nullum
2665 4875 2963 4948 exemplar
2984 4876 3178 4931 Romae
3219 4880 3321 4931 aut
3345 4876 3485 4932 alibi
3510 4878 3567 4932 in
3590 4864 3744 4943 Italia
3760 4888 3833 4928 re-

443 4957 638 5032 perire
658 4958 908 5027 licuerit,
932 4959 991 5013 in
1010 4959 1383 5015 Germaniam
1403 4962 1763 5033 diligentiam
1806 4965 2235 5036 protendcntes,
2274 4965 2606 5019 invenimus
2648 4965 3116 5020 vetustissimum
3160 4965 3460 5038 exemplar
3500 4964 3831 5021 bibliotheca

442 5048 712 5103 Caesarea:
728 5046 1195 5103 Vindebonensis
1216 5049 1304 5115 39,
1328 5050 1571 5121 ejusque
1593 5050 2105 5123 diligentissimam
2136 5052 2509 5108 collationem
2542 5051 2763 5123 aliquot
2786 5052 2929 5107 locis
2948 5053 3333 5109 emendandis
3347 5054 3555 5110 utilem
3578 5066 3832 5127 procura-

440 5136 556 5192 vim
567 5135 824 5192 us.Alius
841 5134 1004 5206 ejusd
1014 5151 1107 5191 em
1127 5138 1394 5191 Caesareae
1415 5136 1775 5193 bibliothecae
1789 5140 1968 5196 codex
1987 5140 2395 5213 antiquus,sed
2413 5140 2755 5214 praecedenti
2774 5140 2933 5213 aliqu
2943 5145 3079 5196 anto
3091 5141 3455 5209 recentior,si
3462 5148 3670 5215 gnatus
3686 5152 3826 5196 num.

439 5227 530 5294 42,
545 5225 697 5281 hanc
714 5223 979 5281 eamdem
991 5222 1391 5280 collectionem
1414 5224 1710 5281 nonnullis
1735 5225 1970 5284 insertis
1991 5229 2407 5285 additamentis
2429 5229 2663 5286 exhibet
2692 5244 2705 5283 :
2731 5244 2868 5284 nam
2894 5229 2953 5283 in
2976 5229 3333 5286 Leone‘alias
3354 5229 3629 5303 epistolas
3649 5222 3827 5301 viginti

444 5312 753 5370 addititias
775 5309 991 5385 recepit
1010 5327 1078 5367 ex
1109 5310 1448 5367 collectione
1470 5310 1802 5384 Hispanica,
1845 5331 1948 5370 seu
1987 5317 2333 5390 Isidoriana,
2368 5319 2441 5373 de
2485 5318 2700 5389 quibus
2737 5322 2942 5389 postea
2981 5334 3141 5373 num.
3182 5318 3252 5374 47
3291 5324 3347 5375 et
3382 5319 3446 5375 21
3491 5320 3601 5375 erit
3640 5326 3825 5373 sermo.

437 5402 784 5460 Thuaneum
817 5417 1049 5475 quoque
1079 5399 1339 5456 codicem
1362 5398 1581 5473 aliquot
1599 5398 1997 5458 additamenta
2018 5406 2303 5478 recepisse
2322 5406 2445 5479 ipse
2464 5403 2810 5470 Quesnellus
2836 5405 2895 5460 in
2912 5405 3248 5478 praefatione
3269 5404 3531 5479 generali
3562 5397 3825 5466 indicavit,

432 5490 493 5548 in
516 5508 694 5563 quam
728 5491 929 5547 confer
963 5494 1227 5547 nostram
1254 5493 1454 5545 annot.
1476 5492 1527 5544 9.
1562 5488 1698 5561 (Col.
1724 5490 1813 5558 41,
1845 5507 1901 5546 η.
1937 5492 2017 5564 a.)

503 5579 590 5642 13.
615 5580 943 5659 Antequam
965 5581 1037 5639 ad
1058 5578 1173 5639 alia
1199 5576 2214 5656 progredimur,animadvertendum
2238 5583 2331 5641 hic
2355 5587 2444 5641 est
2461 5586 2715 5658 quatuor
2743 5598 2812 5640 ex
2843 5582 3181 5641 memoratis
3203 5582 3468 5658 quinque
3502 5574 3824 5643 collectioni-
