  <div class='ocr_page' id='page_1' title='image "/cluster/home/n/w/nwhite01/storage/ocr_20150623/54/uva.x000827097/286.png"; bbox 0 0 3946 6214; ppageno 0'>
   <div class='ocr_carea' id='block_1_1' title="bbox 68 3630 73 3677">
    <p class='ocr_par' dir='ltr' id='par_1_1' title="bbox 68 3630 73 3677">
     <span class='ocr_line' id='line_1_1' title="bbox 68 3630 73 3677; baseline 0 0"><span class='ocrx_word' id='word_1_1' title='bbox 68 3630 73 3677; x_wconf 59' lang='grc' dir='ltr'><em>γ</em></span> 
     </span>
    </p>
   </div>
   <div class='ocr_carea' id='block_1_2' title="bbox 68 3836 75 3905">
    <p class='ocr_par' dir='ltr' id='par_1_2' title="bbox 68 3836 75 3905">
     <span class='ocr_line' id='line_1_2' title="bbox 68 3836 75 3905; baseline 0 0"><span class='ocrx_word' id='word_1_2' title='bbox 68 3836 75 3905; x_wconf 69' lang='lat' dir='ltr'><strong>l</strong></span> 
     </span>
    </p>
   </div>
   <div class='ocr_carea' id='block_1_3' title="bbox 130 235 3552 308">
    <p class='ocr_par' dir='ltr' id='par_1_3' title="bbox 130 235 3552 308">
     <span class='ocr_line' id='line_1_3' title="bbox 130 235 3552 308; baseline 0.003 -12"><span class='ocrx_word' id='word_1_3' title='bbox 130 235 223 296; x_wconf 68' lang='lat'><strong>657</strong></span> <span class='ocrx_word' id='word_1_4' title='bbox 960 240 1374 302; x_wconf 63' lang='lat' dir='ltr'><strong>PREFATIO</strong></span> <span class='ocrx_word' id='word_1_5' title='bbox 1421 240 1498 302; x_wconf 90' lang='lat' dir='ltr'><strong>IN</strong></span> <span class='ocrx_word' id='word_1_6' title='bbox 1546 238 1975 302; x_wconf 84' lang='lat' dir='ltr'><strong>EPISTOLAS</strong></span> <span class='ocrx_word' id='word_1_7' title='bbox 2021 242 2086 303; x_wconf 92' lang='lat' dir='ltr'><strong>S.</strong></span> <span class='ocrx_word' id='word_1_8' title='bbox 2134 241 2414 303; x_wconf 88' lang='lat' dir='ltr'><strong>LEONIS</strong></span> <span class='ocrx_word' id='word_1_9' title='bbox 2458 240 2735 304; x_wconf 87' lang='lat' dir='ltr'><strong>MAGNI.</strong></span> <span class='ocrx_word' id='word_1_10' title='bbox 3124 280 3130 293; x_wconf 56' lang='grc' dir='ltr'><strong>κ</strong></span> <span class='ocrx_word' id='word_1_11' title='bbox 3431 246 3552 308; x_wconf 73' lang='grc'><strong>558</strong></span> 
     </span>
    </p>
   </div>
   <div class='ocr_carea' id='block_1_4' title="bbox 135 369 3554 449">
    <p class='ocr_par' dir='ltr' id='par_1_4' title="bbox 135 369 3554 449">
     <span class='ocr_line' id='line_1_4' title="bbox 135 369 3554 449; baseline 0.003 -24"><span class='ocrx_word' id='word_1_12' title='bbox 135 369 385 442; x_wconf 78' lang='lat' dir='ltr'><strong>bus,quae</strong></span> <span class='ocrx_word' id='word_1_13' title='bbox 408 370 764 442; x_wconf 68' lang='lat' dir='ltr'><strong>praeferunt</strong></span> <span class='ocrx_word' id='word_1_14' title='bbox 795 372 998 429; x_wconf 84' lang='lat' dir='ltr'><strong>Leonis</strong></span> <span class='ocrx_word' id='word_1_15' title='bbox 1029 371 1339 445; x_wconf 81' lang='lat' dir='ltr'><strong>epistolam</strong></span> <span class='ocrx_word' id='word_1_16' title='bbox 1373 372 1475 429; x_wconf 99' lang='lat'><strong>167</strong></span> <span class='ocrx_word' id='word_1_17' title='bbox 1505 373 1576 428; x_wconf 90' lang='lat' dir='ltr'><strong>ad</strong></span> <span class='ocrx_word' id='word_1_18' title='bbox 1598 373 2071 441; x_wconf 88' lang='lat' dir='ltr'><strong>Rusticum,eam</strong></span> <span class='ocrx_word' id='word_1_19' title='bbox 2084 373 2411 430; x_wconf 92' lang='lat' dir='ltr'><strong>describere</strong></span> <span class='ocrx_word' id='word_1_20' title='bbox 2428 386 2563 430; x_wconf 88' lang='lat' dir='ltr'><strong>cum</strong></span> <span class='ocrx_word' id='word_1_21' title='bbox 2585 373 3076 446; x_wconf 89' lang='lat' dir='ltr'><strong>Inquisitionibus</strong></span> <span class='ocrx_word' id='word_1_22' title='bbox 3095 375 3283 449; x_wconf 82' lang='lat' dir='ltr'><strong>ipsius</strong></span> <span class='ocrx_word' id='word_1_23' title='bbox 3305 376 3554 446; x_wconf 81' lang='lat' dir='ltr'><strong>Rustici,</strong></span> 
     </span>
    </p>
   </div>
   <div class='ocr_carea' id='block_1_5' title="bbox 143 459 3558 534">
    <p class='ocr_par' dir='ltr' id='par_1_5' title="bbox 143 459 3558 534">
     <span class='ocr_line' id='line_1_5' title="bbox 143 459 3558 534; baseline 0.003 -19"><span class='ocrx_word' id='word_1_24' title='bbox 143 476 245 533; x_wconf 73' lang='lat' dir='ltr'><strong>quae</strong></span> <span class='ocrx_word' id='word_1_25' title='bbox 274 459 344 515; x_wconf 91' lang='lat' dir='ltr'><strong>ad</strong></span> <span class='ocrx_word' id='word_1_26' title='bbox 373 460 573 533; x_wconf 84' lang='lat' dir='ltr'><strong>probe</strong></span> <span class='ocrx_word' id='word_1_27' title='bbox 604 459 1024 534; x_wconf 87' lang='lat' dir='ltr'><strong>intelligendas</strong></span> <span class='ocrx_word' id='word_1_28' title='bbox 1054 463 1112 517; x_wconf 91' lang='lat' dir='ltr'><strong>S.</strong></span> <span class='ocrx_word' id='word_1_29' title='bbox 1133 462 1429 534; x_wconf 80' lang='lat' dir='ltr'><strong>pontiﬁcis</strong></span> <span class='ocrx_word' id='word_1_30' title='bbox 1461 463 1873 534; x_wconf 79' lang='lat' dir='ltr'><strong>responsiones</strong></span> <span class='ocrx_word' id='word_1_31' title='bbox 1904 464 2244 521; x_wconf 82' lang='lat' dir='ltr'><strong>necessariae</strong></span> <span class='ocrx_word' id='word_1_32' title='bbox 2278 468 2436 520; x_wconf 90' lang='lat' dir='ltr'><strong>sunt.</strong></span> <span class='ocrx_word' id='word_1_33' title='bbox 2472 464 2616 519; x_wconf 90' lang='lat' dir='ltr'><strong>Hinc</strong></span> <span class='ocrx_word' id='word_1_34' title='bbox 2643 467 2838 520; x_wconf 86' lang='lat' dir='ltr'><strong>autem</strong></span> <span class='ocrx_word' id='word_1_35' title='bbox 2870 464 2930 519; x_wconf 92' lang='lat' dir='ltr'><strong>in</strong></span> <span class='ocrx_word' id='word_1_36' title='bbox 2961 465 3274 523; x_wconf 82' lang='lat' dir='ltr'><strong>editionem</strong></span> <span class='ocrx_word' id='word_1_37' title='bbox 3295 472 3558 524; x_wconf 91' lang='lat' dir='ltr'><strong>nostram</strong></span> 
     </span>
    </p>
   </div>
   <div class='ocr_carea' id='block_1_6' title="bbox 145 548 3560 627">
    <p class='ocr_par' dir='ltr' id='par_1_6' title="bbox 145 548 3560 627">
     <span class='ocr_line' id='line_1_6' title="bbox 145 548 3560 627; baseline 0.002 -19"><span class='ocrx_word' id='word_1_38' title='bbox 145 550 215 608; x_wconf 68' lang='lat' dir='ltr'><strong>lliB</strong></span> <span class='ocrx_word' id='word_1_39' title='bbox 235 548 619 608; x_wconf 87' lang='lat' dir='ltr'><strong>collectiones</strong></span> <span class='ocrx_word' id='word_1_40' title='bbox 651 556 979 607; x_wconf 89' lang='lat' dir='ltr'><strong>noscuntur</strong></span> <span class='ocrx_word' id='word_1_41' title='bbox 1009 552 1377 624; x_wconf 72' lang='lat' dir='ltr'><strong>praeferendas</strong></span> <span class='ocrx_word' id='word_1_42' title='bbox 1400 552 1725 609; x_wconf 74' lang='lat' dir='ltr'><strong>collectioni</strong></span> <span class='ocrx_word' id='word_1_43' title='bbox 1741 553 2022 627; x_wconf 80' lang='lat' dir='ltr'><strong>Dionysii,</strong></span> <span class='ocrx_word' id='word_1_44' title='bbox 2039 553 2142 625; x_wconf 88' lang='lat' dir='ltr'><strong>qui</strong></span> <span class='ocrx_word' id='word_1_45' title='bbox 2172 570 2306 609; x_wconf 91' lang='lat' dir='ltr'><strong>cum</strong></span> <span class='ocrx_word' id='word_1_46' title='bbox 2327 569 2396 609; x_wconf 82' lang='lat' dir='ltr'><strong>ex</strong></span> <span class='ocrx_word' id='word_1_47' title='bbox 2425 570 2533 609; x_wconf 90' lang='lat' dir='ltr'><strong>sua</strong></span> <span class='ocrx_word' id='word_1_48' title='bbox 2555 554 2827 611; x_wconf 91' lang='lat' dir='ltr'><strong>methodo</strong></span> <span class='ocrx_word' id='word_1_49' title='bbox 2850 554 3339 626; x_wconf 88' lang='lat' dir='ltr'><strong>Inquisitionibus</strong></span> <span class='ocrx_word' id='word_1_50' title='bbox 3354 554 3560 614; x_wconf 82' lang='lat' dir='ltr'><strong>titulos</strong></span> 
     </span>
    </p>
   </div>
   <div class='ocr_carea' id='block_1_7' title="bbox 152 639 3566 720">
    <p class='ocr_par' dir='ltr' id='par_1_7' title="bbox 152 639 3566 720">
     <span class='ocr_line' id='line_1_7' title="bbox 152 639 3566 720; baseline 0.003 -25"><span class='ocrx_word' id='word_1_51' title='bbox 152 639 518 720; x_wconf 64' lang='lat' dir='ltr'><strong>supposuerit,</strong></span> <span class='ocrx_word' id='word_1_52' title='bbox 535 656 676 695; x_wconf 87' lang='lat' dir='ltr'><strong>eam</strong></span> <span class='ocrx_word' id='word_1_53' title='bbox 702 639 1012 712; x_wconf 84' lang='lat' dir='ltr'><strong>epistolam</strong></span> <span class='ocrx_word' id='word_1_54' title='bbox 1035 657 1139 696; x_wconf 91' lang='lat' dir='ltr'><strong>nec</strong></span> <span class='ocrx_word' id='word_1_55' title='bbox 1161 640 1402 697; x_wconf 87' lang='lat' dir='ltr'><strong>omnino</strong></span> <span class='ocrx_word' id='word_1_56' title='bbox 1415 640 1703 714; x_wconf 84' lang='lat' dir='ltr'><strong>integram</strong></span> <span class='ocrx_word' id='word_1_57' title='bbox 1725 658 1831 696; x_wconf 91' lang='lat' dir='ltr'><strong>nec</strong></span> <span class='ocrx_word' id='word_1_58' title='bbox 1849 641 2026 698; x_wconf 84' lang='lat' dir='ltr'><strong>talem</strong></span> <span class='ocrx_word' id='word_1_59' title='bbox 2044 641 2427 714; x_wconf 86' lang='lat' dir='ltr'><strong>ediditqualis</strong></span> <span class='ocrx_word' id='word_1_60' title='bbox 2443 644 2675 699; x_wconf 89' lang='lat' dir='ltr'><strong>aLeone</strong></span> <span class='ocrx_word' id='word_1_61' title='bbox 2690 659 2825 699; x_wconf 88' lang='lat' dir='ltr'><strong>cum</strong></span> <span class='ocrx_word' id='word_1_62' title='bbox 2842 643 3329 716; x_wconf 89' lang='lat' dir='ltr'><strong>Inquisitionibus</strong></span> <span class='ocrx_word' id='word_1_63' title='bbox 3342 646 3566 720; x_wconf 87' lang='lat' dir='ltr'><strong>scripta</strong></span> 
     </span>
    </p>
   </div>
   <div class='ocr_carea' id='block_1_8' title="bbox 155 713 3563 808">
    <p class='ocr_par' dir='ltr' id='par_1_8' title="bbox 155 713 3563 808">
     <span class='ocr_line' id='line_1_8' title="bbox 155 713 3563 808; baseline 0.003 -24"><span class='ocrx_word' id='word_1_64' title='bbox 155 713 401 785; x_wconf 71' lang='lat' dir='ltr'><strong>fuit.IIinc</strong></span> <span class='ocrx_word' id='word_1_65' title='bbox 422 729 616 785; x_wconf 87' lang='lat' dir='ltr'><strong>etiam</strong></span> <span class='ocrx_word' id='word_1_66' title='bbox 641 728 1022 802; x_wconf 86' lang='lat' dir='ltr'><strong>agnoscimus</strong></span> <span class='ocrx_word' id='word_1_67' title='bbox 1051 729 1263 787; x_wconf 89' lang='lat' dir='ltr'><strong>harum</strong></span> <span class='ocrx_word' id='word_1_68' title='bbox 1289 713 1702 786; x_wconf 86' lang='lat' dir='ltr'><strong>collectionum</strong></span> <span class='ocrx_word' id='word_1_69' title='bbox 1732 730 2018 802; x_wconf 79' lang='lat' dir='ltr'><strong>originem</strong></span> <span class='ocrx_word' id='word_1_70' title='bbox 2047 748 2081 788; x_wconf 91' lang='lat' dir='ltr'><strong>a</strong></span> <span class='ocrx_word' id='word_1_71' title='bbox 2100 713 2377 803; x_wconf 80' lang='lat' dir='ltr'><strong>Dyonisio</strong></span> <span class='ocrx_word' id='word_1_72' title='bbox 2408 731 2527 805; x_wconf 87' lang='lat' dir='ltr'><strong>peti</strong></span> <span class='ocrx_word' id='word_1_73' title='bbox 2552 749 2668 788; x_wconf 90' lang='lat' dir='ltr'><strong>non</strong></span> <span class='ocrx_word' id='word_1_74' title='bbox 2700 713 3003 805; x_wconf 76' lang='lat' dir='ltr'><strong>posse,sed</strong></span> <span class='ocrx_word' id='word_1_75' title='bbox 3034 733 3107 791; x_wconf 90' lang='lat' dir='ltr'><strong>ab</strong></span> <span class='ocrx_word' id='word_1_76' title='bbox 3125 713 3563 808; x_wconf 74' lang='lat' dir='ltr'><strong>exemplaribus</strong></span> 
     </span>
    </p>
   </div>
   <div class='ocr_carea' id='block_1_9' title="bbox 160 817 1082 891">
    <p class='ocr_par' dir='ltr' id='par_1_9' title="bbox 160 817 1082 891">
     <span class='ocr_line' id='line_1_9' title="bbox 160 817 1082 891; baseline -0.003 -15"><span class='ocrx_word' id='word_1_77' title='bbox 160 817 572 891; x_wconf 81' lang='lat' dir='ltr'><strong>antiquioribus</strong></span> <span class='ocrx_word' id='word_1_78' title='bbox 607 821 790 890; x_wconf 88' lang='lat' dir='ltr'><strong>atque</strong></span> <span class='ocrx_word' id='word_1_79' title='bbox 818 817 1082 875; x_wconf 88' lang='lat' dir='ltr'><strong>sinceris.</strong></span> 
     </span>
    </p>
   </div>
   <div class='ocr_carea' id='block_1_10' title="bbox 783 933 2916 1000">
    <p class='ocr_par' dir='ltr' id='par_1_10' title="bbox 783 933 2916 1000">
     <span class='ocr_line' id='line_1_10' title="bbox 783 933 2916 1000; baseline 0 -14"><span class='ocrx_word' id='word_1_80' title='bbox 783 937 808 995; x_wconf 88' lang='lat'><strong>§</strong></span> <span class='ocrx_word' id='word_1_81' title='bbox 841 935 950 986; x_wconf 89' lang='lat' dir='ltr'><strong>VII.</strong></span> <span class='ocrx_word' id='word_1_82' title='bbox 982 936 1052 985; x_wconf 89' lang='lat' dir='ltr'><strong>De</strong></span> <span class='ocrx_word' id='word_1_83' title='bbox 1085 934 1397 986; x_wconf 87' lang='lat' dir='ltr'><strong>collectione</strong></span> <span class='ocrx_word' id='word_1_84' title='bbox 1428 939 1579 985; x_wconf 84' lang='lat' dir='ltr'><strong>sexta</strong></span> <span class='ocrx_word' id='word_1_85' title='bbox 1607 935 1845 999; x_wconf 81' lang='lat' dir='ltr'><strong>Dionysii</strong></span> <span class='ocrx_word' id='word_1_86' title='bbox 1874 934 2082 1000; x_wconf 71' lang='lat' dir='ltr'><strong>EXigui,</strong></span> <span class='ocrx_word' id='word_1_87' title='bbox 2106 938 2159 984; x_wconf 88' lang='lat' dir='ltr'><strong>et</strong></span> <span class='ocrx_word' id='word_1_88' title='bbox 2187 933 2251 984; x_wconf 90' lang='lat' dir='ltr'><strong>de</strong></span> <span class='ocrx_word' id='word_1_89' title='bbox 2292 934 2600 985; x_wconf 86' lang='lat' dir='ltr'><strong>collectione</strong></span> <span class='ocrx_word' id='word_1_90' title='bbox 2628 937 2916 987; x_wconf 87' lang='lat' dir='ltr'><strong>Cresconii.</strong></span> 
     </span>
    </p>
   </div>
   <div class='ocr_carea' id='block_1_11' title="bbox 216 1039 3556 1123">
    <p class='ocr_par' dir='ltr' id='par_1_11' title="bbox 216 1039 3556 1123">
     <span class='ocr_line' id='line_1_11' title="bbox 216 1039 3556 1123; baseline 0.003 -28"><span class='ocrx_word' id='word_1_91' title='bbox 216 1041 294 1095; x_wconf 73' lang='grc'><strong>14.</strong></span> <span class='ocrx_word' id='word_1_92' title='bbox 316 1041 483 1096; x_wconf 80' lang='lat' dir='ltr'><strong>Sexta</strong></span> <span class='ocrx_word' id='word_1_93' title='bbox 513 1039 787 1096; x_wconf 86' lang='lat' dir='ltr'><strong>collectio</strong></span> <span class='ocrx_word' id='word_1_94' title='bbox 817 1046 905 1095; x_wconf 90' lang='lat' dir='ltr'><strong>est</strong></span> <span class='ocrx_word' id='word_1_95' title='bbox 936 1040 1308 1114; x_wconf 89' lang='lat' dir='ltr'><strong>Dionysiana.</strong></span> <span class='ocrx_word' id='word_1_96' title='bbox 1345 1041 1407 1097; x_wconf 92' lang='lat' dir='ltr'><strong>In</strong></span> <span class='ocrx_word' id='word_1_97' title='bbox 1440 1042 1548 1097; x_wconf 90' lang='lat' dir='ltr'><strong>hac</strong></span> <span class='ocrx_word' id='word_1_98' title='bbox 1573 1041 1678 1103; x_wconf 92' lang='lat' dir='ltr'><strong>(uti</strong></span> <span class='ocrx_word' id='word_1_99' title='bbox 1709 1059 1743 1098; x_wconf 93' lang='lat' dir='ltr'><strong>a</strong></span> <span class='ocrx_word' id='word_1_100' title='bbox 1772 1041 2047 1114; x_wconf 84' lang='lat' dir='ltr'><strong>Dionysio</strong></span> <span class='ocrx_word' id='word_1_101' title='bbox 2077 1041 2305 1114; x_wconf 78' lang='lat' dir='ltr'><strong>Exiguo</strong></span> <span class='ocrx_word' id='word_1_102' title='bbox 2328 1042 2437 1098; x_wconf 90' lang='lat' dir='ltr'><strong>sub</strong></span> <span class='ocrx_word' id='word_1_103' title='bbox 2469 1041 2791 1099; x_wconf 71' lang='lat' dir='ltr'><strong>Hormisdaa</strong></span> <span class='ocrx_word' id='word_1_104' title='bbox 2814 1043 3079 1116; x_wconf 78' lang='lat' dir='ltr'><strong>tempora</strong></span> <span class='ocrx_word' id='word_1_105' title='bbox 3099 1044 3409 1104; x_wconf 88' lang='lat' dir='ltr'><strong>lucubrata</strong></span> <span class='ocrx_word' id='word_1_106' title='bbox 3425 1048 3556 1123; x_wconf 84' lang='lat' dir='ltr'><strong>fuit)</strong></span> 
     </span>
    </p>
   </div>
   <div class='ocr_carea' id='block_1_12' title="bbox 155 1128 3558 1203">
    <p class='ocr_par' dir='ltr' id='par_1_12' title="bbox 155 1128 3558 1203">
     <span class='ocr_line' id='line_1_12' title="bbox 155 1128 3558 1203; baseline 0.003 -19"><span class='ocrx_word' id='word_1_107' title='bbox 155 1132 357 1201; x_wconf 84' lang='lat' dir='ltr'><strong>septem</strong></span> <span class='ocrx_word' id='word_1_108' title='bbox 378 1132 616 1184; x_wconf 85' lang='lat' dir='ltr'><strong>tantum</strong></span> <span class='ocrx_word' id='word_1_109' title='bbox 640 1128 855 1184; x_wconf 85' lang='lat' dir='ltr'><strong>Leonis</strong></span> <span class='ocrx_word' id='word_1_110' title='bbox 873 1129 1129 1201; x_wconf 69' lang='lat' dir='ltr'><strong>epistolae</strong></span> <span class='ocrx_word' id='word_1_111' title='bbox 1154 1134 1548 1195; x_wconf 89' lang='lat' dir='ltr'><strong>recensentur,</strong></span> <span class='ocrx_word' id='word_1_112' title='bbox 1582 1129 1860 1185; x_wconf 89' lang='lat' dir='ltr'><strong>nimirum</strong></span> <span class='ocrx_word' id='word_1_113' title='bbox 1898 1147 1910 1184; x_wconf 93' lang='lat'>:</span> <span class='ocrx_word' id='word_1_114' title='bbox 1947 1130 1989 1197; x_wconf 89' lang='grc' dir='ltr'><strong>Ι,</strong></span> <span class='ocrx_word' id='word_1_115' title='bbox 2023 1129 2334 1202; x_wconf 80' lang='lat' dir='ltr'><strong>Campanis</strong></span> <span class='ocrx_word' id='word_1_116' title='bbox 2366 1129 2614 1201; x_wconf 86' lang='lat' dir='ltr'><strong>cpistola</strong></span> <span class='ocrx_word' id='word_1_117' title='bbox 2642 1135 2854 1186; x_wconf 75' lang='lat' dir='ltr'><strong>nostrae</strong></span> <span class='ocrx_word' id='word_1_118' title='bbox 2895 1133 3170 1189; x_wconf 85' lang='lat' dir='ltr'><strong>editionis</strong></span> <span class='ocrx_word' id='word_1_119' title='bbox 3197 1136 3229 1189; x_wconf 87' lang='grc'><strong>4</strong></span> <span class='ocrx_word' id='word_1_120' title='bbox 3256 1151 3269 1189; x_wconf 88' lang='lat'><strong>:</strong></span> <span class='ocrx_word' id='word_1_121' title='bbox 3293 1135 3361 1203; x_wconf 92' lang='lat' dir='ltr'><strong>II,</strong></span> <span class='ocrx_word' id='word_1_122' title='bbox 3395 1137 3558 1194; x_wconf 88' lang='lat' dir='ltr'><strong>Italis</strong></span> 
     </span>
    </p>
   </div>
   <div class='ocr_carea' id='block_1_13' title="bbox 150 1216 3558 1295">
    <p class='ocr_par' dir='ltr' id='par_1_13' title="bbox 150 1216 3558 1295">
     <span class='ocr_line' id='line_1_13' title="bbox 150 1216 3558 1295; baseline 0.002 -22"><span class='ocrx_word' id='word_1_123' title='bbox 150 1216 379 1290; x_wconf 81' lang='lat' dir='ltr'><strong>epistola</strong></span> <span class='ocrx_word' id='word_1_124' title='bbox 402 1220 441 1271; x_wconf 88' lang='lat'><strong>7</strong></span> <span class='ocrx_word' id='word_1_125' title='bbox 464 1237 478 1284; x_wconf 90' lang='lat'><strong>;</strong></span> <span class='ocrx_word' id='word_1_126' title='bbox 499 1219 601 1284; x_wconf 89' lang='lat' dir='ltr'><strong>III,</strong></span> <span class='ocrx_word' id='word_1_127' title='bbox 628 1217 845 1274; x_wconf 87' lang='lat' dir='ltr'><strong>Siculis</strong></span> <span class='ocrx_word' id='word_1_128' title='bbox 866 1219 1035 1291; x_wconf 88' lang='lat' dir='ltr'><strong>epist.</strong></span> <span class='ocrx_word' id='word_1_129' title='bbox 1062 1220 1167 1287; x_wconf 89' lang='lat'><strong>16;</strong></span> <span class='ocrx_word' id='word_1_130' title='bbox 1193 1219 1285 1285; x_wconf 92' lang='lat' dir='ltr'><strong>IV,</strong></span> <span class='ocrx_word' id='word_1_131' title='bbox 1311 1218 1590 1276; x_wconf 87' lang='lat' dir='ltr'><strong>Januario</strong></span> <span class='ocrx_word' id='word_1_132' title='bbox 1621 1218 1975 1295; x_wconf 86' lang='lat' dir='ltr'><strong>Aquileiensi</strong></span> <span class='ocrx_word' id='word_1_133' title='bbox 2009 1219 2178 1291; x_wconf 89' lang='lat' dir='ltr'><strong>epist.</strong></span> <span class='ocrx_word' id='word_1_134' title='bbox 2204 1219 2271 1275; x_wconf 76' lang='grc'><strong>18</strong></span> <span class='ocrx_word' id='word_1_135' title='bbox 2297 1237 2309 1286; x_wconf 89' lang='grc'>;</span> <span class='ocrx_word' id='word_1_136' title='bbox 2337 1219 2407 1285; x_wconf 90' lang='lat' dir='ltr'><strong>V,</strong></span> <span class='ocrx_word' id='word_1_137' title='bbox 2429 1219 2672 1276; x_wconf 90' lang='lat' dir='ltr'><strong>Rustico</strong></span> <span class='ocrx_word' id='word_1_138' title='bbox 2691 1220 3056 1278; x_wconf 87' lang='lat' dir='ltr'><strong>Narbonensi</strong></span> <span class='ocrx_word' id='word_1_139' title='bbox 3086 1222 3258 1295; x_wconf 87' lang='lat' dir='ltr'><strong>epist.</strong></span> <span class='ocrx_word' id='word_1_140' title='bbox 3298 1225 3429 1293; x_wconf 90' lang='lat'><strong>167;</strong></span> <span class='ocrx_word' id='word_1_141' title='bbox 3458 1225 3558 1295; x_wconf 92' lang='lat' dir='ltr'><strong>VI,</strong></span> 
     </span>
    </p>
   </div>
   <div class='ocr_carea' id='block_1_14' title="bbox 142 1305 3560 1385">
    <p class='ocr_par' dir='ltr' id='par_1_14' title="bbox 142 1305 3560 1385">
     <span class='ocr_line' id='line_1_14' title="bbox 142 1305 3560 1385; baseline 0.003 -23"><span class='ocrx_word' id='word_1_142' title='bbox 142 1306 438 1363; x_wconf 80' lang='lat' dir='ltr'><strong>Anastasio</strong></span> <span class='ocrx_word' id='word_1_143' title='bbox 458 1305 974 1362; x_wconf 88' lang='lat' dir='ltr'><strong>Thessalonicensi</strong></span> <span class='ocrx_word' id='word_1_144' title='bbox 1000 1307 1257 1380; x_wconf 75' lang='lat' dir='ltr'><strong>epist.14</strong></span> <span class='ocrx_word' id='word_1_145' title='bbox 1281 1307 1434 1375; x_wconf 92' lang='lat' dir='ltr'><strong>;VII,</strong></span> <span class='ocrx_word' id='word_1_146' title='bbox 1460 1307 1672 1363; x_wconf 66' lang='lat' dir='ltr'><strong>Nicetes</strong></span> <span class='ocrx_word' id='word_1_147' title='bbox 1698 1307 2050 1378; x_wconf 87' lang='lat' dir='ltr'><strong>Aquileiensi</strong></span> <span class='ocrx_word' id='word_1_148' title='bbox 2084 1307 2255 1379; x_wconf 89' lang='lat' dir='ltr'><strong>epist.</strong></span> <span class='ocrx_word' id='word_1_149' title='bbox 2306 1308 2426 1362; x_wconf 90' lang='lat'><strong>159.</strong></span> <span class='ocrx_word' id='word_1_150' title='bbox 2450 1306 2579 1363; x_wconf 89' lang='lat' dir='ltr'><strong>Alia</strong></span> <span class='ocrx_word' id='word_1_151' title='bbox 2611 1308 2818 1365; x_wconf 91' lang='lat' dir='ltr'><strong>Leonis</strong></span> <span class='ocrx_word' id='word_1_152' title='bbox 2859 1309 3105 1382; x_wconf 86' lang='lat' dir='ltr'><strong>epistola</strong></span> <span class='ocrx_word' id='word_1_153' title='bbox 3151 1312 3225 1366; x_wconf 93' lang='lat' dir='ltr'><strong>ad</strong></span> <span class='ocrx_word' id='word_1_154' title='bbox 3257 1308 3560 1385; x_wconf 84' lang='lat' dir='ltr'><strong>episcopos</strong></span> 
     </span>
    </p>
   </div>
   <div class='ocr_carea' id='block_1_15' title="bbox 143 1394 3560 1469">
    <p class='ocr_par' dir='ltr' id='par_1_15' title="bbox 143 1394 3560 1469">
     <span class='ocr_line' id='line_1_15' title="bbox 143 1394 3560 1469; baseline 0.002 -17"><span class='ocrx_word' id='word_1_155' title='bbox 143 1395 522 1467; x_wconf 64' lang='lat' dir='ltr'><strong>Mauros,que</strong></span> <span class='ocrx_word' id='word_1_156' title='bbox 556 1396 618 1450; x_wconf 89' lang='lat' dir='ltr'><strong>in</strong></span> <span class='ocrx_word' id='word_1_157' title='bbox 651 1394 905 1468; x_wconf 86' lang='lat' dir='ltr'><strong>vulgatis</strong></span> <span class='ocrx_word' id='word_1_158' title='bbox 937 1396 1195 1468; x_wconf 73' lang='lat' dir='ltr'><strong>Dionysii</strong></span> <span class='ocrx_word' id='word_1_159' title='bbox 1226 1396 1459 1469; x_wconf 85' lang='lat' dir='ltr'><strong>legitur,</strong></span> <span class='ocrx_word' id='word_1_160' title='bbox 1493 1395 1917 1468; x_wconf 81' lang='lat' dir='ltr'><strong>posterioribus</strong></span> <span class='ocrx_word' id='word_1_161' title='bbox 1950 1396 2376 1452; x_wconf 85' lang='lat' dir='ltr'><strong>additamentis</strong></span> <span class='ocrx_word' id='word_1_162' title='bbox 2406 1397 2720 1453; x_wconf 91' lang='lat' dir='ltr'><strong>tribuenda</strong></span> <span class='ocrx_word' id='word_1_163' title='bbox 2748 1401 2933 1469; x_wconf 90' lang='lat' dir='ltr'><strong>est,ut</strong></span> <span class='ocrx_word' id='word_1_164' title='bbox 2954 1398 3194 1455; x_wconf 82' lang='lat' dir='ltr'><strong>suolcco</strong></span> <span class='ocrx_word' id='word_1_165' title='bbox 3209 1400 3560 1468; x_wconf 88' lang='lat' dir='ltr'><strong>videbimus.</strong></span> 
     </span>
    </p>
   </div>
   <div class='ocr_carea' id='block_1_16' title="bbox 145 1483 3567 1556">
    <p class='ocr_par' dir='ltr' id='par_1_16' title="bbox 145 1483 3567 1556">
     <span class='ocr_line' id='line_1_16' title="bbox 145 1483 3567 1556; baseline 0.001 -16"><span class='ocrx_word' id='word_1_166' title='bbox 145 1483 694 1555; x_wconf 83' lang='lat' dir='ltr'><strong>Hujuscollectionis</strong></span> <span class='ocrx_word' id='word_1_167' title='bbox 716 1500 858 1540; x_wconf 87' lang='lat' dir='ltr'><strong>mss.</strong></span> <span class='ocrx_word' id='word_1_168' title='bbox 878 1483 1010 1538; x_wconf 89' lang='lat' dir='ltr'><strong>libri</strong></span> <span class='ocrx_word' id='word_1_169' title='bbox 1034 1483 1135 1556; x_wconf 87' lang='lat' dir='ltr'><strong>qui</strong></span> <span class='ocrx_word' id='word_1_170' title='bbox 1158 1484 1577 1540; x_wconf 88' lang='lat' dir='ltr'><strong>additamentis</strong></span> <span class='ocrx_word' id='word_1_171' title='bbox 1596 1483 1835 1540; x_wconf 89' lang='lat' dir='ltr'><strong>insertis</strong></span> <span class='ocrx_word' id='word_1_172' title='bbox 1848 1487 2102 1550; x_wconf 87' lang='lat' dir='ltr'><strong>careant,</strong></span> <span class='ocrx_word' id='word_1_173' title='bbox 2120 1484 2263 1539; x_wconf 88' lang='lat' dir='ltr'><strong>adeo</strong></span> <span class='ocrx_word' id='word_1_174' title='bbox 2287 1483 2400 1539; x_wconf 90' lang='lat' dir='ltr'><strong>rari</strong></span> <span class='ocrx_word' id='word_1_175' title='bbox 2423 1488 2663 1552; x_wconf 88' lang='lat' dir='ltr'><strong>sunt,ut</strong></span> <span class='ocrx_word' id='word_1_176' title='bbox 2687 1485 2803 1541; x_wconf 92' lang='lat' dir='ltr'><strong>duo</strong></span> <span class='ocrx_word' id='word_1_177' title='bbox 2825 1489 3055 1542; x_wconf 88' lang='lat' dir='ltr'><strong>tantum</strong></span> <span class='ocrx_word' id='word_1_178' title='bbox 3077 1486 3361 1544; x_wconf 88' lang='lat' dir='ltr'><strong>hactenus</strong></span> <span class='ocrx_word' id='word_1_179' title='bbox 3378 1491 3567 1545; x_wconf 86' lang='lat' dir='ltr'><strong>nomi-</strong></span> 
     </span>
    </p>
   </div>
   <div class='ocr_carea' id='block_1_17' title="bbox 144 1572 3566 1652">
    <p class='ocr_par' dir='ltr' id='par_1_17' title="bbox 144 1572 3566 1652">
     <span class='ocr_line' id='line_1_17' title="bbox 144 1572 3566 1652; baseline 0.002 -24"><span class='ocrx_word' id='word_1_180' title='bbox 144 1577 365 1641; x_wconf 76' lang='lat' dir='ltr'><strong>nentur,</strong></span> <span class='ocrx_word' id='word_1_181' title='bbox 384 1573 711 1629; x_wconf 79' lang='lat' dir='ltr'><strong>Vaticanus</strong></span> <span class='ocrx_word' id='word_1_182' title='bbox 741 1577 804 1629; x_wconf 88' lang='lat' dir='ltr'><strong>et</strong></span> <span class='ocrx_word' id='word_1_183' title='bbox 836 1573 1050 1646; x_wconf 83' lang='lat' dir='ltr'><strong>Regius</strong></span> <span class='ocrx_word' id='word_1_184' title='bbox 1078 1572 1620 1629; x_wconf 87' lang='lat' dir='ltr'><strong>Parisiensis.Intcr</strong></span> <span class='ocrx_word' id='word_1_185' title='bbox 1649 1573 1756 1629; x_wconf 90' lang='lat' dir='ltr'><strong>hos</strong></span> <span class='ocrx_word' id='word_1_186' title='bbox 1783 1573 2038 1629; x_wconf 82' lang='lat' dir='ltr'><strong>maxime</strong></span> <span class='ocrx_word' id='word_1_187' title='bbox 2070 1574 2519 1629; x_wconf 88' lang='lat' dir='ltr'><strong>commendatur</strong></span> <span class='ocrx_word' id='word_1_188' title='bbox 2540 1573 2858 1630; x_wconf 89' lang='lat' dir='ltr'><strong>Vaticanus</strong></span> <span class='ocrx_word' id='word_1_189' title='bbox 2878 1576 3039 1643; x_wconf 85' lang='grc'>5845,</span> <span class='ocrx_word' id='word_1_190' title='bbox 3057 1591 3232 1648; x_wconf 90' lang='lat' dir='ltr'><strong>quem</strong></span> <span class='ocrx_word' id='word_1_191' title='bbox 3255 1577 3566 1652; x_wconf 86' lang='lat' dir='ltr'><strong>diligenter</strong></span> 
     </span>
    </p>
   </div>
   <div class='ocr_carea' id='block_1_18' title="bbox 146 1661 520 1718">
    <p class='ocr_par' dir='ltr' id='par_1_18' title="bbox 146 1661 520 1718">
     <span class='ocr_line' id='line_1_18' title="bbox 146 1661 520 1718; baseline 0.005 -2"><span class='ocrx_word' id='word_1_192' title='bbox 146 1661 520 1718; x_wconf 84' lang='lat' dir='ltr'><strong>contulimus.</strong></span> 
     </span>
    </p>
   </div>
   <div class='ocr_carea' id='block_1_19' title="bbox 205 1749 3562 1826">
    <p class='ocr_par' dir='ltr' id='par_1_19' title="bbox 205 1749 3562 1826">
     <span class='ocr_line' id='line_1_19' title="bbox 205 1749 3562 1826; baseline 0.002 -19"><span class='ocrx_word' id='word_1_193' title='bbox 205 1752 292 1807; x_wconf 88' lang='grc'><strong>15.</strong></span> <span class='ocrx_word' id='word_1_194' title='bbox 316 1756 464 1808; x_wconf 79' lang='lat' dir='ltr'><strong>Cum</strong></span> <span class='ocrx_word' id='word_1_195' title='bbox 488 1768 627 1807; x_wconf 87' lang='lat' dir='ltr'><strong>vero</strong></span> <span class='ocrx_word' id='word_1_196' title='bbox 652 1768 814 1823; x_wconf 74' lang='lat' dir='ltr'><strong>purae</strong></span> <span class='ocrx_word' id='word_1_197' title='bbox 837 1750 1201 1823; x_wconf 72' lang='lat' dir='ltr'><strong>Dionysianae</strong></span> <span class='ocrx_word' id='word_1_198' title='bbox 1233 1750 1655 1824; x_wconf 88' lang='lat' dir='ltr'><strong>manuscriptis</strong></span> <span class='ocrx_word' id='word_1_199' title='bbox 1677 1768 1822 1807; x_wconf 90' lang='lat' dir='ltr'><strong>usus</strong></span> <span class='ocrx_word' id='word_1_200' title='bbox 1844 1751 1920 1807; x_wconf 89' lang='lat' dir='ltr'><strong>sit</strong></span> <span class='ocrx_word' id='word_1_201' title='bbox 1941 1749 2285 1807; x_wconf 88' lang='lat' dir='ltr'><strong>Cresconius</strong></span> <span class='ocrx_word' id='word_1_202' title='bbox 2305 1750 2633 1822; x_wconf 82' lang='lat' dir='ltr'><strong>Africanus,</strong></span> <span class='ocrx_word' id='word_1_203' title='bbox 2658 1751 2757 1825; x_wconf 92' lang='lat' dir='ltr'><strong>qui</strong></span> <span class='ocrx_word' id='word_1_204' title='bbox 2788 1755 2971 1809; x_wconf 90' lang='lat' dir='ltr'><strong>totam</strong></span> <span class='ocrx_word' id='word_1_205' title='bbox 2994 1752 3252 1826; x_wconf 84' lang='lat' dir='ltr'><strong>Dionysii</strong></span> <span class='ocrx_word' id='word_1_206' title='bbox 3275 1754 3562 1814; x_wconf 91' lang='lat' dir='ltr'><strong>collectio-</strong></span> 
     </span>
    </p>
   </div>
   <div class='ocr_carea' id='block_1_20' title="bbox 140 1838 3555 1916">
    <p class='ocr_par' dir='ltr' id='par_1_20' title="bbox 140 1838 3555 1916">
     <span class='ocr_line' id='line_1_20' title="bbox 140 1838 3555 1916; baseline 0.003 -22"><span class='ocrx_word' id='word_1_207' title='bbox 140 1856 265 1895; x_wconf 86' lang='lat' dir='ltr'><strong>nem</strong></span> <span class='ocrx_word' id='word_1_208' title='bbox 281 1840 343 1895; x_wconf 92' lang='lat' dir='ltr'><strong>in</strong></span> <span class='ocrx_word' id='word_1_209' title='bbox 365 1843 556 1896; x_wconf 87' lang='lat' dir='ltr'><strong>certos</strong></span> <span class='ocrx_word' id='word_1_210' title='bbox 575 1839 777 1895; x_wconf 87' lang='lat' dir='ltr'><strong>titulos</strong></span> <span class='ocrx_word' id='word_1_211' title='bbox 799 1838 1176 1895; x_wconf 89' lang='lat' dir='ltr'><strong>distributam</strong></span> <span class='ocrx_word' id='word_1_212' title='bbox 1197 1856 1304 1895; x_wconf 92' lang='lat' dir='ltr'><strong>suo</strong></span> <span class='ocrx_word' id='word_1_213' title='bbox 1318 1839 1477 1912; x_wconf 90' lang='lat' dir='ltr'><strong>operi</strong></span> <span class='ocrx_word' id='word_1_214' title='bbox 1500 1838 2002 1907; x_wconf 90' lang='lat' dir='ltr'><strong>inseruit,codices</strong></span> <span class='ocrx_word' id='word_1_215' title='bbox 2025 1839 2393 1896; x_wconf 87' lang='lat' dir='ltr'><strong>Cresconiani</strong></span> <span class='ocrx_word' id='word_1_216' title='bbox 2408 1858 2511 1913; x_wconf 89' lang='lat' dir='ltr'><strong>pro</strong></span> <span class='ocrx_word' id='word_1_217' title='bbox 2524 1841 2688 1913; x_wconf 91' lang='lat' dir='ltr'><strong>puris</strong></span> <span class='ocrx_word' id='word_1_218' title='bbox 2701 1840 3071 1914; x_wconf 88' lang='lat' dir='ltr'><strong>Dienysianis</strong></span> <span class='ocrx_word' id='word_1_219' title='bbox 3094 1843 3297 1900; x_wconf 89' lang='lat' dir='ltr'><strong>haberi</strong></span> <span class='ocrx_word' id='word_1_220' title='bbox 3310 1851 3555 1916; x_wconf 90' lang='lat' dir='ltr'><strong>queunt.</strong></span> 
     </span>
    </p>
   </div>
   <div class='ocr_carea' id='block_1_21' title="bbox 142 1926 3557 2011">
    <p class='ocr_par' dir='ltr' id='par_1_21' title="bbox 142 1926 3557 2011">
     <span class='ocr_line' id='line_1_21' title="bbox 142 1926 3557 2011; baseline 0.003 -29"><span class='ocrx_word' id='word_1_221' title='bbox 142 1928 339 1985; x_wconf 85' lang='lat' dir='ltr'><strong>Plures</strong></span> <span class='ocrx_word' id='word_1_222' title='bbox 370 1929 566 1984; x_wconf 69' lang='lat' dir='ltr'><strong>Romae</strong></span> <span class='ocrx_word' id='word_1_223' title='bbox 595 1927 858 1983; x_wconf 85' lang='lat' dir='ltr'><strong>vidimus</strong></span> <span class='ocrx_word' id='word_1_224' title='bbox 888 1926 1174 1983; x_wconf 90' lang='lat' dir='ltr'><strong>Vallicell.</strong></span> <span class='ocrx_word' id='word_1_225' title='bbox 1206 1927 1406 1996; x_wconf 86' lang='lat' dir='ltr'><strong>XVIII,</strong></span> <span class='ocrx_word' id='word_1_226' title='bbox 1440 1928 1570 1984; x_wconf 90' lang='lat' dir='ltr'><strong>Vat.</strong></span> <span class='ocrx_word' id='word_1_227' title='bbox 1598 1928 1756 1997; x_wconf 89' lang='grc'>1347,</span> <span class='ocrx_word' id='word_1_228' title='bbox 1780 1930 1911 1985; x_wconf 91' lang='lat' dir='ltr'><strong>Vat.</strong></span> <span class='ocrx_word' id='word_1_229' title='bbox 1940 1928 2171 2001; x_wconf 77' lang='lat' dir='ltr'><strong>Reginae</strong></span> <span class='ocrx_word' id='word_1_230' title='bbox 2214 1928 2341 1997; x_wconf 78' lang='lat'><strong>8119,</strong></span> <span class='ocrx_word' id='word_1_231' title='bbox 2364 1929 2496 1986; x_wconf 92' lang='lat' dir='ltr'><strong>Vat.</strong></span> <span class='ocrx_word' id='word_1_232' title='bbox 2537 1929 2720 1985; x_wconf 89' lang='lat' dir='ltr'><strong>Palat.</strong></span> <span class='ocrx_word' id='word_1_233' title='bbox 2747 1931 2872 1986; x_wconf 87' lang='lat'><strong>579.</strong></span> <span class='ocrx_word' id='word_1_234' title='bbox 2896 1932 3005 1988; x_wconf 89' lang='lat' dir='ltr'><strong>Sed</strong></span> <span class='ocrx_word' id='word_1_235' title='bbox 3034 1931 3323 2005; x_wconf 67' lang='lat' dir='ltr'><strong>praecipue</strong></span> <span class='ocrx_word' id='word_1_236' title='bbox 3348 1926 3557 2011; x_wconf 84' lang='lat' dir='ltr'><strong>contu-</strong></span> 
     </span>
    </p>
   </div>
   <div class='ocr_carea' id='block_1_22' title="bbox 138 2015 3091 2092">
    <p class='ocr_par' dir='ltr' id='par_1_22' title="bbox 138 2015 3091 2092">
     <span class='ocr_line' id='line_1_22' title="bbox 138 2015 3091 2092; baseline 0.002 -22"><span class='ocrx_word' id='word_1_237' title='bbox 138 2015 309 2073; x_wconf 89' lang='lat' dir='ltr'><strong>limus</strong></span> <span class='ocrx_word' id='word_1_238' title='bbox 334 2033 449 2074; x_wconf 88' lang='lat' dir='ltr'><strong>ms.</strong></span> <span class='ocrx_word' id='word_1_239' title='bbox 482 2015 726 2090; x_wconf 89' lang='lat' dir='ltr'><strong>capituli</strong></span> <span class='ocrx_word' id='word_1_240' title='bbox 756 2016 1109 2073; x_wconf 88' lang='lat' dir='ltr'><strong>Veronensis</strong></span> <span class='ocrx_word' id='word_1_241' title='bbox 1139 2018 1231 2085; x_wconf 90' lang='lat'><strong>60,</strong></span> <span class='ocrx_word' id='word_1_242' title='bbox 1268 2020 1371 2090; x_wconf 90' lang='lat' dir='ltr'><strong>qui</strong></span> <span class='ocrx_word' id='word_1_243' title='bbox 1404 2016 1553 2074; x_wconf 91' lang='lat' dir='ltr'><strong>liber</strong></span> <span class='ocrx_word' id='word_1_244' title='bbox 1582 2017 1795 2074; x_wconf 69' lang='lat' dir='ltr'><strong>saeculo</strong></span> <span class='ocrx_word' id='word_1_245' title='bbox 1824 2018 1952 2074; x_wconf 92' lang='lat' dir='ltr'><strong>VIII</strong></span> <span class='ocrx_word' id='word_1_246' title='bbox 1982 2018 2315 2074; x_wconf 87' lang='lat' dir='ltr'><strong>charactere</strong></span> <span class='ocrx_word' id='word_1_247' title='bbox 2341 2018 2647 2092; x_wconf 85' lang='lat' dir='ltr'><strong>papiraceo</strong></span> <span class='ocrx_word' id='word_1_248' title='bbox 2679 2019 2932 2092; x_wconf 89' lang='lat' dir='ltr'><strong>scriptus</strong></span> <span class='ocrx_word' id='word_1_249' title='bbox 2963 2020 3091 2076; x_wconf 77' lang='lat' dir='ltr'><strong>fuit.</strong></span> 
     </span>
    </p>
   </div>
   <div class='ocr_carea' id='block_1_23' title="bbox 1104 2134 2567 2199">
    <p class='ocr_par' dir='ltr' id='par_1_23' title="bbox 1104 2134 2567 2199">
     <span class='ocr_line' id='line_1_23' title="bbox 1104 2134 2567 2199; baseline 0.003 -18"><span class='ocrx_word' id='word_1_250' title='bbox 1104 2137 1128 2193; x_wconf 85' lang='lat'>§</span> <span class='ocrx_word' id='word_1_251' title='bbox 1158 2134 1290 2183; x_wconf 86' lang='lat' dir='ltr'><strong>VIII.</strong></span> <span class='ocrx_word' id='word_1_252' title='bbox 1327 2135 1399 2183; x_wconf 92' lang='lat' dir='ltr'><strong>De</strong></span> <span class='ocrx_word' id='word_1_253' title='bbox 1431 2148 1560 2182; x_wconf 84' lang='lat' dir='ltr'><strong>mss.</strong></span> <span class='ocrx_word' id='word_1_254' title='bbox 1599 2134 1930 2185; x_wconf 87' lang='lat' dir='ltr'><strong>coIlectionis</strong></span> <span class='ocrx_word' id='word_1_255' title='bbox 1960 2135 2199 2199; x_wconf 61' lang='lat' dir='ltr'><strong>septimae</strong></span> <span class='ocrx_word' id='word_1_256' title='bbox 2230 2134 2567 2186; x_wconf 79' lang='lat' dir='ltr'><strong>Hadrianeae.</strong></span> 
     </span>
    </p>
   </div>
   <div class='ocr_carea' id='block_1_24' title="bbox 199 2238 3564 2320">
    <p class='ocr_par' dir='ltr' id='par_1_24' title="bbox 199 2238 3564 2320">
     <span class='ocr_line' id='line_1_24' title="bbox 199 2238 3564 2320; baseline 0.002 -25"><span class='ocrx_word' id='word_1_257' title='bbox 199 2240 289 2296; x_wconf 79' lang='lat'><strong>16.</strong></span> <span class='ocrx_word' id='word_1_258' title='bbox 306 2240 522 2298; x_wconf 86' lang='lat' dir='ltr'><strong>Eadem</strong></span> <span class='ocrx_word' id='word_1_259' title='bbox 546 2238 805 2311; x_wconf 78' lang='lat' dir='ltr'><strong>Dionysii</strong></span> <span class='ocrx_word' id='word_1_260' title='bbox 839 2238 1095 2295; x_wconf 89' lang='lat' dir='ltr'><strong>collectio</strong></span> <span class='ocrx_word' id='word_1_261' title='bbox 1122 2255 1257 2295; x_wconf 90' lang='lat' dir='ltr'><strong>cum</strong></span> <span class='ocrx_word' id='word_1_262' title='bbox 1288 2238 1513 2312; x_wconf 81' lang='lat' dir='ltr'><strong>aliquot</strong></span> <span class='ocrx_word' id='word_1_263' title='bbox 1543 2239 1965 2297; x_wconf 88' lang='lat' dir='ltr'><strong>additamentis</strong></span> <span class='ocrx_word' id='word_1_264' title='bbox 1996 2257 2102 2297; x_wconf 90' lang='lat' dir='ltr'><strong>suo</strong></span> <span class='ocrx_word' id='word_1_265' title='bbox 2125 2240 2250 2295; x_wconf 92' lang='lat' dir='ltr'><strong>loco</strong></span> <span class='ocrx_word' id='word_1_266' title='bbox 2282 2240 2519 2301; x_wconf 85' lang='lat' dir='ltr'><strong>insertis</strong></span> <span class='ocrx_word' id='word_1_267' title='bbox 2541 2244 2853 2315; x_wconf 77' lang='lat' dir='ltr'><strong>septimam</strong></span> <span class='ocrx_word' id='word_1_268' title='bbox 2876 2241 3274 2300; x_wconf 90' lang='lat' dir='ltr'><strong>collectionem</strong></span> <span class='ocrx_word' id='word_1_269' title='bbox 3296 2261 3330 2302; x_wconf 91' lang='lat' dir='ltr'><strong>a</strong></span> <span class='ocrx_word' id='word_1_270' title='bbox 3350 2246 3564 2320; x_wconf 87' lang='lat' dir='ltr'><strong>Diony-</strong></span> 
     </span>
    </p>
   </div>
   <div class='ocr_carea' id='block_1_25' title="bbox 138 2326 3570 2404">
    <p class='ocr_par' dir='ltr' id='par_1_25' title="bbox 138 2326 3570 2404">
     <span class='ocr_line' id='line_1_25' title="bbox 138 2326 3570 2404; baseline 0.003 -23"><span class='ocrx_word' id='word_1_271' title='bbox 138 2328 305 2384; x_wconf 84' lang='lat' dir='ltr'><strong>siana</strong></span> <span class='ocrx_word' id='word_1_272' title='bbox 324 2344 689 2401; x_wconf 84' lang='lat' dir='ltr'><strong>nequaquam</strong></span> <span class='ocrx_word' id='word_1_273' title='bbox 721 2326 1134 2400; x_wconf 86' lang='lat' dir='ltr'><strong>disjugendam</strong></span> <span class='ocrx_word' id='word_1_274' title='bbox 1156 2328 1476 2385; x_wconf 87' lang='lat' dir='ltr'><strong>constituit.</strong></span> <span class='ocrx_word' id='word_1_275' title='bbox 1506 2328 2171 2402; x_wconf 85' lang='lat' dir='ltr'><strong>Dionysio-Hadrianea,</strong></span> <span class='ocrx_word' id='word_1_276' title='bbox 2196 2346 2296 2385; x_wconf 88' lang='lat' dir='ltr'><strong>seu</strong></span> <span class='ocrx_word' id='word_1_277' title='bbox 2326 2328 2651 2386; x_wconf 88' lang='lat' dir='ltr'><strong>Hadrianea</strong></span> <span class='ocrx_word' id='word_1_278' title='bbox 2670 2335 2927 2398; x_wconf 88' lang='lat' dir='ltr'><strong>vocatur,</strong></span> <span class='ocrx_word' id='word_1_279' title='bbox 2949 2348 3064 2386; x_wconf 90' lang='lat' dir='ltr'><strong>non</strong></span> <span class='ocrx_word' id='word_1_280' title='bbox 3088 2333 3244 2404; x_wconf 90' lang='lat' dir='ltr'><strong>quod</strong></span> <span class='ocrx_word' id='word_1_281' title='bbox 3261 2332 3381 2390; x_wconf 67' lang='lat' dir='ltr'><strong>haec</strong></span> <span class='ocrx_word' id='word_1_282' title='bbox 3404 2335 3570 2392; x_wconf 82' lang='lat' dir='ltr'><strong>addi-</strong></span> 
     </span>
    </p>
   </div>
   <div class='ocr_carea' id='block_1_26' title="bbox 141 2416 3561 2491">
    <p class='ocr_par' dir='ltr' id='par_1_26' title="bbox 141 2416 3561 2491">
     <span class='ocr_line' id='line_1_26' title="bbox 141 2416 3561 2491; baseline 0.003 -20"><span class='ocrx_word' id='word_1_283' title='bbox 141 2421 409 2472; x_wconf 83' lang='lat' dir='ltr'><strong>tamenta</strong></span> <span class='ocrx_word' id='word_1_284' title='bbox 435 2417 538 2472; x_wconf 89' lang='lat' dir='ltr'><strong>sub</strong></span> <span class='ocrx_word' id='word_1_285' title='bbox 559 2416 849 2473; x_wconf 87' lang='lat' dir='ltr'><strong>Hadriano</strong></span> <span class='ocrx_word' id='word_1_286' title='bbox 872 2417 893 2472; x_wconf 94' lang='lat' dir='ltr'><strong>I</strong></span> <span class='ocrx_word' id='word_1_287' title='bbox 918 2418 1188 2490; x_wconf 76' lang='lat' dir='ltr'><strong>Dionysio</strong></span> <span class='ocrx_word' id='word_1_288' title='bbox 1213 2418 1586 2487; x_wconf 80' lang='lat' dir='ltr'><strong>accesserint,</strong></span> <span class='ocrx_word' id='word_1_289' title='bbox 1611 2424 1713 2474; x_wconf 89' lang='lat' dir='ltr'><strong>aut</strong></span> <span class='ocrx_word' id='word_1_290' title='bbox 1745 2419 1959 2474; x_wconf 81' lang='lat' dir='ltr'><strong>fuerint</strong></span> <span class='ocrx_word' id='word_1_291' title='bbox 1991 2418 2232 2487; x_wconf 89' lang='lat' dir='ltr'><strong>inserta,</strong></span> <span class='ocrx_word' id='word_1_292' title='bbox 2252 2419 2358 2487; x_wconf 89' lang='lat' dir='ltr'><strong>sed</strong></span> <span class='ocrx_word' id='word_1_293' title='bbox 2382 2419 2537 2491; x_wconf 91' lang='lat' dir='ltr'><strong>quod</strong></span> <span class='ocrx_word' id='word_1_294' title='bbox 2565 2418 2658 2474; x_wconf 92' lang='lat' dir='ltr'><strong>hic</strong></span> <span class='ocrx_word' id='word_1_295' title='bbox 2689 2419 2950 2491; x_wconf 76' lang='lat' dir='ltr'><strong>pontifex</strong></span> <span class='ocrx_word' id='word_1_296' title='bbox 2978 2419 3128 2477; x_wconf 89' lang='lat' dir='ltr'><strong>hanc</strong></span> <span class='ocrx_word' id='word_1_297' title='bbox 3161 2420 3561 2481; x_wconf 90' lang='lat' dir='ltr'><strong>collectionem</strong></span> 
     </span>
    </p>
   </div>
   <div class='ocr_carea' id='block_1_27' title="bbox 154 2504 3561 2580">
    <p class='ocr_par' dir='ltr' id='par_1_27' title="bbox 154 2504 3561 2580">
     <span class='ocr_line' id='line_1_27' title="bbox 154 2504 3561 2580; baseline 0.003 -21"><span class='ocrx_word' id='word_1_298' title='bbox 154 2506 216 2560; x_wconf 81' lang='lat' dir='ltr'><strong>ad</strong></span> <span class='ocrx_word' id='word_1_299' title='bbox 243 2522 439 2580; x_wconf 85' lang='lat' dir='ltr'><strong>regem</strong></span> <span class='ocrx_word' id='word_1_300' title='bbox 460 2505 725 2561; x_wconf 88' lang='lat' dir='ltr'><strong>Carolum</strong></span> <span class='ocrx_word' id='word_1_301' title='bbox 756 2504 1002 2561; x_wconf 89' lang='lat' dir='ltr'><strong>miserit.</strong></span> <span class='ocrx_word' id='word_1_302' title='bbox 1026 2505 1294 2578; x_wconf 89' lang='lat' dir='ltr'><strong>Plerique</strong></span> <span class='ocrx_word' id='word_1_303' title='bbox 1316 2523 1461 2562; x_wconf 91' lang='lat' dir='ltr'><strong>mss.</strong></span> <span class='ocrx_word' id='word_1_304' title='bbox 1481 2507 1733 2578; x_wconf 91' lang='lat' dir='ltr'><strong>codices,</strong></span> <span class='ocrx_word' id='word_1_305' title='bbox 1753 2507 1853 2579; x_wconf 89' lang='lat' dir='ltr'><strong>qui</strong></span> <span class='ocrx_word' id='word_1_306' title='bbox 1876 2506 2213 2579; x_wconf 84' lang='lat' dir='ltr'><strong>Dionysiani</strong></span> <span class='ocrx_word' id='word_1_307' title='bbox 2238 2506 2410 2579; x_wconf 87' lang='lat' dir='ltr'><strong>vulgo</strong></span> <span class='ocrx_word' id='word_1_308' title='bbox 2433 2507 2776 2575; x_wconf 90' lang='lat' dir='ltr'><strong>creduntur,</strong></span> <span class='ocrx_word' id='word_1_309' title='bbox 2798 2508 2979 2564; x_wconf 91' lang='lat' dir='ltr'><strong>immo</strong></span> <span class='ocrx_word' id='word_1_310' title='bbox 3002 2508 3180 2565; x_wconf 88' lang='lat' dir='ltr'><strong>etiam</strong></span> <span class='ocrx_word' id='word_1_311' title='bbox 3211 2511 3375 2578; x_wconf 89' lang='lat' dir='ltr'><strong>editi,</strong></span> <span class='ocrx_word' id='word_1_312' title='bbox 3409 2512 3561 2570; x_wconf 89' lang='lat' dir='ltr'><strong>hanc</strong></span> 
     </span>
    </p>
   </div>
   <div class='ocr_carea' id='block_1_28' title="bbox 155 2593 3557 2668">
    <p class='ocr_par' dir='ltr' id='par_1_28' title="bbox 155 2593 3557 2668">
     <span class='ocr_line' id='line_1_28' title="bbox 155 2593 3557 2668; baseline 0.002 -19"><span class='ocrx_word' id='word_1_313' title='bbox 155 2593 836 2668; x_wconf 77' lang='lat' dir='ltr'><strong>Dionysio-Hadrianeam</strong></span> <span class='ocrx_word' id='word_1_314' title='bbox 881 2594 1290 2652; x_wconf 89' lang='lat' dir='ltr'><strong>collectionem</strong></span> <span class='ocrx_word' id='word_1_315' title='bbox 1323 2595 1659 2668; x_wconf 82' lang='lat' dir='ltr'><strong>praeferunt.</strong></span> <span class='ocrx_word' id='word_1_316' title='bbox 1694 2595 1907 2652; x_wconf 89' lang='lat' dir='ltr'><strong>Multos</strong></span> <span class='ocrx_word' id='word_1_317' title='bbox 1940 2612 2082 2652; x_wconf 90' lang='lat' dir='ltr'><strong>mss.</strong></span> <span class='ocrx_word' id='word_1_318' title='bbox 2118 2596 2311 2651; x_wconf 79' lang='lat' dir='ltr'><strong>Romae</strong></span> <span class='ocrx_word' id='word_1_319' title='bbox 2343 2595 2799 2663; x_wconf 84' lang='lat' dir='ltr'><strong>observavimus,</strong></span> <span class='ocrx_word' id='word_1_320' title='bbox 2831 2597 2984 2652; x_wconf 90' lang='lat' dir='ltr'><strong>inter</strong></span> <span class='ocrx_word' id='word_1_321' title='bbox 3012 2613 3161 2668; x_wconf 90' lang='lat' dir='ltr'><strong>quos</strong></span> <span class='ocrx_word' id='word_1_322' title='bbox 3189 2602 3557 2657; x_wconf 88' lang='lat' dir='ltr'><strong>memorandi</strong></span> 
     </span>
    </p>
   </div>
   <div class='ocr_carea' id='block_1_29' title="bbox 157 2683 3553 2757">
    <p class='ocr_par' dir='ltr' id='par_1_29' title="bbox 157 2683 3553 2757">
     <span class='ocr_line' id='line_1_29' title="bbox 157 2683 3553 2757; baseline 0.002 -19"><span class='ocrx_word' id='word_1_323' title='bbox 157 2684 497 2757; x_wconf 80' lang='lat' dir='ltr'><strong>antiquiores</strong></span> <span class='ocrx_word' id='word_1_324' title='bbox 531 2683 737 2756; x_wconf 86' lang='lat' dir='ltr'><strong>scripti</strong></span> <span class='ocrx_word' id='word_1_325' title='bbox 778 2701 933 2740; x_wconf 90' lang='lat' dir='ltr'><strong>nono</strong></span> <span class='ocrx_word' id='word_1_326' title='bbox 955 2683 1043 2739; x_wconf 86' lang='lat' dir='ltr'><strong>vel</strong></span> <span class='ocrx_word' id='word_1_327' title='bbox 1086 2684 1311 2740; x_wconf 88' lang='lat' dir='ltr'><strong>decimo</strong></span> <span class='ocrx_word' id='word_1_328' title='bbox 1337 2683 1549 2740; x_wconf 69' lang='lat' dir='ltr'><strong>saeculo</strong></span> <span class='ocrx_word' id='word_1_329' title='bbox 1567 2687 1699 2741; x_wconf 90' lang='lat' dir='ltr'><strong>Vat.</strong></span> <span class='ocrx_word' id='word_1_330' title='bbox 1720 2684 1882 2750; x_wconf 86' lang='grc'>4969,</span> <span class='ocrx_word' id='word_1_331' title='bbox 1915 2684 2042 2739; x_wconf 86' lang='lat' dir='ltr'><strong>Vat.</strong></span> <span class='ocrx_word' id='word_1_332' title='bbox 2078 2683 2259 2739; x_wconf 85' lang='lat' dir='ltr'><strong>Palat.</strong></span> <span class='ocrx_word' id='word_1_333' title='bbox 2290 2686 2417 2749; x_wconf 85' lang='lat'><strong>578,</strong></span> <span class='ocrx_word' id='word_1_334' title='bbox 2440 2684 2568 2741; x_wconf 86' lang='lat' dir='ltr'><strong>Vat.</strong></span> <span class='ocrx_word' id='word_1_335' title='bbox 2595 2683 2827 2757; x_wconf 74' lang='lat' dir='ltr'><strong>Reginae</strong></span> <span class='ocrx_word' id='word_1_336' title='bbox 2852 2685 2983 2739; x_wconf 85' lang='lat'><strong>1021</strong></span> <span class='ocrx_word' id='word_1_337' title='bbox 3019 2690 3077 2739; x_wconf 89' lang='lat' dir='ltr'><strong>et</strong></span> <span class='ocrx_word' id='word_1_338' title='bbox 3108 2686 3267 2754; x_wconf 89' lang='grc'>1047,</span> <span class='ocrx_word' id='word_1_339' title='bbox 3301 2703 3407 2742; x_wconf 90' lang='lat' dir='ltr'><strong>nec</strong></span> <span class='ocrx_word' id='word_1_340' title='bbox 3435 2705 3553 2745; x_wconf 89' lang='lat' dir='ltr'><strong>non</strong></span> 
     </span>
    </p>
   </div>
   <div class='ocr_carea' id='block_1_30' title="bbox 156 2769 3552 2845">
    <p class='ocr_par' dir='ltr' id='par_1_30' title="bbox 156 2769 3552 2845">
     <span class='ocr_line' id='line_1_30' title="bbox 156 2769 3552 2845; baseline 0.002 -19"><span class='ocrx_word' id='word_1_341' title='bbox 156 2769 270 2828; x_wconf 83' lang='lat' dir='ltr'><strong>Vat.</strong></span> <span class='ocrx_word' id='word_1_342' title='bbox 294 2774 450 2841; x_wconf 83' lang='lat'><strong>1337,</strong></span> <span class='ocrx_word' id='word_1_343' title='bbox 482 2771 641 2845; x_wconf 89' lang='lat' dir='ltr'><strong>quia</strong></span> <span class='ocrx_word' id='word_1_344' title='bbox 663 2772 1091 2829; x_wconf 87' lang='lat' dir='ltr'><strong>correctoribus</strong></span> <span class='ocrx_word' id='word_1_345' title='bbox 1114 2773 1391 2828; x_wconf 83' lang='lat' dir='ltr'><strong>Romanis</strong></span> <span class='ocrx_word' id='word_1_346' title='bbox 1420 2772 1478 2827; x_wconf 90' lang='lat' dir='ltr'><strong>in</strong></span> <span class='ocrx_word' id='word_1_347' title='bbox 1510 2772 1763 2829; x_wconf 91' lang='lat' dir='ltr'><strong>editione</strong></span> <span class='ocrx_word' id='word_1_348' title='bbox 1788 2771 2049 2827; x_wconf 90' lang='lat' dir='ltr'><strong>Gratiani</strong></span> <span class='ocrx_word' id='word_1_349' title='bbox 2086 2772 2267 2828; x_wconf 71' lang='lat' dir='ltr'><strong>Codex</strong></span> <span class='ocrx_word' id='word_1_350' title='bbox 2298 2773 2589 2828; x_wconf 83' lang='lat' dir='ltr'><strong>Canonum</strong></span> <span class='ocrx_word' id='word_1_351' title='bbox 2617 2771 2964 2843; x_wconf 86' lang='lat' dir='ltr'><strong>appellatur,</strong></span> <span class='ocrx_word' id='word_1_352' title='bbox 3000 2787 3064 2827; x_wconf 90' lang='lat' dir='ltr'><strong>ac</strong></span> <span class='ocrx_word' id='word_1_353' title='bbox 3094 2773 3241 2829; x_wconf 89' lang='lat' dir='ltr'><strong>duos</strong></span> <span class='ocrx_word' id='word_1_354' title='bbox 3269 2773 3552 2832; x_wconf 89' lang='lat' dir='ltr'><strong>Vallicell.</strong></span> 
     </span>
    </p>
   </div>
   <div class='ocr_carea' id='block_1_31' title="bbox 159 2859 3547 2934">
    <p class='ocr_par' dir='ltr' id='par_1_31' title="bbox 159 2859 3547 2934">
     <span class='ocr_line' id='line_1_31' title="bbox 159 2859 3547 2934; baseline 0.002 -21"><span class='ocrx_word' id='word_1_355' title='bbox 159 2860 214 2914; x_wconf 69' lang='grc' dir='ltr'>Α.</span> <span class='ocrx_word' id='word_1_356' title='bbox 232 2862 286 2918; x_wconf 84' lang='grc'><strong>8.</strong></span> <span class='ocrx_word' id='word_1_357' title='bbox 310 2866 369 2918; x_wconf 86' lang='lat' dir='ltr'><strong>et</strong></span> <span class='ocrx_word' id='word_1_358' title='bbox 388 2861 586 2918; x_wconf 82' lang='lat' dir='ltr'><strong>XVIII.</strong></span> <span class='ocrx_word' id='word_1_359' title='bbox 606 2860 767 2917; x_wconf 91' lang='lat' dir='ltr'><strong>Inter</strong></span> <span class='ocrx_word' id='word_1_360' title='bbox 804 2860 1203 2917; x_wconf 86' lang='lat' dir='ltr'><strong>additamenta</strong></span> <span class='ocrx_word' id='word_1_361' title='bbox 1236 2877 1369 2917; x_wconf 90' lang='lat' dir='ltr'><strong>vero</strong></span> <span class='ocrx_word' id='word_1_362' title='bbox 1390 2860 1570 2933; x_wconf 88' lang='lat' dir='ltr'><strong>hujus</strong></span> <span class='ocrx_word' id='word_1_363' title='bbox 1595 2859 1954 2919; x_wconf 90' lang='lat' dir='ltr'><strong>collectionis</strong></span> <span class='ocrx_word' id='word_1_364' title='bbox 1977 2863 2199 2932; x_wconf 90' lang='lat' dir='ltr'><strong>septem</strong></span> <span class='ocrx_word' id='word_1_365' title='bbox 2222 2860 2429 2916; x_wconf 90' lang='lat' dir='ltr'><strong>Leonis</strong></span> <span class='ocrx_word' id='word_1_366' title='bbox 2454 2859 2718 2931; x_wconf 91' lang='lat' dir='ltr'><strong>epistolis</strong></span> <span class='ocrx_word' id='word_1_367' title='bbox 2740 2876 2774 2914; x_wconf 88' lang='lat' dir='ltr'><strong>a</strong></span> <span class='ocrx_word' id='word_1_368' title='bbox 2792 2859 3065 2932; x_wconf 90' lang='lat' dir='ltr'><strong>Dionysio</strong></span> <span class='ocrx_word' id='word_1_369' title='bbox 3087 2860 3396 2934; x_wconf 89' lang='lat' dir='ltr'><strong>descriptis</strong></span> <span class='ocrx_word' id='word_1_370' title='bbox 3428 2881 3547 2921; x_wconf 91' lang='lat' dir='ltr'><strong>una</strong></span> 
     </span>
    </p>
   </div>
   <div class='ocr_carea' id='block_1_32' title="bbox 157 2947 3548 3023">
    <p class='ocr_par' dir='ltr' id='par_1_32' title="bbox 157 2947 3548 3023">
     <span class='ocr_line' id='line_1_32' title="bbox 157 2947 3548 3023; baseline 0.001 -18"><span class='ocrx_word' id='word_1_371' title='bbox 157 2950 362 3008; x_wconf 80' lang='lat' dir='ltr'><strong>tantum</strong></span> <span class='ocrx_word' id='word_1_372' title='bbox 382 2950 650 3019; x_wconf 87' lang='lat' dir='ltr'><strong>accessit,</strong></span> <span class='ocrx_word' id='word_1_373' title='bbox 674 2949 958 3005; x_wconf 89' lang='lat' dir='ltr'><strong>nimirum</strong></span> <span class='ocrx_word' id='word_1_374' title='bbox 979 2949 1227 3023; x_wconf 87' lang='lat' dir='ltr'><strong>epistola</strong></span> <span class='ocrx_word' id='word_1_375' title='bbox 1258 2950 1345 3017; x_wconf 80' lang='lat'><strong>12,</strong></span> <span class='ocrx_word' id='word_1_376' title='bbox 1379 2950 1451 3006; x_wconf 88' lang='lat' dir='ltr'><strong>ad</strong></span> <span class='ocrx_word' id='word_1_377' title='bbox 1483 2950 1788 3023; x_wconf 88' lang='lat' dir='ltr'><strong>episcopos</strong></span> <span class='ocrx_word' id='word_1_378' title='bbox 1828 2947 2210 3005; x_wconf 70' lang='lat' dir='ltr'><strong>Mauritaniae.</strong></span> <span class='ocrx_word' id='word_1_379' title='bbox 2236 2948 2395 3004; x_wconf 88' lang='lat' dir='ltr'><strong>Inter</strong></span> <span class='ocrx_word' id='word_1_380' title='bbox 2425 2947 2710 3004; x_wconf 90' lang='lat' dir='ltr'><strong>editiones</strong></span> <span class='ocrx_word' id='word_1_381' title='bbox 2741 2965 2873 3005; x_wconf 87' lang='lat' dir='ltr'><strong>vero</strong></span> <span class='ocrx_word' id='word_1_382' title='bbox 2904 2948 3263 3007; x_wconf 90' lang='lat' dir='ltr'><strong>mentionem</strong></span> <span class='ocrx_word' id='word_1_383' title='bbox 3295 2951 3548 3009; x_wconf 85' lang='lat' dir='ltr'><strong>facimus</strong></span> 
     </span>
    </p>
   </div>
   <div class='ocr_carea' id='block_1_33' title="bbox 159 3034 3551 3112">
    <p class='ocr_par' dir='ltr' id='par_1_33' title="bbox 159 3034 3551 3112">
     <span class='ocr_line' id='line_1_33' title="bbox 159 3034 3551 3112; baseline 0.003 -23"><span class='ocrx_word' id='word_1_384' title='bbox 159 3034 474 3096; x_wconf 80' lang='lat' dir='ltr'><strong>Parisiensis</strong></span> <span class='ocrx_word' id='word_1_385' title='bbox 495 3056 594 3096; x_wconf 87' lang='lat' dir='ltr'><strong>an.</strong></span> <span class='ocrx_word' id='word_1_386' title='bbox 618 3036 974 3106; x_wconf 84' lang='lat' dir='ltr'><strong>1661,Vuelli</strong></span> <span class='ocrx_word' id='word_1_387' title='bbox 996 3041 1053 3093; x_wconf 88' lang='lat' dir='ltr'><strong>et</strong></span> <span class='ocrx_word' id='word_1_388' title='bbox 1069 3036 1319 3104; x_wconf 89' lang='lat' dir='ltr'><strong>Justelli,</strong></span> <span class='ocrx_word' id='word_1_389' title='bbox 1341 3053 1519 3109; x_wconf 91' lang='lat' dir='ltr'><strong>quam</strong></span> <span class='ocrx_word' id='word_1_390' title='bbox 1542 3037 1858 3093; x_wconf 90' lang='lat' dir='ltr'><strong>identidem</strong></span> <span class='ocrx_word' id='word_1_391' title='bbox 1882 3036 2288 3109; x_wconf 87' lang='lat' dir='ltr'><strong>allegabimus.</strong></span> <span class='ocrx_word' id='word_1_392' title='bbox 2307 3036 2466 3092; x_wconf 88' lang='lat' dir='ltr'><strong>Licet</strong></span> <span class='ocrx_word' id='word_1_393' title='bbox 2485 3037 2643 3092; x_wconf 90' lang='lat' dir='ltr'><strong>enim</strong></span> <span class='ocrx_word' id='word_1_394' title='bbox 2665 3036 2725 3091; x_wconf 91' lang='lat' dir='ltr'><strong>hi</strong></span> <span class='ocrx_word' id='word_1_395' title='bbox 2752 3053 2961 3109; x_wconf 90' lang='lat' dir='ltr'><strong>puram</strong></span> <span class='ocrx_word' id='word_1_396' title='bbox 2985 3038 3242 3112; x_wconf 80' lang='lat' dir='ltr'><strong>Dionysii</strong></span> <span class='ocrx_word' id='word_1_397' title='bbox 3265 3039 3551 3098; x_wconf 79' lang='lat' dir='ltr'><strong>collectio-</strong></span> 
     </span>
    </p>
   </div>
   <div class='ocr_carea' id='block_1_34' title="bbox 159 3124 3555 3202">
    <p class='ocr_par' dir='ltr' id='par_1_34' title="bbox 159 3124 3555 3202">
     <span class='ocr_line' id='line_1_34' title="bbox 159 3124 3555 3202; baseline 0.002 -22"><span class='ocrx_word' id='word_1_398' title='bbox 159 3140 294 3195; x_wconf 86' lang='lat' dir='ltr'><strong>nem,</strong></span> <span class='ocrx_word' id='word_1_399' title='bbox 314 3126 737 3187; x_wconf 85' lang='lat' dir='ltr'><strong>additameutis</strong></span> <span class='ocrx_word' id='word_1_400' title='bbox 764 3127 1069 3200; x_wconf 87' lang='lat' dir='ltr'><strong>separatis,</strong></span> <span class='ocrx_word' id='word_1_401' title='bbox 1092 3126 1261 3182; x_wconf 86' lang='lat' dir='ltr'><strong>edere</strong></span> <span class='ocrx_word' id='word_1_402' title='bbox 1290 3125 1603 3183; x_wconf 91' lang='lat' dir='ltr'><strong>consilium</strong></span> <span class='ocrx_word' id='word_1_403' title='bbox 1630 3126 1908 3198; x_wconf 89' lang='lat' dir='ltr'><strong>ceperint,</strong></span> <span class='ocrx_word' id='word_1_404' title='bbox 1929 3142 2063 3181; x_wconf 91' lang='lat' dir='ltr'><strong>cum</strong></span> <span class='ocrx_word' id='word_1_405' title='bbox 2086 3130 2282 3182; x_wconf 87' lang='lat' dir='ltr'><strong>tamen</strong></span> <span class='ocrx_word' id='word_1_406' title='bbox 2302 3124 2530 3180; x_wconf 89' lang='lat' dir='ltr'><strong>nullum</strong></span> <span class='ocrx_word' id='word_1_407' title='bbox 2554 3125 2974 3197; x_wconf 86' lang='lat' dir='ltr'><strong>Dionysianum</strong></span> <span class='ocrx_word' id='word_1_408' title='bbox 2999 3128 3257 3185; x_wconf 89' lang='lat' dir='ltr'><strong>codicem</strong></span> <span class='ocrx_word' id='word_1_409' title='bbox 3278 3129 3555 3202; x_wconf 81' lang='lat' dir='ltr'><strong>inspexe-</strong></span> 
     </span>
    </p>
   </div>
   <div class='ocr_carea' id='block_1_35' title="bbox 147 3214 2928 3288">
    <p class='ocr_par' dir='ltr' id='par_1_35' title="bbox 147 3214 2928 3288">
     <span class='ocr_line' id='line_1_35' title="bbox 147 3214 2928 3288; baseline 0.001 -19"><span class='ocrx_word' id='word_1_410' title='bbox 147 3215 268 3285; x_wconf 82' lang='lat' dir='ltr'><strong>rint,</strong></span> <span class='ocrx_word' id='word_1_411' title='bbox 298 3236 414 3275; x_wconf 92' lang='lat' dir='ltr'><strong>non</strong></span> <span class='ocrx_word' id='word_1_412' title='bbox 444 3217 649 3275; x_wconf 84' lang='lat' dir='ltr'><strong>omnia</strong></span> <span class='ocrx_word' id='word_1_413' title='bbox 678 3215 1080 3273; x_wconf 87' lang='lat' dir='ltr'><strong>additamenta</strong></span> <span class='ocrx_word' id='word_1_414' title='bbox 1110 3216 1433 3288; x_wconf 78' lang='lat' dir='ltr'><strong>praesertim</strong></span> <span class='ocrx_word' id='word_1_415' title='bbox 1467 3215 1527 3272; x_wconf 92' lang='lat' dir='ltr'><strong>in</strong></span> <span class='ocrx_word' id='word_1_416' title='bbox 1560 3217 1751 3271; x_wconf 88' lang='lat' dir='ltr'><strong>Leone</strong></span> <span class='ocrx_word' id='word_1_417' title='bbox 1782 3214 2173 3271; x_wconf 89' lang='lat' dir='ltr'><strong>internoscere</strong></span> <span class='ocrx_word' id='word_1_418' title='bbox 2203 3231 2269 3270; x_wconf 88' lang='lat' dir='ltr'><strong>ac</strong></span> <span class='ocrx_word' id='word_1_419' title='bbox 2301 3230 2573 3287; x_wconf 90' lang='lat' dir='ltr'><strong>separare</strong></span> <span class='ocrx_word' id='word_1_420' title='bbox 2593 3218 2928 3288; x_wconf 89' lang='lat' dir='ltr'><strong>potuerunt.</strong></span> 
     </span>
    </p>
   </div>
   <div class='ocr_carea' id='block_1_36' title="bbox 1443 3328 2252 3390">
    <p class='ocr_par' dir='ltr' id='par_1_36' title="bbox 1443 3328 2252 3390">
     <span class='ocr_line' id='line_1_36' title="bbox 1443 3328 2252 3390; baseline -0.001 -11"><span class='ocrx_word' id='word_1_421' title='bbox 1443 3334 1468 3390; x_wconf 88' lang='lat'><strong>§</strong></span> <span class='ocrx_word' id='word_1_422' title='bbox 1497 3331 1579 3380; x_wconf 79' lang='lat' dir='ltr'><strong>IX.</strong></span> <span class='ocrx_word' id='word_1_423' title='bbox 1607 3332 1676 3380; x_wconf 91' lang='lat' dir='ltr'><strong>De</strong></span> <span class='ocrx_word' id='word_1_424' title='bbox 1711 3328 2023 3380; x_wconf 60' lang='lat' dir='ltr'><strong>collectione</strong></span> <span class='ocrx_word' id='word_1_425' title='bbox 2053 3334 2252 3380; x_wconf 82' lang='lat' dir='ltr'><strong>octava.</strong></span> 
     </span>
    </p>
   </div>
   <div class='ocr_carea' id='block_1_37' title="bbox 218 3435 3556 3510">
    <p class='ocr_par' dir='ltr' id='par_1_37' title="bbox 218 3435 3556 3510">
     <span class='ocr_line' id='line_1_37' title="bbox 218 3435 3556 3510; baseline 0.002 -18"><span class='ocrx_word' id='word_1_426' title='bbox 218 3437 299 3493; x_wconf 75' lang='lat' dir='ltr'><strong>t7.</strong></span> <span class='ocrx_word' id='word_1_427' title='bbox 322 3439 534 3495; x_wconf 88' lang='lat' dir='ltr'><strong>Omnia</strong></span> <span class='ocrx_word' id='word_1_428' title='bbox 553 3454 692 3494; x_wconf 82' lang='lat' dir='ltr'><strong>vero</strong></span> <span class='ocrx_word' id='word_1_429' title='bbox 714 3437 835 3492; x_wconf 80' lang='lat' dir='ltr'><strong>haec</strong></span> <span class='ocrx_word' id='word_1_430' title='bbox 857 3436 1255 3509; x_wconf 84' lang='lat' dir='ltr'><strong>additamenta</strong></span> <span class='ocrx_word' id='word_1_431' title='bbox 1277 3453 1311 3491; x_wconf 89' lang='lat' dir='ltr'><strong>a</strong></span> <span class='ocrx_word' id='word_1_432' title='bbox 1342 3453 1485 3508; x_wconf 91' lang='lat' dir='ltr'><strong>puro</strong></span> <span class='ocrx_word' id='word_1_433' title='bbox 1517 3435 1790 3509; x_wconf 91' lang='lat' dir='ltr'><strong>Dionysio</strong></span> <span class='ocrx_word' id='word_1_434' title='bbox 1814 3437 2094 3505; x_wconf 87' lang='lat' dir='ltr'><strong>sejuncta,</strong></span> <span class='ocrx_word' id='word_1_435' title='bbox 2119 3441 2175 3491; x_wconf 90' lang='lat' dir='ltr'><strong>et</strong></span> <span class='ocrx_word' id='word_1_436' title='bbox 2195 3440 2323 3507; x_wconf 88' lang='lat' dir='ltr'><strong>post</strong></span> <span class='ocrx_word' id='word_1_437' title='bbox 2346 3435 2690 3509; x_wconf 87' lang='lat' dir='ltr'><strong>Dionysium</strong></span> <span class='ocrx_word' id='word_1_438' title='bbox 2714 3436 3007 3510; x_wconf 91' lang='lat' dir='ltr'><strong>descripta</strong></span> <span class='ocrx_word' id='word_1_439' title='bbox 3030 3438 3360 3498; x_wconf 89' lang='lat' dir='ltr'><strong>invenimus</strong></span> <span class='ocrx_word' id='word_1_440' title='bbox 3376 3441 3435 3498; x_wconf 91' lang='lat' dir='ltr'><strong>in</strong></span> <span class='ocrx_word' id='word_1_441' title='bbox 3454 3460 3556 3499; x_wconf 89' lang='lat' dir='ltr'><strong>su-</strong></span> 
     </span>
    </p>
   </div>
   <div class='ocr_carea' id='block_1_38' title="bbox 168 3524 3555 3601">
    <p class='ocr_par' dir='ltr' id='par_1_38' title="bbox 168 3524 3555 3601">
     <span class='ocr_line' id='line_1_38' title="bbox 168 3524 3555 3601; baseline 0.001 -18"><span class='ocrx_word' id='word_1_442' title='bbox 168 3540 245 3594; x_wconf 80' lang='lat' dir='ltr'><strong>pra</strong></span> <span class='ocrx_word' id='word_1_443' title='bbox 265 3527 500 3585; x_wconf 86' lang='lat' dir='ltr'><strong>laudato</strong></span> <span class='ocrx_word' id='word_1_444' title='bbox 528 3529 772 3598; x_wconf 88' lang='lat' dir='ltr'><strong>antiquo</strong></span> <span class='ocrx_word' id='word_1_445' title='bbox 796 3542 907 3580; x_wconf 89' lang='lat' dir='ltr'><strong>ms.</strong></span> <span class='ocrx_word' id='word_1_446' title='bbox 940 3524 1070 3580; x_wconf 86' lang='lat' dir='ltr'><strong>Vat.</strong></span> <span class='ocrx_word' id='word_1_447' title='bbox 1094 3526 1255 3580; x_wconf 79' lang='grc'>5845.</span> <span class='ocrx_word' id='word_1_448' title='bbox 1276 3524 1379 3580; x_wconf 86' lang='lat' dir='ltr'><strong>His</strong></span> <span class='ocrx_word' id='word_1_449' title='bbox 1398 3541 1566 3597; x_wconf 89' lang='lat' dir='ltr'><strong>porro</strong></span> <span class='ocrx_word' id='word_1_450' title='bbox 1591 3524 1717 3580; x_wconf 64' lang='lat' dir='ltr'><strong>alia;</strong></span> <span class='ocrx_word' id='word_1_451' title='bbox 1742 3524 2068 3579; x_wconf 84' lang='lat' dir='ltr'><strong>additiones</strong></span> <span class='ocrx_word' id='word_1_452' title='bbox 2102 3524 2284 3580; x_wconf 88' lang='lat' dir='ltr'><strong>multo</strong></span> <span class='ocrx_word' id='word_1_453' title='bbox 2316 3526 2570 3596; x_wconf 88' lang='lat' dir='ltr'><strong>majores</strong></span> <span class='ocrx_word' id='word_1_454' title='bbox 2602 3525 2660 3580; x_wconf 92' lang='lat' dir='ltr'><strong>in</strong></span> <span class='ocrx_word' id='word_1_455' title='bbox 2692 3525 2896 3581; x_wconf 88' lang='lat' dir='ltr'><strong>eodem</strong></span> <span class='ocrx_word' id='word_1_456' title='bbox 2918 3527 3113 3583; x_wconf 83' lang='lat' dir='ltr'><strong>codice</strong></span> <span class='ocrx_word' id='word_1_457' title='bbox 3137 3529 3555 3601; x_wconf 87' lang='lat' dir='ltr'><strong>subjiciuntur,</strong></span> 
     </span>
    </p>
   </div>
   <div class='ocr_carea' id='block_1_39' title="bbox 169 3612 3561 3685">
    <p class='ocr_par' dir='ltr' id='par_1_39' title="bbox 169 3612 3561 3685">
     <span class='ocr_line' id='line_1_39' title="bbox 169 3612 3561 3685; baseline 0.002 -16"><span class='ocrx_word' id='word_1_458' title='bbox 169 3629 284 3684; x_wconf 84' lang='lat' dir='ltr'><strong>quas</strong></span> <span class='ocrx_word' id='word_1_459' title='bbox 304 3615 583 3673; x_wconf 81' lang='lat' dir='ltr'><strong>Hadriani</strong></span> <span class='ocrx_word' id='word_1_460' title='bbox 605 3614 938 3671; x_wconf 88' lang='lat' dir='ltr'><strong>collectioni</strong></span> <span class='ocrx_word' id='word_1_461' title='bbox 964 3614 1260 3685; x_wconf 86' lang='lat' dir='ltr'><strong>subjectas</strong></span> <span class='ocrx_word' id='word_1_462' title='bbox 1284 3613 1781 3685; x_wconf 86' lang='lat' dir='ltr'><strong>deprehendimus</strong></span> <span class='ocrx_word' id='word_1_463' title='bbox 1802 3613 1859 3667; x_wconf 88' lang='lat' dir='ltr'><strong>in</strong></span> <span class='ocrx_word' id='word_1_464' title='bbox 1886 3612 2184 3669; x_wconf 89' lang='lat' dir='ltr'><strong>codicibus</strong></span> <span class='ocrx_word' id='word_1_465' title='bbox 2202 3612 2579 3668; x_wconf 86' lang='lat' dir='ltr'><strong>Vallicellano</strong></span> <span class='ocrx_word' id='word_1_466' title='bbox 2611 3615 2676 3668; x_wconf 89' lang='lat' dir='ltr'><strong>A.</strong></span> <span class='ocrx_word' id='word_1_467' title='bbox 2711 3614 2771 3668; x_wconf 95' lang='lat' dir='ltr'><strong>L.</strong></span> <span class='ocrx_word' id='word_1_468' title='bbox 2802 3613 2932 3669; x_wconf 85' lang='lat' dir='ltr'><strong>Vat.</strong></span> <span class='ocrx_word' id='word_1_469' title='bbox 2972 3616 3126 3678; x_wconf 83' lang='lat'>1333.</span> <span class='ocrx_word' id='word_1_470' title='bbox 3148 3633 3212 3672; x_wconf 85' lang='lat' dir='ltr'><strong>ac</strong></span> <span class='ocrx_word' id='word_1_471' title='bbox 3235 3617 3295 3673; x_wconf 91' lang='lat' dir='ltr'><strong>in</strong></span> <span class='ocrx_word' id='word_1_472' title='bbox 3318 3636 3433 3676; x_wconf 89' lang='lat' dir='ltr'><strong>uno</strong></span> <span class='ocrx_word' id='word_1_473' title='bbox 3454 3621 3561 3676; x_wconf 90' lang='lat' dir='ltr'><strong>Ca-</strong></span> 
     </span>
    </p>
   </div>
   <div class='ocr_carea' id='block_1_40' title="bbox 171 3701 3563 3775">
    <p class='ocr_par' dir='ltr' id='par_1_40' title="bbox 171 3701 3563 3775">
     <span class='ocr_line' id='line_1_40' title="bbox 171 3701 3563 3775; baseline 0.002 -20"><span class='ocrx_word' id='word_1_474' title='bbox 171 3705 310 3771; x_wconf 81' lang='lat' dir='ltr'><strong>pituli</strong></span> <span class='ocrx_word' id='word_1_475' title='bbox 367 3704 778 3762; x_wconf 86' lang='lat' dir='ltr'><strong>Vercellensis.</strong></span> <span class='ocrx_word' id='word_1_476' title='bbox 814 3703 910 3759; x_wconf 64' lang='lat' dir='ltr'><strong>Hae</strong></span> <span class='ocrx_word' id='word_1_477' title='bbox 944 3703 1274 3759; x_wconf 88' lang='lat' dir='ltr'><strong>additiones</strong></span> <span class='ocrx_word' id='word_1_478' title='bbox 1302 3702 1480 3759; x_wconf 89' lang='lat' dir='ltr'><strong>veluti</strong></span> <span class='ocrx_word' id='word_1_479' title='bbox 1524 3703 1999 3775; x_wconf 87' lang='lat' dir='ltr'><strong>supplementum</strong></span> <span class='ocrx_word' id='word_1_480' title='bbox 2031 3701 2397 3775; x_wconf 68' lang='lat' dir='ltr'><strong>Dionysianae</strong></span> <span class='ocrx_word' id='word_1_481' title='bbox 2427 3701 2515 3757; x_wconf 89' lang='lat' dir='ltr'><strong>vel</strong></span> <span class='ocrx_word' id='word_1_482' title='bbox 2545 3702 2884 3758; x_wconf 82' lang='lat' dir='ltr'><strong>IIadrianeae</strong></span> <span class='ocrx_word' id='word_1_483' title='bbox 2915 3702 3325 3762; x_wconf 89' lang='lat' dir='ltr'><strong>collectionum</strong></span> <span class='ocrx_word' id='word_1_484' title='bbox 3359 3707 3563 3765; x_wconf 88' lang='lat' dir='ltr'><strong>haberi</strong></span> 
     </span>
    </p>
   </div>
   <div class='ocr_carea' id='block_1_41' title="bbox 72 3791 3563 3870">
    <p class='ocr_par' dir='ltr' id='par_1_41' title="bbox 72 3791 3563 3870">
     <span class='ocr_line' id='line_1_41' title="bbox 72 3791 3563 3870; baseline 0.001 -22"><span class='ocrx_word' id='word_1_485' title='bbox 72 3791 79 3870; x_wconf 66' lang='grc' dir='ltr'><em>ξ</em></span> <span class='ocrx_word' id='word_1_486' title='bbox 174 3802 400 3861; x_wconf 84' lang='lat' dir='ltr'><strong>queunt:</strong></span> <span class='ocrx_word' id='word_1_487' title='bbox 425 3797 496 3850; x_wconf 86' lang='lat' dir='ltr'><strong>ea</strong></span> <span class='ocrx_word' id='word_1_488' title='bbox 522 3794 686 3851; x_wconf 88' lang='lat' dir='ltr'><strong>enim</strong></span> <span class='ocrx_word' id='word_1_489' title='bbox 707 3793 1083 3852; x_wconf 86' lang='lat' dir='ltr'><strong>documenta.</strong></span> <span class='ocrx_word' id='word_1_490' title='bbox 1107 3810 1233 3864; x_wconf 57' lang='lat' dir='ltr'><strong>qua;</strong></span> <span class='ocrx_word' id='word_1_491' title='bbox 1254 3792 1314 3847; x_wconf 92' lang='lat' dir='ltr'><strong>in</strong></span> <span class='ocrx_word' id='word_1_492' title='bbox 1351 3791 1625 3863; x_wconf 90' lang='lat' dir='ltr'><strong>Dionysio</strong></span> <span class='ocrx_word' id='word_1_493' title='bbox 1649 3792 1907 3858; x_wconf 90' lang='lat' dir='ltr'><strong>deerant,</strong></span> <span class='ocrx_word' id='word_1_494' title='bbox 1931 3795 2136 3848; x_wconf 88' lang='lat' dir='ltr'><strong>auctor</strong></span> <span class='ocrx_word' id='word_1_495' title='bbox 2154 3791 2441 3865; x_wconf 85' lang='lat' dir='ltr'><strong>posterior</strong></span> <span class='ocrx_word' id='word_1_496' title='bbox 2469 3808 2537 3845; x_wconf 81' lang='lat' dir='ltr'><strong>ex</strong></span> <span class='ocrx_word' id='word_1_497' title='bbox 2567 3791 2697 3847; x_wconf 87' lang='lat' dir='ltr'><strong>aliis</strong></span> <span class='ocrx_word' id='word_1_498' title='bbox 2728 3792 2988 3848; x_wconf 87' lang='lat' dir='ltr'><strong>fontibus</strong></span> <span class='ocrx_word' id='word_1_499' title='bbox 3013 3792 3315 3867; x_wconf 87' lang='lat' dir='ltr'><strong>colligens,</strong></span> <span class='ocrx_word' id='word_1_500' title='bbox 3349 3796 3563 3870; x_wconf 88' lang='lat' dir='ltr'><strong>Diony-</strong></span> 
     </span>
    </p>
   </div>
   <div class='ocr_carea' id='block_1_42' title="bbox 72 3880 3565 3956">
    <p class='ocr_par' dir='ltr' id='par_1_42' title="bbox 72 3880 3565 3956">
     <span class='ocr_line' id='line_1_42' title="bbox 72 3880 3565 3956; baseline 0.001 -21"><span class='ocrx_word' id='word_1_501' title='bbox 72 3880 75 3955; x_wconf 74' lang='grc' dir='ltr'>ξ</span> <span class='ocrx_word' id='word_1_502' title='bbox 175 3882 235 3938; x_wconf 78' lang='lat' dir='ltr'><strong>sio</strong></span> <span class='ocrx_word' id='word_1_503' title='bbox 252 3885 483 3956; x_wconf 78' lang='lat' dir='ltr'><strong>adjecit.</strong></span> <span class='ocrx_word' id='word_1_504' title='bbox 517 3885 663 3940; x_wconf 88' lang='lat' dir='ltr'><strong>Cum</strong></span> <span class='ocrx_word' id='word_1_505' title='bbox 684 3899 819 3938; x_wconf 90' lang='lat' dir='ltr'><strong>vero</strong></span> <span class='ocrx_word' id='word_1_506' title='bbox 857 3881 946 3937; x_wconf 78' lang='lat' dir='ltr'><strong>hae</strong></span> <span class='ocrx_word' id='word_1_507' title='bbox 979 3881 1306 3937; x_wconf 89' lang='lat' dir='ltr'><strong>additiones</strong></span> <span class='ocrx_word' id='word_1_508' title='bbox 1330 3898 1655 3953; x_wconf 86' lang='lat' dir='ltr'><strong>numquam</strong></span> <span class='ocrx_word' id='word_1_509' title='bbox 1689 3881 1905 3937; x_wconf 86' lang='lat' dir='ltr'><strong>fuerint</strong></span> <span class='ocrx_word' id='word_1_510' title='bbox 1937 3882 2165 3938; x_wconf 65' lang='lat' dir='ltr'><strong>insertae</strong></span> <span class='ocrx_word' id='word_1_511' title='bbox 2187 3880 2448 3955; x_wconf 89' lang='lat' dir='ltr'><strong>Dionysii</strong></span> <span class='ocrx_word' id='word_1_512' title='bbox 2470 3884 2571 3936; x_wconf 90' lang='lat' dir='ltr'><strong>aut</strong></span> <span class='ocrx_word' id='word_1_513' title='bbox 2590 3880 2867 3937; x_wconf 90' lang='lat' dir='ltr'><strong>Hadriani</strong></span> <span class='ocrx_word' id='word_1_514' title='bbox 2891 3880 3352 3951; x_wconf 88' lang='lat' dir='ltr'><strong>collectionibus,</strong></span> <span class='ocrx_word' id='word_1_515' title='bbox 3384 3883 3565 3941; x_wconf 87' lang='lat' dir='ltr'><strong>veluti</strong></span> 
     </span>
    </p>
   </div>
   <div class='ocr_carea' id='block_1_43' title="bbox 74 3968 3568 4046">
    <p class='ocr_par' dir='ltr' id='par_1_43' title="bbox 74 3968 3568 4046">
     <span class='ocr_line' id='line_1_43' title="bbox 74 3968 3568 4046; baseline -0.001 -15"><span class='ocrx_word' id='word_1_516' title='bbox 74 3994 77 4031; x_wconf 76' lang='grc' dir='ltr'><strong>τ</strong></span> <span class='ocrx_word' id='word_1_517' title='bbox 177 3978 412 4044; x_wconf 81' lang='lat' dir='ltr'><strong>separata</strong></span> <span class='ocrx_word' id='word_1_518' title='bbox 434 3973 704 4046; x_wconf 80' lang='lat' dir='ltr'><strong>quzcdam</strong></span> <span class='ocrx_word' id='word_1_519' title='bbox 731 3970 996 4026; x_wconf 89' lang='lat' dir='ltr'><strong>collectio</strong></span> <span class='ocrx_word' id='word_1_520' title='bbox 1007 3970 1138 4040; x_wconf 88' lang='lat' dir='ltr'><strong>jure</strong></span> <span class='ocrx_word' id='word_1_521' title='bbox 1164 3974 1495 4036; x_wconf 87' lang='lat' dir='ltr'><strong>censentur,</strong></span> <span class='ocrx_word' id='word_1_522' title='bbox 1518 3986 1692 4041; x_wconf 87' lang='lat' dir='ltr'><strong>quam</strong></span> <span class='ocrx_word' id='word_1_523' title='bbox 1711 3974 1969 4025; x_wconf 84' lang='lat' dir='ltr'><strong>octavam</strong></span> <span class='ocrx_word' id='word_1_524' title='bbox 1985 3970 2383 4027; x_wconf 86' lang='lat' dir='ltr'><strong>collectionem</strong></span> <span class='ocrx_word' id='word_1_525' title='bbox 2401 3968 2763 4026; x_wconf 89' lang='lat' dir='ltr'><strong>vocabimus.</strong></span> <span class='ocrx_word' id='word_1_526' title='bbox 2780 3969 2845 4024; x_wconf 94' lang='lat' dir='ltr'><strong>In</strong></span> <span class='ocrx_word' id='word_1_527' title='bbox 2866 3969 2959 4024; x_wconf 90' lang='lat' dir='ltr'><strong>his</strong></span> <span class='ocrx_word' id='word_1_528' title='bbox 2977 3969 3376 4027; x_wconf 87' lang='lat' dir='ltr'><strong>additionibus</strong></span> <span class='ocrx_word' id='word_1_529' title='bbox 3397 3971 3568 4043; x_wconf 88' lang='lat' dir='ltr'><strong>quin-</strong></span> 
     </span>
    </p>
   </div>
   <div class='ocr_carea' id='block_1_44' title="bbox 72 4052 3564 4132">
    <p class='ocr_par' dir='ltr' id='par_1_44' title="bbox 72 4052 3564 4132">
     <span class='ocr_line' id='line_1_44' title="bbox 72 4052 3564 4132; baseline 0.001 -21"><span class='ocrx_word' id='word_1_530' title='bbox 72 4052 81 4119; x_wconf 54' lang='lat' dir='ltr'><strong>i</strong></span> <span class='ocrx_word' id='word_1_531' title='bbox 179 4059 335 4116; x_wconf 82' lang='lat' dir='ltr'><strong>decim</strong></span> <span class='ocrx_word' id='word_1_532' title='bbox 349 4060 557 4118; x_wconf 89' lang='lat' dir='ltr'><strong>Leonis</strong></span> <span class='ocrx_word' id='word_1_533' title='bbox 582 4057 844 4132; x_wconf 82' lang='lat' dir='ltr'><strong>epistolae</strong></span> <span class='ocrx_word' id='word_1_534' title='bbox 867 4058 1289 4130; x_wconf 84' lang='lat' dir='ltr'><strong>proteruntur:</strong></span> <span class='ocrx_word' id='word_1_535' title='bbox 1315 4059 1358 4126; x_wconf 89' lang='grc' dir='ltr'>Ι,</span> <span class='ocrx_word' id='word_1_536' title='bbox 1380 4058 1454 4113; x_wconf 89' lang='lat' dir='ltr'><strong>ad</strong></span> <span class='ocrx_word' id='word_1_537' title='bbox 1478 4058 1819 4113; x_wconf 91' lang='lat' dir='ltr'><strong>Dioscorum</strong></span> <span class='ocrx_word' id='word_1_538' title='bbox 1842 4057 2090 4130; x_wconf 90' lang='lat' dir='ltr'><strong>epistola</strong></span> <span class='ocrx_word' id='word_1_539' title='bbox 2108 4063 2321 4115; x_wconf 59' lang='lat' dir='ltr'><strong>nostra:</strong></span> <span class='ocrx_word' id='word_1_540' title='bbox 2342 4056 2615 4116; x_wconf 89' lang='lat' dir='ltr'><strong>editionis</strong></span> <span class='ocrx_word' id='word_1_541' title='bbox 2635 4057 2702 4126; x_wconf 90' lang='lat'><strong>9;</strong></span> <span class='ocrx_word' id='word_1_542' title='bbox 2723 4058 2793 4123; x_wconf 90' lang='lat' dir='ltr'><strong>II,</strong></span> <span class='ocrx_word' id='word_1_543' title='bbox 2813 4058 2886 4113; x_wconf 92' lang='lat' dir='ltr'><strong>ad</strong></span> <span class='ocrx_word' id='word_1_544' title='bbox 2907 4056 3246 4114; x_wconf 90' lang='lat' dir='ltr'><strong>Turribium</strong></span> <span class='ocrx_word' id='word_1_545' title='bbox 3269 4057 3439 4131; x_wconf 90' lang='lat' dir='ltr'><strong>epist.</strong></span> <span class='ocrx_word' id='word_1_546' title='bbox 3473 4060 3564 4130; x_wconf 77' lang='lat'><strong>15;</strong></span> 
     </span>
    </p>
   </div>
   <div class='ocr_carea' id='block_1_45' title="bbox 184 4142 3562 4222">
    <p class='ocr_par' dir='ltr' id='par_1_45' title="bbox 184 4142 3562 4222">
     <span class='ocr_line' id='line_1_45' title="bbox 184 4142 3562 4222; baseline 0.001 -21"><span class='ocrx_word' id='word_1_547' title='bbox 184 4142 253 4215; x_wconf 81' lang='grc' dir='ltr'>ΙΙΙ,</span> <span class='ocrx_word' id='word_1_548' title='bbox 282 4150 353 4205; x_wconf 90' lang='lat' dir='ltr'><strong>ad</strong></span> <span class='ocrx_word' id='word_1_549' title='bbox 379 4148 819 4222; x_wconf 83' lang='lat' dir='ltr'><strong>Aquileiensem</strong></span> <span class='ocrx_word' id='word_1_550' title='bbox 851 4145 1023 4218; x_wconf 89' lang='lat' dir='ltr'><strong>epist.</strong></span> <span class='ocrx_word' id='word_1_551' title='bbox 1052 4148 1069 4200; x_wconf 91' lang='lat'><strong>1</strong></span> <span class='ocrx_word' id='word_1_552' title='bbox 1102 4145 1230 4213; x_wconf 93' lang='lat' dir='ltr'><strong>;IV,</strong></span> <span class='ocrx_word' id='word_1_553' title='bbox 1266 4146 1337 4201; x_wconf 92' lang='lat' dir='ltr'><strong>ad</strong></span> <span class='ocrx_word' id='word_1_554' title='bbox 1371 4146 1703 4219; x_wconf 90' lang='lat' dir='ltr'><strong>Septimum</strong></span> <span class='ocrx_word' id='word_1_555' title='bbox 1735 4145 1915 4202; x_wconf 90' lang='lat' dir='ltr'><strong>Altini</strong></span> <span class='ocrx_word' id='word_1_556' title='bbox 1952 4147 2292 4220; x_wconf 90' lang='lat' dir='ltr'><strong>episcopum</strong></span> <span class='ocrx_word' id='word_1_557' title='bbox 2315 4147 2486 4220; x_wconf 88' lang='lat' dir='ltr'><strong>epist.</strong></span> <span class='ocrx_word' id='word_1_558' title='bbox 2509 4149 2546 4202; x_wconf 86' lang='lat'><strong>2</strong></span> <span class='ocrx_word' id='word_1_559' title='bbox 2572 4163 2588 4215; x_wconf 88' lang='lat'><strong>;</strong></span> <span class='ocrx_word' id='word_1_560' title='bbox 2612 4146 2681 4202; x_wconf 89' lang='lat' dir='ltr'><strong>V.</strong></span> <span class='ocrx_word' id='word_1_561' title='bbox 2713 4145 2786 4202; x_wconf 90' lang='lat' dir='ltr'><strong>ad</strong></span> <span class='ocrx_word' id='word_1_562' title='bbox 2815 4145 3185 4201; x_wconf 89' lang='lat' dir='ltr'><strong>Theodorum</strong></span> <span class='ocrx_word' id='word_1_563' title='bbox 3216 4147 3386 4220; x_wconf 91' lang='lat' dir='ltr'><strong>epist.</strong></span> <span class='ocrx_word' id='word_1_564' title='bbox 3421 4149 3562 4219; x_wconf 91' lang='lat'><strong>108;</strong></span> 
     </span>
    </p>
   </div>
   <div class='ocr_carea' id='block_1_46' title="bbox 76 4231 3566 4321">
    <p class='ocr_par' dir='ltr' id='par_1_46' title="bbox 76 4231 3566 4321">
     <span class='ocr_line' id='line_1_46' title="bbox 76 4231 3566 4321; baseline 0.001 -30"><span class='ocrx_word' id='word_1_565' title='bbox 76 4264 81 4321; x_wconf 45' lang='grc' dir='ltr'>ε</span> <span class='ocrx_word' id='word_1_566' title='bbox 185 4231 256 4304; x_wconf 81' lang='lat' dir='ltr'><strong>VI,</strong></span> <span class='ocrx_word' id='word_1_567' title='bbox 276 4238 584 4295; x_wconf 86' lang='lat' dir='ltr'><strong>adSiculos</strong></span> <span class='ocrx_word' id='word_1_568' title='bbox 605 4235 780 4310; x_wconf 92' lang='lat' dir='ltr'><strong>epist.</strong></span> <span class='ocrx_word' id='word_1_569' title='bbox 805 4236 871 4290; x_wconf 90' lang='lat'><strong>17</strong></span> <span class='ocrx_word' id='word_1_570' title='bbox 896 4234 1134 4304; x_wconf 90' lang='lat' dir='ltr'><strong>;VII,ad</strong></span> <span class='ocrx_word' id='word_1_571' title='bbox 1159 4234 1457 4308; x_wconf 89' lang='lat' dir='ltr'><strong>Eutychen</strong></span> <span class='ocrx_word' id='word_1_572' title='bbox 1490 4234 1662 4307; x_wconf 89' lang='lat' dir='ltr'><strong>epist.</strong></span> <span class='ocrx_word' id='word_1_573' title='bbox 1685 4237 1756 4290; x_wconf 85' lang='lat'><strong>20</strong></span> <span class='ocrx_word' id='word_1_574' title='bbox 1779 4253 1793 4305; x_wconf 91' lang='lat'><strong>;</strong></span> <span class='ocrx_word' id='word_1_575' title='bbox 1815 4236 1962 4305; x_wconf 93' lang='lat' dir='ltr'><strong>VIII,</strong></span> <span class='ocrx_word' id='word_1_576' title='bbox 1987 4237 2061 4292; x_wconf 88' lang='lat' dir='ltr'><strong>ad</strong></span> <span class='ocrx_word' id='word_1_577' title='bbox 2096 4237 2437 4293; x_wconf 90' lang='lat' dir='ltr'><strong>Flavianum</strong></span> <span class='ocrx_word' id='word_1_578' title='bbox 2458 4235 2627 4307; x_wconf 88' lang='lat' dir='ltr'><strong>epist.</strong></span> <span class='ocrx_word' id='word_1_579' title='bbox 2653 4235 2764 4302; x_wconf 84' lang='lat'><strong>23;</strong></span> <span class='ocrx_word' id='word_1_580' title='bbox 2794 4232 2884 4304; x_wconf 89' lang='lat' dir='ltr'><strong>IX,</strong></span> <span class='ocrx_word' id='word_1_581' title='bbox 2909 4233 3166 4290; x_wconf 88' lang='lat' dir='ltr'><strong>Flaviani</strong></span> <span class='ocrx_word' id='word_1_582' title='bbox 3197 4236 3270 4291; x_wconf 92' lang='lat' dir='ltr'><strong>ad</strong></span> <span class='ocrx_word' id='word_1_583' title='bbox 3305 4236 3566 4296; x_wconf 90' lang='lat' dir='ltr'><strong>Leonem</strong></span> 
     </span>
    </p>
   </div>
   <div class='ocr_carea' id='block_1_47' title="bbox 82 4321 3568 4398">
    <p class='ocr_par' dir='ltr' id='par_1_47' title="bbox 82 4321 3568 4398">
     <span class='ocr_line' id='line_1_47' title="bbox 82 4321 3568 4398; baseline 0.001 -17"><span class='ocrx_word' id='word_1_584' title='bbox 82 4344 83 4381; x_wconf 53' lang='grc' dir='ltr'>ξ</span> <span class='ocrx_word' id='word_1_585' title='bbox 189 4326 329 4396; x_wconf 83' lang='lat' dir='ltr'><strong>epist.</strong></span> <span class='ocrx_word' id='word_1_586' title='bbox 346 4329 413 4382; x_wconf 82' lang='lat'><strong>22</strong></span> <span class='ocrx_word' id='word_1_587' title='bbox 436 4326 534 4397; x_wconf 84' lang='lat' dir='ltr'><strong>;X,</strong></span> <span class='ocrx_word' id='word_1_588' title='bbox 552 4326 624 4382; x_wconf 89' lang='lat' dir='ltr'><strong>ad</strong></span> <span class='ocrx_word' id='word_1_589' title='bbox 649 4323 994 4381; x_wconf 85' lang='lat' dir='ltr'><strong>Flavianum</strong></span> <span class='ocrx_word' id='word_1_590' title='bbox 1033 4322 1204 4396; x_wconf 87' lang='lat' dir='ltr'><strong>epist.</strong></span> <span class='ocrx_word' id='word_1_591' title='bbox 1227 4324 1298 4378; x_wconf 87' lang='lat'><strong>28</strong></span> <span class='ocrx_word' id='word_1_592' title='bbox 1322 4340 1336 4392; x_wconf 93' lang='lat'><strong>;</strong></span> <span class='ocrx_word' id='word_1_593' title='bbox 1358 4323 1454 4389; x_wconf 90' lang='lat' dir='ltr'><strong>XI,</strong></span> <span class='ocrx_word' id='word_1_594' title='bbox 1487 4324 1557 4379; x_wconf 89' lang='lat' dir='ltr'><strong>ad</strong></span> <span class='ocrx_word' id='word_1_595' title='bbox 1584 4323 1925 4381; x_wconf 87' lang='lat' dir='ltr'><strong>Juvenalem</strong></span> <span class='ocrx_word' id='word_1_596' title='bbox 1951 4324 2121 4398; x_wconf 90' lang='lat' dir='ltr'><strong>epist.</strong></span> <span class='ocrx_word' id='word_1_597' title='bbox 2148 4325 2284 4393; x_wconf 90' lang='lat'><strong>139;</strong></span> <span class='ocrx_word' id='word_1_598' title='bbox 2313 4324 2436 4390; x_wconf 87' lang='lat' dir='ltr'><strong>XII,</strong></span> <span class='ocrx_word' id='word_1_599' title='bbox 2470 4325 2542 4379; x_wconf 90' lang='lat' dir='ltr'><strong>ad</strong></span> <span class='ocrx_word' id='word_1_600' title='bbox 2575 4322 2897 4380; x_wconf 80' lang='lat' dir='ltr'><strong>Maximum</strong></span> <span class='ocrx_word' id='word_1_601' title='bbox 2927 4321 3097 4396; x_wconf 88' lang='lat' dir='ltr'><strong>epist.</strong></span> <span class='ocrx_word' id='word_1_602' title='bbox 3130 4323 3272 4394; x_wconf 81' lang='lat' dir='ltr'><strong>I79;</strong></span> <span class='ocrx_word' id='word_1_603' title='bbox 3307 4324 3452 4395; x_wconf 90' lang='lat' dir='ltr'><strong>XIII,</strong></span> <span class='ocrx_word' id='word_1_604' title='bbox 3495 4327 3568 4384; x_wconf 89' lang='lat' dir='ltr'><strong>ad</strong></span> 
     </span>
    </p>
   </div>
   <div class='ocr_carea' id='block_1_48' title="bbox 80 4410 3459 4509">
    <p class='ocr_par' dir='ltr' id='par_1_48' title="bbox 80 4410 3459 4509">
     <span class='ocr_line' id='line_1_48' title="bbox 80 4410 3459 4509; baseline 0.001 -41"><span class='ocrx_word' id='word_1_605' title='bbox 80 4460 89 4503; x_wconf 32' lang='grc' dir='ltr'>η</span> <span class='ocrx_word' id='word_1_606' title='bbox 192 4412 484 4479; x_wconf 71' lang='lat' dir='ltr'><strong>Anatolium</strong></span> <span class='ocrx_word' id='word_1_607' title='bbox 505 4415 679 4490; x_wconf 88' lang='lat' dir='ltr'><strong>epist.</strong></span> <span class='ocrx_word' id='word_1_608' title='bbox 715 4414 826 4482; x_wconf 91' lang='lat'><strong>80;</strong></span> <span class='ocrx_word' id='word_1_609' title='bbox 857 4412 999 4482; x_wconf 92' lang='lat' dir='ltr'><strong>XIV,</strong></span> <span class='ocrx_word' id='word_1_610' title='bbox 1032 4413 1103 4469; x_wconf 90' lang='lat' dir='ltr'><strong>ad</strong></span> <span class='ocrx_word' id='word_1_611' title='bbox 1139 4413 1386 4468; x_wconf 91' lang='lat' dir='ltr'><strong>Leonem</strong></span> <span class='ocrx_word' id='word_1_612' title='bbox 1410 4413 1743 4486; x_wconf 89' lang='lat' dir='ltr'><strong>Augustum</strong></span> <span class='ocrx_word' id='word_1_613' title='bbox 1773 4412 1942 4485; x_wconf 90' lang='lat' dir='ltr'><strong>epist.</strong></span> <span class='ocrx_word' id='word_1_614' title='bbox 1965 4414 2103 4481; x_wconf 89' lang='grc'>145;</span> <span class='ocrx_word' id='word_1_615' title='bbox 2137 4413 2254 4481; x_wconf 89' lang='lat' dir='ltr'><strong>XV,</strong></span> <span class='ocrx_word' id='word_1_616' title='bbox 2288 4413 2359 4469; x_wconf 91' lang='lat' dir='ltr'><strong>ad</strong></span> <span class='ocrx_word' id='word_1_617' title='bbox 2389 4411 2662 4468; x_wconf 91' lang='lat' dir='ltr'><strong>eumdem</strong></span> <span class='ocrx_word' id='word_1_618' title='bbox 2691 4410 3103 4509; x_wconf 80' lang='lat' dir='ltr'><strong>imperatorem</strong></span> <span class='ocrx_word' id='word_1_619' title='bbox 3133 4412 3305 4486; x_wconf 89' lang='lat' dir='ltr'><strong>epist.</strong></span> <span class='ocrx_word' id='word_1_620' title='bbox 3335 4414 3459 4470; x_wconf 88' lang='grc'><strong>165.</strong></span> 
     </span>
    </p>
   </div>
   <div class='ocr_carea' id='block_1_49' title="bbox 1325 4529 2384 4593">
    <p class='ocr_par' dir='ltr' id='par_1_49' title="bbox 1325 4529 2384 4593">
     <span class='ocr_line' id='line_1_49' title="bbox 1325 4529 2384 4593; baseline 0 -15"><span class='ocrx_word' id='word_1_621' title='bbox 1325 4532 1350 4589; x_wconf 87' lang='lat'><strong>§</strong></span> <span class='ocrx_word' id='word_1_622' title='bbox 1379 4529 1444 4578; x_wconf 87' lang='lat' dir='ltr'><strong>X.</strong></span> <span class='ocrx_word' id='word_1_623' title='bbox 1470 4529 1544 4578; x_wconf 92' lang='lat' dir='ltr'><strong>De</strong></span> <span class='ocrx_word' id='word_1_624' title='bbox 1578 4529 1890 4579; x_wconf 85' lang='lat' dir='ltr'><strong>collectione</strong></span> <span class='ocrx_word' id='word_1_625' title='bbox 1912 4541 2056 4579; x_wconf 90' lang='lat' dir='ltr'><strong>nona</strong></span> <span class='ocrx_word' id='word_1_626' title='bbox 2082 4529 2384 4593; x_wconf 87' lang='lat' dir='ltr'><strong>Hispanica.</strong></span> 
     </span>
    </p>
   </div>
   <div class='ocr_carea' id='block_1_50' title="bbox 250 4632 3577 4712">
    <p class='ocr_par' dir='ltr' id='par_1_50' title="bbox 250 4632 3577 4712">
     <span class='ocr_line' id='line_1_50' title="bbox 250 4632 3577 4712; baseline 0.001 -22"><span class='ocrx_word' id='word_1_627' title='bbox 250 4637 325 4693; x_wconf 88' lang='grc'><strong>18.</strong></span> <span class='ocrx_word' id='word_1_628' title='bbox 345 4638 666 4712; x_wconf 67' lang='lat' dir='ltr'><strong>Hispanicae</strong></span> <span class='ocrx_word' id='word_1_629' title='bbox 688 4633 1042 4703; x_wconf 88' lang='lat' dir='ltr'><strong>collectioni,</strong></span> <span class='ocrx_word' id='word_1_630' title='bbox 1066 4651 1196 4707; x_wconf 81' lang='lat' dir='ltr'><strong>quae</strong></span> <span class='ocrx_word' id='word_1_631' title='bbox 1216 4638 1348 4691; x_wconf 89' lang='lat' dir='ltr'><strong>ante</strong></span> <span class='ocrx_word' id='word_1_632' title='bbox 1369 4634 1777 4691; x_wconf 86' lang='lat' dir='ltr'><strong>Constantium</strong></span> <span class='ocrx_word' id='word_1_633' title='bbox 1818 4651 1935 4690; x_wconf 91' lang='lat' dir='ltr'><strong>non</strong></span> <span class='ocrx_word' id='word_1_634' title='bbox 1960 4634 2103 4691; x_wconf 87' lang='lat' dir='ltr'><strong>satis</strong></span> <span class='ocrx_word' id='word_1_635' title='bbox 2125 4638 2249 4690; x_wconf 91' lang='lat' dir='ltr'><strong>erat</strong></span> <span class='ocrx_word' id='word_1_636' title='bbox 2268 4634 2521 4706; x_wconf 86' lang='lat' dir='ltr'><strong>cognita,</strong></span> <span class='ocrx_word' id='word_1_637' title='bbox 2545 4649 2767 4689; x_wconf 91' lang='lat' dir='ltr'><strong>nonum</strong></span> <span class='ocrx_word' id='word_1_638' title='bbox 2794 4632 2989 4690; x_wconf 90' lang='lat' dir='ltr'><strong>locum</strong></span> <span class='ocrx_word' id='word_1_639' title='bbox 3008 4632 3350 4695; x_wconf 87' lang='lat' dir='ltr'><strong>tribuimus.</strong></span> <span class='ocrx_word' id='word_1_640' title='bbox 3384 4634 3577 4708; x_wconf 88' lang='lat' dir='ltr'><strong>Hujus</strong></span> 
     </span>
    </p>
   </div>
   <div class='ocr_carea' id='block_1_51' title="bbox 203 4721 3579 4801">
    <p class='ocr_par' dir='ltr' id='par_1_51' title="bbox 203 4721 3579 4801">
     <span class='ocr_line' id='line_1_51' title="bbox 203 4721 3579 4801; baseline 0.002 -25"><span class='ocrx_word' id='word_1_641' title='bbox 203 4731 366 4783; x_wconf 76' lang='lat' dir='ltr'><strong>auctor</strong></span> <span class='ocrx_word' id='word_1_642' title='bbox 382 4726 658 4801; x_wconf 87' lang='lat' dir='ltr'><strong>epistolas</strong></span> <span class='ocrx_word' id='word_1_643' title='bbox 680 4743 717 4780; x_wconf 88' lang='lat' dir='ltr'><strong>a</strong></span> <span class='ocrx_word' id='word_1_644' title='bbox 740 4723 1016 4796; x_wconf 86' lang='lat' dir='ltr'><strong>Dionysio</strong></span> <span class='ocrx_word' id='word_1_645' title='bbox 1042 4723 1313 4780; x_wconf 75' lang='lat' dir='ltr'><strong>recitatae</strong></span> <span class='ocrx_word' id='word_1_646' title='bbox 1331 4740 1464 4780; x_wconf 92' lang='lat' dir='ltr'><strong>cum</strong></span> <span class='ocrx_word' id='word_1_647' title='bbox 1479 4723 1687 4781; x_wconf 90' lang='lat' dir='ltr'><strong>iisdem</strong></span> <span class='ocrx_word' id='word_1_648' title='bbox 1705 4723 1894 4780; x_wconf 89' lang='lat' dir='ltr'><strong>titulis</strong></span> <span class='ocrx_word' id='word_1_649' title='bbox 1916 4723 2258 4796; x_wconf 88' lang='lat' dir='ltr'><strong>sumpsit.1n</strong></span> <span class='ocrx_word' id='word_1_650' title='bbox 2284 4741 2400 4778; x_wconf 89' lang='lat' dir='ltr'><strong>una</strong></span> <span class='ocrx_word' id='word_1_651' title='bbox 2415 4721 2661 4796; x_wconf 91' lang='lat' dir='ltr'><strong>epistola</strong></span> <span class='ocrx_word' id='word_1_652' title='bbox 2681 4723 2751 4778; x_wconf 87' lang='lat' dir='ltr'><strong>ad</strong></span> <span class='ocrx_word' id='word_1_653' title='bbox 2771 4722 3078 4779; x_wconf 83' lang='lat' dir='ltr'><strong>Rusticum</strong></span> <span class='ocrx_word' id='word_1_654' title='bbox 3091 4724 3321 4781; x_wconf 90' lang='lat' dir='ltr'><strong>addidit</strong></span> <span class='ocrx_word' id='word_1_655' title='bbox 3336 4724 3579 4784; x_wconf 89' lang='lat' dir='ltr'><strong>titulum</strong></span> 
     </span>
    </p>
   </div>
   <div class='ocr_carea' id='block_1_52' title="bbox 203 4811 3583 4889">
    <p class='ocr_par' dir='ltr' id='par_1_52' title="bbox 203 4811 3583 4889">
     <span class='ocr_line' id='line_1_52' title="bbox 203 4811 3583 4889; baseline 0.002 -22"><span class='ocrx_word' id='word_1_656' title='bbox 203 4820 241 4867; x_wconf 80' lang='lat' dir='ltr'><strong>et</strong></span> <span class='ocrx_word' id='word_1_657' title='bbox 260 4822 431 4889; x_wconf 83' lang='lat' dir='ltr'><strong>caput,</strong></span> <span class='ocrx_word' id='word_1_658' title='bbox 464 4817 565 4889; x_wconf 90' lang='lat' dir='ltr'><strong>qui</strong></span> <span class='ocrx_word' id='word_1_659' title='bbox 593 4818 657 4871; x_wconf 90' lang='lat' dir='ltr'><strong>in</strong></span> <span class='ocrx_word' id='word_1_660' title='bbox 679 4814 953 4886; x_wconf 85' lang='lat' dir='ltr'><strong>Dionysio</strong></span> <span class='ocrx_word' id='word_1_661' title='bbox 985 4814 1220 4882; x_wconf 89' lang='lat' dir='ltr'><strong>desunt,</strong></span> <span class='ocrx_word' id='word_1_662' title='bbox 1245 4817 1309 4869; x_wconf 90' lang='lat' dir='ltr'><strong>ut</strong></span> <span class='ocrx_word' id='word_1_663' title='bbox 1330 4830 1436 4869; x_wconf 92' lang='lat' dir='ltr'><strong>suo</strong></span> <span class='ocrx_word' id='word_1_664' title='bbox 1458 4813 1583 4870; x_wconf 93' lang='lat' dir='ltr'><strong>loco</strong></span> <span class='ocrx_word' id='word_1_665' title='bbox 1609 4812 1856 4870; x_wconf 88' lang='lat' dir='ltr'><strong>dicetur.</strong></span> <span class='ocrx_word' id='word_1_666' title='bbox 1878 4813 2091 4868; x_wconf 64' lang='lat' dir='ltr'><strong>Praeter</strong></span> <span class='ocrx_word' id='word_1_667' title='bbox 2110 4816 2332 4885; x_wconf 88' lang='lat' dir='ltr'><strong>septem</strong></span> <span class='ocrx_word' id='word_1_668' title='bbox 2359 4812 2564 4867; x_wconf 90' lang='lat' dir='ltr'><strong>Leonis</strong></span> <span class='ocrx_word' id='word_1_669' title='bbox 2588 4811 2865 4885; x_wconf 90' lang='lat' dir='ltr'><strong>epistolas</strong></span> <span class='ocrx_word' id='word_1_670' title='bbox 2891 4816 3160 4884; x_wconf 88' lang='lat' dir='ltr'><strong>sumptas</strong></span> <span class='ocrx_word' id='word_1_671' title='bbox 3181 4830 3211 4871; x_wconf 93' lang='lat' dir='ltr'><strong>e</strong></span> <span class='ocrx_word' id='word_1_672' title='bbox 3242 4813 3583 4873; x_wconf 87' lang='lat' dir='ltr'><strong>collectione</strong></span> 
     </span>
    </p>
   </div>
   <div class='ocr_carea' id='block_1_53' title="bbox 200 4899 3587 4977">
    <p class='ocr_par' dir='ltr' id='par_1_53' title="bbox 200 4899 3587 4977">
     <span class='ocr_line' id='line_1_53' title="bbox 200 4899 3587 4977; baseline 0.001 -23"><span class='ocrx_word' id='word_1_673' title='bbox 200 4899 671 4977; x_wconf 77' lang='lat' dir='ltr'><strong>Dionysii,adjecit</strong></span> <span class='ocrx_word' id='word_1_674' title='bbox 695 4902 844 4959; x_wconf 89' lang='lat' dir='ltr'><strong>alias</strong></span> <span class='ocrx_word' id='word_1_675' title='bbox 866 4902 1108 4975; x_wconf 90' lang='lat' dir='ltr'><strong>triginta</strong></span> <span class='ocrx_word' id='word_1_676' title='bbox 1129 4903 1356 4969; x_wconf 91' lang='lat' dir='ltr'><strong>Leonis,</strong></span> <span class='ocrx_word' id='word_1_677' title='bbox 1382 4908 1439 4958; x_wconf 92' lang='lat' dir='ltr'><strong>et</strong></span> <span class='ocrx_word' id='word_1_678' title='bbox 1459 4919 1637 4957; x_wconf 88' lang='lat' dir='ltr'><strong>unam</strong></span> <span class='ocrx_word' id='word_1_679' title='bbox 1663 4901 1812 4958; x_wconf 89' lang='lat' dir='ltr'><strong>Petri</strong></span> <span class='ocrx_word' id='word_1_680' title='bbox 1830 4900 2163 4974; x_wconf 88' lang='lat' dir='ltr'><strong>Chrysologi</strong></span> <span class='ocrx_word' id='word_1_681' title='bbox 2197 4902 2269 4957; x_wconf 89' lang='lat' dir='ltr'><strong>ad</strong></span> <span class='ocrx_word' id='word_1_682' title='bbox 2296 4900 2613 4975; x_wconf 88' lang='lat' dir='ltr'><strong>Eutychen,</strong></span> <span class='ocrx_word' id='word_1_683' title='bbox 2644 4905 2818 4974; x_wconf 89' lang='lat' dir='ltr'><strong>atque</strong></span> <span class='ocrx_word' id='word_1_684' title='bbox 2847 4900 3022 4959; x_wconf 89' lang='lat' dir='ltr'><strong>aliam</strong></span> <span class='ocrx_word' id='word_1_685' title='bbox 3043 4901 3299 4959; x_wconf 90' lang='lat' dir='ltr'><strong>Flaviani</strong></span> <span class='ocrx_word' id='word_1_686' title='bbox 3331 4903 3401 4959; x_wconf 91' lang='lat' dir='ltr'><strong>ad</strong></span> <span class='ocrx_word' id='word_1_687' title='bbox 3434 4904 3587 4960; x_wconf 88' lang='lat' dir='ltr'><strong>Leo-</strong></span> 
     </span>
    </p>
   </div>
   <div class='ocr_carea' id='block_1_54' title="bbox 202 4990 3588 5069">
    <p class='ocr_par' dir='ltr' id='par_1_54' title="bbox 202 4990 3588 5069">
     <span class='ocr_line' id='line_1_54' title="bbox 202 4990 3588 5069; baseline 0.001 -23"><span class='ocrx_word' id='word_1_688' title='bbox 202 5004 327 5061; x_wconf 84' lang='lat' dir='ltr'><strong>ncm,</strong></span> <span class='ocrx_word' id='word_1_689' title='bbox 348 5013 470 5069; x_wconf 66' lang='lat' dir='ltr'><strong>quae</strong></span> <span class='ocrx_word' id='word_1_690' title='bbox 490 4996 548 5051; x_wconf 89' lang='lat' dir='ltr'><strong>in</strong></span> <span class='ocrx_word' id='word_1_691' title='bbox 582 4993 904 5051; x_wconf 88' lang='lat' dir='ltr'><strong>editionem</strong></span> <span class='ocrx_word' id='word_1_692' title='bbox 942 4992 1267 5048; x_wconf 79' lang='lat' dir='ltr'><strong>inserendas</strong></span> <span class='ocrx_word' id='word_1_693' title='bbox 1288 4997 1477 5049; x_wconf 90' lang='lat' dir='ltr'><strong>erunt.</strong></span> <span class='ocrx_word' id='word_1_694' title='bbox 1510 4992 1709 5063; x_wconf 84' lang='lat' dir='ltr'><strong>Itaque</strong></span> <span class='ocrx_word' id='word_1_695' title='bbox 1751 5008 1953 5046; x_wconf 90' lang='lat' dir='ltr'><strong>omnes</strong></span> <span class='ocrx_word' id='word_1_696' title='bbox 1975 4990 2231 5063; x_wconf 67' lang='lat' dir='ltr'><strong>epistola:</strong></span> <span class='ocrx_word' id='word_1_697' title='bbox 2255 4990 2431 5047; x_wconf 90' lang='lat' dir='ltr'><strong>simul</strong></span> <span class='ocrx_word' id='word_1_698' title='bbox 2455 4995 2595 5047; x_wconf 91' lang='lat' dir='ltr'><strong>sunt</strong></span> <span class='ocrx_word' id='word_1_699' title='bbox 2621 4991 2713 5057; x_wconf 88' lang='lat'><strong>39,</strong></span> <span class='ocrx_word' id='word_1_700' title='bbox 2744 4990 2854 5046; x_wconf 92' lang='lat' dir='ltr'><strong>hac</strong></span> <span class='ocrx_word' id='word_1_701' title='bbox 2885 4991 3032 5047; x_wconf 90' lang='lat' dir='ltr'><strong>serie</strong></span> <span class='ocrx_word' id='word_1_702' title='bbox 3054 4990 3351 5066; x_wconf 81' lang='lat' dir='ltr'><strong>dispositae</strong></span> <span class='ocrx_word' id='word_1_703' title='bbox 3386 5008 3399 5047; x_wconf 88' lang='lat'><strong>:</strong></span> <span class='ocrx_word' id='word_1_704' title='bbox 3432 4996 3475 5059; x_wconf 91' lang='lat'><strong>1,</strong></span> <span class='ocrx_word' id='word_1_705' title='bbox 3507 4993 3588 5053; x_wconf 84' lang='lat' dir='ltr'><strong>ad</strong></span> 
     </span>
    </p>
   </div>
   <div class='ocr_carea' id='block_1_55' title="bbox 198 5079 3588 5159">
    <p class='ocr_par' dir='ltr' id='par_1_55' title="bbox 198 5079 3588 5159">
     <span class='ocr_line' id='line_1_55' title="bbox 198 5079 3588 5159; baseline -0.001 -23"><span class='ocrx_word' id='word_1_706' title='bbox 198 5079 455 5158; x_wconf 75' lang='lat' dir='ltr'><strong>Eutychen</strong></span> <span class='ocrx_word' id='word_1_707' title='bbox 478 5082 734 5159; x_wconf 89' lang='lat' dir='ltr'><strong>epistola</strong></span> <span class='ocrx_word' id='word_1_708' title='bbox 762 5085 974 5137; x_wconf 68' lang='lat' dir='ltr'><strong>nostra:</strong></span> <span class='ocrx_word' id='word_1_709' title='bbox 1018 5080 1289 5136; x_wconf 86' lang='lat' dir='ltr'><strong>editionis</strong></span> <span class='ocrx_word' id='word_1_710' title='bbox 1309 5083 1417 5148; x_wconf 86' lang='lat'><strong>20;</strong></span> <span class='ocrx_word' id='word_1_711' title='bbox 1444 5082 1511 5148; x_wconf 90' lang='lat' dir='ltr'><strong>II,</strong></span> <span class='ocrx_word' id='word_1_712' title='bbox 1535 5081 1608 5136; x_wconf 90' lang='lat' dir='ltr'><strong>ad</strong></span> <span class='ocrx_word' id='word_1_713' title='bbox 1632 5079 1969 5135; x_wconf 86' lang='lat' dir='ltr'><strong>Flavianum</strong></span> <span class='ocrx_word' id='word_1_714' title='bbox 2002 5079 2171 5151; x_wconf 85' lang='lat' dir='ltr'><strong>epist.</strong></span> <span class='ocrx_word' id='word_1_715' title='bbox 2194 5080 2305 5145; x_wconf 81' lang='lat'><strong>23;</strong></span> <span class='ocrx_word' id='word_1_716' title='bbox 2339 5079 2434 5149; x_wconf 92' lang='lat' dir='ltr'><strong>IlI,</strong></span> <span class='ocrx_word' id='word_1_717' title='bbox 2469 5079 2725 5135; x_wconf 90' lang='lat' dir='ltr'><strong>Flaviani</strong></span> <span class='ocrx_word' id='word_1_718' title='bbox 2756 5080 2828 5135; x_wconf 91' lang='lat' dir='ltr'><strong>ad</strong></span> <span class='ocrx_word' id='word_1_719' title='bbox 2860 5080 3109 5136; x_wconf 89' lang='lat' dir='ltr'><strong>Leonem</strong></span> <span class='ocrx_word' id='word_1_720' title='bbox 3141 5082 3312 5154; x_wconf 91' lang='lat' dir='ltr'><strong>epist.</strong></span> <span class='ocrx_word' id='word_1_721' title='bbox 3343 5082 3414 5136; x_wconf 85' lang='lat'><strong><em>22</em></strong></span> <span class='ocrx_word' id='word_1_722' title='bbox 3442 5098 3454 5147; x_wconf 93' lang='lat'><strong>;</strong></span> <span class='ocrx_word' id='word_1_723' title='bbox 3489 5080 3588 5151; x_wconf 85' lang='lat' dir='ltr'><strong>IV,</strong></span> 
     </span>
    </p>
   </div>
   <div class='ocr_carea' id='block_1_56' title="bbox 200 5164 3590 5243">
    <p class='ocr_par' dir='ltr' id='par_1_56' title="bbox 200 5164 3590 5243">
     <span class='ocr_line' id='line_1_56' title="bbox 200 5164 3590 5243; baseline -0.002 -15"><span class='ocrx_word' id='word_1_724' title='bbox 200 5166 461 5231; x_wconf 79' lang='lat' dir='ltr'><strong>Leonisad</strong></span> <span class='ocrx_word' id='word_1_725' title='bbox 484 5172 835 5229; x_wconf 87' lang='lat' dir='ltr'><strong>Flavianum</strong></span> <span class='ocrx_word' id='word_1_726' title='bbox 856 5168 1025 5240; x_wconf 89' lang='lat' dir='ltr'><strong>epist.</strong></span> <span class='ocrx_word' id='word_1_727' title='bbox 1049 5170 1152 5233; x_wconf 87' lang='lat'><strong>28;</strong></span> <span class='ocrx_word' id='word_1_728' title='bbox 1177 5167 1243 5235; x_wconf 90' lang='lat' dir='ltr'><strong>V,</strong></span> <span class='ocrx_word' id='word_1_729' title='bbox 1269 5168 1417 5223; x_wconf 88' lang='lat' dir='ltr'><strong>Petri</strong></span> <span class='ocrx_word' id='word_1_730' title='bbox 1445 5168 1796 5224; x_wconf 88' lang='lat' dir='ltr'><strong>Ravennatis</strong></span> <span class='ocrx_word' id='word_1_731' title='bbox 1838 5168 1910 5223; x_wconf 93' lang='lat' dir='ltr'><strong>ad</strong></span> <span class='ocrx_word' id='word_1_732' title='bbox 1957 5166 2254 5240; x_wconf 87' lang='lat' dir='ltr'><strong>Eutychen</strong></span> <span class='ocrx_word' id='word_1_733' title='bbox 2283 5168 2452 5241; x_wconf 82' lang='lat' dir='ltr'><strong>epist.</strong></span> <span class='ocrx_word' id='word_1_734' title='bbox 2483 5170 2589 5237; x_wconf 83' lang='lat'><strong>25;</strong></span> <span class='ocrx_word' id='word_1_735' title='bbox 2614 5169 2708 5236; x_wconf 88' lang='lat' dir='ltr'><strong>VI,</strong></span> <span class='ocrx_word' id='word_1_736' title='bbox 2738 5168 2948 5224; x_wconf 91' lang='lat' dir='ltr'><strong>Leonis</strong></span> <span class='ocrx_word' id='word_1_737' title='bbox 2978 5168 3049 5224; x_wconf 91' lang='lat' dir='ltr'><strong>ad</strong></span> <span class='ocrx_word' id='word_1_738' title='bbox 3083 5170 3370 5243; x_wconf 87' lang='lat' dir='ltr'><strong>synodum</strong></span> <span class='ocrx_word' id='word_1_739' title='bbox 3397 5164 3590 5236; x_wconf 90' lang='lat' dir='ltr'><strong>Ephe-</strong></span> 
     </span>
    </p>
   </div>
   <div class='ocr_carea' id='block_1_57' title="bbox 209 5252 3589 5337">
    <p class='ocr_par' dir='ltr' id='par_1_57' title="bbox 209 5252 3589 5337">
     <span class='ocr_line' id='line_1_57' title="bbox 209 5252 3589 5337; baseline -0.003 -24"><span class='ocrx_word' id='word_1_740' title='bbox 209 5259 360 5318; x_wconf 83' lang='lat' dir='ltr'><strong>sinam</strong></span> <span class='ocrx_word' id='word_1_741' title='bbox 387 5264 537 5337; x_wconf 83' lang='lat' dir='ltr'><strong>epist</strong></span> <span class='ocrx_word' id='word_1_742' title='bbox 565 5260 677 5328; x_wconf 87' lang='lat'><strong>33;</strong></span> <span class='ocrx_word' id='word_1_743' title='bbox 704 5257 836 5323; x_wconf 89' lang='lat' dir='ltr'><strong>VII,</strong></span> <span class='ocrx_word' id='word_1_744' title='bbox 860 5256 930 5312; x_wconf 88' lang='lat' dir='ltr'><strong>ad</strong></span> <span class='ocrx_word' id='word_1_745' title='bbox 970 5255 1365 5312; x_wconf 84' lang='lat' dir='ltr'><strong>Theodosium</strong></span> <span class='ocrx_word' id='word_1_746' title='bbox 1403 5256 1573 5328; x_wconf 90' lang='lat' dir='ltr'><strong>epist.</strong></span> <span class='ocrx_word' id='word_1_747' title='bbox 1598 5257 1665 5310; x_wconf 85' lang='grc'><strong>44</strong></span> <span class='ocrx_word' id='word_1_748' title='bbox 1691 5274 1704 5325; x_wconf 90' lang='grc'><strong>;</strong></span> <span class='ocrx_word' id='word_1_749' title='bbox 1729 5256 1883 5323; x_wconf 87' lang='lat' dir='ltr'><strong>VIII,</strong></span> <span class='ocrx_word' id='word_1_750' title='bbox 1907 5256 1979 5311; x_wconf 91' lang='lat' dir='ltr'><strong>ad</strong></span> <span class='ocrx_word' id='word_1_751' title='bbox 2003 5256 2366 5315; x_wconf 89' lang='lat' dir='ltr'><strong>Pulcheriam</strong></span> <span class='ocrx_word' id='word_1_752' title='bbox 2399 5258 2570 5331; x_wconf 89' lang='lat' dir='ltr'><strong>epist.</strong></span> <span class='ocrx_word' id='word_1_753' title='bbox 2612 5258 2711 5325; x_wconf 71' lang='lat'><strong>~15;</strong></span> <span class='ocrx_word' id='word_1_754' title='bbox 2746 5257 2844 5327; x_wconf 88' lang='lat' dir='ltr'><strong>IX,</strong></span> <span class='ocrx_word' id='word_1_755' title='bbox 2872 5258 2945 5313; x_wconf 89' lang='lat' dir='ltr'><strong>ad</strong></span> <span class='ocrx_word' id='word_1_756' title='bbox 2975 5259 3241 5313; x_wconf 88' lang='lat' dir='ltr'><strong>eamdem</strong></span> <span class='ocrx_word' id='word_1_757' title='bbox 3273 5254 3441 5326; x_wconf 89' lang='lat' dir='ltr'><strong>epist.</strong></span> <span class='ocrx_word' id='word_1_758' title='bbox 3474 5252 3547 5337; x_wconf 86' lang='lat' dir='ltr'><strong>6O</strong></span> <span class='ocrx_word' id='word_1_759' title='bbox 3574 5270 3589 5320; x_wconf 88' lang='lat'><strong>;</strong></span> 
     </span>
    </p>
   </div>
   <div class='ocr_carea' id='block_1_58' title="bbox 207 5335 3593 5421">
    <p class='ocr_par' dir='ltr' id='par_1_58' title="bbox 207 5335 3593 5421">
     <span class='ocr_line' id='line_1_58' title="bbox 207 5335 3593 5421; baseline -0.003 -17"><span class='ocrx_word' id='word_1_760' title='bbox 207 5347 255 5413; x_wconf 78' lang='grc' dir='ltr'>Χ,</span> <span class='ocrx_word' id='word_1_761' title='bbox 271 5352 329 5407; x_wconf 83' lang='lat' dir='ltr'><strong>ad</strong></span> <span class='ocrx_word' id='word_1_762' title='bbox 353 5335 675 5409; x_wconf 79' lang='lat' dir='ltr'><strong>Martinum</strong></span> <span class='ocrx_word' id='word_1_763' title='bbox 701 5352 759 5402; x_wconf 90' lang='lat' dir='ltr'><strong>et</strong></span> <span class='ocrx_word' id='word_1_764' title='bbox 790 5344 1070 5400; x_wconf 87' lang='lat' dir='ltr'><strong>Faustum</strong></span> <span class='ocrx_word' id='word_1_765' title='bbox 1094 5345 1265 5418; x_wconf 89' lang='lat' dir='ltr'><strong>epist.</strong></span> <span class='ocrx_word' id='word_1_766' title='bbox 1292 5345 1357 5399; x_wconf 91' lang='grc'><strong>61</strong></span> <span class='ocrx_word' id='word_1_767' title='bbox 1387 5362 1400 5412; x_wconf 88' lang='grc'><strong>;</strong></span> <span class='ocrx_word' id='word_1_768' title='bbox 1424 5344 1518 5413; x_wconf 85' lang='lat' dir='ltr'><strong>XI,</strong></span> <span class='ocrx_word' id='word_1_769' title='bbox 1545 5344 1618 5399; x_wconf 92' lang='lat' dir='ltr'><strong>ad</strong></span> <span class='ocrx_word' id='word_1_770' title='bbox 1642 5344 2035 5400; x_wconf 90' lang='lat' dir='ltr'><strong>Theodosium</strong></span> <span class='ocrx_word' id='word_1_771' title='bbox 2080 5347 2415 5419; x_wconf 88' lang='lat' dir='ltr'><strong>Augustum</strong></span> <span class='ocrx_word' id='word_1_772' title='bbox 2438 5346 2608 5421; x_wconf 89' lang='lat' dir='ltr'><strong>epist.</strong></span> <span class='ocrx_word' id='word_1_773' title='bbox 2632 5347 2736 5413; x_wconf 88' lang='lat'><strong>69;</strong></span> <span class='ocrx_word' id='word_1_774' title='bbox 2769 5346 2890 5413; x_wconf 89' lang='lat' dir='ltr'><strong>XII,</strong></span> <span class='ocrx_word' id='word_1_775' title='bbox 2915 5346 2987 5400; x_wconf 91' lang='lat' dir='ltr'><strong>ad</strong></span> <span class='ocrx_word' id='word_1_776' title='bbox 3020 5342 3384 5399; x_wconf 88' lang='lat' dir='ltr'><strong>Pulcheriam</strong></span> <span class='ocrx_word' id='word_1_777' title='bbox 3414 5335 3593 5421; x_wconf 83' lang='lat' dir='ltr'><strong>epist.</strong></span> 
     </span>
    </p>
   </div>
   <div class='ocr_carea' id='block_1_59' title="bbox 201 5419 3596 5511">
    <p class='ocr_par' dir='ltr' id='par_1_59' title="bbox 201 5419 3596 5511">
     <span class='ocr_line' id='line_1_59' title="bbox 201 5419 3596 5511; baseline -0.005 -12"><span class='ocrx_word' id='word_1_778' title='bbox 201 5438 441 5511; x_wconf 80' lang='lat' dir='ltr'><strong>70;XIII,</strong></span> <span class='ocrx_word' id='word_1_779' title='bbox 466 5440 540 5498; x_wconf 88' lang='lat' dir='ltr'><strong>ad</strong></span> <span class='ocrx_word' id='word_1_780' title='bbox 578 5438 899 5497; x_wconf 86' lang='lat' dir='ltr'><strong>Faustum,</strong></span> <span class='ocrx_word' id='word_1_781' title='bbox 929 5432 1245 5489; x_wconf 89' lang='lat' dir='ltr'><strong>Martinum</strong></span> <span class='ocrx_word' id='word_1_782' title='bbox 1279 5437 1336 5488; x_wconf 90' lang='lat' dir='ltr'><strong>et</strong></span> <span class='ocrx_word' id='word_1_783' title='bbox 1356 5436 1596 5490; x_wconf 67' lang='lat' dir='ltr'><strong>caeteros</strong></span> <span class='ocrx_word' id='word_1_784' title='bbox 1643 5432 1813 5506; x_wconf 89' lang='lat' dir='ltr'><strong>epist.</strong></span> <span class='ocrx_word' id='word_1_785' title='bbox 1844 5434 1949 5502; x_wconf 90' lang='lat'><strong>71;</strong></span> <span class='ocrx_word' id='word_1_786' title='bbox 1982 5432 2127 5497; x_wconf 90' lang='lat' dir='ltr'><strong>XIV,</strong></span> <span class='ocrx_word' id='word_1_787' title='bbox 2160 5435 2231 5489; x_wconf 90' lang='lat' dir='ltr'><strong>ad</strong></span> <span class='ocrx_word' id='word_1_788' title='bbox 2265 5419 2631 5492; x_wconf 74' lang='lat' dir='ltr'><strong>Pulcheriam</strong></span> <span class='ocrx_word' id='word_1_789' title='bbox 2662 5433 2833 5506; x_wconf 86' lang='lat' dir='ltr'><strong>epist.</strong></span> <span class='ocrx_word' id='word_1_790' title='bbox 2866 5433 2971 5499; x_wconf 87' lang='lat'><strong>79;</strong></span> <span class='ocrx_word' id='word_1_791' title='bbox 3004 5431 3125 5496; x_wconf 88' lang='lat' dir='ltr'><strong>XV,</strong></span> <span class='ocrx_word' id='word_1_792' title='bbox 3159 5429 3231 5484; x_wconf 87' lang='lat' dir='ltr'><strong>ad</strong></span> <span class='ocrx_word' id='word_1_793' title='bbox 3256 5419 3596 5511; x_wconf 77' lang='lat' dir='ltr'><strong>Anatolium</strong></span> 
     </span>
    </p>
   </div>
   <div class='ocr_carea' id='block_1_60' title="bbox 197 5505 3594 5612">
    <p class='ocr_par' dir='ltr' id='par_1_60' title="bbox 197 5505 3594 5612">
     <span class='ocr_line' id='line_1_60' title="bbox 197 5505 3594 5612; baseline -0.006 -27"><span class='ocrx_word' id='word_1_794' title='bbox 197 5505 332 5612; x_wconf 66' lang='lat' dir='ltr'><strong>epist,</strong></span> <span class='ocrx_word' id='word_1_795' title='bbox 356 5505 458 5609; x_wconf 36' lang='lat'><strong>80&#39;;</strong></span> <span class='ocrx_word' id='word_1_796' title='bbox 490 5527 645 5601; x_wconf 83' lang='lat' dir='ltr'><strong>XVI,</strong></span> <span class='ocrx_word' id='word_1_797' title='bbox 672 5523 753 5588; x_wconf 85' lang='lat' dir='ltr'><strong>ad</strong></span> <span class='ocrx_word' id='word_1_798' title='bbox 798 5521 1152 5583; x_wconf 84' lang='lat' dir='ltr'><strong>Martianum</strong></span> <span class='ocrx_word' id='word_1_799' title='bbox 1190 5520 1360 5599; x_wconf 86' lang='lat' dir='ltr'><strong>epist.</strong></span> <span class='ocrx_word' id='word_1_800' title='bbox 1388 5524 1493 5598; x_wconf 87' lang='lat'><strong>82;</strong></span> <span class='ocrx_word' id='word_1_801' title='bbox 1527 5520 1700 5597; x_wconf 87' lang='lat' dir='ltr'><strong>XVII,</strong></span> <span class='ocrx_word' id='word_1_802' title='bbox 1733 5524 1808 5584; x_wconf 85' lang='lat' dir='ltr'><strong>ad</strong></span> <span class='ocrx_word' id='word_1_803' title='bbox 1855 5524 2129 5599; x_wconf 86' lang='lat' dir='ltr'><strong>eumdem</strong></span> <span class='ocrx_word' id='word_1_804' title='bbox 2158 5524 2575 5605; x_wconf 83' lang='lat' dir='ltr'><strong>imperatorem</strong></span> <span class='ocrx_word' id='word_1_805' title='bbox 2612 5522 2781 5599; x_wconf 88' lang='lat' dir='ltr'><strong>epist.</strong></span> <span class='ocrx_word' id='word_1_806' title='bbox 2808 5522 2877 5582; x_wconf 89' lang='lat'><strong>83</strong></span> <span class='ocrx_word' id='word_1_807' title='bbox 2902 5537 2916 5581; x_wconf 88' lang='lat'><strong>:</strong></span> <span class='ocrx_word' id='word_1_808' title='bbox 2939 5519 3115 5589; x_wconf 79' lang='lat' dir='ltr'><strong>XVII,</strong></span> <span class='ocrx_word' id='word_1_809' title='bbox 3144 5515 3214 5576; x_wconf 87' lang='lat' dir='ltr'><strong>ad</strong></span> <span class='ocrx_word' id='word_1_810' title='bbox 3246 5505 3594 5579; x_wconf 81' lang='lat' dir='ltr'><strong>Anatolium</strong></span> 
     </span>
    </p>
   </div>
  </div>
