3946 6214
453 269 570 329 559
1264 260 1681 324 PREFATIO
1724 258 1803 320 IN
1846 256 2280 320 EPISTOLAS
2327 256 2392 318 S.
2439 254 2724 319 LEONIS
2765 253 3040 318 MAGNI.
3702 257 3797 317 560

450 402 624 474 epist.
646 399 718 457 85
740 417 755 471 ;
777 398 920 470 XIX,
944 400 1016 456 ad
1038 398 1401 456 Marcianum
1430 394 1602 469 epist.
1629 396 1734 463 90;
1766 393 1880 464 XX,
1900 393 1973 449 ad
1997 392 2286 465 synodum
2317 389 2848 448 Chalcedonensem
2887 389 3055 463 epist.
3081 388 3177 458 93;
3201 386 3341 458 XXI,
3374 387 3447 445 ad
3489 382 3799 474 Marcianum

447 472 621 564 epist.
652 492 755 550 104
778 508 792 559 ;
815 490 985 559 XXII,
1009 490 1082 546 ad
1103 487 1437 544 Anatolium
1471 486 1641 559 epist.
1677 485 1813 553 105;
1839 483 2031 550 XXIII,
2059 483 2131 538 ad
2154 482 2514 538 Marcianum
2543 481 2713 553 epist.
2738 481 2842 536 415
2867 499 2880 548 ;
2914 479 3101 547 XXIV,
3126 480 3201 535 ad
3221 478 3491 535 eumdem
3515 478 3671 550 epist.
3700 472 3796 547 130;

448 578 697 648 XXV,ad
719 579 992 637 eumdem
1012 576 1184 650 epist.
1208 576 1336 645 134;
1356 574 1551 641 XXVI,
1575 574 1647 630 ad
1672 574 1925 629 Leonem
1948 571 2356 643 imperatorem
2376 570 2531 642 epist
2551 570 2672 625 165.
2694 569 2914 624 XXVII.
2947 568 3019 624 ad
3041 567 3383 623 Turribium
3421 566 3800 623 Asturicensem

450 668 623 741 epist.
648 669 735 736 15;
757 667 1000 734 XXVIII,
1021 666 1093 723 ad
1129 665 1306 722 Italos
1351 663 1521 737 epist.
1543 665 1579 717 7
1603 681 1616 731 ;
1639 662 1826 729 XXIX,
1852 661 1924 716 ad
1974 659 2201 716 Siculos
2239 658 2411 732 epist,
2437 659 2524 727 l6;
2562 657 2721 724 XXX,
2745 658 2818 713 ad
2847 656 3150 730 episcopos
3182 673 3289 730 per
3317 655 3696 728 Campaniam,
3718 661 3801 711 etc.

449 758 621 830 epist.
645 758 711 825 4;
750 756 934 823 XXXI,
959 756 1031 811 ad
1061 754 1411 812 Januarium
1448 742 1621 825 epist.
1652 752 1753 819 18;
1792 750 2008 817 XXXII,
2051 748 2124 804 ad
2164 749 2471 804 Rusticum
2510 747 2682 819 epist.
2742 748 2837 803 I67
2862 765 2874 815 ;
2899 746 3140 814 XXXiII,
3177 746 3257 801 ad
3302 744 3634 801 Anatasium
3670 746 3801 817 epist

453 846 513 901 44
546 862 561 913 ;
591 843 828 916 XXXIV,
852 845 925 900 ad
973 843 1234 900 Nicetam
1282 842 1453 915 epist.
1486 841 1622 910 159;
1653 839 1959 908 XXXV,ad
1998 838 2300 894 Africanos
2339 838 2511 909 epist.
2548 836 2652 903 12;
2687 835 2921 903 XXXVI,
2960 835 3031 891 ad
3081 835 3458 891 Theodorum
3503 834 3658 907 epist.
3698 835 3801 901 108;

451 933 727 1002 XXXVII,
750 933 823 990 ad
871 932 1122 990 Leonem
1164 932 1291 1006 (seu
1327 929 1607 1001 Neonem)
1633 929 2026 984 Ravennatem
2060 924 2233 998 epist.
2269 925 2372 981 166
2396 943 2410 994 ;
2437 924 2733 992 XXXVIII,
2753 924 2825 979 ad
2847 923 3184 979 Dioscorum
3219 922 3392 996 epist.
3414 924 3484 992 9;
3516 923 3725 991 XXXIX,
3749 924 3803 979 ad

452 1023 780 1094 Campanos
800 1020 975 1094 epist.
1014 1019 1141 1076 468.

530 1110 610 1166 19.
632 1109 991 1166 Monendum
1020 1107 1131 1163 hoc
1156 1107 1282 1163 loco
1313 1110 1424 1173 est,
1448 1104 1511 1161 in
1533 1104 1724 1161 indice
1755 1104 2120 1161 decretorum
2153 1103 2552 1159 Romanorum
2575 1102 2921 1175 pontificum
2943 1101 3081 1158 huic
3111 1101 3439 1159 collectioni
3460 1101 3804 1174 praeﬁxo,tum

450 1197 510 1255 in
544 1198 845 1255 codicibus
875 1214 1022 1271 quos
1041 1196 1317 1264 vidimus,
1342 1200 1469 1250 tum
1490 1195 1646 1267 apud
1670 1194 2076 1251 Constantium
2097 1196 2215 1249 tres
2234 1193 2442 1249 Leonis
2462 1192 2740 1265 epistolas
2770 1193 2843 1249 ad
2868 1192 3231 1247 Marcianum
3252 1192 3478 1247 censeri
3498 1207 3649 1246 num.
3666 1192 3809 1257 51,52

453 1295 511 1345 et
537 1289 628 1356 53,
650 1303 720 1345 ex
749 1286 963 1359 quibus
980 1284 1371 1358 quadraginta
1400 1282 1555 1339 tituli
1585 1284 1656 1338 ad
1685 1283 1935 1339 Leonem
1964 1281 2277 1354 pertinent.
2309 1282 2381 1336 At
2402 1281 2462 1335 in
2494 1278 2622 1353 ipso
2649 1279 3008 1336 collectionis
3038 1296 3283 1352 corpore
3311 1278 3370 1335 in
3393 1279 3651 1336 omnibus
3677 1296 3808 1347 mea,

447 1375 632 1432 immo
687 1374 862 1432 etiam
911 1374 1067 1448 apud
1122 1373 1436 1442 Isidorum,
1467 1372 1567 1445 qui
1604 1376 1784 1428 totam
1836 1370 2214 1444 Hispanicam
2249 1369 2652 1427 collectionem
2704 1369 3043 1441 descripsit,
3082 1369 3212 1425 dum
3244 1374 3473 1425 tantum
3503 1367 3733 1441 epistolis
3755 1368 3809 1423 ad

453 1464 817 1522 Marcianum
856 1480 923 1520 eo
972 1463 1098 1520 loco
1156 1461 1572 1530 inveniuntur;
1605 1478 1671 1518 ac
1717 1465 2024 1534 propterea
2079 1477 2285 1516 omnes
2341 1464 2480 1516 sunt
2528 1463 2760 1516 tantum
2802 1460 2895 1515 39.
2948 1458 3216 1516 Notabile
3275 1463 3367 1516 est
3422 1459 3589 1515 etiam
3639 1457 3809 1531 episto«

448 1553 569 1611 lam
600 1553 669 1610 42
697 1554 769 1609 ad
799 1552 1103 1626 episcopos
1158 1551 1485 1619 Africanos,
1517 1568 1619 1607 seu
1681 1551 1936 1615 Mauros,
1988 1549 2048 1605 in
2081 1548 2189 1605 hac
2247 1548 2586 1604 collectione
2637 1548 2900 1604 exhiberi
2962 1549 3331 1604 decurtatam
3380 1564 3446 1603 ac
3473 1548 3731 1604 diversam
3757 1547 3810 1601 ab

458 1659 526 1699 ea
556 1659 683 1715 qua:
716 1642 777 1697 in
808 1640 1147 1697 collectione
1178 1641 1430 1713 septima
1457 1633 1784 1696 H'adrianea
1808 1639 2041 1712 legitur.
2077 1640 2141 1695 Id
2168 1642 2363 1694 autem
2396 1638 2772 1694 manifestum
2806 1637 2945 1694 facit
2969 1638 3245 1710 Hispanae
3267 1636 3609 1694 collectionis
3634 1635 3812 1693 auctori

458 1747 672 1805 purum
699 1730 961 1805 Dionysii
1003 1731 1264 1788 codicem
1286 1729 1490 1796 fuisse,
1514 1729 1573 1785 in
1617 1746 1732 1801 quo
1768 1729 1889 1785 haec
1914 1727 2163 1801 epistola
2185 1729 2418 1794 deerat;
2446 1727 2591 1784 alias
2620 1727 2772 1783 hanc
2804 1744 2918 1783 non
2951 1727 3152 1784 minus
3186 1744 3370 1800 quam
3388 1731 3609 1784 caeteras
3633 1731 3813 1798 septem

456 1820 665 1878 Leonis
723 1819 998 1893 epistolas
1028 1836 1096 1876 ex
1127 1837 1233 1877 suo
1263 1818 1615 1892 Dionysiano
1649 1818 1845 1874 codice
1876 1817 2289 1890 descripsisset
2320 1817 2375 1870 in
2411 1817 2677 1872 eamdem
2700 1815 2983 1872 rationem
3015 1833 3133 1888 qua
3162 1816 3437 1888 Dionysio
3466 1816 3521 1871 in
3540 1815 3817 1872 Hadr-iane:

460 1910 658 1966 addita
682 1909 811 1966 fuit.

528 2000 620 2055 20.
650 1998 783 2055 Haec
842 1996 1104 2055 collectio
1160 2002 1293 2071 post
1352 1995 1765 2068 Dionysianam
1804 1995 2106 2052 meliorem
2137 1994 2402 2051 ordinem
2434 1995 2683 2067 praefert.
2710 1995 2872 2052 Sicut
2903 1999 3097 2049 autem
3130 1995 3267 2066 ejus
3299 1997 3491 2051 auctor
3512 1992 3819 2065 Dionysium

461 2090 700 2144 secutus
718 2085 922 2143 titulos
944 2085 1204 2158 Dionysii
1235 2085 1477 2141 retinuit
1506 2085 1565 2139 in
1598 2083 1860 2157 epistolis
1891 2101 2038 2155 quas
2068 2101 2136 2141 ex
2163 2083 2291 2157 ipso
2324 2083 2595 2157 sumpsit,
2613 2082 2696 2138 ita
2716 2083 2775 2139 in
2796 2082 2927 2139 aliis
2949 2099 3096 2155 qnas
3128 2084 3349 2154 adjecit
3368 2083 3554 2140 eadem
3580 2079 3815 2137 methodo

459 2175 664 2232 titulos
692 2175 821 2248 ipse
850 2174 1113 2247 praeﬁxit,
1150 2190 1299 2246 quos
1351 2175 1480 2229 suis
1536 2174 1596 2229 in
1637 2173 1780 2230 locis
1827 2173 2121 2230 dabimus.
2157 2173 2393 2229 Codices
2424 2172 2603 2244 hujus
2635 2171 2995 2228 collectionis
3024 2171 3197 2228 valde
3231 2171 3347 2228 rari
3377 2175 3527 2228 sunt.
3555 2170 3664 2225 Nos
3700 2169 3816 2223 duos

462 2263 774 2337 diligenter
826 2261 1066 2320 collatos
1122 2260 1530 2333 allegabimus.
1578 2261 1928 2318 Vaticanum
1987 2262 2116 2318 4344
2182 2265 2239 2319 et
2290 2265 2575 2317 Caesarem
2628 2258 3140 2317 Vindebonensem
3201 2262 3292 2329 41,
3326 2260 3463 2317 olim
3510 2258 3625 2328 284,
3653 2273 3814 2314 omnes

465 2350 664 2411 seculi
721 2351 950 2408 circiter
1001 2368 1078 2418 ix,
1102 2367 1355 2423 quorum
1413 2351 1638 2423 primus
1669 2367 1699 2406 e
1721 2350 2057 2420 Gallicanis,
2088 2353 2236 2407 alter
2283 2367 2417 2407 vero
2451 2366 2519 2406 ex
2549 2349 2881 2423 Hispanicis
2910 2350 3257 2423 purioribus
3286 2348 3560 2423 exemplis
3586 2346 3816 2420 originem

464 2440 654 2509 duxit,
686 2441 757 2497 de
782 2456 898 2512 quo
928 2439 1099 2513 plura
1128 2441 1188 2495 in
1220 2443 1472 2495 tractatu
1502 2441 1574 2496 de
1604 2440 1863 2512 antiquis
1893 2439 2345 2496 Collectionibus
2377 2444 2434 2494 et
2465 2438 2894 2495 Collectoribus
2926 2456 3225 2495 canonum
3255 2443 3412 2495 tomo
3442 2437 3599 2493 tertio
3638 2440 3816 2509 agetur.

400 2532 405 2536 ’
466 2529 571 2586 Hic
598 2545 732 2587 vero
762 2544 1118 2601 praemonere
1138 2529 1391 2585 maxime
1415 2528 1661 2585 interest
1689 2528 1948 2585 codicem
1978 2528 2486 2585 Vindebonensem
2514 2544 2629 2583 non
2665 2528 2869 2600 paucis
2896 2528 2953 2583 in
2976 2527 3121 2585 locis
3142 2525 3690 2584 erroneaslectiones
3709 2540 3816 2596 pre-

468 2620 637 2689 ferre,
662 2636 790 2691 qua
820 2618 882 2673 in
910 2617 1191 2674 Vaticano
1221 2620 1541 2674 emendatae
1575 2618 1718 2674 satis
1751 2623 1953 2690 aptum
1986 2634 2227 2674 sensum
2257 2617 2605 2689 plerumque
2637 2618 2912 2673 referunt.
2935 2619 3016 2673 Ex
3046 2616 3362 2673 collatione
3389 2620 3574 2672 autem
3602 2613 3817 2670 codicum

469 2708 718 2765 aliarum
740 2724 867 2779 quae
908 2706 1243 2779 primaevam
1290 2707 1496 2764 Leonis
1528 2707 1835 2764 lectionem
1856 2707 2217 2763 concorditer
2235 2706 2526 2771 exhibent,
2553 2707 3047 2777 deprehendimus
3078 2708 3151 2761 ad
3186 2707 3341 2763 hanc
3372 2706 3574 2778 szepius
3602 2703 3819 2760 accedere

468 2799 666 2871 ipsum
696 2813 952 2854 errorem
984 2814 1095 2853 ms.
1128 2797 1616 2864 Vindebonensis,
1648 2797 1971 2870 plurimum
2003 2814 2135 2853 vero
2168 2798 2370 2852 abesse
2396 2796 2556 2850 illam
2581 2814 2687 2852 ms.
2716 2796 3000 2868 Vaticani,
3022 2796 3103 2852 ita
3126 2801 3191 2852 ut
3228 2795 3532 2852 arbitraria
3552 2792 3819 2850 emendatio

471 2886 784 2943 manifesta
811 2885 933 2941 ﬁat.
955 2884 1101 2940 Hinc
1122 2885 1307 2957 liquet
1329 2886 1585 2958 primum
1610 2885 1940 2942 studiosum
1962 2884 2269 2941 librarium
2302 2884 2402 2955 qui
2435 2883 2584 2938 hanc
2616 2882 3015 2940 collectionem
3045 2884 3365 2956 exscripsit
3387 2901 3454 2941 cx
3472 2882 3653 2940 codico
3667 2880 3819 2951 aliquo

474 2975 812 3046 Hispanico,
836 2975 937 3031 sed
969 2975 1269 3042 mendoso,
1294 2974 1480 3031 multa
1500 2974 1767 3030 libertate
1788 2974 1848 3030 in
1878 2973 2240 3047 corrigendis
2270 2972 2567 3029 erroribus
2591 2989 2765 3027 usum
2790 2973 2991 3043 fuisse,
3016 2974 3170 3029 unde
3204 2974 3304 3029 his
3352 2969 3816 3033 emendationibus,

475 3062 610 3118 licet
664 3062 954 3134 optimum
1011 3079 1250 3120 sensum
1305 3064 1633 3136 praeferant,
1660 3081 1775 3120 non
1834 3063 2087 3119 multum
2146 3063 2446 3119 ﬁdendum
2500 3062 2624 3117 fuit.
2658 3063 2739 3116 Ex
2794 3063 2989 3118 codice
3020 3067 3224 3118 autem
3283 3062 3518 3135 perinde
3560 3058 3815 3117 emendato

470 3150 871 3223 proﬁscuntur
900 3167 968 3207 ea
991 3151 1348 3225 exemplaria
1385 3151 1737 3208 collectionis
1767 3152 2091 3224 Hispanicae
2139 3168 2265 3224 qua:
2289 3150 2587 3207 Gallicana
2607 3150 2997 3223 appellamus,
3025 3151 3109 3206 uti
3141 3157 3236 3207 est
3267 3152 3445 3207 codex
3470 3149 3592 3205 Vat.
3632 3147 3753 3211 1341,
3778 3148 3819 3199 et

471 3238 572 3295 alii
603 3238 846 3308 similes,
870 3256 1019 3312 quos
1048 3239 1107 3295 in
1130 3240 1365 3296 laudato
1384 3244 1636 3296 tractatu
1669 3240 2232 3313 allegabimus.Cum
2264 3257 2435 3313 porro
2465 3257 2535 3296 ex
2563 3239 2858 3296 Gallicano
2888 3238 3153 3312 exemplo
3176 3239 3534 3297 collectionis
3556 3233 3817 3308 Hispanicae

466 3328 678 3386 Leonis
733 3327 1009 3402 epistolas
1062 3328 1383 3402 sumpserit
1439 3333 1642 3384 auctor
1698 3328 2057 3385 collectionis
2107 3346 2235 3400 quae
2265 3328 2594 3384 Isidoriana
2622 3334 2882 3398 vocatur,
2916 3346 2987 3385 ex
3014 3328 3248 3385 Isidoro
3279 3333 3472 3385 autem
3501 3321 3821 3387 derivaverint

470 3417 705 3473 easdem
736 3415 1015 3489 epistolas
1042 3420 1310 3473 auctores
1342 3415 1591 3471 aliarum
1622 3417 2011 3489 posteriorum
2041 3416 2473 3485 collectionum,
2508 3417 2591 3472 uti
2635 3416 2909 3490 deinceps
2943 3417 3306 3487 notabimus,
3341 3417 3475 3472 hinc
3519 3415 3574 3470 in
3600 3410 3819 3469 omnibus

471 3504 706 3560 easdem
724 3503 842 3559 fere
870 3503 1152 3561 lectiones
1181 3503 1513 3561 invenimus
1545 3520 1612 3560 ac
1643 3503 1702 3559 in
1732 3504 1863 3559 Vat.
1896 3504 2059 3576 Hisp.
2095 3504 2255 3561 4341.
2289 3505 2369 3560 Ex
2390 3505 2500 3562 hac
2529 3509 2725 3561 autem
2758 3498 3266 3562 animadversione
3299 3505 3464 3562 facile
3493 3507 3574 3560 est
3602 3500 3819 3571 colligere

471 3606 649 3664 quam
681 3590 910 3646 minimi
941 3591 1238 3659 faciendas
1270 3607 1400 3648 esse
1427 3592 1702 3649 lectiones
1731 3593 1941 3649 horum
1974 3594 2239 3649 omnium
2271 3594 2561 3662 codicum,
2586 3612 2715 3667 quae
2746 3612 2881 3651 cum
2913 3596 3161 3651 lectione
3191 3593 3461 3652 Vaticani
3489 3593 3638 3665 Hisp.
3658 3602 3818 3646 conve-

470 3676 1163 3749 niunt,aVindebonensi
1189 3684 1383 3736 autem
1406 3681 1782 3739 dissentiunt.
1810 3684 1921 3738 [Iac
1951 3683 2024 3738 de
2055 3699 2233 3739 causa
2262 3700 2377 3738 non
2410 3684 2616 3740 inutile
2648 3684 2758 3740 fuit
2787 3685 3058 3758 pluribus
3087 3684 3148 3740 in
3179 3684 3328 3741 locis
3352 3683 3617 3740 lectiones
3635 3675 3818 3735 mendo-

468 3784 567 3825 sas
596 3767 1062 3825 Vindebonensis
1086 3768 1251 3843 Hisp.
1274 3770 1334 3824 in
1355 3771 1831 3827 annotationibus
1863 3771 2212 3840 describere,
2243 3776 2301 3827 et
2337 3772 2623 3841 Vaticani,
2656 3774 2945 3830 variantes
2978 3778 3285 3841 annotare,
3320 3777 3387 3830 ut
3431 3771 3637 3829 scilicet
3661 3780 3814 3825 emen-

469 3857 735 3916 dationes
763 3857 1047 3933 pateﬁant
1069 3875 1197 3931 quae
1229 3875 1299 3915 ex
1325 3858 1454 3931 ipso
1487 3860 1741 3933 genuino
1770 3864 1931 3917 textu
1954 3859 2273 3917 arbitrariae
2297 3867 2745 3935 cognoscentur.
2769 3864 2906 3918 Aliae
2941 3862 3233 3921 utilitates
3266 3864 3444 3935 hujus
3472 3856 3743 3932 diligentiae
3765 3866 3815 3906 ex

473 3950 796 4006 memorato
827 3950 1076 4005 tractatu
1108 3947 1412 4020 patebunt.

1584 4067 1609 4124 §
1633 4063 1717 4113 XI.
1740 4064 1812 4113 De
1842 4061 2155 4115 collectione
2174 4065 2401 4129 decima,
2424 4067 2737 4118 Isidoriana.

543 4173 633 4229 21.
658 4169 867 4229 Isidori
889 4168 1227 4227 Mercatoris
1248 4169 1509 4227 collectio
1528 4173 1660 4244 post
1675 4169 2072 4244 Hispanicam,
2092 4174 2282 4244 quoad
2307 4173 2512 4230 Leonis
2534 4172 2843 4246 epistolas,
2868 4173 3147 4231 distincte
3170 4192 3288 4232 non
3307 4178 3457 4231 esset
3477 4160 3816 4228 memoranda;

474 4277 660 4334 purus
680 4261 840 4318 enim
860 4258 1067 4316 Isidori
1089 4257 1267 4316 codex
1285 4259 1522 4316 easdem
1542 4276 1647 4316 nec
1669 4259 1887 4333 plures,
1913 4277 2017 4316 nec
2036 4261 2341 4333 pauciores
2358 4262 2564 4318 Leonis
2589 4262 2868 4334 epistolas
2916 4263 3192 4330 continet,
3229 4281 3362 4336 qua:
3393 4261 3616 4335 quidem
3642 4255 3691 4308 in
3715 4260 3816 4336 enin

474 4333 544 4406 ex
564 4350 879 4422 Hispanica
895 4348 1257 4418 collectione,
1281 4349 1406 4406 sine
1434 4347 1557 4405 ulla
1585 4349 1819 4406 fictione
1841 4349 1927 4405 vel
1951 4350 2266 4420 additione,
2296 4353 2531 4407 fuerunt
2550 4333 2853 4419 traductae,
2875 4356 2940 4407 ut
2960 4357 3119 4424 patet
3137 4369 3206 4409 ex
3238 4333 3432 4408 codice
3463 4347 3704 4404 Vaticano
3719 4333 3812 4424 639.

474 4437 672 4493 saeculi
701 4437 934 4494 circiter
953 4454 1030 4505 IX,
1052 4454 1229 4509 quem
1264 4441 1530 4495 accurate
1552 4438 1934 4508 contulimus,
1959 4443 2016 4495 et
2037 4457 2105 4495 ex
2126 4440 2405 4496 Vaticano
2428 4441 2524 4497 634
2541 4482 2555 4508 ,
2576 4441 2773 4496 saeculi
2812 4421 3042 4497 circiter
3084 4459 3205 4499 xm.
3240 4439 3437 4497 Caeteri
3467 4436 3686 4497 codices),
3712 4421 3815 4498 quia

475 4523 592 4580 alia
620 4526 1019 4582 additamenta
1036 4526 1097 4582 in
1121 4528 1308 4583 Leone
1329 4528 1753 4601 recipiunt,etsi
1775 4529 1834 4584 in
1857 4528 2080 4586 caeteris
2100 4528 2397 4602 plerisque
2422 4530 2728 4586 Isidoriani
2751 4529 2889 4598 sint,
2914 4529 2973 4584 in
3005 4530 3217 4586 Leonis
3247 4534 3441 4586 tamen
3464 4519 3692 4598 epistolis
3733 4527 3811 4585 Pu'

472 4629 606 4668 rum
630 4612 920 4668 Isidorum
946 4630 1060 4669 non
1084 4615 1363 4688 referunt,
1377 4620 1443 4672 ut
1463 4633 1597 4673 mox
1614 4617 1964 4685 videbimus;
2000 4618 2154 4673 unde
2174 4634 2279 4689 pro
2302 4618 2627 4674 Isidoriana
2646 4635 2794 4691 pura
2815 4632 3121 4691 perperam
3143 4618 3392 4675 habetur
3413 4609 3808 4693 collectio,qua_ﬂf

472 4698 754 4758 Merlinus
770 4700 969 4756 edidit.
994 4701 1498 4775 Deprehendimus
1528 4711 1808 4778 praeterea
1835 4707 2070 4762 easdem
2103 4687 2219 4761 fere
2249 4704 2528 4762 lectiones
2560 4687 2693 4761 cum
2716 4687 2940 4761 iisdem
2952 4705 3301 4778 plerumque
3324 4702 3601 4762 erroribus
3619 4687 3808 4751 inveniri

471 4789 531 4844 in
550 4787 679 4844 Vat.
704 4788 832 4845 1344
886 4787 1245 4847 collectionis
1274 4791 1611 4865 llispanicaz,
1636 4811 1703 4851 ac
1729 4794 1788 4851 in
1818 4794 1949 4850 Vat.
1972 4795 2077 4850 630
2099 4794 2231 4867 puri
2255 4794 2482 4863 Isidori,
2516 4796 2597 4850 ita
2627 4798 2693 4850 ut
2721 4793 2870 4850 alter
2899 4794 2973 4850 ab
3022 4793 3203 4850 altero
3234 4794 3495 4850 videatur
3520 4780 3806 4869 exscriptu-‘lg

468 4877 610 4933 adeo
632 4878 816 4932 ambae
841 4876 1211 4936 collectiones
1231 4878 1291 4934 in
1314 4880 1501 4938 Leone
1524 4883 1922 4939 consentiunt.
1949 4864 2313 4940 Cum‘tamen
2340 4884 2649 4956 Hispanica
2670 4900 2880 4956 parum
2905 4888 3042 4940 nota
3071 4883 3166 4952 sit,
3202 4882 3517 4941 Isidoriana
3554 4877 3719 4931 autem
3745 4864 3807 4956 uiri

467 4964 659 5022 notior
685 4964 850 5020 citari
883 4964 1086 5036 soleat,
1106 4971 1163 5023 et
1194 4966 1417 5039 aliquot
1446 4968 1801 5026 collectionis
1856 4972 2187 5027 Isidori-ante
2221 4953 2814 5038 codicis—Quesnellus
2859 4973 3090 5047 alleget,
3122 4973 3298 5031 etiam
3330 4991 3365 5029 a
3393 4968 3550 5027 nobis
3578 4953 3802 5019 distincte

467 5053 577 5111 erit
605 5053 976 5128 appellanda,
1009 5058 1076 5111 ut
1103 5061 1411 5129 propterea
1433 5058 1669 5115 decimae
1700 5060 2057 5119 collectionis
2088 5061 2326 5118 nomine
2356 5079 2486 5118 eam
2518 5062 2611 5119 hic
2633 5062 2941 5137 designare
2975 5063 3373 5123 necessarium
3402 5059 3497 5116 sit.

1683 5178 1709 5234 §
1738 5174 1846 5225 XII.
1878 5177 1950 5226 De
1979 5175 2287 5227 collectione
2318 5175 2627 5228 undecima.

538 5277 629 5331 2'2.
653 5274 929 5341 Quaedam
958 5291 1092 5331 vero
1114 5274 1481 5333 collectiones
1512 5294 1638 5351 qua
1664 5294 1734 5335 ex
1756 5279 2080 5337 Isidoriana
2118 5287 2490 5354 promanant,
2516 5284 2574 5338 in
2608 5285 2796 5340 Leone
2828 5285 3118 5358 quasdam
3149 5283 3421 5360 epistolas
3447 5271 3679 5360 pmbénl
3698 5274 3798 5360 {IP33

468 5382 606 5422 cum
629 5365 689 5421 in
713 5362 930 5421 Isidoro
951 5363 1085 5420 etin
1116 5363 1430 5437 Hispanica
1449 5350 1661 5435 deeint,
1687 5367 1863 5424 aliam
1890 5350 2177 5443 originem
2199 5350 2538 5440 ostendunt,
2571 5389 2636 5430 ac
2666 5350 2972 5446 propterea
3000 5392 3106 5447 pro
3138 5350 3553 5431 collectionibus
3579 5359 3641 5449 ab
3661 5350 3797 5449 ξείάρο

469 5455 637 5510 riana
658 5453 901 5511 diversis
942 5453 1132 5527 quoad
1169 5453 1418 5509 Leonem
1441 5456 1728 5512 reccnseri
1751 5462 1991 5529 queunt.
2016 5459 2328 5517 Undecima
2349 5460 2548 5535 itaque
2570 5444 2834 5519 collectio
2868 5468 2959 5520 est
2990 5444 3050 5520 in
3083 5465 3311 5521 duobus
3340 5475 3478 5517 mss.
3505 5444 3798 5535 Isidorianis,

466 5544 751 5609 nimirum
776 5542 836 5601 in
868 5543 1149 5603 Vaticano
1170 5542 1556 5604 Ottoboniano
1575 5546 1665 5619 93,
1687 5526 1884 5605 saeculi
1915 5565 1990 5620 IX,
2012 5548 2099 5606 vel
2121 5566 2178 5619 x,
2200 5552 2301 5625 qui
2331 5526 2530 5612 etsi-in
2565 5554 2678 5613 ﬁne
2710 5552 2959 5613 mutilus
2983 5571 3098 5613 non
3128 5568 3327 5615 omnes
3357 5542 3549 5607 Leonis
3575 5526 3792 5612 θρίθίοίω
