3946 6214
144 406 219 473 361
976 412 1390 476 ΡΒΑΞἘΑΤΙΟ
1434 411 1512 474 ΙΝ
1556 410 1702 474 EPII

2029 412 2095 474 S.
2136 407 2413 473 LEONIS
2458 406 2732 471 MAGNI.
3434 404 3569 466 362‘

141 546 270 621 hujus
293 545 708 608 collectionis
741 548 1009 623 proprias
1023 547 1308 617 exhibeat,
1325 548 1619 621 integrum
1634 550 1833 604 tamen
1847 561 2160 603 numerum
2175 544 2518 618 collegimus
2548 561 2618 602 ex
2646 543 2758 600 alio
2778 559 2889 600 ms.
2917 543 3046 600 Vat.
3065 543 3226 610 3791,
3250 539 3447 598 saeculi
3466 555 3546 595 x1.

140 637 300 694 Praeter
323 638 656 712 epistolas
690 656 870 695 xxx1x
903 655 1030 711 quae
1060 655 1128 694 ex
1148 637 1484 694 collectione
1515 636 1721 693 Isidori
1742 637 2175 701 describuntur,
2196 638 2418 691 mutato
2434 633 2867 707 aliquantulum
2885 632 3108 701 ordine,
3134 631 3259 688 alia:
3277 633 3479 688 decem
3495 629 3559 684 et

143 733 237 784 octo
259 728 522 802 epistolae
540 728 955 800 adjiciuntur,
972 728 1124 782 unde
1138 744 1342 782 omnes
1370 726 1771 798 suntepistolze
1803 744 1934 794 Lvn,
1955 743 2069 798 quo
2089 741 2333 781 numero
2350 725 2905 797 comprehendimus
2918 723 3225 797 epistolam
3243 725 3313 778 28
3335 722 3405 778 ad
3421 720 3549 776 Fla-

145 819 350 886 nanum,
383 835 532 890 quae
570 834 654 873 ex
687 817 924 873 duobus
954 817 1214 872 fontibus
1247 816 1304 870 in
1338 815 1793 871 haccollectionc
1813 815 1901 870 bis
1924 814 2220 870 recitatur.
2252 813 2592 869 Isidorianis
2616 814 3054 886 praemittuntur
3074 811 3332 885 epistolae
3352 827 3447 866 XVI
3460 826 3551 866 se-

150 914 363 981 quentes:
393 907 440 974 I,
478 908 564 961 ad
599 907 1044 962 Theodoretum
1075 906 1246 977 epist.
1282 906 1405 972 1‘20;
1439 906 1504 972 ΙΙ,
1539 904 1772 960 Eusebii
1803 909 1859 959 et
1889 903 2096 976 synodi
2128 902 2578 958 Mediolanensis
2601 903 2673 958 ad
2707 903 2959 958 Leonem
2991 901 3164 974 epist.
3199 903 3290 970 97;
3319 900 3417 968 III,
3447 899 3554 954 Ra-

154 997 306 1053 vennii
329 1001 380 1051 et
404 995 689 1051 aliorum
723 994 1132 1066 episcoporum
1166 992 1360 1049 Galliae
1395 994 1466 1049 ad
1499 997 1748 1048 Leonem
1779 991 1949 1064 epist.
1981 993 2072 1061 99;
2108 991 2198 1059 IV,
2234 991 2444 1047 Leonis
2475 991 2547 1046 ad
2594 989 2936 1047 Juvenalem
2981 990 3147 1062 epist.
3203 991 3324 1058 139;
3377 989 3447 1056 V,
3479 991 3551 1046 ad
3607 1018 3610 1020 η

156 1085 454 1142 Flavianum
485 1083 1223 1155 Constantinopolitanum
1244 1082 1765 1154 epist.28,sumpta
1778 1080 2104 1136 exlectione
2134 1096 2312 1152 quam
2329 1079 2390 1134 in
2409 1078 2761 1136 Homiliariis
2779 1079 3208 1152 antiquissimis
3229 1079 3552 1152 reperimus

155 1179 196 1230 et
217 1173 512 1231 dissimilis
545 1172 793 1230 lectioni
825 1172 1178 1232 Isidorianae.
1212 1189 1329 1244 qua
1358 1171 1478 1227 haec
1510 1170 1755 1243 epistola
1780 1171 1930 1226 inter
1960 1169 2283 1226 Isidoriana
2313 1169 2524 1226 iterum
2552 1173 2906 1237 recensetur;
2939 1170 3037 1237 VI,
3082 1171 3154 1225 ad
3187 1167 3550 1225 Pulcheriam

153 1265 291 1337 epist.
319 1263 410 1331 31;
441 1262 572 1327 VII,
608 1262 686 1317 ad
719 1262 940 1317 clerum
973 1261 1684 1333 Constantinopolitanum
1700 1260 1868 1331 epist.
1885 1259 2139 1327 59;VIII,
2173 1259 2246 1314 ad
2279 1258 2614 1315 Palaestinos
2647 1259 2820 1332 epist.
2857 1258 2981 1327 124;
3016 1257 3106 1327 IX,
3132 1259 3205 1314 ad
3227 1257 3556 1330 Aquileien-

153 1371 256 1410 sem
285 1354 452 1426 epist.
490 1355 546 1420 1;
580 1352 649 1420 X,
687 1352 760 1407 ad
791 1350 1093 1407 Julianum
1124 1351 1295 1423 epist.
1329 1351 1418 1418 35;
1452 1351 1542 1415 XI,
1578 1351 1649 1405 ad
1681 1349 2073 1405 Theodosium
2104 1348 2274 1420 epist.
2307 1348 2398 1416 29;
2431 1348 2546 1415 XII,
2582 1347 2655 1403 ad
2690 1349 2980 1420 synodum
3020 1346 3554 1404 Chalcedonensem

150 1443 433 1515 epist.114;
464 1442 616 1506 XIII,
653 1440 726 1496 ad
757 1439 1095 1495 Anatolium
1127 1439 1296 1511 epist.
1335 1440 1454 1507 155,
1489 1439 1636 1506 XIV,
1671 1439 1741 1493 ad
1776 1439 2024 1494 Leonem
2055 1440 2386 1509 Augustum
2413 1436 2581 1508 epist.
2619 1437 2741 1502 162;
2769 1435 2889 1506 XV,
2914 1435 2986 1492 ad
3010 1435 3347 1490 Anatolium
3379 1436 3554 1507 epist.

147 1532 256 1598 163;
285 1531 430 1597 XVI,
463 1531 541 1586 ad
574 1529 854 1584 eumdem
887 1527 1058 1600 epist.
1091 1529 1215 1584 135.
1253 1528 1662 1598 Subiiciuntur
1692 1527 1949 1599 epistolae
1985 1527 2055 1582 39
2086 1525 2356 1582 editionis
2389 1524 2616 1591 Isidori,
2650 1525 2802 1580 inter
2831 1542 2979 1597 quas
3009 1523 3290 1580 inseritur
3309 1525 3556 1596 epistola

142 1620 296 1676 nobis
330 1621 423 1686 19,
459 1619 536 1675 ad
567 1619 790 1672 Dorum
821 1617 1309 1682 Beneventanum,
1345 1633 1473 1688 qua:
1503 1616 1562 1670 in
1597 1615 1831 1671 Isodoro
1847 1614 2459 1670 desideratur.Notatu
2476 1613 2971 1685 verodignumest
2991 1614 3302 1685 epistolam
3325 1614 3555 1669 adAfri-

139 1727 307 1765 canos
336 1710 602 1774 Mauros,
638 1723 766 1778 quae
800 1707 951 1766 inter
980 1705 1334 1761 Isidorianas
1367 1710 1730 1773 numeratur,
1750 1705 1846 1759 hic
1873 1722 1988 1760 non
2020 1703 2265 1776 proferri
2282 1702 2614 1758 exeditioue
2645 1702 2852 1758 Isidori
2883 1704 3208 1774 decurtata,
3233 1705 3334 1759 sed
3358 1720 3427 1760 ex
3446 1708 3564 1760 Ha-'

134 1798 392 1864 drianea,
429 1815 492 1852 ac
524 1802 730 1869 postea
759 1796 950 1850 eidem
979 1793 1138 1850 velut
1168 1794 1618 1866 appendiculam
1653 1793 1863 1865 subjici
1897 1792 2182 1865 quidquid
2216 1791 2275 1846 in
2310 1791 2528 1847 Isidoro
2564 1794 2842 1862 praeterea
2862 1791 3093 1863 legitur:
3129 1809 3256 1864 quae
3282 1792 3556 1849 editionis

133 1888 278 1941 ratio
309 1888 369 1941 in
404 1886 759 1958 posteriores
786 1883 1008 1955 aliquot
1038 1882 1406 1939 collectiones
1435 1900 1504 1938 ex
1533 1883 1660 1949 hoc,
1686 1887 1752 1938 ut
1777 1883 2024 1947 videtur,
2046 1882 2200 1938 fonte
2225 1880 2500 1936 manavit.
2518 1881 2776 1937 Tandem
2799 1880 3091 1953 profertur
3111 1881 3358 1953 epistola
3375 1882 3554 1936 Leoni

127 1974 184 2029 in
213 1975 332 2031 hac
361 1973 707 2030 collectione
740 1971 1019 2045 primum,
1053 1972 1208 2044 quod
1240 1970 1518 2037 sciamus,
1552 1971 1853 2039 attributa,
1877 1972 1949 2027 ad
1977 1970 2280 2043 episcopos
2301 1969 2622 2026 Germaniae
2654 1974 2711 2024 et
2741 1969 2959 2025 Galliae:
2993 1970 3148 2025 unde
3179 1974 3349 2026 vetus
3375 1968 3556 2042 hujus

126 2064 562 2135 suppositionis
593 2061 755 2134 origo
785 2060 1176 2133 cognoscitur;
1212 2078 1337 2132 qua:
1370 2078 1505 2116 cum
1539 2061 1594 2115 in
1628 2077 1772 2133 puro
1806 2060 2026 2116 Isidoro
2075 2059 2244 2130 desit,
2305 2075 2434 2114 eam
2468 2059 2540 2113 ab
2575 2058 2794 2115 Isidoro
2847 2059 3158 2116 conﬁctam
3211 2057 3552 2116 Blondellus

129 2152 358 2224 aliique
388 2151 658 2208 nonnulli
692 2167 1002 2223 perperam
1033 2150 1347 2205 credidere.

193 2243 298 2297 23.
333 2241 530 2312 Hujus
560 2244 752 2295 autem
779 2238 1138 2295 collectionis
1165 2238 1579 2310 antiquitatem
1611 2254 1726 2294 non
1760 2237 1952 2294 solum
1987 2238 2194 2310 probat
2218 2237 2482 2293 cod.Vat.
2509 2237 2699 2294 Ottob.
2723 2237 2815 2305 93,
2849 2237 3066 2306 saeculi,
3101 2238 3187 2293 uti
3218 2234 3563 2306 diximus,tx

129 2335 240 2384 aut.
271 2347 338 2395 x,
374 2329 483 2384 sed
514 2327 684 2382 multo
719 2327 909 2400 magis
942 2327 1309 2395 Hincmarus,
1345 2327 1446 2399 qui
1477 2327 1687 2400 Opusc.
1708 2327 1750 2398 Ι,
1780 2344 1828 2382 c.
1861 2330 1914 2393 5,
1950 2344 2086 2400 pag.
2109 2328 2200 2390 23,
2234 2326 2741 2382 edit.Parisiensis
2760 2327 2928 2383 Joan.
2953 2326 3232 2396 Cordesii,
3253 2327 3561 2401 epistolam

128 2417 204 2471 ad
247 2417 506 2473 Mauros
528 2417 865 2488 compendio
899 2417 1424 2488 memorans,prius
1459 2415 1744 2488 Lupicini,
1776 2416 1910 2472 dein
1941 2416 2310 2485 Donati,tum
2334 2415 2651 2471 Maximino
2677 2415 2918 2472 tandem
2945 2416 3156 2489 Aggari
3189 2421 3249 2472 et
3268 2417 3560 2475 Tiberiani

126 2523 353 2563 causas
388 2507 450 2562 in
481 2523 547 2563 ea
574 2506 898 2578 descriptas
930 2507 1136 2561 refert:
1161 2505 1260 2561 Hic
1293 2513 1430 2561 ordo
1465 2523 1599 2560 cum
1633 2505 1692 2560 in
1727 2505 1888 2562 nulla
1920 2505 2036 2561 alia
2068 2504 2396 2576 antiquiore
2426 2503 2766 2561 collectione
2812 2504 3163 2570 inveniatur,
3212 2505 3580 2565 Hincmarus'

127 2594 247 2651 bac.
281 2595 626 2652 collectione
659 2595 973 2650 undecima
1003 2613 1148 2650 usus
1182 2595 1361 2650 fuisse
1393 2596 1641 2660 videtur,
1669 2611 1734 2650 ac
1765 2598 2072 2666 propterea
2103 2593 2400 2649 Hincmari
2433 2597 2600 2648 aetate
2623 2595 2748 2664 jam
2779 2592 3132 2650 invaluerat.

204 2687 302 2740 24.
327 2685 418 2740 Ad
450 2685 603 2740 hanc
631 2684 1029 2740 collectionem
1051 2684 1339 2740 referendi
1369 2684 1770 2739 videnturduo
1803 2683 1901 2739 alii
1937 2682 2250 2751 mss.libri,
2271 2681 2762 2754 quiadlsidorum
2788 2681 3039 2738 nihilum
3053 2681 3362 2755 pertinent,
3384 2685 3579 2740 nimi-’
3694 2731 3714 2746 .

143 2788 281 2827 rum
312 2773 697 2829 Barberimus
727 2775 818 2840 57,
853 2790 886 2828 a
916 2772 1222 2836 Quesnello
1241 2778 1599 2828 memoratus
1631 2773 1690 2827 in
1708 2772 1924 2828 Notitia
1944 2789 2055 2827 ms.
2089 2772 2356 2828 secundas
2379 2770 2616 2828 editioni
2640 2771 2896 2842 praeﬁxa,
2921 2775 2977 2827 et
3004 2772 3132 2828 Vat.
3166 2772 3326 2829 4902.
3352 2774 3564 2831 Barbe-

139 2860 308 2916 riuus
341 2861 509 2917 enim
542 2861 802 2933 scriptus
834 2860 1046 2916 saeculo
1079 2861 1308 2916 circiter
1335 2879 1433 2927 xu,
1463 2861 1594 2916 licet
1625 2862 1683 2915 in
1743 2861 1856 2915 fine
1889 2860 2155 2928 mutilus,
2188 2877 2254 2916 eo
2286 2864 2482 2915 tamen
2515 2859 2718 2915 ordine
2774 2859 3008 2930 praefert
3039 2861 3248 2919 Leonis
3287 2863 3566 2936 epistolas

136 2949 343 3022 viginti
375 2956 520 3017 tres,
553 2951 616 3006 in
647 2950 866 3022 quibus
895 2949 1112 3020 deﬁcit,
1144 2957 1209 3005 ut
1240 2967 1309 3005 ex
1338 2949 1680 3006 collectione
1711 2950 2027 3005 undecima
2057 2953 2303 3021 sumptae
2334 2952 2673 3006 noscantur.
2705 2947 3024 3006 Vaticanus
3055 2967 3188 3008 vero
3221 2952 3351 3008 4901
3399 2955 3565 3009 aetate

155 3039 346 3096 multo
375 3039 641 3109 inferior,
675 3044 736 3095 at
759 3038 1005 3111 plenior,
1034 3055 1102 3094 ex
1132 3038 1309 3094 simili
1343 3039 1500 3094 fonte
1529 3039 1812 3094 dimanat.
2456 3026 2461 3032 ’

823 3136 996 3196 §XIII.
1017 3137 1088 3185 De
1119 3136 1436 3185 collectione
1471 3136 1786 3185 duodecima
1808 3150 1837 3184 a
1867 3135 2087 3185 Merlino
2117 3134 2276 3185 edita.
2296 3137 2426 3184 Item
2456 3134 2521 3184 de
2551 3133 2914 3185 Sichardiana.

208 3219 302 3274 25.
338 3217 1550 3290 LocupletiorasuntadditamentaIsidoro
1565 3216 1903 3288 subjectain
1933 3211 2922 3289 ms.Vatican01340,quaaseparato
2963 3218 3263 3276 volumine
3279 3221 3576 3296 descripta

141 3304 486 3363 invenimus
515 3307 577 3360 in
610 3305 741 3360 cod.
774 3305 990 3360 Veneto
1025 3305 1083 3359 S.
1113 3305 1287 3360 Marci
1321 3305 1444 3359 169.
1478 3305 1609 3360 Haec
1640 3304 2057 3372 additamenta,
2091 3322 2219 3376 quae
2242 3323 2342 3378 pro
2364 3305 2700 3362 collectione
2725 3307 3072 3364 duodecima
3093 3310 3297 3368 haberi
3321 3318 3568 3384 queunt,

146 3396 495 3464 perveniunt
524 3409 718 3464 usque
748 3392 821 3447 ad
837 3392 1148 3448 concilium
1165 3393 1449 3448 Remonse
1483 3410 1576 3447 an.
1599 3393 1757 3448 1148.
1774 3393 2273 3449 Undecollectoris
2297 3398 2524 3448 aetatem
2541 3395 2668 3466 conj
2679 3395 2997 3466 icerelicet,
3021 3400 3078 3454 et
3098 3398 3366 3457 fortassis
3391 3403 3571 3460 etiam

144 3481 596 3551 nationem;alia
626 3481 784 3536 enim
817 3481 1116 3538 Gallicana
1147 3485 1528 3537 monumenta
1544 3481 1634 3536 his
1653 3482 2070 3538 additamentis
2101 3482 2524 3554 comprehensa
2542 3483 2864 3555 praesertim
2887 3483 2947 3540 in
2980 3487 3170 3544 Leone
3200 3488 3572 3552 collectorem

147 3569 381 3630 Gallum
415 3571 700 3645 produnt.
734 3569 1004 3641 Epistolre
1038 3570 1264 3638 Leonis,
1298 3570 1388 3626 vel
1418 3571 1489 3624 ad
1519 3571 1768 3625 Leonem
1787 3570 2036 3643 scriptae,
2063 3575 2202 3626 sunt
2233 3585 2438 3626 novem
2453 3575 2508 3626 et
2524 3571 2864 3644 nonaginta;
2899 3590 2966 3630 ac
2987 3579 3431 3648 proptereahzec
3452 3579 3570 3636 col-

149 3657 310 3718 lectio
345 3661 422 3729 (si
450 3659 747 3716 decimam
777 3663 1041 3714 octavam
1073 3659 1350 3730 excipias)
1383 3658 1780 3714 estditissima
1809 3660 2095 3727 omnium;
2124 3676 2318 3731 exqua
2341 3660 2580 3732 quidem
2611 3678 2725 3716 non
2758 3660 2950 3719 solum
2973 3664 3172 3736 plures
3189 3667 3446 3740 epistola;
3466 3686 3572 3726 an-

157 3750 471 3823 teaignotze
485 3747 747 3821 primum
762 3747 1182 3819 prodiere,quee
1199 3751 1400 3819 postea
1428 3747 1489 3802 in
1506 3747 1822 3804 rarissimis
1836 3752 2066 3804 tantum
2081 3749 2376 3804 codicibus
2392 3750 2634 3804 inventa:
2661 3753 2927 3822 sunt,sed
2949 3752 3367 3826 aliquotetiam
3379 3757 3572 3814 adhuc

157 3841 478 3910 supersunt
509 3853 639 3908 quae
670 3835 730 3890 in
764 3835 924 3891 nullo
953 3833 1104 3891 alius
1133 3835 1492 3892 collectionis
1520 3836 1716 3892 codice
1738 3837 1978 3909 reperiri
1998 3842 2254 3909 potuere.
2276 3839 2419 3894 Hinc
2450 3843 2644 3894 autem
2662 3839 2874 3896 eximia
2901 3841 3220 3898 collectoris
3252 3843 3571 3920 diligentia,

162 3929 206 3978 et
233 3926 423 3999 hujus
453 3924 816 3982 collectionis
849 3924 1010 3996 origo
1044 3925 1115 3978 ab
1133 3925 1264 3979 aliis
1281 3923 1725 3980 collectionibus
1742 3926 1969 3981 diversa
1987 3927 2512 4000 cognoscitur.Hmc
2530 3927 2788 3984 collectio
2812 3930 3070 3985 continet
3109 3931 3386 4004 epistolas
3407 3950 3578 3992 XXXIX

168 4014 526 4072 collectionis
559 4015 627 4069 10
646 4013 1033 4084 Isidori(inter
1044 4030 1192 4084 quas
1207 4018 1296 4069 est
1319 4013 1566 4092 epistola
1583 4015 1886 4069 decurtata
1898 4015 1967 4069 ad
1982 4016 2288 4088 episcopos
2310 4017 2386 4070 Af
2385 4017 2697 4084 ricanos)et
2711 4017 2854 4074 alias
2880 4018 3156 4090 epistolas
3168 4037 3261 4074 xvx
3274 4021 3505 4078 additas
3518 4025 3577 4078 in

170 4101 503 4160 collectione
534 4101 923 4168 antecedenti,
955 4103 1177 4158 omissa
1211 4119 1327 4157 una
1359 4102 1607 4174 epistola
1634 4104 1703 4157 97
1733 4103 1966 4159 Eusebii
1999 4104 2471 4172 Mediolanensis,
2505 4122 2570 4160 ac
2603 4107 2729 4162 sine
2760 4106 3103 4178 repetitione
3135 4108 3392 4181 epistolas
3412 4111 3485 4172 28
3506 4113 3581 4169 ad

177 4187 529 4249 Flavianum.
563 4191 701 4254 Quae
735 4194 928 4245 autem
961 4191 1031 4246 de
1061 4208 1207 4246 novo
1253 4191 1633 4262 adjiciuntur,
1668 4196 1806 4246 sunt
1850 4193 2109 4264 epistolae
2141 4213 2289 4262 XLIV,
2344 4212 2593 4267 quarum
2643 4195 2974 4266 catalogum
3008 4196 3102 4252 hic
3149 4198 3580 4269 appendimus:

181 4275 216 4339 Ι,
242 4281 578 4337 Theodosio
611 4279 782 4350 epist.
817 4280 906 4343 24;
945 4280 1014 4346 II,
1047 4279 1244 4335 Galliae,
1278 4279 1568 4351 episcopis
1598 4279 1767 4352 epist,
1804 4282 1926 4348 102;
1962 4282 2056 4348 Ill,
2091 4283 2381 4337 Marciano
2413 4283 2581 4354 epist.
2622 4283 2741 4351 121;
2774 4282 2868 4350 IV.,
2903 4277 3212 4341 Eudochiae
3244 4285 3586 4359 (legendum

188 4365 419 4436 Iuliano)
440 4367 616 4439 epist.
643 4368 762 4432 121;
799 4366 869 4433 V,
903 4366 1162 4438 Septimo
1195 4367 1373 4422 Altini
1403 4369 1675 4440 episcopo
1697 4369 1866 4441 epist.
1899 4375 1951 4437 2;
1984 4370 2081 4437 VI,
2113 4370 2540 4427 Viennensibus
2572 4370 2739 4443 epist.
2777 4371 2863 4438 10;
2895 4371 3015 4438 VII,
3069 4373 3364 4430 Ravennio
3413 4377 3586 4448 epist.

194 4452 261 4520 ll;
292 4455 444 4523 VIII,
479 4453 795 4510 Pulcheriae
827 4454 995 4526 epist.
1024 4456 1114 4522 95;
1151 4460 1245 4521 IX,
1276 4457 1566 4510 Marciano
1598 4458 1768 4528 epist.
1800 4458 1887 4524 9.1;
1923 4459 1986 4522 X,
2020 4458 2336 4513 Pulclieriae
2367 4460 2534 4528 epist.
2591 4460 2710 4526 112;
2762 4458 2851 4524 XI,
2902 4457 3136 4516 Juliano
3167 4461 3372 4518 Coensi
3416 4463 3584 4536 epist.

198 4540 304 4610 113;
334 4544 454 4610 XII,
486 4542 783 4598 Marciano
813 4543 982 4614 epist.
1018 4545 1138 4597 111:
1174 4544 1319 4608 XIII,
1348 4543 1663 4599 Pulcherizn
1718 4545 1886 4616 epist.
1950 4548 2070 4611 112;
2105 4547 2245 4611 XIV,
2295 4547 2529 4601 Juliano
2561 4546 2729 4618 epist,
2765 4546 2888 4614 118;
2937 4549 3055 4615 XV,
3108 4549 3377 4606 Eudoxiae
3411 4553 3585 4626 epist.

204 4627 309 4698 123;
332 4631 482 4699 XVI,
511 4630 749 4687 Juliano
783 4631 953 4703 epist.
989 4632 1111 4699 125;
1144 4631 1315 4697 XVII,
1348 4632 1537 4687 eidem
1562 4630 1796 4687 Juliano
1826 4633 1996 4704 epist.
2035 4636 2158 4702 127;
2191 4634 2392 4702 XVIII,
2446 4634 2670 4701 Ceretii,
2706 4634 2947 4704 Salonii,
3008 4641 3065 4692 et
3088 4637 3299 4694 Verani
3348 4641 3418 4695 ad
3453 4642 3595 4699 Leo-

207 4730 322 4778 nem
345 4719 516 4793 epist.
547 4720 638 4788 68;
669 4719 811 4786 XIX,
848 4719 1076 4787 Leonis,
1110 4719 1369 4789 Victorii,
1399 4725 1457 4776 et
1486 4720 1787 4777 Eustochii
1821 4722 2110 4794 episc0pis
2141 4727 2198 4778 et
2217 4722 2737 4796 presbyterisinfra
2763 4725 2998 4780 tertiam
3019 4726 3396 4798 provinciam,
3419 4728 3480 4785 in
3499 4748 3600 4804 ap-

211 4807 428 4872 pendice
456 4809 701 4877 edenda;
733 4807 845 4875 XX,
880 4809 1087 4865 Leonis
1119 4826 1279 4882 papae
1312 4810 1628 4878 Ravennio,
1663 4814 1719 4866 et
1750 4810 1882 4872 aliis
1914 4811 2111 4867 Galliae
2143 4812 2432 4883 episcopis
2463 4812 2634 4883 epist.
2667 4812 2788 4882 103;
2822 4813 2970 4882 XXI,
3024 4815 3205 4872 Gallis
3235 4821 3294 4872 et
3320 4810 3601 4892 Hispanis

215 4894 361 4966 epist.
393 4899 514 4966 138;
546 4896 720 4962 XXII,
754 4897 1081 4952 Theodosio
1111 4898 1278 4970 epist.
1311 4899 1401 4967 64;
1433 4898 1624 4966 XXIII,
1658 4898 1894 4956 Juliano
1945 4901 2114 4972 epist.
2146 4901 2236 4966 34;
2271 4900 2473 4963 XXIV,
2539 4900 2808 4957 Flaviano
2858 4902 3028 4975 epist.
3060 4905 3150 4974 36;
3195 4905 3358 4974 XXV,
3383 4908 3600 4975 ~.Theo-

219 4977 358 5068 (losio
388 4984 554 5057 epist.
587 4985 678 5052 37;
710 4983 890 5054 XXVI,
926 4983 1200 5041 Flaviano
1233 4985 1402 5058 epist.
1438 4988 1528 5054 38;
1559 4986 1780 5055 XXVII,
1821 4986 2016 5044 eidem
2069 4988 2240 5059 epist.
2273 4989 2364 5056 39;
2424 4988 2656 5057 XXVIII,
2717 4974 3603 5068 Constantinopolitanisfepist.

220 5064 289 5137 50;
317 5072 498 5144 XXIX,
530 5071 844 5130 Anastasio
877 5073 1048 5144 epist.
1083 5074 1170 5141 47;
1204 5073 1362 5140 XXX,
1394 5073 1666 5130 Flaviano
1697 5075 1870 5146 epist.
1905 5077 1992 5143 49;
2037 5076 2223 5142 XXXI,
2273 5075 2508 5132 Juliano
2560 5076 2729 5149 epist.
2764 5078 2853 5146 48;
2905 5061 3125 5152 XXXII,
3177 5061 3605 5140 archimandri-

221 5155 280 5214 iis
305 5160 963 5234 Constantinopolitanis
994 5161 1164 5233 epist.
1197 5162 1257 5217 51
1295 5179 1308 5228 ;
1342 5162 1884 5229 XXXIII,Marciano
1914 5165 2084 5236 epist.
2116 5166 2224 5232 74;
2257 5164 2493 5231 XXXIV,
2545 5165 2735 5222 eidem
2765 5165 2934 5239 epist.
2968 5169 3060 5237 78;
3115 5170 3325 5238 XXXV,
3353 5155 3608 5229 'Juliano

225 5246 362 5329 epist.
393 5251 480 5318 8|;
512 5251 752 5306 XXXVI.
786 5249 1102 5304 Pulclicriaz
1134 5249 1300 5320 epist.
1332 5252 1432 5317 45;
1467 5251 1726 5315 XXXVII,
1759 5253 2026 5307 Anatolio
2057 5253 2228 5325 epist.
2263 5256 2332 5309 86
2363 5272 2375 5322 ;
2409 5254 2702 5323 XXXVIII,
2738 5255 3032 5312 Marciano
3065 5257 3216 5329 epist
3237 5259 3307 5312 89
3330 5275 3343 5324 ;
3369 5257 3607 5326 XXXIX,

224 5327 508 5396 Pulcherize
539 5337 714 5412 epist.
752 5338 891 5404 116;
923 5336 1030 5404 XL,
1066 5337 1315 5392 Maximo
1348 5339 1518 5410 epist.
1552 5339 1696 5408 119;
1730 5340 1870 5411 XLI,
1929 5341 2103 5398 Leoni
2146 5346 2413 5416 Augusto
2445 5343 2617 5416 epist.
2652 5345 2792 5411 146;
2828 5343 2996 5412 XLII,
3032 5327 3222 5401 eidem
3253 5330 3431 5415 epist.
3458 5343 3482 5398 4
3495 5347 3562 5401 48
3593 5369 3606 5418 ;

220 5418 384 5496 XLIII,
412 5430 601 5487 eidem
635 5426 811 5501 epist.
847 5426 989 5495 156;
1023 5426 1220 5495 XLIV,
1255 5426 1572 5484 P-ulcherize
1605 5428 1777 5500 epist.
1810 5430 1900 5484 38.

277 5518 354 5571 26.
384 5519 683 5591 Pleraeque
713 5533 783 5573 ex
811 5514 905 5572 his
935 5515 1197 5587 epistolis
1228 5516 1285 5572 in
1310 5516 1611 5588 nullajam
1630 5518 1921 5590 descripta
1942 5519 2278 5577 collectione
2297 5520 2694 5576 inveniuntur.
2715 5520 2875 5585 Quod
2909 5519 2957 5574 si
2982 5518 3271 5575 nonnullae
3292 5520 3494 5587 postea
3515 5516 3611 5570 in-

221 5610 371 5663 ventae
402 5610 648 5666 fuerunt
675 5605 736 5661 in
770 5604 1128 5676 quibusdam
1161 5604 1309 5660 raris
1322 5605 1644 5674 codicibus,
1665 5605 1790 5661 aliae
1808 5608 2012 5662 veroin
2041 5610 2460 5682 manuscriptis
2474 5607 2830 5664 collectionis
2851 5609 2942 5674 24,
2976 5623 3044 5661 ex
3073 5623 3190 5678 qua
3209 5606 3408 5660 auctor
3422 5604 3610 5674 profc-

221 5698 344 5756 rissc
370 5701 620 5758 videtur,
652 5693 922 5768 quinque
952 5697 1147 5750 tamen
1177 5693 1382 5751 Leonis
1413 5693 1694 5768 epistolas
1722 5694 1777 5752 in
1813 5696 1977 5755 nulla
2009 5696 2122 5754 alia
2152 5697 2491 5758 collectione
2525 5696 2715 5754 adhuc
2747 5693 3038 5751 exhibitas
3085 5711 3153 5749 ex
3195 5691 3390 5762 aliquo
3416 5689 3613 5762 ignoto
