3946 6214
445 462 569 528 563
1272 462 1688 528 PR/EFATIO
1729 462 1811 524 IN
1853 459 2283 524 EPISTOLAS
2330 462 2394 523 S.
2427 460 2712 522 LEONIS
2755 456 3029 521 MAGNI.

450 599 649 657 codice
677 596 951 672 sumpsit,
976 597 1259 655 nimirum
1289 598 1458 672 epist.
1495 599 1583 667 39,
1618 598 1689 654 ad
1723 595 2170 662 Flavianum,47
2200 593 2273 650 ad
2286 592 2770 661 Anastasium,48
2784 592 2857 649 ad
2878 591 3295 662 Julianum,74
3313 589 3384 649 ad
3407 589 3790 665 Marcianum,et

452 690 557 744 138
585 690 658 744 ad
690 687 885 745 Gallos
911 691 967 744 et
997 688 1305 760 Hispanos.
1340 687 1621 743 Praterea
1650 704 1781 741 cum
1800 686 1895 741 hic
1908 684 2181 741 collector
2201 699 2585 757 quacumque
2617 682 2824 738 Leonis
2848 682 3083 737 nomine
3107 681 3391 753 inscripta
3414 682 3534 737 suis
3553 682 3607 738 in
3622 682 3791 739 codici-

448 778 564 834 bus
594 776 1307 849 reperit,huiccollectioni
1337 773 2531 848 adjecerit,perperaminseruitepistolam
2545 771 3036 840 Leonis,Victorii,
3064 775 3120 827 et
3134 770 3429 827 Eustochii
3456 772 3524 827 ad
3547 771 3793 845 episcopos

451 869 509 922 et
536 865 904 938 presbyteros
928 865 1085 920 intra
1110 865 1346 922 tertiam
1377 864 1733 937 provinciam
1767 864 2138 932 constitutos,
2174 880 2290 917 non
2323 863 2829 918 adnimadvertens
2860 861 3110 917 Leonem
3145 859 3329 916 istum
3360 876 3485 917 esse
3514 860 3791 934 episc0pum

451 954 891 1025 Bituricensem,
924 956 1081 1010 unde
1108 954 1230 1011 hac
1260 954 1506 1026 epistola
1534 954 1592 1008 in
1624 952 2005 1026 appendicem
2036 952 2349 1025 rejicietur.
3516 1004 3519 1007 γ

520 1047 609 1098 27.
641 1044 802 1100 Hane
830 1043 1228 1099 collectionem
1260 1041 1515 1115 vulgavit
1546 1042 1849 1113 Merlinus,
1870 1041 2086 1112 quippe
2117 1040 2217 1112 qui
2240 1039 2629 1095 Isidorianum
2661 1038 2922 1094 codicem
2953 1037 3210 1093 similem
3243 1037 3515 1094 Vaticano
3538 1038 3664 1095 1340
3679 1039 3795 1111 typis

448 1133 628 1189 dedit.
661 1133 864 1189 Solum
889 1132 951 1187 in
981 1130 1242 1204 epistolis
1275 1131 1649 1203 Leonisapud
1680 1130 1874 1203 ipsum
1889 1127 2543 1200 numeranturepistola
2557 1127 2923 1196 xcvn;inhac
2956 1126 3113 1183 enim
3144 1126 3295 1184 serie
3326 1126 3523 1185 omisit
3539 1128 3793 1201 epistolam

448 1223 522 1277 25
563 1221 716 1277 Petri
746 1221 1098 1277 Ravennatis
1131 1220 1203 1275 ad
1233 1220 1551 1290 Eutychen,
1585 1223 1643 1276 et
1671 1217 1979 1292 epistolam
2009 1219 2078 1273 68
2108 1217 2333 1285 Ceretii,
2363 1217 2580 1274 Salonii
2610 1222 2666 1273 et
2695 1218 2900 1273 Verani
2931 1217 3002 1272 ad
3036 1217 3319 1282 Leonem,
3343 1234 3467 1289 qua
3486 1217 3623 1273 inter
3636 1218 3797 1273 Leoni-

449 1327 559 1366 nas
588 1310 650 1365 in
680 1310 858 1381 hujus
886 1308 1243 1365 collectionis
1272 1309 1572 1365 codicibus
1604 1309 1962 1365 inseruntur.
1991 1308 2274 1363 Praeterea
2303 1306 2685 1381 epistolarum
2718 1305 3005 1378 ordinem,
3040 1307 3139 1378 qui
3164 1305 3225 1361 in
3259 1323 3403 1362 mss.
3431 1307 3797 1380 exemplaribus

450 1398 680 1466 visitur,
712 1398 925 1455 alicubi
952 1398 1304 1459 immutavit.
1337 1398 1561 1455 Merlini
1590 1397 1921 1470 exemplum
1939 1396 2228 1466 collaturi,
2252 1397 2343 1453 usi
2376 1413 2585 1452 sumus
2600 1396 2728 1467 ejus
2741 1396 2995 1451 editione
3017 1395 3351 1453 Coloniensi
3373 1414 3464 1452 an.
3486 1398 3632 1453 1530.
3649 1397 3797 1453 Codex

451 1487 831 1555 Isidorianus,
864 1504 1039 1560 quem
1071 1486 1415 1554 Quesnellus
1466 1488 1784 1543 identidem
1807 1487 1965 1554 citat,
1998 1490 2055 1541 et
2074 1486 2545 1542 Herovallianum
2566 1488 2753 1552 vocat,
2786 1501 2854 1541 ex
2876 1484 3146 1557 pluribus
3163 1484 3403 1541 indiciis
3426 1486 3495 1542 ad
3516 1485 3652 1543 hanc
3667 1484 3799 1543 colle-

457 1577 708 1634 ctionem
737 1576 1006 1649 pertinet.
1039 1576 1449 1633 Collectionem
1480 1594 1597 1632 non
1627 1576 1810 1631 multo
1841 1575 2190 1631 dissimilem
2207 1575 2465 1632 exhiberi
2498 1576 2558 1631 in
2572 1574 2767 1631 codice
2792 1574 3064 1630 Remensi
3098 1575 3155 1631 S.
3194 1574 3466 1648 Remigii,
3499 1592 3658 1648 quem
3682 1575 3801 1631 idem

460 1665 808 1733 Quesnellus
833 1682 983 1738 sape
1011 1664 1234 1735 laudat,
1267 1683 1402 1722 cum
1432 1683 1500 1721 ex
1528 1664 1730 1721 multis
1775 1663 2135 1719 variantibus
2193 1663 2544 1737 colligimus,
2603 1668 2731 1719 tum
2763 1679 2833 1718 ex
2861 1663 3191 1719 Coustantii
3222 1663 3549 1736 praefatione
3576 1664 3629 1719 in
3656 1664 3801 1737 Epist.

466 1755 633 1811 Rom.
667 1759 828 1827 pont.
860 1772 920 1810 n.
954 1754 1076 1822 463,
1106 1752 1205 1810 ubi
1236 1754 1510 1810 eumdem
1540 1753 1952 1825 Remigianum
1986 1751 2243 1809 codicem
2271 1756 2327 1808 et
2356 1751 2746 1832 Isidorianum
2778 1766 2927 1821 esse,
2961 1754 3018 1807 et
3045 1750 3319 1824 pluribus
3368 1752 3562 1809 Leonis
3589 1752 3805 1826 epistolis

464 1848 705 1901 auctum
733 1846 1001 1901 testatur.
1940 1846 1943 1847 ⁷
2776 1904 2787 1911 ι

533 1934 622 1989 28.
646 1933 769 1989 Huc
800 1932 1014 2004 pariter
1034 1932 1288 1986 revocari
1319 1935 1510 2003 potest
1537 1931 1714 1987 codex
1743 1929 2125 1996 Isidorianus,
2159 1946 2227 1985 ex
2259 1945 2374 2001 quo
2403 1928 2660 1984 Joannes
2691 1926 3014 1984 Sichardus
3064 1928 3460 1985 Romanorum
3505 1928 3805 2002 pontiﬁcum

462 2021 741 2094 epistolas
772 2021 972 2076 edidit.
988 2019 1279 2092 Pleraque
1295 2020 1656 2076 anteriorum
1680 2019 2022 2091 pontificum
2040 2017 2674 2091 supposititia,suntex
2700 2016 2906 2073 Isidori
2936 2016 3199 2086 ofﬁcina;
3232 2018 3424 2075 Leonis
3443 2034 3559 2074 vero
3579 2018 3806 2090 epistola

468 2107 915 2181 quinquaginta,
931 2124 1058 2179 qua
1074 2107 1389 2163 editionem
1418 2106 1975 2179 claudunt,quaque
2003 2107 2573 2179 pratereainsertam
2596 2105 3122 2179 habentepistolam
3133 2110 3211 2162 22
3232 2107 3476 2164 Flaviani
3496 2107 3561 2162 ad
3573 2107 3807 2173 Leonem,

467 2213 672 2255 omnes
702 2200 842 2252 sunt
871 2195 1127 2262 sincera,
1157 2200 1215 2251 et
1243 2196 1304 2251 in
1335 2195 1691 2251 collectionis
1723 2197 1791 2251 42
1822 2195 2120 2251 codicibus
2150 2194 2538 2252 continentur.
2561 2197 2640 2251 Ex
2669 2195 2895 2251 diverso
2929 2200 3125 2252 tamen
3160 2196 3366 2252 ordine
3396 2213 3459 2253 ac
3478 2212 3696 2252 numero
3713 2196 3806 2267 epi-

400 2356 413 2363 _
460 2286 771 2353 stolarum,
801 2283 1067 2340 Sichardi
1094 2284 1350 2340 codicem
1380 2284 1561 2339 fuisse
1593 2302 1626 2339 a
1656 2284 1872 2341 nostris
1902 2285 2198 2341 diversum
2230 2283 2432 2356 liquet.
2466 2286 2762 2342 Lectiones
2792 2301 2947 2354 vero,
2980 2290 3039 2341 et
3068 2286 3394 2358 prasertim
3417 2302 3647 2358 pannus,
3668 2302 3804 2357 quem

459 2374 725 2433 Sichardi
756 2373 934 2429 codex
963 2373 1193 2445 prafert
1220 2372 1279 2428 in
1310 2373 1475 2446 epist.
1512 2373 1564 2442 4,
1598 2375 1669 2429 ad
1699 2373 2129 2446 Aquileiensem
2162 2374 2524 2447 episcopum,
2558 2374 2784 2429 diverso
2817 2373 2942 2430 loco
2974 2380 3237 2444 assutus,
3271 2392 3336 2431 ac
3360 2376 3417 2430 in
3442 2374 3682 2448 praesenti
3718 2374 3804 2430 col-

462 2464 730 2534 lectione,
763 2479 898 2519 cum
929 2466 1061 2534 post
1090 2478 1158 2517 ea
1184 2462 1361 2518 verba
1390 2462 1758 2535 subjiciatur,
1784 2468 1916 2536 post
1940 2480 2066 2536 qua
2098 2462 2585 2535 insertuslegitur
2613 2463 2674 2518 in
2694 2479 2837 2518 mss.
2854 2462 3180 2532 collect.2!i,
3210 2469 3275 2520 ut
3292 2466 3486 2520 annot.
3508 2464 3573 2518 25
3591 2462 3654 2517 ad
3673 2462 3806 2533 epist.

463 2558 491 2613 1
527 2552 962 2619 annotabimus,
998 2552 1069 2607 ab
1099 2551 1303 2607 eodem
1333 2551 1490 2608 fonte
1519 2570 1588 2608 ex
1617 2569 1732 2625 quo
1763 2550 2024 2609 collectio
2054 2553 2123 2608 24
2154 2552 2412 2625 profecta
2442 2556 2552 2619 est,
2586 2556 2881 2609 auctorem
2912 2552 3164 2624 exempli
3199 2552 3557 2610 Siehardiani
3602 2551 3808 2607 ebibisse

459 2645 741 2701 insinuat.
775 2639 1118 2705 Quesnellus
1144 2642 1287 2697 dum
1317 2640 1666 2696 Siehardum
1697 2640 1927 2713 allegat,
1964 2656 2108 2696 usus
2141 2645 2229 2695 est
2255 2639 2507 2695 editione
2554 2639 2871 2696 Parisiensi
2921 2657 3015 2696 an.
3052 2641 3209 2708 1568,
3263 2658 3386 2714 qua
3435 2640 3505 2696 ad
3535 2637 3807 2696 Victorinos

460 2732 690 2791 codices
715 2730 860 2786 forte
891 2728 1268 2797 lsidorianos,
1299 2745 1416 2784 non
1445 2734 1641 2785 autem
1672 2728 2049 2785 Sichardiano
2108 2728 2329 2784 similes
2377 2729 2686 2784 emendata
2736 2728 2865 2785 fuit.
2898 2728 3015 2786 Nos
3045 2729 3430 2787 adhibuimus
3484 2728 3800 2785 vetustiorem

463 2821 777 2880 editionem
808 2817 1200 2876 Basileensem
1231 2835 1325 2874 an.
1348 2817 1508 2886 I536,
1542 2835 1671 2891 qua
1702 2835 1917 2890 purum
1948 2817 2216 2875 Sichardi
2246 2817 2506 2874 codicem
2532 2818 2788 2875 exhibet.

1644 2934 1675 2996 §
1703 2933 1829 2984 XIV.
1861 2934 1935 2983 De
1966 2931 2279 2985 collectione
2310 2932 2517 2982 decima
2548 2932 2720 2982 tertia.

531 3040 622 3097 29.
656 3040 915 3097 Tertiam
946 3041 1232 3098 decimam
1261 3040 1661 3098 collectionem
1695 3039 2061 3112 appellamus
2079 3056 2206 3113 qua
2228 3043 2416 3096 exstat
2447 3040 2505 3094 in
2522 3037 3083 3112 manuscriptolibro
3106 3038 3439 3098 Florentino
3460 3040 3515 3096 S.
3539 3038 3696 3096 Marci
3715 3037 3808 3101 48?,

474 3128 672 3186 saeuli
700 3146 799 3184 xu.
832 3128 998 3185 Solas
1027 3129 1261 3185 exhibet
1289 3129 1566 3202 epistolas
1598 3129 1997 3185 Romanorum
2026 3129 2395 3202 pontiﬁcum.
2427 3129 2505 3184 Ex
2536 3128 2884 3201 apocryphis
2915 3133 3132 3197 autem,
3170 3147 3321 3203 quas
3342 3146 3456 3186 una
3475 3145 3600 3185 cum
3616 3125 3811 3183 sinceris

474 3216 737 3291 epistolis
766 3218 986 3291 profert
1014 3223 1204 3291 usque
1233 3218 1306 3274 ad
1338 3218 1575 3290 Systum
1608 3217 1705 3283 ΙΙΙ,
1731 3218 1939 3273 Leonis
1968 3219 2476 3290 pradeeessorem,
2500 3216 2861 3274 Isidorianus
2882 3219 3240 3291 agnoscitur.
3278 3221 3337 3275 In
3369 3220 3549 3276 Leone
3576 3220 3741 3274 autem
3759 3213 3809 3268 ab

477 3305 819 3363 Isidorianis
850 3307 1149 3363 codicibus
1160 3307 1426 3363 omnium
1446 3306 1697 3361 maxime
1713 3305 2157 3379 discrepat.Non
2178 3306 2369 3363 solum
2383 3306 2538 3362 enim
2554 3305 2934 3378 epistolarum
2949 3306 3154 3363 ordine
3183 3307 3524 3381 etqualitate
3535 3307 3601 3363 ab
3618 3304 3810 3364 Isidoro,

474 3394 659 3451 immo
689 3399 746 3450 et
776 3413 811 3451 a
839 3412 1212 3468 quacumque
1241 3393 1703 3451 aliaeollectione
1718 3395 1983 3452 diversus
2011 3399 2120 3451 est:
2155 3396 2255 3451 sed
2268 3394 2648 3467 epistolarum
2683 3396 2751 3450 12
2779 3395 2852 3451 ad
2880 3394 3185 3453 Africanos
3216 3396 3563 3454 Mauritania
3581 3394 3810 3465 integram

460 3488 530 3540 'et
548 3488 742 3539 exacte
763 3483 1115 3556 descriptam
1138 3484 1234 3540 hic
1265 3501 1419 3540 unus
1437 3484 1616 3539 codex
1636 3483 2047 3555 exhibetzquod
2082 3481 2434 3556 peculiarem
2466 3486 2521 3538 et
2552 3482 3098 3554 prastantissimam
3128 3484 3309 3557 hujus
3329 3482 3662 3541 collectionis
3679 3476 3810 3551 origi-

477 3587 611 3627 nem
643 3570 817 3643 plane
845 3573 1228 3628 demonstrat.
1259 3574 1403 3628 Tres
1433 3578 1489 3628 et
1518 3572 1725 3644 viginti
1755 3573 2013 3645 integras
2036 3570 2313 3643 epistolas
2343 3572 2620 3639 continet,
2636 3580 2697 3628 at
2725 3572 3013 3645 vigesima
3038 3579 3252 3645 quarta
3280 3575 3394 3632 ﬁne
3412 3578 3578 3632 caret:
3597 3576 3676 3628 est
3691 3568 3809 3625 enim

475 3661 656 3717 codex
685 3659 951 3727 mutilus;
985 3660 1140 3715 unde
1167 3664 1310 3732 quot
1338 3659 1461 3715 alia
1493 3659 1824 3732 epistolain
1848 3661 1957 3717 hac
1988 3659 2328 3715 collectione
2348 3660 2581 3727 fuerint,
2600 3661 2960 3734 ignoramus.
2987 3662 3368 3736 Singularum
3388 3660 3813 3719 indicemdamus'

473 3748 527 3817 I,’
553 3746 841 3821 episcopis
870 3764 974 3820 per
1003 3748 1309 3804 universas
1340 3748 1672 3820 provincias
1705 3749 2037 3805 constitutis
2072 3747 2316 3820 epistola
2349 3753 2559 3805 nostra
2591 3749 2862 3806 editionis
2886 3751 2938 3817 4;
2971 3751 3042 3818 ΙΙ,
3067 3752 3233 3809 Italis
3261 3752 3429 3825 epist.
3460 3754 3512 3819 7;
3542 3748 3629 3817 III,
3649 3740 3812 3803 Siculis

475 3837 645 3911 epist.
676 3838 763 3904 16;
801 3836 894 3904 IV,
925 3836 1203 3893 Januario
1234 3836 1592 3909 Aquileiensi
1621 3839 1790 3910 epist.
1825 3840 1911 3906 18;
1945 3837 2015 3904 V,
2051 3837 2290 3894 Rustico
2322 3837 2494 3910 epist.
2537 3840 2653 3906 I67;
2686 3839 2781 3906 VI,
2813 3840 3121 3897 Anastasio
3161 3841 3333 3913 epist.
3386 3841 3471 3908 44;
3496 3839 3605 3903 VII,
3650 3833 3812 3891 Niceti!

475 3927 645 4001 epist.
683 3926 805 3996 I50;
836 3924 979 3994 VIII,
1013 3926 1236 3982 Mauris
1267 3925 1513 3998 epist.”
1539 3944 1552 3995 ;
1585 3927 1676 3993 IX,
1700 3926 2024 3983 Palastinis
2054 3927 2225 3999 epist.
2263 3928 2401 3995 124;
2431 3928 2495 3994 X,
2530 3927 3197 3999 Constantinopolitanis
3230 3929 3402 4002 epist.
3431 3929 3534 3995 59;
3561 3925 3643 3990 XI,
3670 3917 3810 3992 Ephe-

470 4017 616 4074 sina
645 4017 865 4090 synodo
896 4015 1067 4088 epist.
1101 4015 1190 4081 33;
1225 4015 1343 4082 XII,
1373 4015 1698 4072 Theodosio
1730 4016 1899 4087 epist.
1933 4017 2021 4084 44;
2055 4017 2204 4084 XIII,
2258 4016 2574 4072 Pulcheria
2607 4017 2759 4088 epist
2779 4019 2866 4086 45;
2900 4017 3036 4086 XIV,
3071 4017 3397 4075 Theodosio
3441 4016 3595 4089 epist.
3621 4010 3697 4078 29;
3724 4004 3809 4071 XV,

467 4106 701 4164 Juliano
731 4105 902 4179 epist.
933 4106 1022 4173 35;
1059 4104 1202 4173 XVI,
1234 4104 1552 4160 Pulchcria
1584 4105 1755 4177 epist.
1791 4104 1880 4172 3i;
1917 4104 2200 4171 XVII,.....
2228 4104 2587 4177 Aquileiensi
2631 4105 2800 4177 epist.
2840 4111 2861 4160 1
2895 4122 2907 4172 ;
2942 4105 3133 4174 XVIII,
3167 4106 3422 4178 Septimo
3450 4104 3674 4177 epist.2;
3699 4095 3808 4155 XIX.

470 4194 741 4251 Anatalio
771 4194 943 4267 epist.
978 4193 1103 4255 463;
1138 4192 1251 4263 XX,
1286 4192 1475 4249 eidem
1498 4192 1667 4265 epist.
1703 4194 1825 4258 135;
1851 4192 1989 4261 XXI,
2025 4193 2479 4249 Chalcedonensi
2514 4194 2734 4266 synodo
2786 4192 2957 4265 epist.
3006 4195 3097 4262 95;
3157 4194 3323 4262 XXII,
3382 4194 3521 4249 Doro
3563 4187 3708 4261 epist.
3740 4182 3807 4249 l9:

469 4281 661 4352 XXIII,
697 4282 968 4339 Flaviano
1000 4282 1177 4355 epist.
1205 4284 1294 4351 28;
1326 4281 1509 4349 XXIV,
1542 4282 1835 4339 Marciano
1866 4298 2173 4355 perperam
2205 4282 2569 4350 inscribitur;
2604 4274 3110 4353 subjicitur'enim
3143 4282 3525 4356 epistola165;
3561 4278 3705 4349 cujus
3728 4269 3808 4325 iui-

467 4372 619 4427 tium
648 4373 974 4429 Promisisse
1000 4387 1108 4440 me,
1140 4372 1266 4443 qua
1301 4371 1371 4426 ad
1405 4372 1655 4427 Leonem
1685 4373 2014 4444 Augustum
2044 4370 2261 4426 tradita
2290 4364 2423 4425 fuit.
2459 4370 2599 4426 Octo
2631 4370 2858 4443 priores
2887 4370 3145 4442 epistola
3192 4372 3488 4429 Hadriana
3524 4356 3810 4424 collectionis

471 4459 737 4515 ordinem
767 4460 1104 4531 praferunt:
1138 4464 1199 4515 at
1223 4464 1424 4516 octava
1452 4460 1525 4515 ad
1546 4443 1849 4534 episcopos
1882 4459 2244 4517 Mauritania
2263 4459 2578 4515 editionem
2612 4460 2999 4517 Iladrianeam
3028 4477 3142 4517 non
3161 4461 3449 4534 sequitur,
3477 4458 3613 4514 sicut
3626 4465 3712 4509 nec
3728 4443 3810 4501 lsi-

470 4545 803 4615 dorianam,
834 4551 902 4602 ut
936 4547 1110 4620 paulo
1141 4552 1275 4604 ante
1307 4548 1668 4605 monuimus.

1489 4664 1640 4727 §XV.
1675 4665 1745 4714 Dc
1776 4664 2089 4716 collectione
2117 4662 2325 4714 decima
2354 4667 2562 4728 quarta,
2597 4662 2871 4714 Avellana.

540 4767 630 4822 30.
651 4765 701 4820 A
730 4762 1172 4822 collectionibus
1199 4769 1570 4840 generalibus
1598 4771 1922 4827 transimus
1947 4770 2019 4825 ad
2041 4769 2385 4842 peculiares,
2404 4774 2461 4825 et
2490 4768 2746 4842 primum
2778 4769 2850 4824 ad
2881 4786 2979 4827 eas
3002 4788 3126 4843 qua
3157 4768 3465 4843 peculiaria
3488 4754 3805 4843 quarumdﬁm

471 4851 862 4913 Ecclesiarum
901 4838 1254 4911 documenta
1282 4858 1603 4916 continent.
1638 4859 1910 4914 Romana
1939 4838 2208 4915 Ecclesiae
2240 4838 2535 4931 pracipu—a
2563 4863 2651 4914 est
2682 4857 2943 4913 collectio
2965 4838 3191 4915 decima
3221 4861 3443 4932 quarta,
3465 4866 3623 4926 quam
3642 4838 3805 4935 Avella-

470 4960 608 5000 nam
638 4958 935 5010 vocamus;
973 4948 1175 4999 auctor
1202 4945 1358 5002 enim
1391 4947 1493 5017 qui
1524 4949 1634 5003 sub
1668 4947 1858 5020 Vigilii
1888 4952 2154 5021 tempora
2183 4924 2399 5013 Roma,
2418 4924 2491 5003 ut
2518 4947 2768 5014 videtur,
2794 4947 3011 5017 ﬂoruit,
3036 4948 3222 5005 multa
3240 4924 3613 5004 Itomanorum
3634 4924 3805 5009 pontiﬁ-

468 5049 604 5103 cum
634 5036 691 5088 et
721 5032 994 5088 Romana
1026 5032 1291 5090 Ecclesia
1322 5034 1598 5106 specialia
1629 5036 1878 5108 collegit,
1912 5020 2039 5108 qua
2070 5037 2127 5091 in
2161 5035 2386 5092 cateris
2419 5033 2864 5092 collectionibus
2888 5035 2977 5092 vel
3012 5038 3250 5094 omnino
3274 5036 3494 5098 desunt,
3516 5025 3594 5084 vel
3624 5020 3803 5109 diverffia

466 5120 720 5179 editione
748 5119 1032 5192 prodiere.
1062 5105 1397 5179 Avellanam
1425 5140 1560 5179 vero
1587 5105 2033 5197 appellavimus.
2052 5143 2117 5181 eo
2137 5126 2286 5197 quod
2316 5124 2728 5179 celeberrimus
2762 5129 2818 5180 et
2838 5125 3288 5197 antiquissimus
3318 5124 3488 5194 hujus
3509 5105 3797 5197 collectionis

468 5210 649 5269 codex
669 5191 988 5265 Vaticanus
1008 5209 1135 5266 4961
1176 5210 1456 5282 pertinuit
1481 5212 1550 5266 ad
1573 5191 1988 5270 monasterium
2009 5220 2063 5269 S.
2089 5191 2288 5269 crucis
2322 5213 2520 5269 Fontis
2542 5212 2824 5268 Avellana
2859 5214 2915 5269 in
2947 5191 3206 5272 Umbria.
3240 5213 3363 5270 Alia
3391 5191 3569 5267 tamen
3588 5191 3795 5287 eius???

465 5297 825 5357 collectionis
853 5271 1208 5370 exemplaria
1238 5298 1589 5354 invenimus:
1624 5300 1817 5355 Romae
1848 5301 1963 5356 tria
1996 5303 2271 5359 Vaticana
2299 5303 2404 5358 378
2428 5306 2461 5368 ἱ,
2493 5304 2633 5357 3787
2665 5305 2722 5358 et
2751 5303 2910 5369 4903,
2944 5271 3132 5360 unum
3163 5299 3570 5360 Corsinianum,
3590 5292 3641 5344 et
3673 5271 3795 5335 δῙίυδ

465 5386 830 5446 bibliotheca
859 5384 1165 5457 Angelica;
1196 5385 1449 5442 Venetiis
1480 5388 1675 5441 autem
1707 5387 1822 5441 duo
1851 5387 1910 5443 S.
1940 5389 2118 5446 Marci
2148 5391 2241 5446 I7l
2281 5395 2338 5446 et
2370 5390 2493 5445 I72.
2528 5390 2684 5446 Inter
2715 5389 2835 5446 haec
2868 5389 3210 5448 Vaticanum
3249 5384 3527 5459 exemplar
3550 5373 3689 5438 3787,
3716 5378 3794 5419 Si"

469 5478 585 5535 culi
612 5494 712 5542 χιι,
745 5478 802 5530 et
832 5474 1043 5531 Veneta
1074 5475 1188 5531 duo
1218 5474 1289 5529 ab
1312 5472 1583 5529 Avellano
1617 5490 1989 5547 nequaquam
2015 5480 2287 5550 pendent.
2323 5478 2452 5534 Hac
2479 5477 2761 5545 collectio,
2799 5478 2858 5534 in
2890 5495 3068 5551 quam
3091 5485 3209 5537 tam
3241 5469 3541 5552 peculiaria
3577 5463 3794 5552 llo-198??

471 5564 741 5622 Ecclesia
777 5567 1156 5619 monumenta
1187 5580 1301 5619 non
1334 5562 1449 5618 nisi
1480 5580 1549 5618 ex
1578 5563 1812 5620 scriniis
1830 5565 2426 5637 apostolicisdcrivari
2452 5571 2788 5640 potuerunt,
2823 5566 3084 5640 quinque
3102 5537 3326 5624 tantum
3358 5556 3548 5618 Leonis
3573 5537 3793 5640 θρίεξοιλξξ

474 5654 645 5711 nobis
679 5652 927 5725 prabuit
948 5669 982 5707 a
1009 5653 1178 5710 Surio
1210 5653 1469 5726 primum
1496 5652 1787 5725 vulgatae,
1819 5624 1965 5727 quas
1996 5656 2055 5711 in
2088 5657 2219 5714 aliis
2249 5624 2550 5713 codicibus
2567 5659 2667 5710 aut
2697 5624 3138 5713 colleetiodibus
3168 5656 3377 5713 frustra
3402 5642 3654 5727 requiras.
3678 5624 3791 5684 Si!“t

479 5720 693 5797 autemi
731 5742 770 5812 I,
806 5742 983 5797 Leoni
1013 5720 1275 5816 Augusto
1306 5743 1478 5817 epist.
1506 5720 1629 5813 469—;
1664 5743 1735 5814 II,
1766 5720 2067 5803 Gennadio
2098 5743 2739 5818 Constantinopolitano
2769 5743 2940 5817 epist.
2988 5745 3110 5816 I70;
3147 5746 3239 5813 III,
3289 5734 3567 5799 Timotheo
3596 5720 3787 5781 Alexan'
