3946 6214
145 385 234 448 569
959 380 1371 445 ΡΒᾹΞΕΑΤΙΟ
1414 379 1488 442 ΙΝ
1536 380 1703 444 EPIS

2008 381 2073 444 S.
2120 377 2401 444 LEONIS
2444 377 2718 442 MAGNI.
3403 379 3540 453 ΜΟ·

141 516 364 593 epistola,
400 533 540 591 quae
577 517 782 574 Graece
813 516 1067 586 redditae,
1096 534 1131 573 a
1161 517 1352 573 Graeco
1367 513 2004 588 collectorecompilataa
2026 515 2284 580 fuerunt,
2312 513 2372 571 in
2396 512 2618 572 Latinis
2648 511 2914 587 ejusdem
2945 511 3304 574 collectionis
3326 533 3522 574 exem-

142 607 352 682 plaribus
377 624 504 664 non
525 608 1050 681 interpretationes
1072 623 1141 662 ex
1161 607 1380 677 Graeco,
1405 605 1504 662 sed
1530 606 1725 678 ipsum
1749 608 1886 660 sunt
1901 603 2184 679 originale
2207 604 2500 662 Latinum.
2529 605 2590 661 Id
2611 605 2988 662 manifestum
3012 607 3074 662 fit
3094 625 3208 666 non
3245 609 3436 667 solum
3455 629 3526 669 ex

139 697 318 773 syntaxi
332 697 579 763 Leonis,
604 715 738 770 qua:
761 696 821 751 in
854 697 1145 768 plerisque
1163 695 1384 750 Latinis
1407 695 1586 765 hujus
1608 693 1962 750 collectionis
1984 694 2243 766 epistolis
2264 693 2558 762 elucescit,
2584 695 2686 750 sed
2710 693 2895 750 multo
2915 697 3105 768 magis
3129 715 3195 753 ex
3219 698 3292 754 iis
3313 699 3522 760 litteris
3591 684 3599 693 ’

143 803 345 860 quarum
366 785 742 858 exemplaria
773 786 990 841 Latinae
1016 785 1218 856 utique
1245 783 1510 856 originis,
1543 787 1814 838 contenta
1836 783 1894 836 in
1918 783 2046 838 aliis
2070 783 2292 838 Latinis
2323 782 2780 849 collectionibus,
2801 787 2975 856 atque
2997 786 3316 856 codicibus,
3346 790 3447 861 qui
3492 807 3528 846 a

144 879 298 934 Graeco
318 893 432 931 non
456 876 785 947 prodeunt,
814 875 1016 930 eadem
1038 875 1212 929 verba
1236 875 1492 929 referunt
1515 890 1639 945 quae
1664 871 1939 944 leguntur
1959 872 2016 926 in
2044 871 2263 927 Latinis
2285 872 2584 926 codicibus
2619 871 2976 929 collectionis
3016 875 3522 946 Chalcedonensis,

142 972 193 1021 ut
206 965 398 1038 patebit
415 964 869 1020 conferentibus
894 962 1211 1036 praesertim
1231 961 1506 1034 epistolas
1532 963 1621 1028 23,
1645 962 1734 1027 28,
1754 961 1847 1029 29,
1872 961 1960 1026 30,
1993 960 2081 1027 32,
2106 961 2254 1015 50st
2272 960 2330 1014 5|
2349 1001 2361 1013 .
2386 959 2466 1014 Idi
2475 975 2647 1030 psum
2691 960 2932 1016 mirifice
2969 965 3274 1022 conﬁrmat
3316 968 3526 1025 Leonis

139 1053 348 1128 epistola
366 1055 458 1123 35,
481 1054 555 1110 ad
582 1053 912 1108 Julianum.
938 1054 1065 1108 Haec
1088 1053 1241 1106 enim
1265 1052 1565 1107 codicibus
1585 1049 1806 1105 Latinis
1829 1048 2188 1104 collectionis
2229 1047 2714 1104 Chalcedonensis
2755 1066 2871 1104 non
2909 1052 3147 1122 perinde
3190 1056 3401 1112 mutila
3439 1064 3530 1116 est

138 1144 300 1199 tribus
319 1143 379 1198 in
401 1142 571 1208 locis,
597 1147 662 1198 ut
684 1143 743 1197 in
770 1142 1044 1198 omnibus
1064 1159 1205 1196 mss.
1231 1139 1789 1206 Graecisinvcnitur;
1821 1155 1884 1193 ac
1927 1143 2201 1210 prmtcrea
2245 1140 2400 1191 caret
2435 1137 2788 1208 quibusdam
2817 1138 3256 1213 additamensis,
3301 1163 3426 1217 quae
3467 1147 3526 1204 in

136 1231 238 1288 solo
259 1233 451 1287 Graeco
471 1236 635 1286 textu
655 1231 936 1303 leguntur
960 1247 972 1285 :
993 1231 1147 1286 unde
1170 1231 1231 1285 in
1256 1230 1399 1301 ipsis
1421 1229 1643 1284 Latinis
1669 1245 1811 1284 mss.
1837 1227 2100 1299 ejusdem
2121 1225 2499 1292 collectionis,
2526 1243 2638 1281 non
2665 1243 2730 1281 ex
2771 1226 2965 1283 Graeco
3005 1230 3248 1298 reddita,
3306 1235 3408 1289 sed
3461 1254 3531 1294 ex

129 1314 376 1395 originali
395 1320 606 1378 Latino
628 1324 869 1392 sumpta
889 1320 1280 1392 cognoscitur.
1306 1318 1448 1374 Hinc
1469 1318 1656 1374 Latini
1673 1316 1960 1391 praecipue
1977 1315 2202 1371 codices
2219 1315 2399 1386 hujus
2413 1314 2768 1372 collectionis
2780 1316 3019 1373 editioni
3037 1324 3246 1377 nostrae
3271 1324 3526 1380 maxime

131 1410 244 1464 usui
264 1415 456 1464 erunt.
1961 1475 1966 1482 π

187 1499 268 1552 36.
285 1501 429 1552 Cum
449 1513 584 1553 vero
609 1498 852 1553 Latinus
873 1499 1161 1569 interpres
1183 1497 1241 1552 in
1256 1497 1554 1552 nonnullis
1567 1494 1832 1568 epistolis
1855 1511 1957 1566 pro
1982 1493 2180 1550 Latino"
2201 1493 2472 1566 originali
2495 1497 2674 1560 textu,
2703 1510 2879 1565 quem
2904 1497 3158 1567 reperire
3181 1517 3296 1555 non
3318 1504 3532 1574 potuit,

125 1586 644 1660 interpretationem
668 1603 736 1642 ex
759 1588 954 1644 Graeco
975 1588 1100 1644 suis
1132 1585 1778 1652 codicibusinseruerit,
1801 1583 2307 1656 interpretationes
2327 1581 2710 1655 epistolarum
2733 1584 2813 1638 ab
2829 1585 3217 1657 originalibus
3247 1589 3357 1647 hoc
3375 1593 3529 1650 indi-

129 1677 201 1731 cio
223 1674 498 1730 facillime
517 1675 1035 1749 discernentur(de
1067 1676 1207 1732 solis
1230 1674 1644 1748 epistolisqure
1681 1675 1752 1729 ab
1799 1673 2138 1729 auctoribus
2185 1672 2378 1728 Latine
2426 1672 2651 1744 scriptas
2689 1672 2925 1728 fuerunt
2973 1691 3165 1733 sermo
3207 1680 3340 1751 est).
3392 1683 3529 1747 Qum

133 1765 449 1820 chronicam
473 1765 834 1821 notationem
858 1765 916 1820 in
936 1765 1156 1822 Latinis
1176 1782 1319 1820 mss.
1345 1764 1681 1836 praeferunt,
1715 1767 1961 1834 sumptae
1989 1762 2226 1816 fuerunt
2249 1778 2315 1816 ex
2347 1759 2561 1814 Latinis
2583 1760 2967 1834 originalibus
2989 1765 3292 1838 exemplis,
3318 1767 3377 1824 in
3402 1771 3532 1843 qui-

134 1854 228 1909 bus
249 1853 524 1910 chronica
545 1854 766 1910 notatio
794 1855 1157 1927 signabatur.
1192 1858 1325 1920 Quae
1349 1871 1480 1909 vero
1497 1853 1605 1908 hac
1644 1853 1938 1908 notatione
1981 1853 2198 1915 carent,
2238 1849 2743 1920 interpretationes
2777 1855 2915 1905 sunt
2940 1868 3009 1907 ex
3051 1853 3268 1924 Graeco,
3313 1859 3373 1914 in
3419 1877 3537 1932 quo

133 1942 416 2000 chronicas
437 1943 768 2000 natationes
789 1944 1021 1999 Graecus
1038 1945 1323 2015 interpres
1344 1942 1561 1998 omisit.
1582 1942 1698 1997 Hac
1721 1959 1789 1996 ex
1805 1939 2308 1996 animadversione
2333 1955 2478 1994 nova
2510 1939 2874 1995 conﬁrmatio
2915 1941 3154 2011 accedit,
3195 1961 3310 2017 qua
3348 1949 3539 2022 magis

136 2033 422 2105 magisque
444 2033 885 2104 comprobatur,
905 2033 1058 2104 quod
1085 2032 1258 2104 paulo
1286 2037 1419 2088 ante
1442 2032 1780 2096 statuimus,
1809 2027 2088 2101 epistolas
2112 2027 2360 2095 Latinas,
2386 2043 2639 2099 quarum
2655 2027 2933 2085 chronica
2966 2031 3185 2087 notatio
3229 2051 3298 2090 ex
3341 2036 3537 2094 Graeco

140 2121 279 2175 sumi
301 2137 417 2176 non
438 2121 714 2194 potuit,in
740 2121 971 2178 codices
1012 2122 1248 2177 Latinos
1285 2120 1517 2177 concilii
1554 2117 2044 2174 Chalcedonensis
2071 2133 2138 2172 ex
2177 2116 2397 2172 Latinis
2436 2116 2867 2188 exemplaribus
2907 2119 3196 2190 ejusmodi
3239 2125 3544 2184 notatione

141 2209 583 2282 haudquaquam
605 2210 983 2266 carentibusf
985 2205 1140 2266 uisse
1154 2210 1471 2265 traductas.
1491 2208 1591 2264 llic
1609 2213 1804 2263 autem
1821 2205 2212 2264 omittendum
2237 2223 2350 2261 non
2370 2209 2478 2274 est,
2500 2205 2708 2260 Leonis
2723 2206 3030 2278 epistolam
3045 2211 3134 2276 93,
3157 2211 3226 2274 ad
3241 2216 3544 2285 synodum

141 2297 447 2364 Nicenam,
471 2315 592 2370 quae
612 2299 671 2355 in
697 2299 895 2355 Graeco
923 2305 1056 2356 ante
1077 2303 1243 2372 gesta
1274 2298 1644 2365 describitur,
1671 2297 1823 2352 diem
1843 2300 1898 2352 et
1922 2312 2181 2352 mensem
2205 2295 2494 2351 exhibere.
2516 2295 2627 2351 Sed
2669 2295 2790 2351 haec
2811 2295 3058 2368 epistola
3095 2297 3154 2354 in
3196 2301 3416 2360 Latinis
3453 2319 3548 2360 co-

139 2385 371 2440 dicibus
389 2379 860 2442 Chalcedonensis
891 2387 1250 2444 collectionis
1270 2387 1450 2454 deest,
1475 2402 1581 2442 nec
1606 2385 1713 2440 fuit
1733 2385 1793 2440 in
1811 2385 2053 2456 antiqua
2071 2384 2268 2439 Graeca
2288 2382 2644 2452 collectione,
2669 2383 2815 2440 alias
2837 2401 2872 2440 a
2891 2386 3092 2443 Latino
3130 2388 3446 2462 interprete
3486 2392 3545 2448 in

139 2473 365 2528 Latinis
387 2475 803 2548 exemplaribus
830 2493 943 2532 non
971 2475 1174 2532 fuisset
1200 2475 1440 2531 omissa.
1466 2475 1608 2530 Ilinc
1633 2479 1830 2528 autem
1854 2491 1981 2545 quae
2005 2472 2174 2528 hodie
2195 2472 2408 2544 legitur
2430 2472 2487 2528 in
2527 2489 2669 2528 mss.
2695 2472 2930 2542 Graecis,
2973 2477 3278 2547 posteriori
3318 2481 3548 2540 addita-

145 2568 331 2618 mento
354 2563 653 2621 tribuenda
674 2569 781 2621 est.
809 2566 878 2620 Et
895 2582 1035 2620 sane
1055 2563 1234 2620 veluti
1257 2563 1526 2620 addititia
1549 2564 1607 2617 in
1634 2579 1776 2619 mss.
1801 2562 2014 2617 Graecis
2035 2561 2269 2617 Venetis
2295 2565 2592 2633 postremo
2616 2561 2741 2618 loco
2765 2562 2998 2634 ponitur
3037 2570 3169 2621 ante
3189 2571 3372 2638 gesta,
3414 2585 3549 2628 eum

151 2668 179 2705 a
196 2655 382 2708 Grzeco
402 2651 702 2710 collectore
723 2650 857 2709 aliis
879 2654 1237 2726 quibusdam
1262 2651 1663 2708 monumentis
1686 2669 1790 2708 suo
1815 2667 1973 2707 more
1997 2650 2308 2724 praeposita
2329 2650 2554 2705 fuisset.

213 2741 292 2795 37.
315 2741 474 2810 Nunc
495 2743 861 2798 memorandi
890 2749 1029 2800 sunt
1059 2744 1288 2802 codices
1311 2743 1525 2816 quibus
1549 2747 1802 2797 utemur.
1830 2747 1906 2796 De
1931 2740 2076 2797 solis
2101 2739 2321 2795 Latinis
2344 2739 2438 2795 hic
2461 2739 2772 2794 dicendum
2795 2744 2905 2809 est,
2930 2757 3061 2795 cum
3100 2741 3390 2816 pleraeque
3427 2750 3549 2818 epi-

156 2827 295 2883 stolze
317 2831 386 2885 ad
407 2831 556 2888 hanc
577 2830 978 2887 collectionem
1001 2832 1295 2906 exigenda:
1319 2831 1518 2887 Latine
1541 2831 1789 2902 scriptae,
1814 2834 1869 2886 et
1891 2847 1957 2885 ex
1983 2828 2252 2901 originali
2276 2829 2500 2896 Latino,
2535 2834 2598 2883 ut
2618 2829 3013 2900 probavimus,
3038 2836 3288 2904 sumptae
3310 2833 3548 2891 fuerint.

161 2915 226 2970 De
246 2918 446 2976 Graecis
466 2937 598 2976 vero
621 2921 924 2977 codicibus
946 2923 1260 2994 separatim
1283 2938 1526 2995 agemus
1550 2926 1774 2993 postea.
1800 2921 1923 2976 Duo
1966 2937 2108 2974 mss.
2134 2917 2490 2990 exemplaria
2529 2918 2810 2974 Thuanea
2849 2919 3194 2985 Quesnellus
3233 2921 3552 2994 aliquando

170 3005 429 3066 adhibuit.
451 3010 570 3066 Nos
592 3015 788 3066 autem
814 3028 929 3066 non
953 3009 1144 3066 solum
1169 3011 1520 3082 profecimus
1542 3027 1610 3066 ex
1633 3009 1822 3066 tribus
1845 3009 2149 3066 codicibus
2171 3007 2523 3076 Corbeiensi,
2552 3007 2900 3075 Divionensi,
2943 3013 3000 3063 et
3020 3009 3364 3080 Colbertina,
3407 3028 3555 3085 quo-

169 3109 281 3149 rum
303 3099 582 3155 variantes
601 3099 1292 3171 ediditdiligentissimus
1307 3099 1578 3154 Baluzius
1600 3098 1658 3153 in
1683 3096 2209 3154 recensionetotius
2231 3095 2717 3151 Chalcedonensis
2740 3095 3097 3153 collectionis
3118 3116 3130 3166 ;
3154 3115 3356 3165 verum
3379 3101 3555 3160 etiam

166 3185 552 3250 quatuoralios
583 3191 782 3242 exacte
803 3186 1182 3256 contulimus,
1203 3186 1550 3259 Chigianum
1574 3188 1700 3254 [183,
1737 3187 1867 3241 Vat.
1910 3186 2069 3251 1323,
2094 3184 2274 3239 alium
2313 3183 2442 3238 Vat.
2483 3184 2646 3249 4166,
2689 3188 2744 3239 et
2781 3201 2966 3239 unum
3004 3186 3556 3257 praestantissimum

163 3272 382 3352 capituli
400 3275 754 3332 Veronensis
772 3277 863 3342 57,
888 3276 990 3347 qui
1013 3276 1220 3346 majori
1243 3275 1505 3332 formain
1529 3277 1884 3349 quadratum
1917 3278 2210 3346 vergente,
2257 3276 2312 3327 et
2352 3271 2644 3344 scriptura
2683 3271 2740 3326 in
2777 3272 2924 3328 duas
2963 3273 3267 3330 columnas
3305 3274 3559 3334 discreta

155 3365 423 3430 exaratus,
447 3366 517 3420 ad
541 3363 862 3438 septimum
884 3364 1108 3419 circiter
1129 3363 1410 3422 saeculum
1434 3365 1703 3438 pertinet.
1727 3365 1924 3436 Neque
1945 3362 2227 3419 omittend
2239 3378 2306 3416 us
2328 3364 2418 3417 est
2437 3377 2597 3433 aeque
2620 3360 2899 3433 antiquus
2919 3360 3238 3419 Vaticanus
3262 3364 3428 3436 1322',
3451 3365 3554 3438 qui

154 3443 291 3504 inter
306 3458 466 3525 gesta
484 3453 982 3510 Chalcedonensis
1001 3453 1310 3526 epistolam
1332 3456 1423 3522 28,
1448 3456 1518 3510 ad
1545 3454 1906 3520 Flavianum,
1931 3456 1987 3508 et
2009 3451 2352 3508 relationem
2387 3450 2594 3524 synodi
2617 3451 2764 3506 ad-S.
2793 3455 3034 3508 Leonem
3058 3468 3126 3508 ex
3161 3453 3404 3526 antiqua
3439 3471 3564 3512 ver-

155 3533 322 3606 sione,
346 3545 552 3598 etcum
577 3542 986 3615 episcoporum
1010 3542 1544 3615 subscriptionibus
1567 3543 1818 3598 exhibet.

1295 3691 1320 3747 §
1348 3687 1474 3736 XIX.
1509 3688 1580 3737 De
1612 3686 1919 3736 collectione
1951 3685 2165 3735 decima
2193 3689 2397 3735 octava.

207 3804 295 3860 38.
322 3809 485 3866 Nunc
509 3811 579 3866 de
601 3811 861 3884 antiquis
883 3811 1280 3883 peculiaribus
1302 3810 1683 3884 epistolarum
1704 3812 1761 3866 S.
1788 3809 1994 3894 Leonis
2017 3808 2480 3865 collectionibus.
2508 3811 2572 3865 In
2593 3815 2821 3868 vetusto
2844 3813 3113 3888 Catalogo
3135 3817 3560 3890 manuscripto-

146 3908 267 3950 rum
290 3898 656 3957 bibliothecae
681 3901 1021 3956 monasterii
1046 3901 1368 3968 Bobiensis,
1393 3917 1568 3974 quem
1591 3917 1659 3956 ex
1679 3898 2066 3954 Ambrosiano
2107 3899 2302 3954 codice
2343 3899 2538 3956 saeculi
2560 3915 2636 3969 Ix,
2677 3900 2765 3956 vel
2804 3920 2858 3970 x,
2911 3904 3168 3976 vulgavit
3205 3906 3559 3964 Maratorius

141 3981 270 4039 tom.
295 3986 399 4043 III.
423 3989 706 4061 Antiquit.
736 3989 916 4045 Italic.
963 3990 1105 4046 diss.
1131 3992 1220 4057 £19,
1248 4007 1379 4064 pag.
1405 3990 1530 4056 8l9,
1555 3991 1677 4045 haec
1701 3989 1978 4060 leguntur
2009 4004 2021 4043 :
2047 3992 2189 4043 Item
2211 3988 2613 4045 docanonibus
2659 3991 2808 4046 inter
2848 3993 3161 4062 majorcset
3177 3996 3430 4050 minare:
3453 4001 3556 4052 ha-

144 4069 344 4130 bentur
372 4078 499 4134 libri
515 4094 805 4135 canonum
836 4097 926 4146 xv,
943 4089 998 4134 et
1031 4080 1162 4135 libri
1189 4081 1569 4149 epistolarum
1587 4079 1787 4136 Leonis
1805 4093 1866 4134 ιι.
1892 4079 2022 4134 Ηωο
2045 4077 2246 4150 procul
2272 4079 2450 4133 dubio
2474 4079 2784 4150 peculiaris
2806 4085 2929 4136 erat
2950 4081 3330 4152 epistolarum
3357 4084 3560 4142 Leonis

145 4161 414 4235 collectio,
449 4170 619 4241 cujus
641 4169 755 4223 duo
778 4169 1048 4240 exempla
1067 4170 1318 4226 duorum
1341 4169 1626 4226 librorum
1654 4167 1888 4224 nomine
1913 4167 2224 4222 indicatur.
2249 4167 2303 4222 Si
2327 4167 2632 4240 catalogus
2652 4168 2908 4238 pertinet
2936 4170 3007 4224 ad
3053 4170 3332 4229 saeculum
3356 4191 3432 4244 Ix,
3469 4176 3561 4232 vel

142 4263 187 4315 Χ,
207 4252 279 4308 de
304 4261 595 4313 vetustate
616 4257 882 4330 ipsarum
905 4257 1317 4316 collectionum
1341 4276 1444 4314 seu
1467 4259 1733 4314 codicum
1757 4257 1856 4329 qui
1890 4257 1946 4311 in
1971 4273 2034 4312 eo
2075 4255 2410 4324 laudantur,
2454 4257 2587 4328 quis
2624 4256 2899 4312 dubitet?
2936 4257 3300 4316 Desiderium
3343 4263 3558 4321 Montis

141 4337 324 4426 Casini
348 4346 638 4418 abbatem,
664 4345 764 4420 qui
789 4351 992 4418 postea
1014 4347 1122 4402 fuit
1142 4347 1340 4403 Victor
1360 4365 1512 4420 papa
1534 4348 1631 4415 III,
1665 4347 1817 4402 inter
1852 4349 2088 4401 caeteros
2111 4345 2339 4400 codices
2361 4361 2508 4415 quos
2547 4344 2913 4402 bibliotheca:
2953 4347 3252 4405 Casinensi
3293 4353 3553 4426 acquisi-

143 4424 226 4510 Ῡίῒ,
251 4439 464 4502 prater
480 4435 700 4491 librum
724 4452 1064 4492 sermonum
1088 4437 1145 4492 S.
1176 4437 1379 4492 Leonis
1401 4451 1774 4510 comparasse
1806 4435 1983 4490 etiam
2007 4433 2406 4490 collectionem
2429 4433 2832 4505 epistolarum,
2857 4435 2968 4492 Leo
3008 4437 3334 4497 Hostiensis
3371 4424 3558 4501 tradit

137 4509 230 4570 lib.
258 4535 346 4586 ιιι,
366 4539 412 4577 c.
435 4525 527 4590 63,
555 4524 822 4580 ubihanc
843 4525 1157 4595 registrum
1192 4527 1388 4581 Leonis
1417 4509 1583 4596 papa:
1605 4523 1879 4598 appellat.
1910 4524 2078 4579 Liber
2098 4539 2437 4579 sermonum
2459 4522 2518 4578 in
2548 4522 2993 4581 eabibliotheca
3013 4527 3205 4583 adhuc
3247 4536 3514 4588 servatur
3538 4552 3552 4602 ;

134 4604 196 4689 η
215 4610 531 4689 regiarum
550 4614 936 4684 epistolarum
958 4614 1186 4670 defecit.
1211 4615 1321 4670 Sed
1335 4614 1456 4670 haec
1474 4614 1852 4688 epistolarum
1878 4612 2138 4668 collectio
2154 4609 2490 4668 recentioris
2506 4611 2632 4677 zevi,
2647 4611 2869 4668 scilicet
2881 4614 3166 4682 saeculixx,
3189 4619 3558 4689 probabilius

136 4687 438 4795 τιδίβίξίομι
453 4706 518 4794 pt
537 4700 942 4796 cpllectionem
978 4719 1338 4772 sermonum,
1364 4721 1491 4776 quae
1513 4687 1798 4777 Superest,
1822 4701 2200 4760 recentiorem
2221 4717 2367 4769 esse,
2393 4700 2453 4756 in
2475 4701 2811 4773 praefatione
2852 4703 2923 4759 ad
2946 4687 3248 4764 sermones
3285 4709 3556 4776 animad-

136 4786 466 4868 ‘vyrtimusg'
543 4786 581 4838 7}

155 4882 180 4965 4.
199 4872 291 4930 39.
325 4877 425 4935 Hic
439 4885 646 4952 autem
669 4898 807 4938 cum
838 4881 908 4937 de
941 4881 1203 4954 antiquis
1223 4882 1664 4940 collectionibus
1695 4897 1888 4939 sermo
1911 4881 2006 4948 sit,
2028 4879 2088 4936 in
2112 4895 2259 4952 quas
2280 4877 2420 4934 olim
2441 4895 2510 4935 ex
2531 4878 2780 4937 archivis
2803 4882 3019 4952 omnia,
3042 4884 3130 4940 vel
3172 4885 3380 4943 saltem
3423 4887 3554 4960 plu-

144 4972 280 5026 τιωᾶ
302 4965 457 5034 fuere
479 4970 759 5037 derivata,
785 4970 964 5026 codex
984 4970 1364 5040 Grimanitus,
1391 4989 1506 5044 quo
1527 4971 1877 5038 Quesnellus
1889 4986 2059 5026 suam
2082 4967 2400 5024 editionem
2423 4968 2676 5024 maxime
2694 4968 3027 5040 illustravit,
3052 4989 3179 5029 sese
3193 4975 3454 5046 primum
3475 4978 3560 5034 of-

144 5045 257 5114 fert.
282 5055 424 5124 Cum
445 5060 514 5117 de
537 5060 645 5123 hac
667 5060 890 5134 insigni
912 5058 1266 5130 collectione,
1291 5061 1384 5118 cui
1408 5062 1699 5118 decimum
1724 5064 1989 5116 octavum
2012 5057 2204 5113 locum
2225 5056 2564 5128 tribuimus,
2590 5058 2775 5115 multa
2797 5061 3145 5126 Quesnellus
3164 5045 3472 5121 tradiderit
3492 5066 3553 5121 in

160 5145 378 5214 generali
396 5150 757 5226 praefatione,
783 5165 960 5222 quam
985 5155 1192 5206 nostra:
1216 5150 1355 5205 item
1373 5151 1628 5222 generali
1651 5149 2036 5219 subjecimus,
2068 5162 2133 5201 eo
2157 5145 2431 5201 lectorem
2472 5147 2868 5216 remittimus;
2916 5167 3102 5223 neque
3146 5152 3302 5208 enim
3344 5153 3552 5208 eadem

162 5237 377 5314 metere
398 5255 545 5314 opus
566 5245 676 5300 est.
701 5238 909 5298 Solum
930 5239 1289 5294 advertimus
1313 5239 1371 5293 P.
1397 5239 1824 5303 Constantium,
1850 5237 1907 5291 iu
1930 5235 2264 5307 przefatione
2286 5235 2356 5289 ad
2382 5234 2563 5306 Epist.
2591 5236 2757 5292 Rom.
2783 5239 2990 5310 pontif.
3044 5258 3102 5295 n.
3149 5241 3280 5306 406,
3321 5236 3550 5311 opinari

160 5307 281 5384 hunc
298 5307 549 5389 codicem
571 5335 713 5388 ante
733 5345 922 5386 annos
941 5329 1046 5382 700
1065 5328 1248 5385 fuisse
1270 5329 1653 5404 descriptum,
1679 5329 1735 5383 id
1757 5332 1846 5383 est
1865 5343 1900 5380 x
1920 5324 2149 5381 circiter
2170 5322 2381 5380 saeculo
2408 5341 2420 5391 ;
2447 5323 2638 5396 ipsam
2663 5307 2859 5383 autem
2882 5327 3287 5384 collectionem
3330 5307 3551 5381 deriva-
3567 5307 3593 5392 ξ

163 5403 249 5477 iam
266 5422 420 5486 putat
438 5437 507 5476 ex
527 5419 768 5482 archivo
794 5416 1056 5474 Ecclesiae
1081 5417 1354 5474 Romanae
1379 5435 1393 5485 ;
1419 5418 1562 5474 adeo
1585 5419 1740 5474 enim
1766 5414 1981 5473 multas
2004 5413 2325 5487 peculiares
2353 5411 2636 5486 epistolas
2666 5415 2920 5483 exhibet,
2947 5434 3096 5488 quas
3119 5415 3255 5472 alibi
3278 5411 3545 5486 potuisse

161 5503 354 5580 I‘Bperiri
382 5509 622 5566 difficile
643 5513 756 5566 est.
785 5509 938 5564 inter
958 5506 1236 5580 epistolas
1255 5506 1477 5563 scilicet
1498 5508 1598 5563 ιΙΟἹ
1622 5506 1848 5575 Leonis,
1874 5521 2004 5577 quae
2025 5503 2084 5558 in
2104 5520 2169 5558 eo
2192 5503 2388 5559 codice
2427 5503 2821 5569 continentur,
2846 5504 3098 5575 epistolae
3143 5516 3320 5557 xxvm
3375 5502 3548 5554 antea

164 5576 344 5673 inedita:
373 5598 580 5658 exinde
603 5599 956 5673 prodierunt
978 5576 1260 5652 nimirum
1283 5613 1402 5652 una
1420 5597 1490 5652 ad
1517 5596 1880 5658 Flavianum,
1897 5576 2077 5665 epist.
2099 5593 2170 5646 27
2194 5610 2206 5658 ;
2232 5608 2350 5647 una
2369 5591 2441 5645 ad
2466 5592 2767 5660 Faustum,
2809 5591 2978 5662 epist.
3019 5592 3124 5656 75;
3165 5594 3293 5644 octo
3332 5587 3402 5642 ad
3440 5586 3544 5640 Ju-

161 5666 362 5757 lianum,
396 5690 570 5764 epist.
595 5666 691 5757 se,
714 5680 806 5753 '92,
834 5687 954 5754 117,
983 5685 1252 5755 134,440,
1279 5685 1399 5753 t-il,
1447 5687 1548 5742 147
1594 5691 1649 5742 et
1691 5687 1712 5741 1

1982 5717 1990 5736 ι
2027 5680 2098 5738 ad
2139 5679 2741 5752 Paschasinum,epist
2775 5678 2883 5746 88;
2926 5679 3176 5752 quatuor
3220 5675 3294 5731 ad
3330 5675 3540 5733 Anam-
