3946 6214
430 420 546 486 571
1254 414 1672 480 pmrxrio
1715 416 1793 478 IN
1836 414 2263 481 EPISTOLAS
2316 419 2381 483 s.
2425 417 2703 484 LEOle
2748 419 3021 484 MAGNI.
3148 400 3161 417 ‘
3711 422 3816 486 επ

430 556 794 631 lium,epist.
818 552 1377 626 9|,143,1l366t157
1408 569 1422 608 :
1458 555 1709 624 quatuor
1730 551 1802 608 ad
1842 552 2225 621 Marcianum,
2267 552 2438 626 epist.
2492 555 2609 622 126,
2652 554 2775 625 128,
2818 557 2924 612 137
2960 559 3018 612 et
3058 555 3196 627 142;
3241 573 3361 612 una
3400 556 3473 612 ad
3507 556 3812 614 Proterium

427 647 903 714 Alexandrinum,
925 643 1096 717 epist.
1126 642 1225 698 129
1248 659 1261 711 ;
1285 658 1404 697 una
1424 641 1497 697 ad
1522 640 1776 710 Aetium,
1797 640 1966 714 epist.
1991 641 2094 697 153
2117 659 2131 710 ;
2156 659 2275 698 una
2295 643 2368 699 ad
2407 642 2689 700 Basiliam
2727 642 3158 701 Antiochenam
3203 643 3378 718 epist.
3418 645 3560 714 149;
3600 662 3711 704 una
3753 648 3814 705 ad

427 739 776 797 Euxitheum
798 732 1399 799 Thessalonicensem,
1422 731 1594 804 epist.
1620 732 1758 797 150;
1782 735 1899 787 tres
1922 732 1992 787 ad
2016 732 2332 804 )Egyptios,
2357 732 2524 805 epist.
2549 732 2672 798 154,
2719 732 2823 788 158
2844 736 2901 789 et
2948 733 3052 789 160
3076 750 3088 801 ;
3132 751 3251 790 una
3288 734 3362 790 ad
3402 732 3645 791 clericos
3681 739 3811 794 Gon-

427 824 994 899 stantinopolitanos,
1019 822 1189 895 epist.
1215 822 1310 876 161
1340 839 1353 888 ;
1380 825 1436 876 et
1456 837 1575 875 una
1596 820 1667 875 ad
1690 820 1934 874 Leonem
1962 822 2314 892 Augustum,
2340 820 2507 892 epist.
2542 822 2657 877 164.

493 918 585 975 40.
626 917 752 975 Non
809 930 1015 971 omnes
1067 915 1264 967 tamen
1319 910 1500 975 hujus
1556 907 1913 964 collectionis
1970 925 2039 965 ex
2095 911 2353 965 Romano
2413 915 2513 965 aut
2568 928 2636 967 ex
2674 910 2785 967 alio
2827 912 3030 985 quovis
3069 911 3301 968 archivo
3342 913 3667 985 desumpta
3711 914 3805 970 dici

424 1011 663 1082 queunt.
689 1006 836 1061 Nam
857 1019 992 1059 cum
1025 1000 1280 1073 epistolae
1303 1000 1374 1054 ad
1397 998 1701 1053 Rusticum
1724 997 1878 1052 tituli
1901 997 2237 1070 Dionysiani
2260 1000 2475 1071 praefixi
2511 998 2798 1071 legantur,
2823 1001 3021 1073 aliqua
3056 1000 3427 1057 collectorem
3465 1006 3526 1058 et
3564 1003 3807 1075 Dionysio

423 1096 749 1170 sumpsisse
778 1090 979 1165 negari
1001 1106 1117 1145 non
1132 1091 1340 1160 potest.
1362 1087 1490 1142 Alia
1506 1086 1779 1141 similiter
1799 1086 2055 1142 derivare
2067 1087 2254 1159 potuit
2267 1105 2335 1144 ex
2348 1088 2479 1144 aliis
2492 1088 2931 1145 collectionibus
2950 1089 3404 1163 antiquioribus,
3421 1108 3488 1146 ac
3511 1092 3811 1164 prmsertim

420 1205 489 1243 ex
511 1186 579 1243 l7
599 1179 1076 1247 Chalcedonensi,
1101 1195 1169 1233 ex
1191 1194 1307 1249 qua
1328 1193 1467 1231 sane
1484 1175 1609 1231 sola
1629 1175 1863 1232 haurire
1883 1176 2067 1248 potuit
2093 1176 2399 1250 epistolam
2422 1180 2509 1246 43,
2531 1179 2602 1233 ad
2619 1179 3011 1235 Theodosium
3040 1199 3052 1247 ;
3077 1196 3211 1237 nam
3238 1180 3531 1252 praecipue
3572 1181 3813 1253 quaedam

420 1277 551 1347 ejus
569 1272 868 1337 lectiones,
889 1268 1101 1324 lacuna
1134 1270 1191 1321 et
1224 1266 1437 1321 menda
1466 1284 1500 1320 a
1531 1266 1725 1321 Graeco
1747 1269 1903 1320 textu
1949 1264 2214 1335 ejusdem
2249 1265 2610 1324 collectionis
2638 1269 2911 1340 pendent,
2946 1269 3089 1324 utin
3122 1268 3523 1325 admonitione
3569 1270 3814 1327 eamdem

419 1358 936 1437 epistolam‘fusius
956 1355 1355 1413 ostendemus.
1376 1353 1660 1409 Fortassis
1682 1353 1856 1409 etiam
1882 1353 2101 1426 aliquid
2123 1355 2415 1425 posterius
2437 1374 2469 1411 a
2492 1357 2768 1429 quopiam
2792 1374 3150 1414 amanuense
3171 1358 3440 1414 additum
3464 1358 3603 1427 fuit;
3628 1363 3683 1415 et
3701 1376 3810 1432 pro-

418 1451 672 1510 babilius
693 1447 931 1522 quidem
953 1442 1260 1517 posteriori
1281 1442 1676 1499 additamento
1697 1443 2075 1499 tribuendum
2095 1443 2325 1499 videtur
2353 1445 2526 1501 unica
2547 1446 2881 1519 Symmachi
2914 1446 3181 1519 epistola,
3223 1464 3351 1519 quae
3392 1447 3454 1502 in
3499 1447 3614 1503 ﬁne
3650 1447 3813 1520 hujus

421 1541 638 1601 codicis
657 1538 891 1612 legitur.

491 1632 577 1687 41.
602 1627 802 1686 Solum
835 1622 1093 1698 epistolas
1116 1622 1187 1678 ad
1205 1620 1629 1694 Eutychianam
1660 1620 1928 1677 haeresim
1948 1622 2327 1693 pertinentes,
2354 1640 2481 1695 qua:
2508 1623 2567 1678 in
2617 1623 2725 1679 hac
2764 1623 3103 1680 collectione
3133 1623 3331 1697 plures
3365 1641 3548 1697 quam
3585 1623 3738 1693 alibi,
3772 1628 3819 1680 et

413 1718 749 1785 rarissimis,
772 1713 1159 1779 inveniantur,
1187 1710 1238 1767 si
1263 1727 1374 1766 non
1393 1711 1630 1765 fuerunt
1650 1711 1841 1782 petitae
1862 1727 1929 1765 ex
1952 1709 2078 1782 ipso
2100 1712 2358 1767 Romano
2382 1712 2631 1778 archivo,
2656 1715 2714 1768 in
2738 1730 2854 1785 quo
2877 1713 3152 1786 epistolas
3170 1713 3239 1768 de
3280 1714 3394 1769 fide
3438 1730 3548 1770 suo
3588 1729 3807 1787 quoque

411 1816 672 1883 tempore
693 1806 876 1862 tuisse
895 1800 1550 1868 custoditas,auctorem
1575 1798 1930 1855 Pontiﬁcalis
1956 1800 2202 1855 Romani
2216 1804 2492 1861 testatum
2513 1801 2767 1858 vidimus
2782 1806 3015 1870 num.2,
3033 1820 3103 1859 ex
3123 1802 3320 1875 aliqua
3341 1806 3495 1859 certe
3516 1804 3817 1859 vetustiore

411 1896 767 1962 collectione,
792 1910 920 1967 quas
943 1908 1011 1947 ex
1033 1889 1238 1945 eodem
1260 1888 1493 1944 archivo
1515 1892 1752 1959 sumpta
1775 1886 1903 1957 fuit,
1924 1887 2207 1960 Originem
2230 1889 2438 1945 ducere
2460 1889 2748 1945 videntur.
2769 1890 3128 1963 Simplicius,
3153 1890 3212 1944 in
3234 1889 3479 1962 epistola
3499 1892 3531 1946 4
3555 1891 3627 1945 ad
3648 1891 3820 1947 Zeno-

413 2005 549 2046 nem
568 1986 921 2058 Augustum,
940 1977 1146 2035 scribit
1167 1993 1229 2032 se
1249 1976 1321 2031 ad
1342 1974 1616 2030 Acacium
1643 1974 1877 2030 misisse
1896 1977 2241 2048 exemplaria
2272 1971 2590 2033 litterarum
2611 1977 2822 2034 Leonis
2844 1979 2914 2034 de
2938 1979 3050 2034 ﬁde
3076 1997 3088 2046 ;
3113 1983 3172 2034 at
3194 1978 3346 2034 solas
3376 1984 3654 2034 memorat
3690 1979 3819 2050 epi-

414 2075 594 2136 stolas
616 2074 689 2129 ad
710 2069 1094 2134 Marcianum,
1110 2066 1358 2122 Leonem
1380 2067 1735 2135 Augustum,
1762 2068 1819 2119 et
1842 2066 2131 2135 synodum
2155 2065 2709 2123 Chalcedonensem.
2724 2067 3053 2124 Pleniorem
3066 2083 3199 2123 vero
3217 2066 3474 2138 ejusdem
3492 2066 3821 2139 argumenti

415 2161 813 2222 collectionem
832 2156 1084 2229 Vigilius
1105 2170 1257 2227 papa
1276 2153 1347 2208 ad
1370 2152 1754 2209 Justitiauum
1776 2153 1937 2207 misit
1960 2171 1973 2221 ;
2001 2171 2135 2208 nam
2163 2154 2332 2226 epist.
2361 2157 2390 2209 4
2410 2157 2482 2211 ad
2515 2156 2787 2211 eumdem
2809 2156 2890 2212 ait
2916 2174 2929 2212 ί
2984 2158 3047 2213 Ut
3092 2164 3287 2212 cuncta
3294 2158 3554 2227 pietatem
3599 2158 3819 2211 vestram

414 2254 713 2325 informant
865 2247 1035 2301 beata;
1065 2243 1458 2299 recordationis
1488 2241 1900 2312 prtedccessoris
1934 2246 2114 2298 nostri
2140 2260 2300 2315 papae
2330 2246 2542 2313 Leonis,
2586 2261 2703 2317 qua:
2733 2245 2958 2301 diversis
2984 2245 3053 2301 ad
3111 2246 3387 2302 Orientem
3432 2249 3566 2301 sunt
3620 2245 3815 2302 directa

409 2340 739 2414 temporibus
766 2337 1080 2398 constituta,
1113 2339 1316 2404 quanta
1344 2330 1408 2386 de
1424 2331 1686 2402 plurimis
1719 2333 1778 2385 in
1808 2333 2071 2402 prmsenti
2102 2335 2413 2388 necessaria
2443 2334 2740 2401 credimus,
2774 2334 3258 2406 superadjecimus,
3318 2341 3570 2405 rogantes
3600 2376 3615 2391 .
3640 2375 3654 2389 .
3683 2375 3695 2389 .
3724 2375 3738 2389 .
3766 2338 3816 2387 ut

409 2432 669 2488 universa
697 2429 871 2498 legere
893 2425 1071 2496 pietas
1099 2424 1278 2477 vestra
1305 2419 1579 2491 dignetur,
1605 2435 1673 2475 ne
1696 2420 1910 2492 aliquid
1936 2422 2171 2492 supersit
2204 2421 2345 2492 quod
2362 2424 2594 2478 minime
2621 2423 2918 2493 relegatur.
2935 2422 3208 2494 Aliquam
3229 2426 3386 2478 certe
3411 2420 3703 2494 ejusmodi
3720 2421 3818 2477 col-

408 2518 717 2593 lectionem
739 2511 1119 2587 epistolarum
1148 2509 1354 2565 Leonis
1376 2509 1447 2564 de
1469 2508 1581 2563 fide
1592 2513 1793 2565 contra
1814 2510 2203 2582 Eutychianos
2216 2510 2355 2565 olim
2376 2512 2529 2583 apud
2546 2511 2782 2567 Latinos
2804 2510 3107 2585 vulgatam
3134 2510 3316 2566 fuisse
3339 2513 3592 2583 probare
3610 2511 3818 2566 videtur

414 2607 657 2680 antiqua
675 2599 1054 2678 professionis
1074 2597 1346 2665 formula,
1376 2597 1933 2670 quaslegiturctiam
1958 2603 2100 2654 tom.
2133 2600 2180 2654 X
2218 2599 2606 2656 Conciliorum
2645 2616 2777 2672 pag.
2823 2602 2961 2656 1388
3007 2598 3146 2655 edit.
3197 2598 3460 2668 Venetae,
3506 2600 3601 2656 his
3647 2598 3816 2655 verbis

413 2711 724 2770 expressa:
747 2691 850 2748 Sed
869 2694 919 2746 et
949 2688 1232 2761 epistolam
1261 2687 1433 2743 beata:
1463 2687 1853 2742 recordationis
1884 2688 2075 2743 Leonis
2108 2690 2415 2759 apostolicae
2443 2688 2582 2744 sedis
2606 2691 2870 2745 antistitis
2902 2688 2971 2745 ad
3001 2689 3331 2744 Flavianum
3348 2686 3819 2761 Constantinopoli-

411 2795 606 2844 tanum
633 2784 939 2855 episcopum
967 2778 1172 2843 datam,
1188 2785 1242 2831 et
1262 2792 1445 2831 omnes
1472 2776 1588 2846 ejus
1618 2776 1974 2848 epistolas,de
1999 2778 2131 2847 ﬁdei
2156 2780 2775 2850 ﬁrmitateperscriptas,
2796 2795 2897 2851 per
2925 2781 3132 2845 omnia,
3166 2785 3217 2834 et
3249 2780 3305 2833 in
3339 2781 3597 2836 omnibus
3611 2780 3819 2835 inviola-

414 2877 601 2933 biliter
627 2871 918 2937 custodire,
941 2875 996 2923 et
1016 2866 1186 2921 libere
1202 2881 1413 2937 semper
1436 2866 1744 2938 praedicare
1769 2866 1972 2938 pro/ite.

2258 2883 2382 2922 vero
2405 2866 2804 2923 collectionem
2825 2867 3042 2942 Vigilii,
3067 2883 3245 2939 quam
3286 2869 3348 2923 in
3394 2869 3529 2925 cod.
3563 2868 3816 2941 Ralispo-

415 2964 583 3022 nensi
604 2961 773 3019 nobis
794 2960 1195 3016 conservatam
1216 2972 1462 3011 numero
1484 2955 1749 3026 sequenti
1769 2955 1910 3011 satis
1936 2955 2311 3028 probabiliter
2323 2957 2722 3026 ostendemus,
2748 2957 3093 3014 Grimanicze
3116 2956 3481 3015 collectionis
3503 2964 3814 3015 auctornon

410 3051 684 3112 adhibuit
715 3069 730 3120 ;
754 3064 942 3120 neque
963 3045 1119 3103 enim
1140 3060 1345 3101 omnes
1367 3061 1494 3118 qua;
1518 3045 1577 3100 in
1599 3061 1666 3101 ea
1689 3045 2060 3101 continentur
2080 3044 2356 3118 epistolas
2372 3046 2704 3119 descripsit,
2729 3064 2794 3103 ac
2814 3050 3121 3120 propterea
3144 3063 3211 3103 ex
3234 3046 3365 3104 aliis
3386 3048 3651 3122 ingnotis
3662 3046 3814 3104 fonti-

410 3144 527 3207 bus
548 3138 751 3198 ebibit.

521 3296 547 3355 §
573 3291 676 3342 XX.
698 3291 772 3342 De
801 3286 1239 3353 praestantissima
1269 3284 1574 3336 collectione
1605 3284 1812 3334 decima
1840 3296 2006 3346 nona,
2034 3285 2429 3350 Ratisponensi,
2466 3286 2620 3351 cujus
2652 3290 2851 3337 auctor
2884 3285 3094 3337 videtur
3122 3285 3286 3337 fuisse
3315 3286 3541 3352 Vigilius
3568 3302 3723 3352 papa.

459 3396 979 3478 '42.Antiquiorem
1000 3418 1135 3459 vero
1153 3400 1503 3469 Grimanica,
1519 3400 2088 3473 etaliquanto,etiam
2109 3401 2568 3474 praestantiorem
2581 3403 2874 3461 credimus
2887 3403 3288 3461 collectionem
3309 3403 3812 3477 Ratisponensem,

411 3513 593 3571 quam
613 3493 942 3550 invenimus
964 3492 1023 3546 in
1046 3490 1244 3547 codice
1266 3489 1626 3545 bibliothecae
1648 3490 1707 3545 S.
1732 3489 2106 3546 Emmerami.
2131 3492 2186 3547 Is
2208 3491 2365 3547 enim
2387 3492 2587 3560 codex,
2614 3493 2715 3565 qui
2739 3492 2886 3549 nulli
2918 3493 3203 3549 hactenus
3237 3493 3478 3549 editioni
3521 3493 3655 3549 usui
3694 3491 3811 3557 fuit,

410 3603 529 3644 non
551 3583 744 3639 solum
765 3579 1027 3637 exhibuit
1045 3580 1246 3636 decem
1268 3582 1325 3634 et
1344 3594 1444 3634 sex
1463 3577 1739 3651 epistolas
1773 3579 1914 3635 olim
1952 3579 2225 3648 ineditas,
2267 3585 2580 3653 antequam
2620 3599 2689 3639 ex
2728 3599 2838 3639 ms.
2879 3582 3212 3639 Grimanico
3255 3582 3578 3655 prodirent,
3596 3599 3666 3639 ac
3703 3587 3813 3638 octo

411 3691 539 3750 quae
562 3671 754 3729 solum
784 3670 1059 3741 leguntur
1079 3668 1140 3723 in
1163 3684 1306 3723 mss.
1330 3666 1687 3723 collectionis
1710 3670 1796 3736 12,
1816 3672 1875 3723 et
1894 3686 2071 3725 unam
2095 3686 2220 3742 quae
2236 3674 2424 3726 exstat
2443 3671 2502 3726 in
2517 3672 2821 3728 rarissima
2832 3671 3161 3728 collection.
3186 3672 3273 3740 16,
3290 3676 3467 3745 atque
3488 3671 3811 3743 aliam,quaa

411 3766 472 3821 in
496 3761 622 3820 sola
641 3759 962 3817 collection.
984 3759 1074 3825 23,
1089 3773 1291 3812 verum
1312 3756 1487 3812 etiam
1509 3760 1626 3813 tres
1649 3752 1791 3812 alias
1810 3756 2094 3815 hactenus
2115 3759 2442 3832 incognitas
2466 3760 2634 3817 nobis
2655 3761 3047 3834 suppeditavit
3066 3761 3138 3817 ad
3171 3761 3597 3834 Eutychianam
3635 3760 3811 3817 histo—

408 3854 559 3912 riam
580 3848 992 3907 illustrandam
1016 3846 1267 3902 maxime
1290 3845 1481 3915 utiles,
1508 3844 1787 3901 nimirum
1810 3847 1956 3904 duas
1978 3849 2050 3904 ad
2071 3848 2373 3905 Julianum
2396 3850 2565 3922 epist.
2593 3850 2696 3904 109
2717 3854 2773 3905 et
2795 3852 2991 3920 litiget
3003 3849 3177 3906 aliam
3201 3850 3269 3905 ad
3297 3849 3632 3907 Anatolium
3652 3849 3806 3923 epist.

408 3944 534 4002 451.
570 3942 849 3997 Ριιωιθιιθ8
870 3937 965 3993 hic
986 3936 1164 3992 codex
1184 3934 1545 3992 emendatior
1564 3935 1894 3992 estmulto:
1937 3938 2092 3993 unde
2113 3937 2291 4009 hujus
2330 3937 2597 4009 praesidio
2636 3939 2926 4010 quasdam
2964 3937 3243 3995 lectiones
3283 3942 3407 3995 tute
3446 3939 3799 4001 conﬁrmare,

408 4032 581 4106 plura
600 4032 797 4086 autem
820 4026 945 4082 loca
963 4030 1099 4082 ante
1121 4025 1437 4097 depravata
1467 4024 1754 4097 corrigere
1784 4028 1841 4080 et
1880 4026 2186 4081 restituere
2218 4025 2402 4081 licuit.
2428 4026 2593 4082 Solas
2641 4026 2920 4099 epistolas
2959 4026 3033 4082 ad
3079 4027 3508 4101 Eutychianam
3546 4025 3798 4084 haeresim

408 4119 770 4196 pertinentes
790 4116 911 4172 haec
936 4114 1197 4172 collectio
1220 4111 1646 4185 complectitur,
1670 4129 1785 4169 non
1810 4116 2003 4169 tamen
2028 4130 2231 4171 omnes
2266 4115 2680 4183 ;desuntenim
2703 4115 2911 4188 aliquae
2933 4115 3201 4188 ejusdem
3222 4116 3575 4190 argumenti,
3599 4131 3717 4188 quae
3748 4112 3803 4167 in

409 4209 540 4268 aliis
570 4206 926 4283 quibusdam
951 4203 1344 4278 peculiaribus
1366 4201 1805 4258 collectionibus
1823 4204 2230 4260 tantummodo
2254 4204 2644 4275 reperiuntur.
2679 4204 2824 4259 Hinc
2847 4207 3042 4260 autem
3083 4205 3376 4276 ejusmodi
3416 4205 3799 4262 collectionem

409 4296 618 4356 Leonis
639 4313 755 4353 aavo
776 4294 1093 4367 supparem
1112 4292 1270 4348 haud
1291 4308 1421 4348 esse
1452 4290 1783 4364 colligimus
1807 4308 1820 4359 ;
1846 4291 1895 4346 si
1916 4291 2072 4347 enim
2095 4292 2205 4347 sub
2227 4292 2438 4348 Leonis
2457 4296 2686 4349 aetatem
2709 4296 3016 4365 compacta
3039 4292 3265 4360 fuisset,
3302 4310 3509 4351 omnes
3530 4293 3589 4349 in
3610 4309 3674 4349 ea
3690 4284 3801 4362 epi-

408 4386 571 4446 stola:
583 4386 655 4442 ad
676 4383 1067 4457 Eutychianos
1092 4383 1445 4454 pertinentes
1465 4379 1720 4436 collectae
1737 4380 2085 4453 legerentur.
2111 4382 2280 4438 Forte
2306 4381 2428 4437 haec
2450 4381 2656 4437 estilla
2685 4381 2944 4438 collectio
2966 4398 3145 4454 quam
3177 4382 3465 4455 Vigilium
3487 4380 3801 4455 pontiﬁcem

409 4476 483 4533 ad
503 4473 904 4531 Justinianum
928 4471 1159 4527 misisse
1179 4470 1438 4525 vidimus
1460 4485 1704 4524 numero
1726 4468 2088 4540 praecedenti.
2116 4470 2385 4543 Pelagius
2407 4469 2563 4525 enim
2589 4471 2882 4527 secundus
2905 4470 2965 4525 in
2998 4470 3169 4543 epist.
3210 4472 3263 4539 3,
3306 4472 3379 4526 ad
3418 4471 3601 4527 Eliam
3639 4464 3801 4538 Aqui-

408 4562 711 4627 leiensem,
734 4559 930 4631 cap.3,
958 4563 997 4614 t.
1020 4556 1095 4613 VI
1117 4556 1362 4624 Concil.,
1396 4555 1671 4612 editionis
1691 4555 1837 4612 Ven.
1881 4572 2011 4628 pag.
2052 4557 2181 4626 261,
2205 4556 2378 4624 hanc,
2422 4561 2487 4613 ut
2522 4557 2769 4624 videtur,
2804 4556 3003 4630 Vigilii
3043 4558 3486 4630 preedecessoris
3526 4558 3615 4614 cui
3647 4552 3800 4611 colle-

409 4651 665 4708 ctionem
686 4646 1027 4718 respiciens,
1051 4646 1291 4702 scribit:
1315 4647 1353 4701 A
1385 4646 1674 4702 dilectione
1705 4647 1880 4715 igitur
1908 4654 2084 4702 vestra
2097 4647 2347 4718 primum
2378 4648 2750 4702 testimonium
2783 4648 2973 4703 sancti
2995 4646 3411 4719 praedecessoris
3448 4647 3622 4703 nostri
3634 4641 3803 4700 Laeni:

405 4740 654 4814 ponitur,
677 4735 816 4810 quod
842 4737 902 4790 in
916 4736 1032 4807 ejus
1052 4737 1278 4807 epistola
1299 4751 1508 4792 unum
1530 4736 1857 4790 continetur.
1883 4735 2185 4791 Estautem
2206 4735 2610 4791 testimonium
2632 4752 2697 4791 ex
2717 4735 2887 4808 epist.
2914 4736 3040 4804 162,
3055 4752 3180 4809 quae
3219 4752 3355 4792 cum
3379 4738 3577 4793 ultima
3589 4731 3800 4807 quidem

408 4828 486 4886 sit
504 4827 563 4882 in
586 4842 698 4882 ms.
723 4823 1157 4896 Ratisponensi,
1181 4824 1274 4880 hic
1294 4825 1473 4881 codex
1490 4822 1686 4897 Vigilii
1708 4822 2108 4880 collectionem
2130 4825 2426 4881 continere
2443 4825 2598 4881 credi
2621 4828 2826 4897 potest.
2850 4824 2915 4880 In
2937 4824 3047 4880 hac
3102 4841 3244 4881 sane
3290 4843 3410 4881 non
3457 4831 3671 4889 omnes,
3706 4814 3799 4873 sed

413 4916 640 4988 aliquot
662 4917 894 4970 tantum
915 4913 1237 4985 praecipuas
1250 4912 1459 4969 Leonis
1484 4911 1760 4986 epistolas
1789 4912 1853 4968 de
1870 4912 2134 4985 plurimis
2163 4929 2228 4969 ac
2250 4912 2657 4970 Eutichianam
2680 4911 2950 4968 haeresim
2999 4912 3428 4985 pertinentibus
3476 4910 3712 4985 Vigilius
3745 4916 3799 4958 se

413 5003 716 5077 collegisse
734 5004 985 5057 testatur
1007 5001 1160 5073 quod
1186 5000 1511 5057 collectioni
1536 5000 1947 5073 Ratisponensi
1971 5001 2222 5060 maxime
2245 5002 2530 5076 congruit.
2556 5000 2721 5057 Solas
2744 5017 2913 5073 porro
2933 5001 3214 5074 epistolas
3238 5002 3448 5059 Leonis
3486 4995 3803 5073 compilator

412 5090 665 5165 collegit,
685 5105 802 5145 non
830 5105 966 5146 vero
988 5089 1237 5146 aliorum
1258 5091 1331 5147 ad
1354 5090 1627 5146 Leonem.
1667 5089 1945 5146 Ordinem
1985 5089 2464 5164 chronologicum
2506 5094 2744 5148 secutus
2785 5094 2896 5162 est,
2935 5107 3038 5148 sex
3077 5089 3350 5163 epistolis
3388 5089 3657 5164 exceptis,
3687 5095 3799 5155 quae

412 5185 576 5239 extra
595 5176 898 5253 proprium
921 5177 1113 5232 locum
1127 5178 1419 5235 collocatae
1439 5177 1736 5251 leguntur.
1752 5177 2024 5250 Epistolas
2047 5179 2246 5251 qumin
2265 5179 2373 5236 hac
2395 5179 2730 5236 collectione
2753 5179 3186 5247 describuntur,
3211 5181 3352 5236 sunt
3364 5180 3494 5236 duas
3524 5183 3579 5235 et
3598 5176 3807 5249 septua-

412 5270 597 5344 ginta,
620 5267 907 5324 ita'tamen
932 5269 994 5320 ut
1011 5267 1275 5334 num.7l,
1300 5267 1425 5322 loco
1447 5265 1724 5338 epistolae,
1746 5266 2502 5342 describanturexemplaria
2516 5270 2971 5338 testimoniorum,
2988 5286 3089 5326 seu
3110 5267 3213 5324 illa
3231 5269 3474 5325 Patrum
3497 5256 3804 5344 testimonia

413 5342 543 5433 quas
572 5355 970 5429 subjiciuntur
988 5354 1243 5427 epistolae
1273 5360 1329 5412 S.
1358 5355 1640 5412 Leonisin
1663 5357 1863 5410 nostra
1878 5355 2131 5413 editione
2153 5359 2274 5426 165,
2300 5359 2371 5414 ad
2406 5359 2654 5414 Leonem
2703 5360 3055 5429 Augustum.
3110 5356 3331 5413 Ultima
3362 5373 3538 5430 porro
3582 5342 3803 5425 epistola

414 5446 623 5504 mutila
639 5449 747 5514 est,
781 5459 848 5501 eo
870 5444 1026 5517 quod
1041 5444 1221 5500 codex
1240 5448 1536 5517 postrema
1560 5443 1773 5516 pagina
1810 5448 2021 5500 careat.
2065 5447 2491 5520 Antiquitatem
2513 5447 2692 5518 hujus
2713 5446 2930 5503 codicis
2953 5447 3150 5520 prodit
3171 5445 3396 5503 notatio
3439 5461 3565 5518 qua:
3610 5437 3802 5511 legitur”

416 5538 476 5593 in
500 5536 691 5609 prima
709 5533 924 5608 pagina
944 5534 1038 5591 his
1059 5534 1250 5591 verbis
1279 5536 1489 5591 :Istum
1511 5533 1720 5589 librum
1747 5532 1897 5589 dedit
1924 5535 2071 5605 Luog
2109 5536 2181 5591 ad
2230 5537 2492 5594 Sanctum
2529 5520 2936 5592 Emmeramum
2968 5552 3071 5608 pro
3102 5538 3300 5593 Tutone
3336 5537 3595 5608 episeopo,
3632 5535 3680 5584 εἰ
3712 5535 3797 5595 Pro

420 5625 655 5680 remedio
674 5625 884 5682 animm
898 5612 1158 5682 ὅπερ.ᾙῶ
1180 5628 1375 5681 autem
1396 5625 1543 5680 Tuto
1566 5621 1980 5696 Ratisponensi
2000 5624 2266 5681 Ecclesiae
2290 5626 2522 5699 praefuit
2544 5627 2615 5682 ab
2639 5642 2732 5681 an.
2767 5626 2867 5681 891
2906 5642 3093 5698 usque
3113 5624 3185 5682 ad
3221 5642 3315 5680 an.
3353 5624 3478 5679 930.
3520 5614 3797 5675 Character

419 5713 578 5781 noni,
600 5712 692 5770 vel
710 5712 922 5770 decimi
947 5714 1165 5784 szscjﬂi,
1192 5714 1405 5773 similis
1426 5717 1515 5771 est
1536 5711 1625 5770 illi
1646 5713 1817 5784 cujus
1846 5712 2140 5785 specimen
2170 5715 2435 5773 exhibuit
2452 5716 2514 5773 P.
2540 5714 2913 5772 Mabillonius
2931 5714 3000 5771 de
3038 5714 3120 5771 Re
3158 5710 3540 5787 Diplomatioa
3572 5705 3663 5764 tab
3712 5699 3793 5754 57o
