3946 6214
108 445 216 527 513
985 468 1399 534 PREFATIO
1443 467 1522 531 IN
1565 467 1992 533 EPISTOLAS
2038 469 2102 531 s.
2149 466 2430 532 LEONIS
2473 467 2749 533 MAGNI.
3451 435 3591 535 δη·

177 599 263 656 43.
291 599 382 657 Ne
415 602 730 660 omnium
765 603 1142 678 epistolarum
1173 602 1462 678 prolixum
1497 603 1827 677 catalogum
1854 605 2082 671 demus,
2109 602 2254 660 satis
2286 603 2398 660 erit
2419 604 2490 660 ad
2513 603 2984 678 cognoscendum
3007 608 3062 662 et
3083 604 3565 680 distinguendum

122 691 371 747 ordinem
394 690 611 765 hujus
659 693 1023 751 collectionis
1066 694 1288 768 priores
1320 697 1652 766 quatuor,et
1684 697 1938 766 quatuor
1957 692 2846 766 postremasepistolasindicare
2871 712 2883 750 :
2908 695 2951 763 Ι,
2973 695 3182 751 Leonis
3204 698 3276 752 ad
3300 698 3566 754 Theodo-

130 782 266 836 sium
287 781 468 854 epist.
497 783 580 837 24
611 801 626 851 ;
657 783 816 851 Il,ad
837 784 1176 839 Flavianum
1203 783 1370 856 epist.
1395 785 1502 850 23;
1534 783 1606 838 III
1639 783 1708 837 ad
1745 783 2138 838 Theodosium
2171 783 2340 854 epist.
2365 782 2435 834 29
2460 801 2471 850 ;
2499 781 2592 852 IV,
2625 783 2697 838 ad
2724 783 3084 840 Puleheriam
3107 786 3277 856 epist.
3311 788 3398 842 30.
3449 787 3568 842 No-

137 870 290 927 tabile
310 876 400 926 est
421 877 574 944 post
596 873 918 945 epistolam
932 874 1110 946 hujus
1131 872 1490 929 collectionis
1511 873 1580 926 36
1600 873 1670 926 ad
1700 871 2090 939 Pulcheriam,
2124 888 2250 943 quae
2285 871 2344 924 in
2380 876 2578 927 nostra
2608 872 2858 928 editione
2891 877 2980 928 est
3011 875 3258 945 epistola
3294 877 3384 943 96,
3418 876 3570 932 hanc

149 961 484 1034 peculiarem
510 963 894 1018 notationem
918 964 1129 1036 apponi
1157 982 1169 1019 :
1199 963 1336 1034 Expl
1345 964 1416 1016 iri
1423 965 1517 1015 unt
1538 962 1786 1031 epistolae
1805 961 2142 1016 sanctissimi
2160 977 2310 1030 papae
2333 962 2671 1032 Lcom’s,quaz
2692 971 2874 1017 sancto
2895 963 3325 1021 Chalcedonensi
3342 967 3570 1022 concilio

162 1055 266 1105 sunt
290 1051 615 1121 przmissa?
637 1067 656 1111 ,'
680 1055 742 1106 et
771 1051 926 1120 dein,
961 1069 994 1107 a
1025 1052 1212 1123 capite
1236 1052 1542 1122 :Inm’piunt
1563 1066 1679 1121 qua:
1699 1053 1817 1120 post
1836 1057 1978 1120 gesta
1999 1050 2302 1104 subsecuta?
2321 1056 2448 1102 sunt
2471 1066 2490 1109 ,·
2513 1053 2566 1103 et
2589 1051 2902 1119 subjicitur
2921 1053 3092 1123 epist.
3117 1054 3206 1119 37,
3242 1053 3412 1110 nobis
3449 1055 3567 1118 104,

171 1139 229 1195 ad
253 1139 645 1208 Marcianum,
681 1144 818 1211 post
848 1139 1160 1194 concilium
1193 1138 1425 1209 scripta.
1452 1139 1613 1192 Nunc
1638 1142 1889 1209 quatuor
1918 1141 2244 1210 postremas
2266 1136 2570 1192 innuimus
2595 1156 2607 1193 :
2636 1138 2820 1206 LXIX,
2845 1141 2917 1194 ad
2951 1142 3201 1197 Leonem
3231 1145 3561 1217 Augustum

172 1228 421 1301 epist.16«i
448 1246 463 1297 ;
488 1229 665 1298 LXX,
687 1230 762 1284 ad
781 1229 1052 1284 eumdem
1070 1229 1236 1299 epist.
1271 1231 1369 1283 165
1393 1246 1405 1294 ;
1434 1227 1619 1296 LXXI,
1640 1228 2041 1298 exemplarium
2059 1227 2518 1292 testimoniorum,
2543 1243 2669 1298 quae
2693 1229 3052 1284 antecedenti
3081 1230 3336 1302 epistola:
3359 1234 3571 1305 subjici

180 1317 341 1373 solent
364 1335 378 1384 ;
397 1317 632 1384 LXXII,
667 1317 743 1372 ad
767 1317 1038 1372 eumdem
1061 1317 1311 1372 Leonem
1335 1315 1504 1387 epist.
1531 1317 1652 1370 162.
1677 1316 1866 1385 Hujus
1883 1315 2353 1386 praestantissimi
2369 1315 2587 1371 codicis
2599 1319 2654 1371 et
2671 1316 3028 1374 collectionis
3045 1319 3373 1392 exemplum
3395 1339 3574 1394 quam

179 1407 602 1464 accuratissime
622 1406 1071 1478 transcriptum,
1105 1406 1321 1478 quibus
1346 1405 1686 1471 debeamus,
1718 1405 1776 1458 in
1808 1404 2062 1478 generali
2095 1403 2432 1476 praefatione
2463 1409 2627 1476 grato
2651 1407 2848 1462 animo
2869 1409 3067 1464 testati
3093 1426 3491 1478 sumus,num.
3517 1413 3573 1468 6.

1425 1521 1594 1580 §XXL
1631 1522 1700 1569 De
1731 1519 2039 1569 collectione
2067 1519 2335 1568 vicesima.

240 1631 319 1686 44.
341 1629 503 1687 Hanc
535 1629 876 1686 invenimus
897 1629 956 1683 in
980 1629 1240 1684 Romano
1266 1645 1376 1683 ms.
1401 1631 1505 1683 237
1543 1629 1600 1684 S.
1635 1627 1837 1683 Crucis
1877 1628 1936 1681 in
1977 1626 2300 1682 Jerusalem
2325 1625 2860 1696 saeculicirciterxt,
2895 1629 3202 1701 quitamen
3237 1633 3384 1689 liber
3412 1634 3577 1693 initio

183 1723 229 1774 et
248 1720 353 1776 [ine
373 1723 531 1775 caret
555 1737 569 1786 ;
598 1735 666 1774 ac
691 1723 997 1790 prepterea
1009 1716 1698 1787 solasexhibetepistolas
1715 1732 2149 1787 xxvu,quarum
2172 1715 2362 1787 prima
2383 1719 2439 1769 et
2460 1714 2669 1770 ultima
2687 1715 2906 1772 mutilas
2929 1719 3246 1775 sunt.0rdo
3261 1726 3582 1792 postrema-

184 1824 297 1862 rurn
314 1809 590 1864 undecim
611 1807 1000 1879 epistolarum
1022 1805 1084 1874 in
1103 1805 1234 1862 aliis
1274 1804 1716 1861 collectionibus
1739 1807 2010 1876 frequens
2031 1810 2137 1860 est.
2171 1805 2243 1859 At
2266 1803 2556 1858 sexdecim
2581 1804 2802 1874 priores
2825 1806 3082 1877 epistolae
3107 1807 3190 1862 ita
3210 1811 3281 1864 ab
3304 1812 3579 1868 omnibus

183 1895 611 1953 collectionibus
633 1896 932 1952 diversum
955 1895 1218 1951 ordinem
1245 1895 1647 1967 prmferunt,ut
1666 1894 1771 1948 hac
1795 1895 1863 1949 de
1886 1909 2062 1948 causa
2079 1892 2418 1948 distinctam
2443 1891 2840 1948 collectionem
2863 1893 3000 1949 huic
3015 1896 3193 1951 codici
3212 1897 3580 1956 tribuendam

183 1987 516 2056 putarimus.
542 1985 716 2040 Initio
747 1985 926 2048 enim,
961 2001 1045 2039 ex.
1065 2000 1175 2056 gr.,
1207 1988 1335 2056 post
1358 1982 1663 2054 epistolam
1694 1989 1902 2038 nostra:
1924 1980 2200 2038 editionis
2227 1983 2295 2034 28
2318 1982 2390 2036 ad
2412 1980 2787 2056 Flavianum,
2805 1983 3043 2054 subjicit
3070 1985 3380 2056 epistolam
3403 1990 3475 2044 35
3507 1991 3580 2046 ad

183 2073 494 2142 lulianum,
512 2079 639 2130 tum
663 2073 836 2145 epist.
859 2075 918 2129 31
942 2075 1013 2129 ad
1042 2073 1429 2138 Pulchcriam,
1453 2073 1621 2143 epist.
1649 2073 1718 2127 59
1744 2073 1814 2127 ad
1839 2070 2533 2142 Constantinopolitanos,
2555 2071 2724 2143 epist.
2754 2074 2854 2126 124
2876 2073 2947 2127 ad
2973 2073 3330 2142 Palaestinos,
3355 2079 3521 2150 epist.
3554 2081 3579 2134 1

179 2163 688 2236 aquuileiensem
701 2163 1064 2235 episcopum,
1085 2163 1254 2234 epist.
1280 2161 1382 2216 163
1405 2161 1476 2215 ad
1498 2160 1855 2226 Anatolium,
1881 2161 2049 2232 epist.
2077 2160 2097 2215 νΙ
2110 2162 2180 2214 65
2200 2161 2271 2214 ad
2299 2161 2558 2215 Leonem
2581 2163 3187 2236 Augustum,etc.,qui
3210 2169 3586 2236 perturbatus

174 2252 309 2308 ordo
324 2253 388 2308 in
399 2252 507 2308 hac
522 2269 643 2307 una
655 2249 1612 2307 collectioneinvenitur.Czeterum
1628 2249 1684 2302 in
1701 2248 1963 2320 epistolis
1978 2265 2103 2319 qua:
2120 2265 2394 2319 surpersu
2407 2251 2468 2302 nt
2481 2247 2641 2303 nulla
2659 2253 2883 2321 estquae
2896 2249 2954 2304 in
2971 2249 3306 2310 collectione
3320 2255 3588 2328 sequenti

167 2355 286 2396 non
316 2341 566 2413 legatur.
591 2340 690 2396 Hic
721 2341 904 2396 codex
934 2338 1239 2411 epistolam
1277 2340 1340 2392 12
1370 2339 1440 2394 ad
1465 2339 1697 2393 Mauros
1720 2354 1853 2392 eum
1885 2335 2269 2409 appendicula
2295 2335 2543 2392 exhibet.
2580 2337 2734 2393 Inter
2766 2339 3054 2395 Leoninas
3075 2340 3247 2398 refert
3271 2346 3592 2417 suppositi-

159 2429 318 2484 tiam
354 2429 425 2484 ad
448 2429 885 2485 Germaniarum
907 2433 964 2484 et
984 2427 1303 2484 Galliarum
1323 2429 1718 2500 episcopos,ac
1742 2427 1961 2481 litteras
1978 2427 2046 2479 ad
2072 2430 2286 2480 Dorum
2310 2426 2780 2482 Beneventanum
2807 2428 3072 2484 Theodoro
3105 2428 3391 2488 inscribit.
3416 2434 3591 2490 Plura

166 2516 242 2572 de
273 2517 390 2574 hac
421 2517 752 2574 collectione
777 2518 968 2573 dicere
999 2534 1147 2590 opus
1179 2534 1293 2572 non
1325 2523 1431 2572 est.
3285 2537 3288 2540 ’

1308 2636 1332 2691 §
1371 2632 1521 2681 XXII.
1545 2632 1618 2680 De
1647 2630 1959 2680 collectione
2007 2629 2263 2679 vicesima
2282 2631 2473 2692 prima.

242 2740 330 2795 45.
366 2740 493 2796 Haec
522 2740 788 2796 collectio
821 2740 882 2795 in
913 2757 1057 2796 mss.
1091 2740 1450 2812 frequentior
1491 2739 1725 2795 easdem
1769 2737 2047 2810 epistolas
2080 2755 2167 2793 LVI
2202 2736 3035 2808 exhibet,quasincollectione
3064 2741 3118 2794 11
3139 2744 3584 2816 recensuimus;

189 2828 274 2884 sed
307 2828 509 2884 ordine
541 2834 600 2884 et
619 2828 969 2884 lectionibus
993 2829 1072 2884 ita
1101 2828 1439 2895 diversis,ut
1468 2828 1759 2883 diversam
1792 2827 2075 2900 originem
2109 2827 2351 2898 prodere
2380 2826 2662 2881 videatur.
2697 2826 2993 2896 Incipitab
3016 2827 3263 2898 epistola
3288 2831 3494 2890 Leonis
3516 2835 3586 2891 ad

189 2916 672 2989 Eutychen,nobis
693 2918 864 2989 epist.
898 2919 986 2986 20,
1022 2922 1079 2972 et
1109 2917 1323 2973 desinit
1347 2917 1403 2972 in
1437 2916 1681 2988 epistola
1702 2918 1770 2970 ad
1796 2917 2098 2988 episcopos
2121 2914 2471 2986 Campaniae,
2515 2915 2683 2969 nobis
2717 2913 2884 2986 epist.
2920 2915 3042 2970 168.
3069 2919 3373 2976 Vetustius
3404 2922 3588 2995 hujus

192 3005 542 3062 collectionis
572 3006 1054 3078 exemplar,quod
1077 3006 1450 3075 vidimus,est
1473 3021 1578 3062 ms.
1620 3005 2092 3061 170bibliothecae
2115 3004 2345 3058 Veneta:
2367 3004 2426 3058 S.
2461 3003 2636 3058 Marci
2672 3003 2867 3058 saeculi
2896 3003 3125 3061 circiter
3154 3024 3253 3062 xu.
3281 3009 3446 3066 Solas
3469 3014 3590 3085 epi-

189 3095 358 3152 stolas
385 3096 668 3164 continet,
700 3113 817 3152 non
850 3097 1048 3152 minus
1080 3114 1256 3169 quam
1293 3097 1408 3152 duo
1438 3095 1534 3152 alii
1566 3096 1792 3150 codices
1813 3094 1966 3149 Vatt.
1985 3095 2092 3148 542
2112 3090 2516 3157 et543,szeculi
2540 3109 2656 3146 xxx.
2691 3091 2981 3164 Epistolas
3011 3111 3142 3152 vero
3166 3114 3282 3153 una
3312 3115 3444 3156 cum
3469 3119 3591 3158 ser-

191 3186 450 3241 monibus
480 3185 844 3242 collectionis
877 3187 907 3239 4
930 3185 1205 3241 exhibent
1228 3203 1370 3241 mss.
1396 3185 1527 3240 libri
1547 3185 1701 3240 Vatt.
1725 3185 1831 3238 546
1851 3186 1906 3238 et
1925 3183 2050 3249 547,
2075 3181 2203 3236 Vat.
2230 3180 2430 3237 Urbin.
2454 3182 2545 3251 65,
2571 3199 2724 3236 unus
2746 3181 3031 3255 Angelicae
3057 3185 3289 3242 Patrum
3313 3190 3593 3262 Augusti-

192 3271 486 3330 nianorum
523 3274 724 3329 Romae
753 3275 808 3341 5,
835 3274 920 3340 10,
954 3274 1069 3330 duo
1091 3274 1404 3330 Florentini
1434 3272 1674 3329 Medicei
1713 3274 1774 3327 11
1814 3276 1870 3327 et
1894 3275 1986 3335 23,
2009 3270 2205 3342 pluteo
2227 3272 2317 3336 21,
2341 3274 2398 3325 et
2422 3287 2576 3325 unus
2600 3270 2922 3326 Fesulanus
2943 3274 3595 3336 canonicorumLatera-

192 3363 452 3416 nensium
475 3361 748 3434 signatus
771 3377 935 3416 num.
956 3364 1012 3428 7,
1045 3361 1239 3433 pluteo
1257 3364 1310 3417 3.
1346 3362 1474 3417 Haec
1497 3361 1698 3416 eadem
1726 3359 1988 3416 collectio
2016 3376 2135 3415 una
2166 3376 2300 3414 cum
2333 3359 2703 3415 sermonibus
2727 3359 2940 3432 legitur
2960 3362 3136 3418 etiam
3159 3363 3217 3418 in
3241 3366 3439 3422 codice
3459 3367 3589 3424 Vat.

192 3446 308 3513 541,
343 3450 437 3523 qui
466 3451 704 3506 Nicolao
727 3451 774 3504 V
795 3451 1048 3505 traditus
1070 3451 1178 3505 fuit
1207 3468 1300 3505 an.
1329 3453 1484 3506 1452.
1520 3451 1623 3504 Hic
1653 3453 1847 3504 autem
1878 3449 2057 3503 codex
2088 3452 2217 3519 post
2263 3447 2542 3520 epistolas
2590 3465 2676 3502 LXI
2711 3448 2891 3520 huius
2923 3448 3282 3508 collectionis
3323 3457 3594 3528 proprias

192 3536 536 3596 additionem
559 3539 737 3595 habet
767 3539 1018 3595 aliarum
1052 3540 1358 3596 duodecim
1381 3539 1782 3611 epistolarum,
1816 3554 2068 3609 quarum
2092 3536 2364 3592 undecim
2389 3537 2447 3592 in
2479 3536 2818 3593 collectione
2837 3540 2907 3593 24
2929 3540 3318 3597 continentur.
3351 3548 3426 3600 At
3453 3561 3590 3602 cum

191 3620 276 3680 hic
303 3629 479 3684 codex
508 3645 714 3684 omnes
738 3627 1769 3700 Leoninasepistolascollectionis2-1
1794 3645 1907 3682 non
1931 3627 2224 3693 referat,et
2245 3626 2594 3681 duodecima
2621 3643 2723 3682 seu
2739 3626 2950 3682 ultima
2975 3629 3046 3683 ad
3063 3629 3381 3687 Maximum
3397 3633 3598 3690 Antio-

191 3712 436 3770 chenum
451 3717 509 3771 in
530 3715 640 3772 hac
659 3715 938 3772 vicesima
957 3722 1166 3788 quarta
1178 3717 1348 3781 desit,
1382 3717 1510 3786 ejus
1534 3715 1850 3771 additionis
1865 3719 2068 3769 auctor
2085 3732 2151 3768 ex
2166 3714 2276 3769 alio
2295 3715 2450 3769 fonte
2479 3714 2750 3771 hausisse
2771 3715 3017 3771 videtur.
3049 3721 3192 3774 Cum
3216 3736 3348 3775 vero
3379 3720 3593 3779 harum

191 3801 489 3861 duodecim
521 3805 903 3878 epistolarum
933 3806 1226 3862 variantes
1257 3806 1373 3861 fere
1393 3806 1744 3861 concordent
1767 3821 1901 3860 cum
1937 3821 2080 3859 mss.
2115 3803 2472 3859 collectionis
2507 3807 2590 3870 12,
2623 3803 2728 3860 has
2761 3821 2831 3860 ex
2862 3806 3064 3861 eodem
3099 3807 3253 3863 fonte
3283 3808 3593 3882 utriusque

191 3890 517 3950 collectores
549 3894 821 3950 hausisse
853 3893 1128 3948 credibile
1159 3899 1266 3949 est.

254 3983 339 4036 46.
371 3984 453 4038 Ad
486 3983 639 4038 hanc
661 3982 1060 4038 collectionem
1084 3983 1282 4038 referri
1303 3986 1556 4053 possunt
1579 3983 1694 4037 duo
1730 3998 1870 4038 mss.
1895 3981 2025 4036 libri
2059 3981 2186 4036 Vat.
2222 3982 2360 4037 3137
2391 3987 2447 4036 et
2475 3981 2604 4036 Vat.
2640 3981 3066 4038 Ottobonianus
3087 3984 3212 4050 332,
3239 3984 3335 4056 qui
3360 3986 3597 4042 easdem

183 4081 274 4122 ις’]
294 4070 570 4142 epistolas
593 4070 1254 4144 complectuntur.Licet
1277 4072 1432 4127 enim
1455 4071 1727 4126 undecim
1753 4070 2007 4142 epistolae
2022 4072 2325 4126 abstracta:
2341 4072 2498 4126 afine
2512 4070 2692 4142 hujus
2714 4070 3161 4137 collectionis,in
3186 4072 3276 4127 his
3299 4073 3598 4131 codicibus

175 4151 412 4214 insertae
432 4159 705 4234 legantur
736 4163 869 4231 post
889 4159 1195 4232 epistolam
1242 4162 1332 4228 26,
1366 4177 1431 4215 ac
1450 4160 1582 4215 dein
1604 4164 2037 4232 prosequantur
2067 4164 2284 4215 caetera:
2314 4158 2571 4231 epistola
2601 4175 2635 4213 a
2663 4161 2734 4213 27
2765 4159 2837 4214 ad
2871 4161 2957 4225 45,
2993 4175 3126 4214 cum
3159 4164 3355 4217 tamen
3389 4179 3596 4220 omnes

162 4238 426 4304 invicem
449 4250 726 4306 eumdem
750 4249 1014 4304 ordinem
1038 4253 1265 4305 servent
1282 4249 1379 4321 qui
1404 4249 1462 4304 in
1484 4249 1593 4308 hac
1623 4248 1960 4304 collectione
1991 4248 2469 4320 deprehenditur,
2503 4251 2558 4302 et
2591 4247 2647 4301 in
2673 4247 2879 4302 iisdem
2926 4246 3275 4304 lectionibus
3309 4251 3425 4306 fere
3457 4268 3596 4307 con-

187 4336 435 4405 Veniant,
468 4339 591 4395 haec
615 4338 862 4394 mutatio
884 4339 1106 4394 ordinis
1127 4338 1379 4410 alicujus
1403 4338 1624 4394 librarii
1649 4337 1890 4393 arbitrio
1914 4337 2108 4410 potius
2137 4353 2313 4409 quam
2345 4337 2585 4391 diversa:
2617 4335 2827 4407 origini
2860 4335 3174 4392 tribuenda
3202 4338 3448 4395 videtur.

1294 4454 1510 4513 §XXIIL
1544 4455 1616 4503 De
1657 4453 1967 4503 collectione
1997 4453 2251 4502 vicesima
2279 4451 2536 4501 secunda.

269 4559 340 4616 47.
372 4561 563 4617 Codex
593 4559 850 4616 Venetus
877 4561 935 4616 S.
970 4560 1148 4615 Marci
1179 4561 1269 4628 79,
1304 4566 1512 4633 praeter
1559 4577 1859 4617 sermones
1907 4559 2262 4616 collectionis
2313 4561 2344 4614 4
2393 4558 2734 4614 distinctam
2781 4558 3164 4630 epistolarum
3195 4562 3594 4623 collectionem

214 4647 408 4705 Praebet.
424 4649 686 4706 Duarum
701 4649 1111 4705 collectionum
1134 4651 1338 4704 l7et2l
1357 4649 1636 4722 epistolas
1649 4650 1928 4716 continet,
1954 4647 2062 4702 hoc
2085 4648 2286 4703 ordine
2313 4666 2324 4717 ;
2352 4646 2607 4719 primum
2629 4646 2850 4718 priores
2873 4647 3044 4720 epist.
3080 4666 3206 4704 xxvx
3231 4649 3594 4711 collectionis

205 4724 465 4812 glandem
514 4737 702 4804 serie;
755 4737 889 4792 dein
923 4737 1266 4793 inseruntur
1295 4737 1552 4809 epistola:
1584 4753 1787 4794 omnes
1818 4736 2274 4793 Chalcedonensi
2307 4735 2663 4791 collectionis
2715 4737 2800 4802 17,
2853 4737 3055 4792 eodem
3090 4739 3306 4809 pariter
3356 4741 3588 4812 ordine,

211 4811 403 4882 duabus
435 4825 941 4892 tantumomissis,
958 4841 1085 4897 quae
1109 4825 1258 4881 inter
1282 4827 1674 4897 praecedentes
1687 4825 2132 4897 xxvndescriptze
2148 4826 2394 4879 fuerant.
2413 4825 2674 4880 Tandem
2699 4825 3094 4895 subjiciuntur
3108 4811 3593 4902 cazterzeepistolze

206 4905 525 4970 mllectionis
572 4917 666 4985 21,
698 4914 800 4969 sed
849 4913 1039 4969 tribus
1070 4913 1328 4978 omissis,
1362 4916 1420 4969 et
1449 4914 1655 4970 ordine
1678 4931 1793 4970 non
1817 4913 2115 4969 modicum
2145 4912 2480 4980 immutate,
2513 4911 2862 4970 lectionibus
2885 4915 3209 4972 identidem
3235 4917 3399 4975 valde
3421 4919 3598 4976 dissi-

204 4993 431 5076 Pilibus,
460 5020 592 5076 quae
625 5001 803 5059 aliam
837 5001 1122 5074 originem
1154 5002 1633 5060 manifestissime
1659 5005 1997 5059 ostendunt.
2031 5000 2300 5074 Epistolas
2327 5001 2556 5056 omissae
2589 5007 2728 5058 sunt
2757 5004 2991 5061 Eusebii
3038 5006 3488 5066 Mediolanensis
3519 5011 3591 5066 ad

200 5071 626 5162 I‘tﬁonemm-obis
647 5091 822 5164 epist.
844 5089 913 5144 97
976 5089 1210 5146 Ravenii
1241 5091 1312 5146 ad
1345 5092 1620 5148 eumdem
1651 5091 1822 5163 epist.
1853 5091 1944 5160 99,
1977 5095 2033 5146 et
2064 5071 2269 5145 Leonis
2301 5090 2371 5145 ad
2406 5089 2711 5164 episcopos
2729 5091 3060 5166 Campania
3083 5095 3254 5167 epist.
3291 5098 3412 5152 I68.

1306 5205 1336 5267 §
1363 5205 1537 5255 XXIV.
1577 5207 1647 5255 De
1679 5206 1988 5257 collectione
2019 5205 2274 5255 vicesima
2294 5206 2470 5255 tertia.

255 5311 333 5372 48.
358 5312 704 5370 Peculiariis
738 5316 828 5368 est
859 5311 1119 5367 collectio
1142 5329 1266 5384 qua:
1291 5318 1475 5369 exstat
1497 5314 1554 5368 in
1588 5315 1715 5369 cod.
1749 5314 1876 5368 Vat.
1912 5314 2181 5369 Ottobon.
2216 5314 2320 5367 297
2342 5313 2536 5368 saeculi
2560 5315 2836 5371 xn.Initio
2860 5315 3293 5388 praebetLeonis
3307 5313 3588 5385 epistolas

172 5389 504 5476 ghindecim
527 5407 706 5459 antea
725 5401 1046 5457 recensitas
1076 5401 1134 5455 in
1159 5401 1493 5459 collectione
1514 5407 1566 5472 8,
1602 5420 1852 5475 quarum
1877 5403 2104 5458 decima
2125 5402 2688 5476 quintaestepistola
2713 5406 2834 5473 165,
2869 5406 2939 5460 ad
2958 5405 3208 5460 Leonem
3234 5404 3583 5472 Augustum.

197 5492 313 5546 Qst
329 5491 473 5548 hanc
495 5509 635 5548 vero
658 5489 1058 5562 epistolam,et
1080 5494 1212 5545 ante
1233 5491 1571 5548 testimonia
1587 5492 1822 5548 Patrum
1845 5493 2030 5548 eidem
2045 5493 2331 5564 subjecta,
2365 5491 2708 5548 inseruntur
2726 5493 2981 5565 epistola:
3005 5488 3321 5546 Innocentii
3340 5487 3442 5540 Iad
3475 5489 3586 5543 De-

146 5561 444 5654 i§ntium,
479 5561 772 5637 Bonifacii
798 5577 821 5633 Ι
850 5578 920 5633 ad
955 5578 1274 5634 Honorium
1307 5582 1660 5653 Augustum,
1693 5581 1994 5654 responsio
2026 5561 2284 5648 Honorii,
2314 5561 2370 5634 et
2391 5580 2681 5636 Ccnlestini
2706 5561 2950 5651 epistola
2980 5579 3050 5633 ad
3071 5575 3404 5630 Venerium.
3435 5573 3584 5629 Tum

139 5646 566 5743 viEli’jiciuntur
587 5665 934 5724 testimonia
955 5666 1214 5736 Patrum,
1231 5682 1356 5738 quae
1379 5646 1671 5739 pertineth
1688 5669 1757 5723 ad
1779 5646 2076 5724 laudatam
2100 5646 2277 5743 epist.
2303 5668 2423 5723 165.
2448 5668 2586 5723 Dein
2607 5646 2934 5731 sequ-untur
2953 5661 3206 5735 epistola:
3247 5674 3330 5713 va
3355 5656 3580 5714 collect.

169 5725 362 5817 (hi-iis
384 5758 653 5832 exceptis
678 5773 812 5828 qua!
839 5753 987 5811 inter
1007 5725 1230 5827 priores
1247 5725 1539 5828 epis-telas
1569 5758 1974 5832 xvzdcscriptae
1996 5725 2246 5827 fuerant,
2281 5761 2336 5812 et
2383 5757 2585 5814 ordine
2607 5725 2815 5811 alicubi
2848 5725 3172 5809 immutate.
3194 5745 3453 5805 Tandem
3477 5747 3586 5803 ad-
