3946 6214
437 415 557 479 5.75
1254 419 1668 485 ramento
1707 422 1788 485 IN
1832 421 2258 514 EPISTOLAS
2305 425 2370 490 s.
2415 427 2692 493 LEONlS
2739 403 3008 494 MAGNI.
3670 441 3762 503 δτι

437 553 660 611 duntur
675 553 734 610 in
756 554 870 611 ﬁne
881 559 1132 627 quatuor
1152 571 1399 629 perrarae
1411 555 1668 630 epistolae
1693 574 1705 614 :
1729 559 1802 614 ad
1813 558 2117 621 Julianum
2131 559 2300 636 epist.
2325 561 2452 632 107,
2474 563 2546 622 ad
2568 565 3238 640 Constantin0politanos
3269 567 3437 644 epist.
3465 571 3548 642 50,
3579 571 3641 629 ad
3657 573 3754 632 Fla-

433 643 673 733 vianum
693 645 861 718 epist.
897 645 982 712 49,
1017 662 1082 702 ae
1109 646 1181 701 ad
1207 645 1523 703 Martinum
1545 651 1602 704 et
1630 648 1907 705 Faustum
1943 649 2111 722 epist.
2145 651 2233 706 5|.
2269 652 2562 710 Gerardus
2582 653 2828 712 Vossius
2850 656 3192 728 praepositus
3230 658 3572 733 Tungrensis
3591 679 3651 718 ex
3675 681 3759 721 ms.

431 732 580 790 libro
602 734 778 807 hujus
799 734 1174 806 collectionis,
1208 736 1307 808 qui
1326 742 1448 793 erat
1468 737 1783 794 cardinalis
1803 738 2014 805 Sirleti,
2049 740 2195 794 duas
2214 741 2490 813 epistolas
2507 747 2649 800 tunc
2673 743 2922 800 ineditas
2942 745 3219 819 vulgavit,
3253 732 3488 806 alteram
3501 752 3565 807 ad
3578 752 3756 809 Siculos

432 822 489 913 in
505 828 719 913 nostra
737 824 991 880 editione
1013 825 1178 898 epist.
1212 827 1265 895 7,
1299 825 1538 882 alteram
1563 828 1633 882 ad
1657 827 1852 884 Julian
1864 846 1961 884 um
1985 846 2073 901 ep.
2103 831 2223 897 107,
2251 835 2313 884 ut
2351 831 2690 888 viderelicet
2710 833 2766 887 in
2785 835 3099 906 appendice
3123 838 3531 910 opusculorum
3551 842 3764 913 subjecta

427 911 665 968 editioni
687 913 1040 985 Moguntina:
1063 931 1158 970 an.
1185 915 1321 970 1604
1343 914 1594 988 Operum
1617 921 1672 971 S.
1706 917 1964 989 Gregorii
1997 918 2445 993 Thaumaturgi.

1545 1035 1569 1091 §
1600 1032 1743 1082 XXV.
1779 1033 1850 1082 De
1888 1033 2194 1083 collectione
2222 1035 2473 1085 vicesima
2504 1040 2710 1099 quarta.

499 1127 586 1184 49.
619 1128 989 1185 Postremum
1024 1128 1219 1184 locum
1241 1129 1451 1184 damus
1486 1128 1811 1186 collectioni
1842 1131 2223 1202 epistolarum
2246 1149 2392 1203 quas
2419 1135 2743 1205 reperimus
2756 1153 2874 1192 una
2889 1154 3024 1193 cum
3039 1139 3406 1196 sermonibus
3421 1141 3757 1199 collectioni5.

428 1215 489 1274 In
514 1218 621 1274 hac
642 1217 1044 1291 suntepistole
1059 1235 1205 1285 LXXI,
1237 1217 1516 1275 nimirum
1539 1219 1894 1292 Livepistolae
1910 1219 2266 1277 collectionis
2282 1226 2344 1277 21
2374 1224 2634 1295 (omissis
2653 1227 2881 1282 duabus
2901 1227 3048 1282 Petri
3063 1229 3397 1303 Chrysologi
3411 1231 3478 1286 ad
3497 1232 3758 1304 Fhitychen,

423 1311 479 1362 et
503 1308 732 1366 Eusebii
764 1307 1215 1364 Mediolanensis
1245 1308 1315 1363 ad
1339 1309 1630 1376 Leonem),
1663 1314 1718 1364 et
1743 1309 1866 1364 aliae
1888 1309 2130 1382 insuper
2151 1327 2294 1366 rarae
2311 1313 2568 1382 epistolae
2589 1332 2703 1370 xvn
2726 1333 2853 1387 qum
2879 1316 2936 1370 in
2970 1316 3311 1374 collectione
3339 1321 3399 1374 1'2
3423 1320 3756 1392 reperiuntur,

421 1397 704 1453 nimirum
734 1395 992 1470 epistolae
1041 1401 1249 1452 nostra;
1298 1396 1568 1454 editionis
1588 1402 1642 1462 2,
1669 1399 1754 1464 10,
1777 1401 1866 1466 21,
1901 1401 1979 1467 41,

2200 1401 2390 1468 ί,102,
2443 1401 3173 1474 105,1ιι,112,113,1ι8,
3231 1411 3347 1473 ιλιι,
3401 1409 3758 1476 122,123,125

420 1490 476 1547 et
509 1489 625 1541 127.
648 1486 914 1559 Epistolm
936 1503 1026 1541 LIV
1047 1486 1199 1541 credi
1223 1491 1459 1557 possent
1490 1492 1737 1559 sumptae
1759 1505 1827 1543 ex
1840 1487 2185 1544 collectione
2211 1490 2280 1543 24
2310 1488 2396 1543 vel
2437 1493 2453 1542 l
2477 1497 2517 1544 ι.
2547 1493 2616 1545 At
2646 1509 2718 1546 ne
2743 1491 2796 1547 id
2823 1493 3154 1562 credamus,
3189 1495 3603 1568 eflicitepistola
3628 1499 3679 1551 12
3702 1497 3756 1551 ad

420 1576 673 1646 Mauros,
707 1595 833 1650 quae
865 1575 1167 1631 licetinter
1189 1593 1276 1630 LIV
1305 1580 1630 1645 censeatur,
1666 1577 1724 1632 in
1745 1578 1850 1632 hac
1871 1582 2065 1633 tamen
2089 1577 2426 1634 collectione
2447 1580 2870 1648 estdccurtata,
2905 1583 2963 1636 in
2987 1582 3424 1641 collectionibus
3442 1587 3683 1642 autem“
3711 1589 3755 1640 et

413 1668 476 1721 21
505 1665 900 1738 appendiculae
921 1663 1276 1720 additionem
1298 1665 1839 1736 praefert.8imiliter
1864 1667 2118 1738 epistolae
2134 1683 2247 1723 xvu
2267 1668 2378 1721 dici
2406 1673 2708 1739 nequeunt
2732 1675 2980 1742 sumptae
3005 1687 3074 1726 ex
3107 1673 3446 1728 collectione
3467 1677 3546 1745 12,
3575 1673 3756 1746 quippe

415 1747 463 1808 si
495 1771 564 1808 ex
591 1754 700 1809 hac
729 1753 1000 1810 collector
1022 1753 1380 1825 profecisset,
1413 1771 1526 1808 non
1555 1753 1658 1808 has
1681 1753 1838 1810 solas
1859 1772 1973 1809 xvu
1997 1753 2292 1825 epistolas,
2330 1756 2429 1810 sed
2451 1756 2596 1811 alias
2617 1756 2836 1828 pariter
2857 1759 3064 1814 exinde
3085 1761 3496 1833 exscripsissct.
3528 1762 3617 1820 His
3637 1760 3758 1816 adde

410 1841 873 1898 observationem
906 1857 1082 1914 quam
1114 1841 1381 1909 fecimus,
1416 1858 1548 1896 cum
1582 1843 1650 1897 dc
1672 1842 1934 1897 Sichardi
1956 1842 2309 1908 collectione,
2345 1860 2508 1898 num.
2537 1843 2809 1911 28,locuti
2831 1863 3061 1902 sumus.
3083 1848 3364 1905 Praeterea
3383 1851 3510 1906 ordo
3530 1850 3756 1906 omnium

409 1933 620 1990 harum
652 1931 1034 2006 epistolarum
1075 1947 1198 1985 LXX!
1220 1929 1483 1985 diversus
1506 1930 1576 1984 ab
1599 1930 1800 1985 ordine
1827 1931 2129 2002 utriusque
2153 1930 2506 1987 collectionis
2543 1935 2608 1988 12
2637 1951 2703 1989 ac
2733 1939 2820 2000 21,
2857 1939 2913 1990 et
2953 1935 3234 1994 lectiones
3255 1938 3388 1994 item
3410 1939 3758 2011 discrepantes

407 2022 590 2082 alium
612 2023 878 2096 ignotum
901 2020 1118 2075 fontem
1139 2018 1546 2075 demonstrant
1567 2035 1579 2074 :
1600 2020 1752 2074 unde
1767 2020 1824 2074 in
1839 2035 1943 2074 con
1955 2020 2203 2075 ferendis
2217 2021 2355 2092 quib
2367 2022 2571 2078 usdam
2586 2024 2848 2095 epistolis
2862 2023 3013 2081 hanc
3030 2025 3421 2083 collectionem
3437 2026 3593 2084 veluti
3607 2027 3756 2100 origi-

405 2111 537 2168 nale
585 2129 618 2168 a
665 2109 889 2165 caeteris
909 2108 1203 2162 diversum
1225 2107 1442 2178 experti
1469 2125 1677 2163 sumus
1704 2126 1716 2175 ;
1742 2109 1882 2163 adeo
1908 2113 1970 2162 ut
1994 2108 2049 2162 in
2073 2108 2283 2164 iisdem
2310 2127 2421 2165 non
2446 2111 2664 2167 derivet
2701 2131 2734 2170 a
2755 2113 3096 2171 collectione
3133 2116 3453 2190 Hispanica,
3475 2135 3506 2172 a
3531 2134 3634 2189 qua
3659 2115 3754 2170 illa:

401 2200 461 2255 in
493 2203 727 2254 caeteras
756 2194 1106 2269 posteriores
1136 2194 1504 2251 collectiones
1537 2196 1934 2252 dimanarunt.
1960 2197 2175 2271 ’H_ujus
2201 2197 2556 2254 collectionis
2589 2205 2728 2256 sunt
2758 2203 2990 2259 codices
3009 2203 3329 2261 Vaticanus
3350 2207 3444 2261 514
3468 2203 3642 2261 saeculi
3667 2221 3752 2272 x11,

399 2288 532 2344 Vat.
557 2287 772 2360 Regius
793 2286 896 2340 139
921 2282 1117 2339 saeculi
1137 2300 1256 2352 xm,
1280 2284 1540 2339 Czcsenas
1570 2286 1808 2340 Patrum
1831 2285 2120 2342 Minorum
2143 2287 2627 2344 Conventualium
2659 2290 2716 2344 S.
2753 2291 3070 2360 Francisci,
3127 2300 3183 2350 et
3207 2293 3606 2351 Laurentianus
3650 2293 3750 2350 Flo-

401 2377 667 2443 rentinus
691 2377 776 2445 14,
801 2374 998 2447 pluteo
1018 2377 1107 2440 21,
1133 2371 1232 2446 qui
1254 2373 1402 2429 duas
1427 2377 1701 2445 praeterea
1721 2373 1997 2447 epistolas
2021 2376 2201 2441 addit,
2237 2376 2501 2432 videlicet
2535 2379 2634 2432 119
2666 2378 2868 2434 ct145.
2895 2381 3250 2445 Quesnellus
3300 2384 3472 2438 trium
3503 2399 3628 2438 mss.
3667 2381 3751 2436 hu-

392 2469 495 2540 jus
520 2463 875 2534 collectionis
894 2463 1159 2519 notitiam
1174 2461 2214 2535 habuit,Victorini,Regniacensis.et
2236 2464 2293 2519 S.
2327 2465 2561 2521 Martini
2577 2467 3130 2539 Antissiodorensis,
3157 2476 3220 2527 ut
3243 2476 3398 2545 patet
3418 2489 3482 2528 ex
3501 2470 3749 2527 Admonit.

398 2557 458 2612 in
479 2557 646 2629 epist.
665 2558 882 2624 l3,n.2;
909 2557 967 2608 at
980 2551 1102 2608 solo
1123 2551 1419 2607 Victorino
1434 2552 2053 2625 ms.plerumqueusus
2076 2558 2184 2609 est.
2208 2554 2271 2608 In
2293 2555 2489 2611 codice
2510 2556 2794 2612 Fesulano
2814 2558 2899 2624 10,
2927 2559 3128 2631 pluteo
3145 2563 3202 2628 3,
3221 2561 3406 2618 solum
3419 2560 3647 2634 epistola:
3666 2576 3752 2614 xxv

397 2643 576 2717 hujus
597 2642 951 2701 collectionis
973 2641 1277 2713 descriptae
1300 2641 1556 2707 fuerunt,
1592 2659 1841 2714 quarum
1863 2641 2150 2715 pleraeque
2166 2648 2306 2698 sunt
2321 2661 2386 2699 ex
2401 2661 2514 2699 xvu
2535 2644 2839 2714 indicatis;
2862 2648 3111 2719 epistola
3133 2655 3326 2706 autem
3366 2651 3434 2706 ad
3455 2653 3657 2705 Mauros
3682 2652 3751 2703 est

395 2736 707 2794 decurtata:
727 2730 1022 2789 editionis.
1057 2730 1350 2787 Hactenus
1377 2731 1447 2786 de
1478 2730 1940 2787 collectionibus.
1971 2731 2171 2802 Neque
2202 2736 2398 2788 tamen
2433 2733 2728 2789 credimus
2761 2735 2910 2791 alias
2956 2754 3070 2792 non
3105 2755 3280 2810 posse
3307 2737 3534 2812 reperiri
3551 2755 3570 2800 ,ο
3589 2740 3753 2792 auctor

396 2823 554 2880 enim
583 2819 935 2878 collectionis
958 2821 1025 2876 12
1045 2819 1305 2892 quinque
1326 2818 1653 2893 singulares
1673 2819 2001 2892 epistolase
2023 2819 2465 2877 collectionibus
2488 2822 2677 2879 adhuc
2726 2822 3042 2897 incognitis
3069 2827 3276 2899 procul
3309 2828 3479 2884 dubio
3501 2822 3750 2889 derivavit,

398 2917 464 2969 ut
491 2911 784 2987 superius,
816 2926 981 2966 num.
1013 2909 1108 2978 26,
1140 2908 1601 2966 observavimus.

922 3052 1141 3118 §XXVL
1171 3052 1242 3102 De
1264 3052 1585 3117 quibusdam
1597 3053 1870 3104 codicibus
1900 3053 1993 3117 qui
2023 3056 2217 3116 praeter
2245 3053 2494 3105 laudatas
2521 3053 2868 3106 collectiones
2891 3057 3009 3106 usui
3035 3056 3276 3109 fuerunt.

459 3175 550 3232 50.
581 3171 747 3231 Nunc
779 3171 850 3226 de
882 3168 956 3224 iis
984 3167 1282 3225 codicibus
1312 3167 1563 3225 breviter
1582 3168 1917 3234 dicendum,
1951 3169 2052 3240 qui
2083 3168 2219 3225 licet
2246 3168 2616 3228 collectiones
2644 3170 3026 3244 epistolarum
3055 3190 3175 3229 non
3195 3174 3330 3244 sint,
3355 3173 3568 3246 aliquas
3587 3176 3748 3230 tamen

392 3263 604 3322 Leonis
631 3260 910 3334 epistolas
941 3259 1256 3331 praebuere.
1291 3259 1433 3313 Tres
1463 3256 1847 3313 vetustissimi
1880 3257 2041 3314 mille
2072 3258 2304 3315 circiter
2334 3276 2626 3316 annorum
2657 3277 2802 3317 mss.
2835 3260 2970 3317 libri
2998 3262 3057 3317 in
3071 3264 3283 3334 primis
3305 3257 3748 3322 commemorandi

390 3356 548 3411 sunt.
578 3348 930 3407 Veronensis
957 3348 1014 3412 8,
1046 3350 1177 3418 post
1191 3345 1466 3418 epistolas
1487 3345 1815 3402 Catholicae
1846 3347 1979 3402 novi
2013 3347 2390 3414 Testamenti,
2427 3347 2589 3403 dedit
2619 3347 2927 3420 epistolam
2956 3352 3025 3406 28
3059 3352 3273 3409 Leonis
3305 3354 3376 3410 ad
3423 3351 3745 3408 Flavianum.

390 3441 550 3498 Alter
568 3437 922 3495 Veronensis
941 3436 1289 3501 58,duarum
1321 3435 1676 3506 synodorum
1708 3434 2012 3506 Ephesinae
2043 3439 2101 3490 et
2129 3435 2617 3492 Chalcedonensis
2647 3437 2812 3496 varia
2834 3438 3190 3497 documenta
3221 3440 3744 3514 complectens,eam-

391 3529 527 3585 dem
555 3526 861 3599 epistolam
893 3525 964 3579 ad
991 3523 1416 3589 Flavianum,et
1442 3522 1618 3579 aliam
1643 3525 1713 3580 ad
1739 3524 2046 3580 Rusticum
2068 3523 2675 3593 Narbonensem,cum
2700 3527 3190 3598 Inquisitionibus
3213 3529 3472 3602 praebuit.
3493 3527 3642 3585 Alius
3658 3524 3745 3578 Ve-

390 3614 678 3682 ronensis,
702 3629 858 3670 nunc
891 3611 1201 3668 Vaticanus
1233 3612 1390 3679 1322,
1423 3616 1557 3668 ante
1599 3616 1767 3685 gesta
1795 3611 2311 3681 Chalcedonensia,
2346 3613 2610 3685 quinque
2641 3615 2848 3672 Leonis
2878 3617 3160 3688 epistolas
3191 3618 3469 3686 exhibuit,
3502 3615 3744 3673 nimirum

386 3705 557 3778 epist.
590 3704 682 3769 87,
711 3703 802 3767 89,
833 3702 924 3767 93,
955 3700 1024 3754 91
1056 3703 1113 3754 et
1144 3700 1264 3754 114.
1291 3699 1354 3756 In
1387 3716 1498 3756 ms.
1522 3699 1654 3756 Vat.
1689 3701 1920 3773 Reginae
1948 3702 2055 3757 293
2082 3700 2279 3757 saeculi
2312 3719 2412 3768 xu,
2446 3706 2579 3774 post
2615 3701 2797 3762 libros
2838 3708 2922 3762 De
2955 3705 3240 3764 Vocatium:
3268 3708 3511 3764 omnium.
3530 3705 3746 3777 gentium

388 3791 802 3863 describuntur
822 3793 1076 3862 quatuor
1089 3787 1344 3860 epistolae
1361 3792 1417 3843 8.
1439 3789 1650 3845 Leonis
1671 3791 1705 3845 3
1719 3793 1734 3843 1
1748 3791 1856 3856 ,35,
1881 3791 1978 3845 139
1993 3793 2050 3846 et
2069 3789 2176 3846 165
2202 3789 2467 3847 Similem
2491 3790 2751 3848 codicem
2769 3791 3012 3851 Thuane
3023 3812 3128 3852 um
3152 3793 3493 3860 Quesnellus
3512 3791 3748 3850 habuisse

383 3884 632 3948 videtur,
666 3883 731 3935 ut
760 3895 828 3934 ex
863 3894 1004 3933 mss.
1037 3877 1164 3949 ejus
1196 3877 1406 3932 notitia
1443 3877 1638 3950 colligi
1672 3882 1880 3950 potest.
1907 3881 1969 3934 In
2002 3895 2112 3936 ms.
2137 3879 2514 3936 Vallicellano
2537 3880 2604 3935 18
2636 3881 2834 3937 saeculi
2865 3899 2943 3951 x1,
2977 3883 3080 3954 qui
3107 3885 3292 3942 codex
3316 3883 3473 3941 varia
3499 3877 3742 3954 opuscula

382 3973 658 4038 continet,
691 3967 974 4041 opusculo
1001 3967 1072 4021 73
1095 3967 1436 4022 inseruntur
1454 3967 1580 4021 duae
1607 3967 1813 4024 Leonis
1837 3967 2114 4040 epistolae,
2150 3969 2434 4026 nimirum
2457 3969 2547 4026 tit.
2583 3970 2691 4026 398
2715 3971 2887 4042 epist.
2917 3973 3036 4040 106,
3071 3977 3128 4029 et
3145 3974 3236 4030 tit.
3265 3975 3367 4031 399
3396 3973 3558 4046 epist.
3584 3969 3664 4024 93.
3692 3966 3740 4021 In

381 4063 662 4119 Vaticano
699 4060 830 4114 1343
851 4055 1046 4113 saeculi
1067 4074 1122 4124 κ,
1147 4055 1246 4129 qui
1278 4055 1390 4112 fuit
1415 4056 1682 4112 Ecclesiae
1712 4057 2059 4125 Ticinensis,
2093 4061 2149 4113 et
2171 4057 2548 4115 Miscellanea
2573 4059 2936 4132 Dicnysianae
2953 4065 3011 4118 et
3037 4061 3367 4120 lsidoriance
3389 4059 3743 4120 collectionem

383 4151 634 4219 exhibet,
653 4152 906 4221 quatuor
927 4145 1135 4202 Leonis
1149 4144 1404 4218 epistolae
1420 4146 1828 4218 praeferuntur,
1844 4163 1970 4218 quae
1986 4162 2055 4202 ex
2074 4146 2476 4204 additionibus
2499 4147 2895 4220 Dionysianis,
2931 4167 3034 4206 seu
3053 4168 3123 4208 ex
3141 4152 3477 4210 collectione
3493 4152 3524 4206 8
3537 4146 3742 4216 sumptae

382 4243 674 4307 videntur,
704 4237 989 4293 nimirum
1035 4235 1291 4308 epistolae
1335 4235 1391 4304 9,
1422 4241 1503 4302 17,
1527 4237 1598 4291 20
1618 4241 1674 4290 et
1701 4237 1816 4292 108.
1846 4235 2035 4292 Codex
2059 4235 2187 4292 Vat.
2224 4236 2362 4290 1347
2385 4236 2581 4292 saeculi
2610 4255 2667 4302 Χ,
2691 4241 2749 4294 et
2770 4238 2995 4296 similes
3037 4241 3164 4298 Vat.
3201 4242 3380 4299 Palat.
3403 4241 3522 4306 579,
3552 4253 3610 4294 ac
3635 4233 3740 4288 Val.

387 4329 618 4402 Reginae
636 4327 948 4394 849,unam
979 4323 1286 4397 epistolam
1308 4323 1372 4378 14
1406 4324 1479 4379 ad
1497 4322 1874 4379 Anastasium
1900 4324 2213 4394 praebuere.
2249 4324 2622 4384 Barberimus
2641 4327 2821 4382 codex
2840 4330 2930 4394 77,
2951 4328 3092 4401 quia
3112 4329 3419 4394 Quesnello
3434 4325 3743 4384 memoratur

383 4419 445 4473 in
475 4415 733 4472 secunda
752 4413 1022 4481 editione,
1057 4412 1241 4468 solam
1264 4411 1445 4468 obtuli
1455 4412 1794 4484 tepistolam
1813 4413 1880 4467 12
1899 4411 1979 4468 ad
1993 4412 2298 4485 episcopos
2321 4413 2683 4471 Mauritaniae
2697 4416 3082 4474 decurtatam.
3098 4419 3438 4492 Exemplum
3455 4417 3634 4488 prima
3646 4408 3738 4466 edi-

381 4507 560 4562 tionis
589 4519 927 4560 sermonum
959 4502 1018 4558 S.
1054 4501 1283 4571 Leonis,
1316 4518 1496 4574 quam
1526 4501 1781 4575 vulgavit
1809 4501 2066 4558 Joannes
2099 4502 2359 4558 Andreas
2382 4504 2690 4576 episcopus
2711 4504 3049 4576 Aleriensis,
3069 4513 3278 4578 praeter
3293 4501 3660 4580 cpistolam28
3681 4495 3736 4552 ad

382 4592 745 4658 Flavianum,
769 4596 1021 4663 quatuor
1050 4590 1194 4647 alias
1216 4590 1590 4647 sermonibus
1611 4591 1908 4662 subjectae
1925 4590 2215 4662 prestitit,
2245 4591 2511 4647 videlicet
2539 4593 2710 4665 epist.
2743 4595 2832 4661 80,
2869 4593 2992 4662 119,
3035 4595 3132 4651 145
3160 4600 3218 4652 et
3240 4597 3359 4651 165.
3392 4589 3576 4650 Caeteri
3604 4586 3740 4657 ejus-

383 4685 517 4740 dem
547 4679 776 4755 generis
807 4696 948 4734 mss.
981 4677 1134 4744 libri,
1171 4678 1271 4750 qui
1304 4679 1698 4750 peculiaribus
1728 4679 1990 4753 epistolis
2015 4679 2354 4736 Paschasini
2377 4684 2434 4734 et
2460 4679 2703 4737 Proterii
2722 4683 2793 4737 ad
2819 4682 3069 4740 Leonem
3092 4683 3468 4742 emendandis
3490 4676 3739 4752 profuere,

385 4769 665 4828 suislocis
684 4767 1135 4823 iudicabuntur:
1163 4767 1313 4834 sicut
1332 4768 1603 4826 etiamilli
1635 4770 1736 4842 qui
1755 4771 1828 4825 ad
1875 4767 2190 4826 nonnullas
2213 4767 2370 4842 leges
2393 4769 2528 4828 huic
2541 4769 2780 4827 editioni
2797 4772 3368 4846 inserendasaliquid
3392 4762 3735 4827 contulerunt.

1589 4886 1831 4946 §XXVIL
1861 4886 1934 4935 De
1965 4885 2347 4949 mauuscriptis
2374 4885 2587 4936 Grecis.

451 4993 542 5048 51.
571 4989 863 5064 Epistolas
895 4987 1103 5044 Leonis
1132 4987 1587 5046 Cbalcedonensi
1619 4989 1947 5047 collectioni
1980 4992 2047 5047 17
2076 4989 2432 5064 praemissas,
2467 5007 2603 5050 mox
2631 4993 2825 5050 Graece
2857 4995 3112 5052 redditas
3141 4999 3197 5052 et
3225 4990 3553 5065 compilatas
3579 4981 3731 5040 fuisse

383 5081 536 5138 inter
573 5097 669 5136 an.
701 5080 804 5134 453
852 5082 911 5133 et
941 5079 1044 5132 155
1067 5077 1443 5149 probavimus
1475 5095 1638 5135 num.
1671 5081 1758 5135 34.
1796 5081 1954 5137 Idem
1985 5080 2237 5138 subinde
2265 5081 2486 5138 factum
2517 5081 2699 5139 fuisse
2730 5084 2801 5140 de
2832 5083 3053 5140 caeteris
3083 5084 3346 5156 ejusdem
3373 5075 3588 5142 litteris,
3609 5080 3732 5164 ιιιξξεξ

383 5171 586 5230 eadem
609 5185 786 5242 super
817 5185 875 5222 re
899 5166 955 5220 in
979 5165 1271 5222 Orientem
1297 5169 1916 5235 transmisit,dubitare
1938 5187 2053 5226 non
2082 5169 2252 5226 licet:
2282 5171 2437 5227 unde
2467 5170 2846 5229 celeberrima
2867 5173 3019 5229 inter
3038 5174 3261 5228 Graecos
3291 5169 3375 5226 vel
3405 5155 3733 5224 olimexstitit

383 5259 554 5336 epist.
590 5260 711 5328 175,
735 5257 807 5312 ad
832 5257 1079 5311 Leonem
1110 5258 1649 5328 Augustum,cujus
1667 5258 1862 5313 Graeca
1882 5258 2065 5316 versio
2080 5259 2344 5316 omnium
2359 5261 2806 5317 accuratissima
2849 5266 2958 5318 est.
3001 5261 3263 5318 Diximus
3277 5249 3728 5336 accuratissima?1

384 5329 670 5417 omnium,
694 5363 760 5403 eo
789 5343 945 5420 quod
973 5347 1188 5402 caetera:
1219 5343 1725 5417 interpretationes
1748 5345 1954 5402 Graecae
1968 5347 2228 5404 obscura:
2250 5353 2306 5404 et
2326 5348 2633 5422 implicatae
2655 5349 3396 5424 plerumqueinveniantur.
3415 5332 3654 5414 Nequeid
3670 5329 3728 5388 ab

384 5454 450 5495 eo
481 5438 720 5510 antiquo
753 5439 1014 5507 tempore
1046 5433 1304 5490 alienum
1337 5433 1624 5489 credatur.
1658 5433 1817 5490 Sicut
1845 5435 2002 5491 enim
2025 5437 2134 5493 hac
2155 5442 2322 5494 aetate
2343 5439 2498 5511 apud
2524 5439 2760 5495 Latinos
2791 5440 2903 5498 rari
2936 5445 3101 5497 erant
3131 5439 3226 5514 qui
3241 5439 3484 5496 Graecam
3505 5430 3730 5519 linguam

387 5529 566 5599 probe
597 5525 954 5592 callerent,et
981 5527 1242 5580 exactam
1258 5523 1584 5580 versionem
1615 5540 1646 5580 e
1665 5527 1859 5580 Greco
1884 5525 2192 5583 redderent
2220 5545 2232 5594 ;
2259 5527 2340 5583 ita
2363 5510 2516 5600 apud
2559 5528 2788 5585 Graecos
2830 5529 2945 5584 rari
2969 5531 3069 5603 qui
3117 5510 3358 5602 perfecte
3377 5510 3729 5603 tenerentlin:

387 5592 562 5688 gnam
596 5616 1338 5686 Latinam,accuratamque
1362 5613 1897 5686 interpretationem
1920 5632 1988 5671 ex
2008 5592 2629 5688 Latinoproddcerent.
2655 5619 2852 5686 Quoad
2879 5592 3272 5676 Latinos-satis
3291 5608 3584 5671 indicioest
3610 5592 3727 5688 illud

388 5682 682 5763 leestini
710 5703 879 5778 epist.
920 5703 981 5762 13
1007 5704 1076 5760 ad
1103 5682 1456 5772 Nestorium,
1482 5682 1644 5762 nium.
1668 5707 1725 5775 2,
1757 5705 1854 5760 ubi
1878 5705 2066 5762 serius
2088 5707 2156 5762 ad
2192 5682 2320 5777 ejus
2343 5705 2619 5778 epistolas
2651 5682 2712 5764 se
2743 5707 3116 5780 respondisse
3137 5707 3385 5765 affirmat
3413 5700 3512 5756 hac
3547 5705 3650 5750 una
3673 5682 3730 5737 de
