3946 6214
165 286 228 348 ’ἷἹ
982 288 1414 357 PREFATIU
1442 293 1522 355 IN
1567 291 1723 355 EPIE

2047 294 2109 356 S.
2146 292 2425 358 LEONlS
2471 292 2743 357 MAGNI.
3446 299 3563 362 578

134 437 321 481 causa:
355 416 503 481 Erat
535 428 703 484 enim
732 427 798 483 in
824 424 1083 485 Lati-nam
1112 444 1288 485 sermo
1317 427 1626 490 vertendus;
1659 443 1725 482 ac
1747 425 1793 482 si
1816 425 2054 483 difﬁcile
2073 426 2448 486 fueritRomae
2462 428 3186 505 expedituminterpretem
3213 431 3559 490 invenire.ld

139 518 313 570 autem
344 515 502 572 adeo
541 521 763 573 notum
796 517 978 576 fuisse
1006 517 1241 574 videtur
1261 516 1493 591 Cyrillo,
1516 521 1579 572 ut
1609 517 1804 572 Graeca
1820 517 2085 588 quaedam
2108 517 2459 574 documenta
2474 520 2545 575 ad
2560 519 2833 575 eumdem
2846 518 3222 578 Caelestinum
3244 521 3560 592 missurus,

140 618 196 658 ea
220 603 662 661 ob'faciliorem
692 609 753 662 et
781 607 1199 680 promptiorem
1231 604 1763 678 usum(a)quantum
1784 605 1941 660 licuit
1963 622 2066 677 per
2093 622 2186 661 eos
2218 608 2312 678 qui
2341 606 2696 664 Alexandria
2723 598 2894 663 vitam
2915 608 3201 679 degebant,
3228 611 3421 667 Latine
3440 611 3562 668 red-

143 691 297 748 denda
323 696 646 761 curaverit,
683 698 751 751 ut
780 695 906 769 ipse
934 699 1183 751 testatur
1203 696 1375 768 epist.
1409 696 1444 747 8
1473 695 1545 749 ad
1577 691 1955 750 Caelestinum
1981 711 2145 749 num.
2177 695 2230 750 9.
2263 694 2406 751 Hinc
2437 695 2612 752 etiam
2643 697 2702 751 S.
2737 701 2865 764 Leo,
2890 697 3058 770 epist.
3092 701 3209 767 113,
3244 717 3293 755 c.
3320 702 3372 769 4,
3406 706 3565 774 post-

149 797 305 855 quam
334 782 673 838 afﬁrrnavit
691 783 1562 858 gestorumChalcedonensium
1589 782 2035 839 instructionem
2052 783 2507 856 apudRomanos
2522 784 2702 841 fuisse
2708 802 2912 857 parum
2931 787 3141 841 claram
3159 792 3383 860 propter
3393 789 3570 845 diver-

149 874 343 927 sitatem
370 872 597 942 lingua:
620 870 843 936 Graecae,
863 870 1093 944 quailla
1120 870 1340 945 scripta
1364 871 1627 939 erant,de
1652 870 1835 944 perito
1850 870 2166 943 interprete
2180 871 2373 927 Romae
2389 871 2735 928 inveniendo
2749 872 3043 941 difﬁdens,
3064 891 3093 929 ει
3119 874 3565 936 JulianoCoensi

154 962 306 1017 enixe
330 961 499 1033 petiit
530 965 601 1017 ut
632 976 706 1018 ea
737 958 1455 1035 ConstantinopoliLatine
1472 960 1877 1015 transferenda
1901 965 2150 1015 curaret.
2170 958 2437 1032 lllaipsae
2462 961 2717 1033 antiquae
2733 962 3028 1018 versiones
3053 964 3267 1020 Latinae
3293 985 3570 1040 quorum.

155 1050 280 1106 dam
307 1049 807 1107 documentorum
826 1055 957 1107 ante
976 1049 1313 1124 Dionysium
1326 1048 1613 1122 Exiguum
1626 1047 2047 1120 adeoimplexze
2067 1052 2297 1114 sunt,ut
2311 1049 2463 1105 hanc
2485 1051 2749 1106 eamdem
2772 1050 3181 1109 difﬁcultatem
3206 1058 3348 1114 satis
3371 1077 3570 1134 super-

156 1155 258 1211 que
284 1139 658 1196 conﬁrment.
694 1140 857 1196 Idem
887 1156 1018 1197 vero
1033 1138 1316 1196 accidisse
1332 1138 1488 1211 apud
1506 1137 1755 1204 Graecos,
1785 1153 1920 1192 cum
1938 1138 2234 1194 reddenda
2249 1143 2445 1193 essent
2457 1138 2649 1193 Graece
2661 1139 3009 1195 documenta
3029 1141 3255 1211 Latina,
3275 1148 3568 1207 versiones

148 1228 358 1300 pariter
384 1228 645 1300 antiquae
673 1227 905 1299 Graecae,
939 1245 1072 1301 quin
1102 1228 1224 1285 sive
1256 1226 1317 1283 in
1348 1225 1662 1299 Ephesino,
1687 1225 1806 1282 sive
1827 1225 1883 1280 in
1902 1226 2357 1283 Chalcedonensi
2389 1226 2636 1283 concilio
2666 1228 2825 1284 lectae
2858 1231 3036 1301 fuere,
3070 1232 3575 1295 testimoniumlo-

148 1316 618 1389 cupletissimum
651 1315 922 1372 afferunt:
948 1315 1127 1389 idque
1157 1332 1260 1389 per
1288 1315 1407 1371 haec
1437 1330 1671 1387 quoque
1700 1315 2091 1387 temporadici
2126 1316 2317 1388 potuit
2342 1316 2497 1388 quod
2521 1334 2628 1373 suo
2645 1334 2761 1373 aevo
2781 1318 3035 1390 scripsit.
3062 1320 3568 1397 S.Gregorius,lib.

148 1423 246 1475 vn,
277 1406 449 1480 epist.
480 1407 554 1461 13
577 1406 651 1461 ad
670 1406 1013 1462 Narsetem:
1042 1405 1357 1477 Quiahodie
1384 1406 1444 1459 in
1467 1405 1936 1476 Constantinopoli
1962 1405 2313 1476 civitate,qui
2340 1405 2404 1460 de
2431 1407 2625 1461 Latino
2656 1407 2717 1460 in
2734 1405 2984 1463 Glaucum
3013 1408 3217 1468 dictata
3240 1413 3370 1470 bene
3389 1424 3571 1472 trans-

142 1498 323 1567 ferant
353 1511 463 1553 non
488 1504 643 1557 sunt;
674 1495 809 1551 dum
836 1496 983 1551 enim
1014 1495 1176 1551 verba
1203 1494 1532 1563 custodiunt,
1550 1496 1599 1550 et
1618 1508 1807 1549 sensus
1828 1494 2057 1549 minime
2079 1492 2389 1561 attendunt,
2414 1510 2513 1549 nec
2535 1495 2696 1549 verba
2723 1496 3032 1567 intelligere
3050 1500 3289 1569 faciunt,
3312 1505 3364 1558 et
3382 1512 3574 1564 sensus

140 1587 430 1657 frangunt.
458 1582 621 1639 Nihil
651 1582 833 1658 igitur
861 1583 1078 1639 mirum
1110 1583 1206 1649 sit,
1237 1582 1285 1639 si
1318 1582 1524 1638 Graecae
1554 1581 1852 1638 versioucs
1879 1580 2259 1654 epistolarum
2297 1581 2499 1637 Leonis
2530 1599 2645 1637 non
2677 1583 3049 1642 adamussim
3075 1591 3433 1662 respondent
3453 1594 3572 1654 ori-

142 1673 323 1746 ginali
358 1672 581 1744 Latino,
610 1674 783 1745 cujus
815 1673 1163 1729 sententiam
1196 1670 1429 1728 Graecus
1460 1670 1747 1743 interpres
1780 1684 2228 1743 nonnumquam
2263 1669 2459 1726 minus
2489 1674 2800 1726 assecutus
2833 1676 3198 1746 agnoscitur.

205 1766 298 1819 52.
329 1762 531 1836 Neque
560 1766 758 1819 tamen
790 1762 1005 1819 idcirco
1036 1761 1122 1817 hze
1152 1760 1448 1817 versioues
1470 1760 1715 1816 minoris
1730 1759 2008 1814 habendae
2032 1763 2193 1824 sunt;
2229 1772 2365 1813 nam
2385 1758 2495 1813 sub
2512 1754 3574 1829 Hormisda,reconciliatisOrientali-

138 1852 255 1909 bus
283 1868 425 1909 cum
452 1849 815 1909 Occidentali
848 1851 1124 1919 Ecclesia,
1150 1849 1233 1905 illi
1265 1867 1379 1905 non
1395 1849 1587 1906 solum
1611 1847 1991 1922 epistolamS.
2028 1846 2235 1903 Leonis
2251 1847 2323 1903 ad
2342 1847 2822 1913 Flavianum,sed
2850 1866 3054 1908 omnes
3083 1853 3272 1926 ipsius
3293 1858 3577 1932 epistolas

139 1941 412 2011 ejusdem
441 1941 775 2015 argumenti
806 1939 1062 2012 proﬁteri
1095 1939 1382 1996 solebant.
1416 1939 1479 1995 Id
1512 1942 1577 1993 ut
1605 1937 1921 2010 exigerent,
1954 1936 2015 1991 in
2039 1935 2333 1991 mandatis
2351 1935 2593 1991 dederat
2622 1934 2897 1993 laudatus
2921 1941 3177 2011 pontifex
3208 1946 3568 2024 suislegatis

138 2030 709 2104 Constantinopolim
741 2030 1129 2096 transmissis,
1159 2034 1225 2085 ut
1254 2031 1412 2101 patet
1438 2040 1508 2084 ex
1537 2027 1795 2084 indiculo
1829 2025 2048 2082 eisdem
2080 2026 2314 2089 tradito.
2347 2026 2501 2097 Quod
2535 2024 2747 2098 legitur
2767 2031 2909 2082 tom.
2946 2028 2993 2081 V
3021 2030 3242 2090 Concil.
3280 2054 3413 2111 pag.
3436 2042 3567 2100 567.

141 2120 285 2175 edit.
326 2121 563 2178 Venetae.
597 2120 742 2176 Hinc
772 2120 1030 2175 Joannes
1061 2120 1370 2192 cpiscopus
1402 2117 1861 2190 Nicopolitanus,
1895 2116 1953 2171 in
1987 2115 2235 2189 epistola
2262 2116 2334 2171 ad
2361 2115 2633 2171 eumdem
2666 2116 3022 2187 pontificem,
3047 2137 3177 2195 pag.
3210 2126 3335 2196 578,
3368 2145 3404 2183 α
3429 2147 3443 2185 ε
3468 2132 3573 2187 ,ςε-

140 2224 349 2279 quens,
369 2204 578 2282 inquit,
614 2211 673 2263 in
701 2208 954 2264 omnibus
983 2225 1119 2279 syno
1138 2207 1272 2262 licus
1301 2214 1351 2262 et
1379 2206 1703 2277 apostolica:
1732 2205 1989 2277 epistolas
2020 2206 2247 2276 scriptas
2277 2222 2312 2260 a
2334 2220 2456 2260 vero
2475 2205 2715 2276 praesule
2742 2206 3006 2265 Romanae
3032 2210 3283 2270 Ecclesz'ae
3308 2218 3576 2279 Leone.“

141 2298 517 2368 professione
543 2296 930 2355 Orientalium
960 2298 1114 2354 edita
1146 2301 1201 2352 et
1230 2295 1301 2352 ad
1334 2295 1608 2351 eumdem
1640 2295 1975 2367 pontiﬁcem
2004 2294 2184 2350 missa
2217 2311 2311 2349 an.
2341 2294 2469 2362 517,
2502 2310 2635 2367 pag.
2667 2296 2793 2363 583,
2818 2313 2870 2363 a,
2907 2297 3136 2370 legitur:
3161 2303 3505 2378 Suscipimus
3522 2319 3580 2369 et

136 2387 527 2459 approbemus
552 2404 727 2443 omnes
755 2388 1010 2460 epistolas
1041 2388 1234 2442 Leonis
1260 2400 1422 2457 papae
1450 2386 1737 2440 universas
1759 2401 1890 2454 quas
1916 2383 1980 2438 d3
2010 2384 2278 2451 religione
2296 2382 2613 2440 Christiana
2627 2386 2969 2458 conscripsit.
3002 2388 3263 2449 Joannes
3283 2398 3574 2455 Constan-

143 2474 603 2548 tinopolitanus,
634 2474 692 2531 in
725 2474 976 2549 epistola
1005 2476 1077 2531 ad
1106 2475 1399 2542 eumdem,
1430 2489 1561 2546 pag.
1594 2474 1719 2539 622,
1743 2473 1799 2527 d:
1834 2473 2132 2527 Probamus
2148 2476 2199 2527 et
2227 2472 2608 2561 amplectimur
2635 2473 2888 2545 epistolas
2916 2492 3101 2533 omnes
3123 2481 3186 2535 Β.
3211 2482 3406 2541 Leonis
3419 2505 3584 2561 papae

143 2565 316 2619 urbis
353 2566 540 2634 Rom,
570 2583 707 2637 quas
734 2566 1060 2637 conscripsit
1086 2565 1150 2620 de
1181 2568 1325 2620 recta
1354 2562 1479 2634 fide.
1508 2563 1577 2618 Et
1608 2569 1672 2618 ut
1700 2561 1815 2617 alia
1843 2561 1900 2616 id
1929 2578 2115 2661 genus
2139 2559 2475 2661 testimonia
2503 2561 2874 2661 omittamus,
2901 2564 3027 2637 ipse
3062 2567 3381 2641 imperator
3397 2559 3587 2661 Justi.

166 2652 410 2721 nianus,
443 2654 501 2709 in
546 2652 799 2727 epistola
828 2654 900 2709 ad
922 2654 1238 2726 Agapitum
1264 2670 1493 2725 papam,
1517 2669 1650 2726 pag.
1679 2653 1868 2718 947,0:
1892 2652 2184 2706 Probantes
2200 2665 2301 2721 per
2324 2652 2509 2705 omnia
2529 2659 2688 2723 atque
2717 2654 3095 2724 amplectentes
3123 2662 3379 2730 epistolas
3400 2652 3584 2732 8.7m:

154 2746 357 2799 navist?
383 2743 571 2799 Leonis
595 2758 782 2798 omnes
812 2760 946 2813 quas
976 2742 1041 2798 de
1064 2743 1170 2814 ﬁzlc
1192 2743 1507 2798 Christiana
1535 2742 1874 2813 conscripsit.
1896 2738 2165 2811 Epistolas
2200 2756 2345 2811 quas
2380 2739 2475 2794 isti
2498 2739 2825 2811 probabant
2846 2746 3020 2814 atque
3051 2747 3579 2831 amplectebantur,

164 2836 338 2887 erant
360 2831 857 2905 interpretationis
889 2831 1361 2887 Graecee.Grrecus
1390 2829 1588 2901 itaque
1618 2830 1863 2884 istarum
1886 2832 2080 2883 textus
2102 2845 2218 2884 non
2253 2832 2315 2882 ut
2346 2826 2632 2899 privatum
2648 2829 2932 2901 scriptum
2957 2831 3262 2895 habendus
3283 2849 3500 2912 est,sed
3518 2826 3585 2908 ut

168 2919 466 2991 publicum
496 2921 766 2977 Ecclesiae
784 2919 1095 2976 Orientalis
1122 2926 1571 2975 monumentum
1595 2919 1665 2974 ab
1695 2919 1898 2974 eadem
1918 2918 2228 2989 probatum
2249 2920 2422 2988 atque
2446 2922 2743 2989 receptum
2765 2919 2839 2974 ad
2862 2924 3235 2984 statuendam
3256 2938 3459 2992 contra
3474 2939 3586 2996 Eu.

170 3008 469 3080 tyehianos
497 3009 846 3066 catholicam
877 3009 1223 3091 ﬁdemﬂinc
1245 3012 1438 3063 autem
1471 3013 1691 3080 quanta
1706 3007 1917 3061 harum
1933 3005 2477 3079 interpretatiouum
2495 3007 2813 3064 auctoritas
2830 3008 3586 3091 sit,quautumqueintersit

181 3113 379 3155 earum
407 3099 603 3167 editio,
638 3116 813 3155 nemo
844 3104 931 3154 est
961 3074 1060 3170 qu‘i
1092 3116 1207 3153 non
1238 3098 1448 3153 videat.
1480 3097 1619 3153 Alia:
1648 3113 1819 3169 porro
1849 3095 2105 3166 epistola
2136 3113 2170 3150 a
2201 3097 2413 3150 Graecis
2443 3096 2782 3153 auctoribus
2815 3099 2884 3153 ad
2917 3099 3165 3160 Leonem
3189 3074 3337 3165 datae
3358 3117 3415 3169 et
3434 3115 3587 3174 inter
3658 3109 3667 3121 ’

174 3186 449 3244 Leoninas
496 3189 896 3255 recensendas,
919 3192 1111 3243 Graece
1125 3187 1355 3259 scriptae
1376 3188 1628 3255 fuerunt;
1650 3187 1805 3242 unde
1835 3188 2096 3241 Graecum
2115 3184 2412 3258 exemplar
2427 3184 2709 3259 originale
2731 3188 3130 3249 omittendum
3156 3213 3272 3253 non
3290 3199 3420 3259 fuit.
3446 3205 3583 3263 Duae

174 3276 310 3332 item
339 3278 591 3351 epistolae
626 3278 838 3333 Leonis
871 3279 935 3332 43
954 3281 1009 3333 et
1038 3276 1257 3344 72,una
1292 3276 1467 3332 Ililari
1501 3277 1774 3332 Romanae
1803 3273 2071 3364 Ecclesim
2094 3274 2321 3331 diaconi
2352 3275 2422 3331 ad
2437 3275 2803 3332 Pulcheriam
2817 3279 3144 3351 epist.46,et
3160 3302 3299 3355 pars
3325 3290 3582 3364 epistola

176 3366 241 3418 23
270 3366 419 3423 Petri
447 3366 803 3423 Ravennatis
831 3366 902 3421 ad
935 3364 1255 3437 Eutychen,
1290 3363 1426 3421 licet
1446 3366 1518 3421 ab
1541 3364 1881 3422 auctoribus
1913 3363 2115 3420 Latine
2142 3363 2370 3436 scriptae
2386 3363 2623 3432 fuerint;
2651 3381 2786 3421 cum
2806 3371 3005 3425 tamen
3021 3371 3262 3432 Lat-inus
3278 3363 3582 3453 originalis

176 3470 369 3512 earum
398 3460 590 3513 textus
622 3455 1005 3522 desideretur,
1039 3456 1237 3512 Graeca
1268 3455 1506 3527 antiqua
1537 3455 1748 3525 versio,
1773 3471 1902 3526 quae
1933 3455 2004 3509 ab
2025 3453 2155 3509 aliis
2170 3459 2371 3526 postea
2392 3454 2595 3510 Latine
2621 3456 2845 3513 reddita
2877 3458 3117 3533 fuit,pro
3140 3464 3408 3539 originali
3421 3474 3583 3529 textu

177 3541 435 3602 habenda
456 3549 565 3602 est.
598 3545 879 3615 Ejusdem
913 3544 1144 3617 generis
1179 3549 1318 3599 sunt
1350 3547 1601 3616 quatuor
1630 3542 1886 3616 epistolae
1918 3541 2254 3615 imperiales
2282 3543 2371 3610 55,
2404 3544 2495 3611 56,
2527 3544 2599 3598 57
2629 3547 2685 3599 et
2721 3545 2811 3612 58,
2844 3562 2914 3602 ex
2939 3546 3248 3611 Occidente
3297 3558 3490 3616 missas
3521 3561 3583 3618 in

178 3630 480 3704 Orientem,
511 3651 640 3706 quae
676 3633 879 3689 Latino
908 3633 1177 3707 originali
1206 3632 1528 3705 deperdita,
1569 3630 1697 3688 sola
1731 3631 1975 3705 antiqua
2003 3631 2200 3687 Graeca
2228 3631 2415 3687 versio
2446 3632 2739 3704 posterius
2772 3635 2975 3693 Latine
3004 3640 3294 3714 traducta,
3317 3644 3441 3704 loco
3460 3651 3585 3707 ori—

185 3722 390 3795 ginalis
414 3723 617 3780 haberi
650 3724 843 3779 debet.
3572 3752 3575 3755 ν

239 3813 328 3867 53.
352 3811 699 3878 Quesnellus
728 3812 788 3867 in
818 3810 1008 3884 prima
1028 3811 1286 3868 editione
1344 3810 1658 3867 duodecim
1691 3813 1923 3866 tantum
1978 3809 2362 3882 epistolarum
2428 3810 2693 3867 Graecum
2718 3814 2945 3869 textum
2977 3816 3181 3886 edidit,
3241 3837 3443 3881 earum
3476 3827 3584 3882 sci.

184 3897 310 3956 licet
334 3917 480 3973 quas
508 3906 613 3957 aut
642 3901 717 3956 ab
739 3900 963 3973 origine
994 3899 1188 3956 Graece
1218 3898 1489 3973 scriptas,
1538 3902 1641 3954 aut
1696 3915 1799 3971 pro
1830 3898 2218 3971 originalibus
2274 3897 2574 3955 habendas
2631 3900 2900 3969 credidit,
2956 3903 3239 3964 nimirum
3282 3911 3453 3983 epist.
3484 3917 3580 3987 22,

188 3989 271 4059 52,
325 3991 413 4058 55,
468 3992 559 4057 56,
620 3991 712 4059 57,
776 3989 866 4055 62,
925 3989 1015 4057 63,
1069 3990 1161 4056 64,
1223 3990 1317 4059 73,
1372 3988 1465 4058 76,
1518 3989 1590 4041 77
1619 3991 1677 4043 et
1730 3988 1820 4043 98.
1874 3988 1936 4042 In
1995 3987 2254 4044 secunda
2298 4004 2432 4044 vero
2463 3987 2719 4044 editione
2776 3990 3006 4048 addidit
3061 3993 3209 4051 alias
3238 3996 3387 4054 duas
3418 4000 3581 4057 σηοω-ς

192 4078 373 4133 cas26
414 4083 471 4135 et
524 4080 616 4147 53,
678 4096 807 4152 quae
866 4076 1233 4145 aCotelerio,
1292 4080 1349 4132 et
1380 4076 1520 4133 item
1585 4078 1683 4131 100
1713 4080 1769 4132 et
1827 4077 1952 4145 HO,
1988 4093 2115 4149 quae
2146 4077 2219 4132 ab
2276 4075 2530 4132 Arnoldo
2582 4080 2716 4149 post
2761 4079 3015 4150 priorem
3074 4082 3390 4142 editionem
3424 4090 3580 4161 typis
3642 4142 3649 4149 .

195 4162 328 4221 data
346 4167 600 4223 fuerunt.
634 4166 720 4223 Ita
751 4167 952 4223 decem
1006 4170 1065 4222 et
1111 4183 1211 4222 sex
1237 4165 1518 4238 epistolas
1576 4164 1806 4222 Graecas
1857 4181 1927 4221 ex
1956 4165 2210 4239 vulgatis
2265 4165 2572 4237 excerpsit.
2606 4166 2723 4222 Nos
2777 4183 2933 4234 vero,
2965 4168 3183 4239 quibus
3212 4175 3579 4246 propositum

193 4255 271 4307 est
295 4256 553 4312 omnium
584 4254 970 4329 epistolarum
1003 4254 1267 4310 Graecum
1298 4259 1522 4310 textum
1554 4254 1895 4326 producere,
1927 4254 2001 4309 iis
2031 4254 2103 4309 de
2135 4254 2333 4308 causis
2365 4270 2515 4325 quas
2566 4270 2747 4325 supra
2793 4254 3239 4328 explicavimus,
3292 4263 3582 4325 addemus

194 4337 432 4399 Graecum
461 4348 685 4400 textum
718 4343 969 4399 aliarum
1018 4342 1401 4415 epistolarum
1448 4341 1651 4415 viginti
1699 4346 1757 4398 et
1803 4342 2087 4415 quinque,
2119 4341 2201 4396 ita
2228 4345 2295 4396 ut
2322 4358 2527 4398 omnes
2578 4341 2786 4397 Graecae
2833 4342 3090 4414 epistolae
3121 4345 3231 4403 hac
3262 4348 3323 4406 in
3373 4358 3579 4412 nostro

198 4428 422 4489 editione
450 4432 659 4489 futurae
691 4432 813 4489 sint
840 4449 952 4487 xu.
986 4431 1142 4487 Inter
1170 4430 1277 4487 has
1309 4430 1557 4503 epistola
1588 4432 1683 4485 101
1717 4429 1968 4486 Anatolii
1991 4430 2060 4486 ad
2087 4430 2337 4486 Leonem
2365 4429 2665 4503 originalis
2681 4446 2750 4485 ex
2782 4447 2894 4485 ms.
2922 4431 3116 4487 Graeco
3138 4433 3419 4497 Vaticano
3446 4444 3580 4500 1455

200 4531 332 4576 nunc
361 4521 609 4593 primum
625 4520 905 4595 prodibit.
923 4520 1003 4575 Ex
1016 4520 1218 4576 eodem
1232 4520 1429 4577 codice
1451 4520 1725 4575 accedent
1742 4520 1916 4576 etiam
1931 4520 2191 4593 quinque
2221 4519 2474 4590 antiquae
2506 4519 3012 4590 interpretationes
3035 4521 3262 4593 Griecaa,
3279 4544 3407 4599 quae
3425 4547 3578 4589 non-

199 4606 319 4665 dum
344 4608 528 4668 lucem
560 4611 852 4675 viderunt,
882 4608 1541 4680 videlicctepistolarum
1563 4609 1684 4677 101,
1720 4610 1841 4677 106,
1863 4609 1985 4676 114,
2018 4608 2040 4664 1
2066 4610 2124 4663 15
2144 4611 2201 4663 et
2222 4606 2335 4663 139.
2368 4607 2666 4663 Addemus
2686 4613 2962 4679 praeterea
2992 4626 3060 4666 ex
3088 4611 3293 4671 Vossio
3315 4617 3575 4680 Graecam

198 4699 598 4758 exactissimam
629 4699 959 4755 versionem
992 4696 1252 4771 epistolae
1285 4697 1407 4764 165,
1440 4697 1988 4753 LeonisadLeonem
2019 4699 2507 4769 Augustum,quae
2523 4713 2626 4752 nec
2656 4696 2714 4752 in
2738 4697 2910 4753 editis
2927 4700 3317 4761 Conciliorum
3339 4705 3572 4780 legitur.

202 4782 517 4847 Ceterarum
542 4806 677 4846 vero
710 4787 978 4844 omnium
1009 4786 1391 4859 epistolarum
1422 4803 1538 4843 non
1570 4786 1952 4859 exscriptores
1983 4790 2213 4841 tantum
2245 4784 2464 4842 erimus
2495 4802 2563 4842 ex
2591 4786 2788 4858 editis,
2812 4790 2877 4843 ut
2906 4786 3189 4848 hactenus
3219 4792 3440 4853 factum
3461 4803 3573 4869 est;

200 4874 393 4934 codices
419 4878 575 4935 enim
607 4877 839 4934 Graecos
869 4874 1367 4948 investigavimus,
1400 4878 1456 4931 et
1487 4874 1836 4942 invenimus,
1872 4891 2007 4930 cum
2031 4874 2246 4948 quibus
2267 4892 2471 4932 omnes
2501 4875 2622 4932 fere
2652 4877 2931 4949 epistolas
2963 4880 3190 4940 Graecas
3210 4886 3473 4944 conferre
3501 4886 3577 4943 li-

194 4963 312 5033 cuit,
339 4971 392 5023 et
418 4966 548 5024 illas
581 4966 763 5022 etiam
795 4963 1130 5020 rarissimas
1163 4981 1309 5037 quas
1327 4963 1618 5020 Arnoldus
1644 4962 1921 5036 vulgavit.
1945 4963 2265 5020 Cotclerius
2297 4964 2355 5019 iu
2378 4964 2728 5022 bibliotheca
2758 4967 2940 5039 Regia
2965 4968 3223 5028 Pariensi
3248 4974 3574 5045 perfectum

190 5054 722 5129 exemplarGrzecum
737 5052 1097 5109 collectionis
1111 5052 1601 5109 Chalcedonensis
1628 5059 1837 5108 nactus
1849 5057 1958 5119 est,
1975 5054 2026 5108 ei
2041 5053 2302 5109 omnimo
2322 5053 2535 5123 simile,
2560 5056 2717 5127 quod
2734 5056 3018 5129 antiquus
3031 5059 3272 5118 Latinus
3287 5062 3576 5137 interpres

188 5141 420 5211 ejusdem
448 5142 815 5203 collectionis
846 5139 1137 5198 adhibuit.
1174 5141 1284 5198 Sex
1312 5141 1469 5198 enim
1501 5140 1779 5214 epistolas
1810 5142 2061 5210 Graecas,
2106 5159 2233 5214 quae
2284 5144 2439 5215 apud
2489 5144 2868 5217 interpretem
2919 5146 3193 5206 Latinum
3242 5155 3380 5208 ante
3407 5157 3577 5224 gesta

189 5228 449 5305 leguntur,
483 5240 545 5291 at
577 5234 638 5289 in
667 5229 971 5289 codicibus
1001 5229 1102 5303 qui
1134 5231 1269 5287 usui
1299 5230 1539 5288 fuerunt
1570 5230 1853 5287 Romanis
1883 5231 2212 5287 editoribus
2243 5232 2301 5286 in
2328 5232 2552 5289 edendo
2587 5233 2781 5291 Graeco
2811 5239 2971 5292 textu
2997 5237 3234 5307 desunt,
3266 5255 3336 5294 ex
3365 5239 3571 5294 eodem

191 5336 285 5378 ms.
314 5323 483 5400 Regio
510 5322 671 5398 typis
683 5319 884 5377 'dedit.
916 5324 981 5376 In
1011 5318 1236 5377 caeteris
1257 5322 1392 5378 ve'ro
1424 5320 1685 5394 epistolis
1712 5319 1925 5377 Graecis
1955 5338 2127 5378 nemo
2150 5321 2341 5378 adhuc
2371 5321 2644 5378 inventus
2660 5327 2746 5380 est
2776 5324 2876 5396 qui
2907 5325 3172 5382 Graecum
3197 5330 3414 5382 textum
3435 5337 3570 5379 cum

247 5502 308 5578 {at
331 5506 613 5578 Quantum
643 5502 816 5578 licuit
838 5499 1051 5578 inquit;
1081 5514 1300 5578 neque
1324 5501 1483 5557 enim
1521 5500 1705 5578 facile~
1720 5517 1851 5575 spe-
1964 5503 2185 5578 scripta
2212 5502 2773 5578 Latine‘diligenter
2799 5503 3129 5571 redderent,
3163 5502 3228 5556 ut
3255 5498 3449 5555 videre
3474 5500 3569 5558 est
3650 5514 3655 5517 '

189 5568 649 5638 mbatl’roterius
692 5577 760 5631 ut
787 5568 1162 5630 Alexandrini
1197 5568 1304 5630 'sui
1334 5573 1619 5651 temporis
1665 5568 1863 5633 Graeca
1971 5568 2142 5651 epis’t.
2186 5574 2306 5648 131,
2340 5592 2391 5634 c.
2423 5574 2477 5633 9.
