3946 6214
427 267 542 329 5ῖ9
1242 260 1661 324 PR/EFATIO
1705 261 1783 321 IN
1829 259 2259 323 EPISTOLAS
2307 261 2372 322 S.
2418 259 2696 323 LEONIS
2742 258 3014 322 MAGNI.
3698 264 3796 328 580

427 400 623 473 aliquo
654 398 851 455 codice
880 396 1162 454 recoleret
1187 399 1243 452 et
1266 395 1623 452 emendaret.
1656 394 1773 450 Nos
1799 410 1933 449 vero
1965 392 2026 448 in
2050 408 2194 448 mss.
2224 392 2437 449 Graecis
2470 392 2832 449 bibliothecae
2853 393 3075 449 Venetae
3104 394 3160 447 S.
3193 390 3394 459 Marci,
3416 405 3588 464 opem
3606 392 3794 472 ferente

425 488 499 545 cl.
531 507 585 545 v.
618 486 868 544 Antonio
899 488 1133 543 Zanetto
1164 485 1429 557 ejusdem
1461 483 1823 540 bibliotheca:
1857 483 2116 548 custode,
2152 482 2435 554 epistolas
2468 500 2502 538 a
2530 482 2809 539 Romanis
2854 482 3041 539 editas
3064 480 3319 555 relegere
3366 481 3659 553 potuimus
3683 499 3796 540 cum

426 577 657 634 duobus
684 576 896 632 Graecis
923 573 1355 648 exemplaribus
1385 572 1651 644 ejusdem
1683 570 2050 626 collectionis
2096 571 2204 626 555
2253 569 2449 627 saeculi
2479 588 2538 626 x1
2584 570 2671 626 vel
2699 586 2802 639 xu,
2832 574 2889 628 et
2921 572 3025 627 164
3071 569 3264 627 saeculi
3315 570 3664 640 recentioris,
3692 588 3797 644 qua

425 666 668 723 alterius
697 664 939 738 originis
969 669 1025 720 et
1039 662 1457 719 meliorisnotae
1471 664 1802 733 suntquam
1817 678 1943 733 quae
1971 658 2257 716 Romanis
2275 659 2597 716 editoribus
2612 660 3011 717 usuifuere.In
3027 677 3169 717 mss.
3201 676 3335 716 vero
3358 653 3796 734 Graecoejdsdem

423 754 782 812 bibliotheca
813 752 1097 824 465,quod
1131 750 1414 807 nonnulla
1436 748 1969 821 coutinetejusdem
1999 748 2357 805 collectionis
2372 750 2745 817 documenta,
2770 766 2949 805 unam
2963 749 3120 806 nacti
3141 766 3351 806 sumus
3372 766 3443 805 ex
3460 749 3798 822 sexepistolis

422 861 458 900 a
484 839 1334 915 Coteleriovulgatis,nimirum
1366 838 1625 895 Flaviani
1647 838 2040 911 epist.26,una
2069 853 2203 893 cum
2218 837 2697 911 interpretatione
2709 837 2966 912 epistolae
2987 841 3057 894 28
3079 838 3286 897 Leonis
3306 837 3380 894 ad
3400 837 3684 909 eumdem.
3701 838 3796 895 Hes

420 932 568 988 duas
597 929 875 1005 epistolas
887 930 1105 1002 pariter
1117 927 1513 1002 reperimusin
1536 927 1778 999 antiquo
1794 927 2174 983 ms.Romano
2190 927 2257 982 19
2278 927 2514 983 Patrum
2546 927 2995 996 Basilianorum,
3019 931 3222 984 etcum
3244 926 3515 999 utrisque
3530 926 3795 985 codicibus

404 1021 624 1076 'ambas
653 1017 1034 1075 contulimus.
1066 1017 1288 1073 Horum
1318 1019 1515 1071 autem
1546 1014 1814 1070 codicum
1847 1014 2111 1070 subsidio
2125 1014 2294 1086 plura
2311 1016 2492 1071 Graeci
2514 1014 3067 1073 textuslocasanare
3085 1015 3342 1084 licuit,in
3363 1031 3482 1088 quo
3505 1014 3796 1089 plurimum

417 1126 526 1166 nos
554 1109 763 1165 debere
793 1107 1044 1162 fatemur
1073 1105 1227 1161 Patri
1255 1103 1486 1161 Juliano
1519 1104 1782 1160 Ferrario
1803 1104 2270 1177 congregationis
2293 1104 2544 1160 Oratorii
2566 1103 2917 1161 Veronensis
2947 1105 3310 1179 presbytero,
3336 1105 3439 1179 qui
3461 1105 3609 1161 inter
3623 1109 3798 1162 cetera

418 1198 747 1254 litterarum
780 1201 955 1267 atque
984 1194 1343 1267 optimarum
1375 1192 1827 1264 disciplinarum
1859 1197 2203 1248 ornamenta
2232 1192 2513 1264 peculiari
2536 1193 2743 1248 Graecae
2774 1193 2987 1267 linguae
3004 1194 3214 1266 peritia
3244 1193 3444 1267 fulget.
3473 1186 3801 1252 Praeterean

416 1287 649 1343 duobus
679 1284 932 1340 laudatis
966 1300 1107 1338 mss.
1140 1281 1378 1337 Venetis
1410 1282 1515 1336 464
1552 1285 1608 1337 et
1636 1282 1764 1348 555,
1806 1281 2094 1337 ineditam
2126 1281 2413 1338 actionem
2442 1282 2669 1338 concilii
2700 1282 3189 1340 Chalcedonensis
3218 1283 3279 1339 in
3305 1283 3627 1357 appendice
3668 1270 3801 1357 epis1

416 1375 673 1432 tolarum
704 1373 1092 1446 proferemus,
1126 1369 1187 1424 in
1219 1386 1340 1443 qua
1374 1370 1585 1425 Leonis
1616 1369 1860 1441 epistola
1887 1371 1959 1426 93
1986 1371 2058 1427 ad
2087 1371 2374 1443 synodum
2404 1371 2554 1427 lecta
2584 1370 2694 1427 fuit
2725 1372 2823 1444 (α).

410 1526 425 1539 ,1
482 1466 572 1521 54.
605 1463 799 1519 Unum
828 1461 923 1516 hic
954 1460 1313 1515 monendum
1343 1461 1631 1530 superest,
1697 1458 2014 1515 nonnullas
2075 1460 2304 1516 Graecas
2335 1460 2614 1516 lectiones
2673 1461 2878 1518 afﬁxas
2933 1461 3188 1536 margini
3230 1460 3512 1536 editionis
3560 1450 3802 1518 Romana

408 1540 826 1617 Conciliorum,
860 1553 917 1605 et
944 1548 1150 1604 exinde
1182 1548 1242 1603 in
1274 1545 1418 1603 alias
1449 1546 1730 1603 editiones
1761 1549 2082 1615 traductas,
2113 1553 2172 1604 et
2202 1567 2237 1604 a
2256 1548 2564 1613 Quesnello
2587 1549 2767 1606 etiam
2794 1549 3096 1623 appositas
3126 1549 3338 1607 Graecis
3367 1550 3655 1624 epistolis,
3677 1567 3799 1622 quas

413 1641 624 1699 Leonis
653 1638 891 1696 editioni
920 1635 1189 1704 inseruit,
1224 1653 1339 1692 non
1365 1652 1494 1693 esse
1520 1636 1812 1693 variantes
1843 1641 2112 1709 sumptas
2135 1654 2202 1693 ex
2228 1637 2423 1710 aliquo
2462 1639 2664 1694 Graeco
2697 1639 2912 1695 codice.
2946 1640 3049 1696 sed
3077 1640 3149 1696 ab
3179 1638 3327 1714 ipsis
3359 1640 3678 1697 editoribus
3708 1640 3800 1695 Ro-

407 1731 602 1789 manis
627 1728 840 1802 partim
871 1743 940 1783 ex
972 1726 1172 1782 Latino
1200 1728 1384 1793 textu,
1417 1742 1451 1781 a
1481 1742 1596 1798 quo
1623 1726 1991 1798 discrepabat
2020 1726 2218 1783 Graeca
2245 1725 2454 1795 versio,
2490 1728 2705 1799 partim
2737 1744 2869 1785 vero
2897 1746 2965 1785 ex
2994 1729 3252 1802 ingenio,
3291 1728 3400 1786 ubi
3437 1729 3696 1787 difﬁcilis
3712 1733 3800 1786 aut

406 1813 717 1892 corruptus
747 1821 939 1873 textus
968 1815 1295 1881 videbatur,
1328 1813 1509 1870 fuisse
1540 1817 1891 1887 compactae.
1926 1814 2073 1871 Hinc
2106 1818 2308 1872 autem
2346 1815 2638 1890 intelliges
2666 1817 2807 1890 quid
2840 1806 2958 1874 sint
2988 1817 3099 1873 illae
3130 1817 3408 1876 lectiones
3437 1819 3642 1876 Graeca:
3675 1835 3802 1890 quas

411 1926 481 1967 ex
508 1908 829 1967 editoribus
862 1905 1141 1963 Romanis
1170 1902 1487 1976 aliquando
1518 1902 1939 1976 allegabimus.

1593 2040 1620 2100 §
1644 2035 1871 2088 XXVIII.
1907 2036 2199 2088 Peeuliaria
2216 2037 2379 2102 hujus
2405 2038 2672 2089 editionis.

481 2160 571 2214 55.
603 2156 685 2212 Ex
714 2153 1053 2211 recensione
1084 2155 1169 2208 tot
1199 2151 1699 2219 collectionum,ac
1730 2155 1817 2208 tot
1845 2152 2021 2231 etiam
2057 2152 2443 2226 peculiarium
2474 2159 2530 2211 et
2559 2155 3186 2229 praestantissimorum
3218 2156 3505 2224 codicum,
3536 2161 3800 2230 quantum

415 2244 741 2319 adjumenti
764 2241 1151 2299 habuerimus
1180 2242 1251 2297 ad
1284 2241 1691 2313 perfectiorem
1722 2258 1899 2313 quam
1931 2246 2103 2299 antea
2130 2243 2509 2316 epistolarum
2540 2248 2596 2299 S.
2631 2244 2837 2302 Leonis
2868 2245 3181 2302 editionem
3204 2245 3799 2319 parandam,quisque

409 2333 714 2406 intelliget;
749 2330 967 2387 nemini
1001 2330 1159 2385 enim
1191 2330 1476 2386 hactenus
1508 2330 1705 2402 plures
1736 2335 1793 2385 et
1823 2331 2170 2388 vetustiores
2202 2336 2304 2388 aut
2336 2333 2660 2405 peculiares
2683 2334 2866 2391 nostri
2898 2334 3126 2391 codices
3157 2336 3292 2391 usui
3315 2336 3500 2393 fuere.
3524 2336 3730 2403 Quibus
3746 2335 3795 2390 in

410 2421 847 2480 collectionibus
878 2417 1095 2491 qumvis
1124 2417 1371 2490 epistola
1402 2418 1752 2487 inveniatur,
1787 2419 1952 2475 initio
1985 2420 2379 2478 indicabimus
2398 2423 2506 2478 hac
2535 2422 2623 2479 vel
2657 2423 2839 2479 simili
2874 2424 3359 2481 formuia:E.rstat
3387 2426 3445 2479 in
3478 2423 3797 2487 mss.coltJ,

409 2516 465 2581 2,
498 2513 551 2581 3,
586 2515 693 2566 etc.
728 2506 1164 2582 Dionysianam,
1200 2507 1615 2575 Hadrianeam,
1652 2508 2045 2582 Hispanicam,
2069 2513 2127 2566 et
2155 2510 2563 2578 Isidorianam,
2591 2514 2748 2584 quod
2781 2513 3038 2570 notiores
3068 2514 3208 2581 sint,
3231 2531 3300 2569 ex
3330 2515 3571 2588 proprio
3592 2514 3799 2570 nomine

399 2614 681 2673 expresse
713 2594 1117 2655 citabimuszin
1150 2611 1266 2666 quo
1282 2595 1710 2652 observandum
1740 2599 1830 2652 est
1860 2598 1969 2652 sub
2001 2596 2366 2671 Dionysianaz
2385 2599 2470 2655 vel
2492 2599 2830 2655 Hadrianeaa
2849 2601 3086 2657 nomine
3099 2601 3626 2676 subintelligendos
3644 2602 3797 2658 etiam

400 2689 642 2747 codices
672 2684 1033 2743 collectionis
1060 2683 1182 2753 8,in
1206 2683 1754 2756 quibusHadrianea
1766 2684 2026 2741 collectio
2049 2685 2802 2759 mlditionibusDionysianis
2826 2686 3800 2760 praemittitur;etnominecollectio-

411 2779 503 2835 nis
516 2774 848 2834 Isidorianaa
869 2773 1284 2847 comprehendi
1298 2772 1864 2829 mss.collectionum
1880 2774 1901 2829 l
1917 2775 2653 2847 1,et12,qu:elsidorianam
2678 2776 3169 2849 repetunt;solum
3183 2778 3340 2834 enim
3353 2778 3443 2834 hae
3457 2778 3799 2835 collectiones

411 2866 687 2924 distincte
718 2867 888 2921 erunt
918 2860 1300 2936 appellandae,
1331 2879 1468 2918 cum
1484 2879 1675 2918 sermo
1690 2863 1800 2919 erit
1834 2863 1905 2919 de
1922 2862 2188 2936 epistolis
2205 2881 2333 2937 quae
2365 2865 2437 2921 ad
2458 2865 2840 2921 lladrianeam
2860 2866 2949 2924 vel
2965 2866 3347 2924 lsidorianam
3364 2885 3481 2926 non
3513 2868 3799 2941 pertinent,

406 2961 466 3014 et
494 2968 563 3013 ex
594 2954 707 3011 alio
741 2954 893 3010 fonte
915 2951 1125 3007 iisdem
1140 2950 1583 3008 collectionibus
1609 2968 1923 3009 accessere.
1938 2953 2154 3008 Eadem
2173 2953 2396 3009 ratione
2410 2953 2616 3010 Isidori
2634 2953 2899 3011 collectio
2916 2955 3276 3012 nominanda
3295 2973 3412 3021 non
3435 2958 3646 3025 fuerat,
3663 2971 3799 3021 cum,

412 3044 604 3117 quoad
635 3040 912 3114 epistolas
942 3040 1171 3108 Leonis,
1204 3056 1322 3096 non
1353 3041 1431 3097 sit
1455 3040 1567 3097 nisi
1581 3041 1850 3114 repetitio
1866 3040 2223 3098 collectionis
2239 3042 2584 3115 Hispanicae.
2603 3044 2715 3100 Sed
2729 3060 2834 3100 cur
2855 3044 3239 3104 nihilominus
3264 3044 3338 3099 ab
3350 3044 3535 3117 hujus
3556 3043 3798 3101 citatione

412 3150 531 3190 non
564 3130 738 3187 fuerit
766 3128 1202 3198 abstinendum,
1236 3129 1459 3186 dictum
1489 3134 1579 3186 est
1608 3147 1775 3187 num.
1808 3130 1898 3185 21.

478 3223 570 3279 56.
604 3218 951 3288 Quesnellus
978 3217 1322 3293 plerumque
1348 3219 1548 3275 omisit
1577 3219 1855 3292 antiquos
1889 3218 2275 3293 epistolarum
2298 3218 2520 3290 titulos,
2553 3221 2653 3293 qui
2687 3221 2744 3277 in
2772 3221 3070 3278 codicibus
3100 3222 3500 3291 inveniuntur,
3549 3226 3614 3279 ut
3642 3236 3797 3278 novas

410 3326 691 3385 synopses
721 3326 755 3363 a
783 3324 845 3365 se
874 3310 1225 3379 compactas,
1265 3323 1414 3379 quas
1447 3306 1700 3379 aptiores
1713 3307 2334 3381 credidit,praefigeret.
2350 3309 2467 3365 Nos
2492 3325 2625 3365 vero
2638 3310 3022 3382 retentis,vel,
3051 3312 3313 3385 ubiopus
3334 3312 3466 3380 erit,
3490 3310 3793 3369 emendatis

408 3399 598 3456 titulis
629 3395 943 3465 Quesnelli,
978 3411 1183 3451 omnes
1240 3395 1515 3466 antiquos
1568 3401 1838 3452 accurate
1884 3413 2281 3470 pr0ponemus
2312 3397 2371 3453 in
2404 3399 2904 3470 annotationibus,
2957 3401 3239 3457 nimirum
3290 3400 3423 3458 illos
3454 3403 3558 3475 qui
3589 3403 3719 3459 sunt
3741 3399 3791 3453 in

408 3487 848 3545 collectionibus
878 3484 1252 3557 Dionysiana,
1278 3483 1592 3556 Hispanica
1621 3502 1725 3541 seu
1758 3485 1986 3552 Isidori,
2024 3502 2089 3541 ac
2118 3485 2176 3540 in
2210 3486 2415 3559 quinta
2447 3487 2874 3551 Quesnelliana.

410 3614 415 3617 ι
477 3578 566 3631 57.
601 3574 754 3629 Ordo
783 3570 1162 3644 epistolarum
1194 3572 1521 3627 necessario
1554 3573 1898 3628 mutabitur.
1934 3574 2126 3629 Primo
2145 3575 2298 3630 enim
2321 3593 2432 3631 non
2453 3592 2772 3647 paucarum
2795 3578 3176 3649 epistolarum
3207 3577 3484 3635 chronica
3509 3579 3717 3647 notatio
3736 3592 3794 3633 ex

407 3662 626 3720 nostris
656 3660 955 3717 codicibus
986 3659 1327 3732 corrigenda
1357 3659 1484 3716 erit.
1517 3661 1675 3715 Alias
1707 3661 1880 3716 etiam
1899 3662 2176 3734 epistolas
2207 3680 2332 3734 qua:
2346 3664 2638 3721 chronicis
2652 3666 3035 3737 notiscarent,
3067 3684 3181 3721 non
3204 3665 3432 3723 levibus
3452 3665 3793 3741 argumentis

407 3756 466 3810 in
499 3752 658 3810 aliud
691 3754 922 3822 tempus
954 3749 1351 3819 traducemus,
1386 3767 1451 3804 ac
1484 3751 1689 3805 exinde
1721 3751 1899 3806 series
1933 3751 2059 3823 ipsa
2090 3751 2258 3808 aliter
2287 3753 2397 3809 erit
2427 3754 2771 3811 ordinanda.
2796 3754 3014 3811 Deinde
3041 3773 3157 3811 uua
3188 3757 3435 3828 cpistola
3455 3775 3488 3813 a
3509 3753 3791 3821 Quesnello

406 3839 639 3915 recepta
668 3842 1055 3912 expungatur,
1089 3837 1213 3893 aliae
1243 3855 1376 3893 vero
1408 3839 1638 3895 inedita:
1661 3841 2225 3897 accedent.Tandem
2247 3842 2467 3914 optime
2495 3841 2840 3915 illequidem
2866 3842 3021 3899 inter
3039 3844 3538 3917 Leonisepistolas
3557 3842 3793 3919 vulgavit

406 3932 551 3990 alias
582 3928 833 3987 aliorum
865 3926 1091 3982 litteras
1123 3927 1196 3981 ad
1228 3927 1480 3982 Leonem
1511 3928 1781 3998 scriptas,
1812 3928 1902 3984 vel
1935 3929 2009 3984 ad
2039 3946 2174 3985 eum
2207 3930 2585 4002 pertinentes;
2619 3936 2679 3986 at
2707 3949 2805 3988 eas
2833 3931 2960 3988 sine
2995 3932 3111 3989 ullo
3143 3950 3389 3990 numero
3411 3952 3526 4008 quo
3563 3932 3720 3991 citari
3746 3933 3794 3986 et

402 4019 650 4078 inveniri
680 4015 847 4074 facile
879 4015 1133 4089 possint,
1165 4015 1432 4073 inseruit.
1465 4016 1585 4073 Nos
1615 4021 2005 4092 praeterquam
2039 4020 2195 4091 quod
2225 4020 2510 4076 addemus
2543 4020 2709 4077 allias
2742 4020 3079 4090 nonnullas,
3111 4022 3662 4096 probatissimorum
3686 4019 3790 4076 edi-

403 4115 597 4167 torum
628 4105 962 4179 exemplum
994 4105 1199 4174 secuti,
1232 4104 1483 4179 singulis
1515 4123 1692 4163 suum
1741 4124 2055 4165 numerum
2090 4108 2483 4183 praefigemus,
2534 4111 2690 4182 quod
2732 4127 3116 4167 numerorum
3147 4111 3416 4169 ordinem
3447 4130 3482 4169 a
3510 4108 3790 4181 Quesnello

406 4198 777 4273 propositum
812 4193 999 4251 multo
1030 4193 1220 4267 magis
1252 4193 1565 4250 subvertet.

470 4290 561 4344 58.
589 4287 735 4343 Cum
761 4286 820 4341 in
850 4284 1216 4342 emendando
1245 4285 1405 4339 textu
1437 4282 1879 4348 Quesnellianas
1908 4286 2199 4343 variantes
2229 4303 2330 4345 seu
2364 4287 2615 4361 margini
2636 4304 2741 4344 seu
2774 4288 2831 4343 in
2855 4288 3008 4344 notis
3039 4288 3373 4363 designatas
3406 4307 3523 4359 non
3548 4287 3785 4362 neglige-

407 4394 563 4443 mus,
586 4378 712 4432 tum
741 4391 876 4431 vero
906 4377 1075 4430 notas
1102 4377 1159 4429 et
1189 4371 1624 4430 observationes
1655 4374 1919 4445 ejusdem
1935 4374 2203 4445 fusiores,
2228 4393 2375 4449 quas
2394 4376 2592 4449 ipsein
2613 4378 2939 4434 secundum
2964 4382 3189 4434 tomum
3212 4383 3348 4452 post
3372 4377 3790 4436 dissertationes

409 4465 631 4537 rejecit,
660 4464 720 4519 in
750 4463 1008 4520 secundo
1039 4463 1257 4535 pariter
1284 4466 1444 4519 tomo
1476 4462 1657 4535 hujus
1670 4461 1946 4519 editionis
1963 4481 2066 4536 per
2079 4482 2186 4522 nos
2216 4466 3155 4536 identidem,seuillustratas,seu
3170 4469 3513 4525 emendatas
3536 4464 3788 4524 invenies.

404 4550 697 4625 Epistolas
722 4550 921 4607 Leoois
954 4550 1200 4622 excipiet
1222 4551 1533 4623 appendix,
1567 4550 1625 4606 in
1659 4567 1777 4624 qua
1797 4557 2006 4623 praeter
2022 4554 2427 4626 supposititias
2448 4554 2562 4611 alia
2593 4557 2863 4628 quaedam
2883 4556 3238 4614 documenta
3268 4558 3342 4613 ad
3366 4558 3575 4614 Leonis
3594 4556 3791 4612 litteras

409 4637 782 4714 pertinentia,
814 4643 871 4694 et
899 4638 1053 4694 inter
1082 4639 1204 4694 haec
1235 4638 1519 4695 nonnulla
1549 4641 1772 4696 inedita
1802 4641 2188 4713 proferentur.

424 4762 430 4768 -
477 4728 567 4783 59.
600 4723 899 4797 Syllabum
929 4727 1196 4783 codicum
1227 4726 1593 4801 singularum
1626 4728 2033 4786 collectionum
2066 4747 2213 4802 quos
2245 4731 2303 4786 in
2352 4732 2736 4789 emendandis
2794 4732 3059 4805 epistolis
3116 4734 3523 4801 adhibuimus,
3577 4730 3663 4788 hic
3692 4741 3792 4783 non

409 4814 744 4880 atteximus,
780 4814 917 4886 quia
945 4831 1080 4870 cum
1109 4816 1380 4887 superius
1410 4834 1515 4874 suo
1547 4817 1671 4874 loco
1703 4835 1801 4875 eos
1844 4820 2119 4875 distincte
2151 4821 2601 4891 nominarimus,
2622 4821 2762 4876 acin
2790 4822 3082 4896 plerisque
3095 4822 3540 4881 collectionibus
3558 4816 3700 4878 unici
3714 4810 3793 4868 νεὶ

407 4904 577 4978 pauci
609 4904 745 4968 sint,
784 4903 946 4959 facile
978 4904 1086 4959 erit
1113 4905 1369 4960 invenire
1400 4905 1533 4976 quis
1565 4906 1641 4961 sit
1663 4906 1758 4963 ille
1789 4909 1965 4963 codex
1983 4926 2157 4976 quem
2190 4926 2257 4965 ex
2284 4909 2487 4981 quavis
2501 4909 2837 4967 collectione
2867 4912 3173 4984 allegaturi
3205 4911 3644 4969 sumus.Solum
3664 4916 3786 4961 cum

406 4994 466 5049 in
497 4991 832 5050 collectione
860 4993 922 5046 21
960 4992 1132 5064 plura
1159 5009 1302 5047 mss.
1326 4994 1680 5065 exemplaria
1710 4997 1865 5052 nacti
1898 4998 2108 5063 simus,
2144 4998 2503 5053 monendum
2535 5003 2624 5053 est
2654 4999 2768 5055 duo
2800 5000 3175 5072 potissimum
3206 5002 3341 5058 usui
3396 5002 3597 5067 fuisse,
3641 4993 3784 5048 V8“-

409 5083 513 5139 543
541 5085 600 5137 et
624 5081 753 5152 546,
784 5096 912 5152 quae
945 5081 1120 5135 citata
1148 5079 1460 5153 intelliges,
1493 5099 1625 5137 cum
1659 5101 1801 5141 mss.
1825 5085 1981 5142 Vatt.
2016 5086 2346 5143 collationis
2375 5091 2438 5142 21
2494 5086 2741 5161 allegata
2790 5090 3063 5160 reperies.
3115 5091 3175 5145 Si
3205 5090 3305 5163 qui
3341 5095 3538 5147 autem
3585 5080 3787 5141 codices

412 5173 689 5246 praeterea
715 5168 1047 5253 conferendi
1083 5168 1188 5224 visi
1220 5173 1359 5225 sunt
1388 5170 1448 5225 in
1479 5170 1837 5241 quibusdam
1868 5173 2238 5244 lectionibus,
2272 5193 2373 5233 eos
2405 5177 2638 5249 proprio
2675 5178 2911 5234 nomine
2939 5178 3335 5235 laudabimus.

485 5318 561 5395 Qa)
582 5317 646 5368 In
678 5312 944 5395 addendis
966 5310 1285 5395 adﬂealcem
1312 5311 1454 5393 tomi
1474 5311 1765 5395 II_positis,
1795 5315 2560 5395 Romanieditoresinsuper
2583 5318 2768 5395 in_ho_c
2790 5310 3785 5395 locojegendasequentiainserij

485 5336 561 5384 (ιι)
584 5336 646 5368 ιιι
678 5336 942 5369 aduena”
966 5336 1038 5368 au
1060 5336 1285 5393 caluum
1312 5336 1454 5393 tuum
1475 5336 1522 5367 ιι
1538 5336 1765 5383 pusula,
1795 5336 2449 5375 nomanlemtoresmsu
2497 5336 2560 5374 er
2583 5336 2641 5374 1n
2661 5336 2768 5375 noc
2792 5336 3175 5395 loconegenoa
3199 5336 3504 5394 sequentia
3523 5336 3785 5390 mserum:

415 5386 624 5465 {sum
656 5402 790 5465 vero
821 5388 953 5465 post
982 5384 1212 5465 editum
1238 5398 1494 5465 primum
1525 5387 1752 5465 tomum
1783 5386 2095 5465 prodiisset
2123 5391 2385 5465 Romana
2417 5336 2592 5446 esitio
2622 5391 2685 5445 P.
2717 5391 2868 5447 Petri
2899 5392 3135 5465 Thomas
3163 5392 3419 5465 Cacciari
3465 5389 3559 5447 alii
3580 5381 3785 5465 codices

415 5410 443 5437 «
478 5400 624 5442 Uum
656 5402 790 5440 vero
821 5400 953 5458 poet
982 5400 1203 5440 editum
1238 5400 1494 5510 primum
1525 5400 1752 5440 tomum
1783 5400 2095 5458 prodllsset
2124 5400 2385 5446 Romana
2417 5400 2592 5446 editio
2622 5400 2685 5445 Ρ.
2717 5400 2868 5447 Petri
2899 5400 3135 5450 Thomas
3163 5400 3419 5448 Gacciari
3465 5400 3559 5447 alii
3580 5400 3785 5442 coowes

415 5456 695 5538 Vaticani
713 5455 909 5538 Graeci
925 5472 1072 5529 quos
1103 5454 1217 5538 ipsi
1270 5453 1414 5538 icuit
1445 5454 1725 5538 conferre,
1758 5456 1931 5515 utiles
1960 5461 2131 5538 nobis
2162 5462 2417 5538 fuerunt,
2451 5466 2578 5538 tum
2610 5466 2676 5518 ut
2701 5462 2987 5524 nonnulla
3017 5463 3143 5523 loca
3171 5463 3631 5524 emendaremus.
3668 5457 3785 5511 tum

418 5534 484 5591 ut
511 5529 627 5591 tria
654 5530 852 5590 Greece.
881 5524 1213 5607 fragmenta
1240 5530 1413 5586 antea
1444 5524 1665 5584 inedita
1684 5527 1744 5587 in
1770 5530 2220 5607 appendiculam
2252 5524 2626 5593 referrentur.
2662 5554 2692 5587 ››
