3932 6220
55 368 166 441 -613

1547 369 1932 438 EPISTOLA
1973 370 2046 435 V.

3383 375 3502 438 6M

82 505 119 560 si
142 519 271 576 qua
302 503 568 562 forsitan
600 504 674 562 de
703 503 796 564 his
824 505 1140 564 commissa
1168 511 1328 576 suat,
1355 507 1746 582 corrigantur,
1777 512 1830 578 Α
1860 507 2126 575 Domino,
2153 506 2251 579 qui
2283 505 2686 580 multipliciter
2727 511 2786 565 et
2832 508 2892 563 in
2941 512 3287 582 perpetuum
3335 528 3507 570 man-

85 609 168 649 nec
227 591 406 649 liccat
443 593 612 652 ultra
654 596 962 668 committi,
995 601 1053 652 et
1089 613 1160 652 ne
1189 613 1308 668 qua
1353 599 1646 653 excusatio
1677 599 1748 653 de

86 683 450 756 ignoratione
501 689 818 754 nascatur;
851 702 1208 759 quamquam
1257 685 1526 758 ignorare
1573 703 1748 742 num-

91 787 256 845 quam
290 770 532 828 licuerit
554 773 633 844 (b)
659 775 1212 847 sacerdotem,quod
1245 791 1535 830 canonum
1575 775 1750 831 fuerit

91 859 302 934 regulis
331 861 488 918 615
523 861 858 918 deﬁnitum.
891 863 1022 920 Haec
1051 880 1188 936 ergo
1209 864 1282 919 ad
1314 864 1642 936 provincias
1663 881 1749 920 ve-

93 956 255 1018 stras,
289 965 395 1022 per
433 950 869 1020 Innocentium,
893 951 1244 1024 Legitimum
1268 957 1323 1009 et
1337 955 1405 1022 (c)
1429 953 1746 1025 Segetium,

89 1040 290 1094 fratres
319 1043 375 1094 et
405 1039 788 1111 coepiscopos
833 1045 1087 1107 nostros,
1130 1040 1346 1113 scripta
1392 1042 1746 1110 direximus;

91 1133 144 1184 ut
171 1144 308 1200 quae
339 1127 492 1184 male
523 1127 850 1200 pullulasse
893 1134 1238 1196 noscuntur,
1279 1131 1561 1186 radicitus
1599 1131 1748 1187 evel-

89 1213 302 1283 lantur,
329 1219 386 1271 et
417 1233 676 1273 messem
703 1217 1067 1274 Dominicam
1094 1219 1170 1290 (cl)
1191 1219 1408 1275 zizania
1439 1218 1600 1275 nulla
1631 1237 1752 1276 cor-

93 1307 387 1378 rumpant.
414 1305 500 1361 Ita
529 1306 688 1362 enim
731 1307 985 1362 fructum
1030 1307 1266 1362 uberem
1299 1325 1426 1380 qua:
1459 1313 1596 1364 sunt
1628 1309 1748 1364 sin-

95 1410 218 1448 cera
245 1394 636 1466 praestabunt,
669 1395 718 1451 si
751 1412 818 1450 ea
849 1413 974 1468 quae
1011 1400 1210 1452 natam
1242 1402 1497 1468 segetem
1520 1397 1590 1469 (ε)
1621 1415 1750 1453 ene-

97 1498 214 1538 care
246 1487 683 1538 consueverunt
714 1483 1053 1558 diligentius
1084 1491 1484 1557 amputentur.

152 1574 291 1628 Car.
315 1571 412 1628 IlI.
441 1573 620 1629 Usura
649 1574 808 1628 laicis
831 1582 881 1628 et
899 1575 1112 1629 clericis
1135 1575 1519 1630 inlerdicta.—
1543 1579 1614 1648 (Γ)
1636 1575 1749 1632 Nec

94 1659 192 1716 hoc
222 1676 459 1732 quoque
491 1663 962 1730 praetereundum
984 1678 1114 1719 esse
1132 1662 1438 1729 duximus,
1461 1665 1749 1737 quosdam

92 1747 230 1805 lucri
265 1751 456 1822 turpis
499 1750 821 1823 cupiditate
865 1757 1088 1823 captOS,
1123 1753 1198 1823 (θ)
1233 1755 1562 1808 usurariam
1597 1771 1749 1810 exer-

98 1854 212 1894 cere
241 1839 576 1912 pecuniam,
603 1845 660 1894 et
686 1840 881 1896 fenore
909 1839 1056 1897 velle
1080 1841 1386 1897 ditescere.
1406 1843 1568 1906 Quod
1622 1860 1749 1913 nos,

97 1944 200 1983 non
232 1928 427 1986 dicam
459 1929 521 1984 in
551 1946 652 1985 eos
683 1929 784 2002 qui
815 1935 955 1986 sunt
1000 1929 1059 1986 in
1105 1929 1357 1987 clericali
1389 1931 1581 1988 ofﬁcio
1611 1949 1748 1988 con-

97 2017 300 2086 stituti,
323 2019 425 2074 sed
450 2017 530 2090 (h)
554 2021 611 2074 et
631 2017 692 2074 in
717 2017 898 2074 laicos
921 2020 1148 2086 cadere,
1173 2020 1271 2092 qui
1297 2019 1661 2078 Christianos
1685 2039 1748 2078 se

95 2105 192 2159 dici
225 2107 500 2179 cupiunt,
532 2105 934 2163 condolemus.
955 2109 1116 2174 Quod
1151 2109 1434 2164 vindicari
1465 2111 1660 2166 acrius
1684 2113 1747 2183 (ἱ)

95 2192 137 2248 in
167 2213 271 2250 eos
301 2197 405 2268 qui
443 2197 665 2252 fuerint
705 2198 874 2252 confu
889 2197 991 2252 tati
1041 2197 1436 2264 decernimus,
1460 2203 1524 2254 ut
1555 2200 1751 2256 omnis

90 2285 368 2353 peccandi
399 2285 811 2358 opportunitas
845 2285 1161 2342 adimatur.

147 2374 302 2430 ΟΑΡ.
325 2373 424 2428 IV.
455 2375 556 2430 Nec
583 2391 700 2441 suo,
731 2391 829 2430 nec
857 2375 1039 2432 alieno
1068 2377 1290 2432 nomine
1317 2379 1478 2448 fenus
1506 2385 1754 2433 exerceat

91 2461 500 2533 clericus—(1)
514 2462 661 2518 Illud
684 2463 861 2518 etiam
885 2463 1162 2519 duximus
1181 2465 1756 2536 praemonendummt

93 2550 240 2604 sicut
259 2550 335 2622 (k)
356 2567 473 2607 non
494 2569 623 2618 suo,
644 2551 729 2608 ita
751 2568 855 2608 nec
878 2551 1065 2609 alieno
1086 2553 1342 2618 nomine,
1360 2553 1573 2626 aliquis
1596 2553 1756 2610 cleri-

100 2629 291 2695 eorum
313 2642 376 2712 (Ι)
400 2657 670 2698 exercere
693 2642 862 2697 fenus
889 2646 1164 2710 attentet;
1189 2641 1466 2698 indecens
1489 2643 1644 2698 enim
1667 2647 1757 2698 est

104 2729 311 2784 crimen
343 2747 524 2785 suum
567 2731 893 2787 commodis
925 2730 1133 2787 alienis
1173 2731 1528 2804 impendere.
1565 2737 1755 2788 Fenus

107 2820 290 2872 autem
322 2817 432 2874 hoc
460 2817 656 2874 solum
689 2819 950 2891 aspicere
997 2823 1053 2874 et
1104 2836 1366 2875 exercere
1397 2821 1551 2876 816
1583 2821 1754 2876 dobe-

110 2912 328 2972 mus,ut
346 2908 502 2979 quod
525 2907 620 2962 hic
641 2907 1094 2964 misericorditer
1115 2906 1450 2976 tribuimus,
1476 2908 1572 2982 (m)
1594 2909 1667 2964 ab
1690 2925 1756 2964 eo

171 3030 247 3105 (α)
277 3030 407 3086 Vat.
443 3029 671 3088 collect.
695 3033 784 3098 24,
822 3049 890 3086 ne
921 3033 1103 3088 liceat.
1135 3032 1204 3086 Et
1233 3031 1408 3104 paulo
1439 3037 1570 3105 post
1597 3050 1753 3088 unus

110 3097 249 3175 Vat;
271 3119 347 3175 ge
377 3119 486 3175 qua
513 3097 794 3158 excusatio
826 3105 1155 3174 ignorantia
1183 3097 1460 3175 nascatur:

119 3193 126 3247 ς
173 3171 400 3247 (ωριιᾴ
417 3174 574 3247 γαίη
595 3171 878 3230 sacerdoti.
905 3175 1056 3243 Mox,
1081 3174 1212 3247 quid
1231 3191 1504 3231 canonum
1534 3175 1591 3230 in
1617 3176 1757 3232 duo-

113 3239 212 3297 bus
227 3239 542 3301 'Vindebon
553 3289 564 3302 .

173 3315 240 3386 (c)
275 3320 394 3372 Duo
425 3315 680 3390 Vercell.
707 3318 1033 3390 Sigentium.
1061 3315 1238 3371 Paulo
1282 3321 1415 3389 post
1452 3319 1761 3390 pullulasse

111 3383 495 3455 dignoscantur
525 3387 584 3442 in
619 3383 866 3443 Vindrb.
901 3389 1064 3455 Hisp.

173 3406 495 3453 mascunmr
525 3406 584 3442 in
628 3406 866 3443 Vinucn.
901 3406 1002 3444 nis
1051 3431 1064 3443 .

173 3457 248 3533 (ti)
279 3458 419 3514 Mss.
454 3460 624 3514 Corb.
657 3464 716 3514 et
745 3459 973 3515 Thuan.
1004 3406 1044 3513 Ρ
1063 3457 1376 3528 Quesnelli,
1405 3476 1506 3533 per
1534 3461 1757 3516 :izania

110 3529 288 3602 nullus
307 3533 649 3602 corrumpat.

169 3601 240 3668 (ε)
270 3599 429 3657 Idem
453 3599 747 3668 Quesnelli
775 3601 968 3668 codd.,
990 3603 1306 3672 inquinare.
1335 3601 1458 3658 Duo
1482 3603 1708 3659 Vindeb
1739 3647 1753 3672 ,

107 3683 310 3726 necare.

167 3743 242 3818 (1)
269 3743 492 3818 tj,_qu.
527 3744 580 3809 4,
615 3744 722 3818 Nec
749 3744 849 3798 hoc
873 3748 1343 3818 praetereundum,
1373 3763 1424 3802 e.
1454 3749 1509 3802 7.

165 3813 242 3882 (g)
271 3813 421 3869 Vide
447 3819 570 3870 not.
603 3819 634 3868 7
667 3813 880 3878 Queen.

168 3882 248 3970 με)
272 3884 622 3970 ΡατιξρυΙρῐΡ
641 3896 700 3970 ξι
721 3886 1061 3970 addidimus
1083 3889 1218 3970 ex):
1223 3893 1300 3944 at.
1321 3887 1602 3970 Dionysii,
1623 3886 1758 3970 Vin-

106 3951 619 4034 dcbon._‘collect._5_
639 3956 969 4026 Crcsconio,
991 3957 1120 4015 Vat.
1145 3959 1309 4034 Hisp.
1334 3965 1391 4016 et
1428 3951 1562 4015 Isid.
1588 3951 1755 4014 aliis-

110 4039 215 4091 que
243 4027 436 4083 tribus
467 4028 636 4083 codd.

146 4099 236 4174 Αἱ)
257 4097 632 4168 Quesnellus,
656 4101 715 4153 in
746 4101 836 4154 iis.
867 4099 1236 4174 Praetulimus
1279 4101 1754 4174 leclioncm‘om-

110 4171 264 4242 uiam
297 4175 631 4225 nostrorum
657 4187 801 4225 mss.
827 4176 1002 4242 atque
1039 4173 1352 4228 Cresconii.
1374 4173 1503 4228 Vat.
1533 4171 1754 4226 collect.

111 4237 176 4290 24
204 4241 270 4312 in
301 4257 408 4310 eos,
432 4242 532 4312 qui
571 4243 798 4312 fuerunt
844 4237 1196 4312 comprol'ali.
1238 4245 1374 4300 llein
1425 4244 1757 4299 decrevi-mus

115 4309 580 4386 prodeam-nimus
609 4313 669 4367 in
699 4313 831 4386 Vat.
860 4309 1118 4386 Dionysii
1139 4319 1197 4370 et
1226 4316 1458 4371 duobus
1477 4315 1718 4370 Vercell.

178 4381 235 4457 lj)
266 4386 330 4437 In
361 4384 657 4457 Corbeien.
683 4389 739 4438 et
771 4381 1047 4457 'I‘buanCI
1081 4386 1374 4450 Quesnelli
1425 4386 1533 4441 hoc
1583 4389 1759 4457 caput

118 4455 356 4526 estpars
384 4454 596 4526 capitis
620 4455 1020 4526 praecedentis.

181 4521 251 4592 (k’)
282 4523 425 4582 Dist.
453 4521 550 4591 46,
584 4521 736 4580 Sicut
765 4543 876 4581 non
906 4542 1024 4592 suo,
1058 4542 1108 4581 c.
1141 4527 1228 4582 tO.

182 4593 518 4668 (1)»Vindeb.
552 4597 712 4668 Hisp.
745 4603 802 4652 et
833 4600 962 4652 Vat.
997 4597 1218 4653 collect.
1249 4599 1340 4663 24,
1372 4599 1754 4655 exercemlum.

183 4666 567 4741 (in)_Quinque
599 4666 791 4735 cedit,
823 4687 856 4722 (ι
889 4670 1136 4724 Domino.
1510 4685 1514 4689 ‘

191 4739 249 4811 ul
269 4737 416 4811 Dist.
455 4737 543 4806 19,
567 4756 618 4795 c.
644 4743 698 4798 1.
723 4741 782 4794 Si
813 4741 960 4795 Rom.
991 4741 1216 4811 ponti/2,
1235 4741 1272 4811 ἃ
1285 4741 1498 4811 Quibus
1525 4741 1596 4796 ad
1625 4743 1755 4795 haec.

188 4807 256 4928 to)
285 4809 454 4884 Vulg.
477 4816 612 4866 ante
642 4811 856 4876 Quesn.
882 4807 1018 4865 cum
1038 4807 1168 4866 Vat.
1191 4807 1412 4868 collect.
1435 4813 1526 4880 24,
1551 4815 1762 4870 venerit

188 4905 190 4922 ι
236 4883 412 4928 venire
432 4885 746 4928 (putaverit-
767 4881 1092 4928 Vindehnn-
1127 4882 1350 4928 nnllert-
1377 4885 1428 4928 5,
1457 4886 1644 4928 "enim
1673 4900 1760 4928 nn-

131 4881 206 4997 ἴθι
236 4881 746 4959 ιξεηίνέιεηΐαυιννίί.
767 4881 1092 4937 Vindebon.
1127 4882 1350 4938 collect.
1377 4885 1432 4948 5,
1457 4886 1644 4939 venire
1673 4900 1760 4938 uo-

155 4961 296 4997 νει-ιι-

155 4961 298 5005 ueru.

283 5022 408 5104 Vat.
441 5024 606 5104 Hisp.
638 5040 771 5104 cum
807 5024 1038 5078 duobus
1069 5023 1200 5104 aliis
1240 5041 1384 5078 mss.
1420 5023 1754 5104 additgenm.

193 5091 258 5161 lq)
285 5093 448 5168 Vulg.
482 5091 616 5151 an'te
647 5097 863 5160 Quesn.
899 5111 1032 5149 cum
1064 5095 1206 5150 solis
1241 5112 1384 5152 mss.
1409 5094 1634 5151 collect.
1665 5098 1756 5160 24,

142 5161 536 5244 ρζάρπαιίρηὶριίδ
565 5170 615 5222 et
644 5182 919 5244 canonum
963 5165 1220 5244 ordinata
1249 5170 1376 5221 sunt
1422 5167 1755 5244 disciplinis.

147 5229 257 5306 .dee
279 5242 390 5292 not.
421 5239 455 5291 8
477 5238 694 5301 Quesn.
728 5242 785 5292 et
815 5237 1278 5292 observationem
1310 5229 1592 5293 nostrain.
1629 5238 1760 5294 Mox

151 5302 264 5382 idem
289 5308 527 5382 Vulgati
549 5326 686 5364 cum
712 5307 1288 5382 VindebonsetHVat.
1319 5308 1480 5382 Hisp.
1508 5308 1758 5382 aliisque

153 5375 360 5450 quinque
386 5375 584 5448 Eodd.,
619 5383 700 5436 ita
729 5387 964 5436 vestram
989 5379 1338 5450 dilectionem
1365 5375 1637 5436 custodire
1663 5375 1755 5436 Zie-

153 5442 238 5524 llrre
259 5442 590 5524 mandamus.
622 5451 735 5524 Sed
768 5451 898 5524 Vat.
933 5449 1218 5524 Dionysii,
1244 5449 1493 5524 Vindeb.
1527 5451 1753 5524 collect,

157 5515 298 5586 tcum
326 5522 669 5579 Hadrianeis
699 5527 758 5578 et
788 5515 1122 5578 Florentino
1164 5521 1434 5583 S.,Marci
1463 5522 1757 5586 Quesnelli

162 5584 400 5650 lectionem
435 5598 700 5650 tuentur.

213 5669 260 5734 ir)
284 5666 451 5722 Iidem
483 5664 720 5740 Vulgati
769 5681 904 5722 cum
949 5681 1091 5721 mss.
1115 5662 1343 5721 collect.
1376 5665 1464 5734 24,
1498 5667 1598 5723 illa
1625 5682 1753 5723 con-

167 5740 393 5809 temptent.

1785 3074 1883 3140 Ci

1786 4440 1833 4505 D

1856 615 1994 652 sura
2026 596 2326 664 retribuet,
2359 597 2612 670 recipere
2639 596 2960 654 valeamus.

1927 687 2059 741 CAP.
2090 685 2154 739 V.
2187 687 2476 759 Episcopus
2499 702 2735 742 canones
2764 687 3078 757 infringens
3105 688 3414 760 dejiciatur.
3439 723 3506 735 —

1856 773 1974 830 Hoc
2004 773 2201 846 itaque
2222 774 2544 830 admonitio
2575 779 2778 832 nostra
2807 775 3132 842 denuntiat,
3175 779 3329 850 quod
3351 779 3400 835 si
3421 781 3500 853 (η)

1857 863 1992 934 quis
2033 862 2280 918 fratrum
2325 868 2524 919 contra
2553 863 2674 919 haec
2707 862 3021 920 constituta
3047 864 3117 936 (ο)
3151 867 3343 923 venire
3373 872 3499 924 ten-

1858 952 2082 1020 taverit,
2115 955 2171 1007 et
2195 951 2487 1023 prohibita
2519 953 2693 1008 fuerit
2741 970 2924 1010 ausus
2973 953 3302 1024 admittere,
3335 973 3369 1010 a
3397 974 3505 1014 suo

1857 1057 1920 1096 se
1967 1040 2192 1096 noverit
2241 1040 2430 1096 ofﬁcio
2479 1041 2968 1108 submovendum,
3001 1059 3105 1098 nec
3135 1045 3215 1116 (p)
3241 1061 3504 1101 commu-

1857 1130 2050 1185 nionis
2083 1137 2291 1185 nostrae
2324 1130 2587 1184 futurum
2633 1146 2761 1186 esse
2803 1138 3154 1200 consortem,
3182 1134 3281 1204 qui
3313 1135 3507 1191 socius

1857 1235 1984 1274 esse
2016 1219 2205 1274 noluit
2237 1217 2577 1290 disciplinae.
2603 1219 2685 1273 Ne
2729 1219 2866 1291 quid
2899 1237 3034 1275 vero
3065 1220 3143 1275 sit
3172 1223 3327 1292 quod
3356 1241 3506 1295 pra:-

1856 1307 2194 1362 termissum
2229 1325 2263 1362 a
2284 1307 2452 1363 nobis
2485 1308 2628 1363 forte
2659 1309 2948 1376 credatur,
2974 1309 3172 1364 omnia
3201 1311 3510 1368 decretalia

1858 1395 2208 1462 constituta,
2269 1401 2388 1450 tam
2447 1396 2629 1452 beatae
2687 1397 3108 1452 recordationis
3163 1398 3507 1470 Innocentii,

1858 1502 2036 1557 quam
2069 1484 2332 1539 omnium
2367 1484 2737 1540 decessurum
2782 1489 3137 1554 nostrorum,
3172 1503 3298 1558 quae
3328 1489 3398 1544 de
3425 1506 3510 1544 ec-

1859 1573 2198 1628 clesiasticis
2227 1574 2302 1644 (q)
2347 1573 2651 1628 ordinibus
2699 1580 2755 1627 et
2803 1591 3091 1628 canonum
3142 1575 3510 1650 promulgata

1859 1667 1999 1718 sunt
2037 1660 2389 1734 disciplinis,
2422 1662 2503 1716 ita
2549 1679 2583 1716 a
2631 1667 2823 1716 vestra
2871 1660 3180 1718 dilectione
3228 1665 3506 1721 custodiri

1859 1751 2069 1806 debere
2099 1751 2470 1816 mandamus,
2497 1754 2561 1804 ut
2592 1749 2640 1806 si
2675 1750 2806 1822 quis
2829 1750 2896 1821 (ν)
2923 1750 2981 1804 in
3009 1750 3107 1806 illa
3126 1753 3508 1823 commiserit,

1859 1839 2088 1895 veniam
2121 1839 2234 1894 sibi
2265 1839 2542 1910 deinceps
2581 1838 2802 1894 noverit
2847 1839 3142 1912 denegari.
3179 1841 3318 1897 Data
3346 1847 3508 1899 sexto

1859 1929 1995 1984 idus
2025 1928 2314 1998 Octobris,
2347 1927 2600 1983 Maximo
2649 1927 2862 1983 iterum
2911 1933 2968 1982 et
3014 1927 3240 1986 Paterio
3270 1935 3340 2000 (s)
3367 1931 3508 1987 viris

1857 2016 2202 2073 clarissimis
2235 2015 2600 2072 consulibus.

2322 2125 2466 2179 en
2508 2125 2576 2194 (ι)
2612 2122 2948 2178 EPISTOLA
2979 2123 3046 2179 v.

1919 2197 1997 2268 (τι)
2029 2212 2102 2250 AD
2133 2211 2435 2251 EPISCOPOS
2465 2211 2968 2250 memorou'rsxos
3000 2212 3110 2250 PER
3140 2212 3450 2253 ILLYRICUM

2485 2283 2884 2321 CONSTITUTOS.

1862 2338 2128 2412 Synoms.
2155 2369 2224 2377 —
2249 2341 2300 2412 l._
2329 2337 2554 2412 lllicilos
2599 2345 2786 2412 contra
2835 2353 3069 2412 cunones
3109 2343 3336 2394 conatus
3376 2356 3512 2412 pru-

1932 2409 2124 2484 denter
2148 2409 2391 2484 monitis
2400 2411 2721 2484 prgveniri.
2739 2440 2809 2484 _—
2833 2409 3076 2484 Il.‘Vices
3105 2427 3234 2465 suas
3256 2427 3358 2484 per
3377 2409 3515 2484 Illy-

1933 2482 2112 2535 ric-um
2141 2480 2420 2534 Anastasio
2460 2480 2922 2536 Thessalonicensi
2967 2497 3116 2536 more
3157 2480 3512 2552 praedecesso-

1934 2569 2056 2605 rum
2101 2567 2324 2606 suorum
2353 2553 2659 2606 committit.
2683 2583 2750 2590 —
2777 2552 2870 2606 Ill.
2896 2553 3173 2620 Bigamos,
3222 2553 3515 2611 viduarum

1935 2623 2160 2676 maritos
2188 2625 2284 2676 aut
2324 2622 2736 2693 repudiaturum
2767 2639 2798 2676 (ι
2828 2622 3124 2676 sacerdotio
3170 2640 3241 2678 ex
3285 2627 3513 2681 canoni-

1937 2695 2034 2748 bus
2063 2695 2242 2766 arceri
2275 2693 2450 2764 jubet.
2475 2725 2541 2732 —
2564 2693 2655 2747 1V.
2685 2694 2746 2748 Ut
2772 2694 3136 2766 provinciales
3179 2696 3418 2766 episcOpi
3443 2695 3515 2751 ad

1933 2763 2394 2834 metropolitanos,
2419 2766 2501 2818 sic
2524 2765 2968 2834 metropalilanos
2993 2763 3064 2817 ad
3091 2763 3390 2820 exercitum
3418 2781 3516 2821 seu

1935 2839 2206 2891 vicarium
2247 2836 2534 2894 uertinere.
2558 2866 2626 2874 -—
2647 2835 2714 2888 V.
2741 2834 3072 2888 Eorumdem
3107 2851 3221 2890 esse
3246 2843 3512 2894 matrano-

1936 2909 2136 2961 lzlanos
2156 2905 2432 2970 ordinare,
2458 2913 2508 2961 et
2539 2905 2604 2960 de
2625 2907 3042 2978 provinciarum
3069 2910 3216 2962 statu
3242 2906 3312 2962 ad
3334 2905 3516 2964 sedem

1938 3030 2006 3102 (s)
2025 3030 2258 3102 Vulgati
2281 3046 2486 3102 omnes
2503 3045 2637 3084 cum
2664 3029 2958 3102 plerisque
2976 3046 3144 3099 mss.,
3164 3032 3416 3098 Paterno,
3431 3048 3518 3089 re-

1892 3101 2015 3157 colo
2037 3103 2096 3157 in
2120 3101 2443 3173 marginem
2468 3103 2706 3173 Palerio,
2731 3101 2885 3173 quod
2914 3101 2970 3173 in
2995 3101 3215 3158 Merlini
3262 3103 3516 3160 editione

1892 3119 2015 3157 ecio
2037 3119 2096 3157 1n
2120 3119 2443 3173 marginem
2468 3119 2706 3170 ναίει-ιο,
2731 3119 2885 3172 quoa
2914 3119 2970 3156 in
2995 3119 3215 3158 merum
3262 3119 3514 3160 eumone

1859 3119 2196 3255 legebatur:
2232 3179 2288 3255 et
2318 3173 2522 3255 nos‘i‘n
2553 3171 2772 3255 V'at..et
2812 3172 3138 3255 Vindebon.
3173 3173 3335 3255 ῌίερε
3369 3175 3514 3255 et_in

1867 3243 1979 3300 alio
2011 3250 2136 3300 Vat.
2173 3243 2395 3299 collect.
2431 3243 2490 3298 11
2523 3243 2866 3314 reperimus.
2899 3244 3059 3299 Hanc
3092 3243 3296 3301 autem—
3317 3245 3514 3302 lectio-

1867 3333 1999 3370 nem
2029 3315 2268 3371 omnino
2293 3314 2604 3370 tenendam
2634 3315 2851 3386 optime
2883 3315 3090 3388 probat
3114 3315 3423 3388 Pagiusad
3445 3318 3512 3373 A.

1866 3388 1991 3460 443,
2031 3403 2194 3460 num.
2223 3389 2246 3440 1
2278 3391 2340 3460 et
2371 3388 2458 3452 11,
2498 3401 2744 3460 eamque
2786 3387 3426 3460 contirmatUGeorgius
3456 3389 3515 3443 in

1867 3459 2026 3531 notis
2051 3459 2122 3512 ad
2154 3456 2393 3530 Pagium
2430 3457 2757 3513 novissimae
2786 3458 3028 3531 Lucensi
3051 3456 3518 3531 editioni'subje-

1867 3529 1993 3584 etis.
2011 3529 2151 3584 Rem
2175 3528 2307 3604 vero
2328 3533 2488 3584 extra
2503 3545 2736 3604 omnem
2755 3528 3128 3604 aleam_ponit
3143 3545 3397 3604 cozevum
3424 3528 3521 3604 pa-

1865 3617 2177 3674 pyraceum
2201 3600 2618 3654 documentum
2649 3600 2917 3655 Ecclesiae
2947 3599 3296 3656 Ravennatis
3319 3599 3519 3658 emen-

1865 3673 2001 3728 date
2031 3688 2306 3745 recusum
2330 3688 2364 3726 a
2392 3670 2731 3745 marchione
2751 3671 3070 3745 Maffeiopin
3094 3672 3239 3745 Hist.
3263 3671 3515 3745 Diplom.

1866 3760 1998 3816 pag.
2027 3743 2150 3816 132,
2173 3747 2230 3798 et
2258 3742 2330 3798 ab
2369 3742 2568 3816 eodem
2603 3742 2894 3816 Vaticanis
2933 3743 3298 3816 bibliothecae
3330 3742 3518 3800 dona-

1865 3813 2013 3896 tum,
2039 3814 2249 3896 ianque
2287 3813 2627 3896 consulatus
2657 3815 2922 3896 ejusdem
2963 3814 3099 3896 anni
3140 3816 3346 3896 Pateri,
3397 3833 3514 3871 non

1865 3890 2062 3940 autem
2084 3886 2310 3940 Polemi
2330 3885 2564 3940 nomine
2585 3885 2948 3956 designatur.
2973 3885 3148 3956 Porro
3169 3885 3320 3940 alius
3339 3903 3518 3940 anno-

1864 3961 2018 4012 tator
2047 3956 2104 4010 in
2137 3955 2615 4028 eademLucensi
2647 3955 2900 4028 editione
2931 3973 2997 4009 ex
3042 3955 3151 4011 hoc
3194 3972 3516 4028 papyraceo

1866 4032 2248 4082 monumento
2277 4026 2500 4099 colligit
2521 4027 2838 4099 Maximum
2862 4026 2969 4080 hoc
2994 4043 3146 4099 anno
3167 4026 3288 4081 non
3304 4026 3512 4099 secun-

1864 4101 2028 4167 dum,
2053 4099 2152 4154 sed
2187 4097 2429 4154 tertium
2451 4097 2821 4152 consulatum
2850 4097 3196 4168 gaesisse,eo
3223 4099 3378 4168 quod
3411 4097 3516 4153 ibi-

1866 4172 2000 4225 dem
2054 4170 2344 4224 scribatur
2384 4186 2530 4224 cons.
2552 4169 2780 4222 Maximi
2808 4176 2889 4222 ter
2914 4176 2966 4222 et
2998 4168 3191 4222 Paleri
3218 4184 3302 4222 υυ.
3333 4184 3410 4222 cc.
3441 4171 3517 4226 At

1866 4258 2000 4296 cum
2020 4257 2225 4296 omnes
2245 4239 2423 4294 nostri
2449 4239 2614 4294 codd.
2631 4237 2942 4308 omniaque
2965 4252 3347 4294 monumenta
3367 4256 3400 4294 a
3417 4239 3519 4295 Pa-

1908 4313 1960 4368 io
1983 4317 2038 4366 et
2067 4329 2101 4366 a
2122 4311 2366 4381 Georgio
2397 4308 3188 4381 allataMaximumAintegi-is
3218 4310 3334 4366 fere
3363 4311 3515 4366 voci-

1908 4329 1960 4368 ιο
1983 4329 2038 4366 θι
2067 4329 2101 4366 a
2122 4329 2366 4381 ucorgio
2397 4329 2574 4364 auara
2596 4329 2911 4364 maximum
2947 4329 3188 4380 integris
3218 4329 3334 4366 iere
3363 4329 3515 4366 voci-

1867 4329 1978 4438 gus
2010 4385 2228 4446 iterum,
2252 4387 2481 4436 secundo
2512 4379 2596 4435 vel
2632 4380 2712 4434 bis
2741 4379 3039 4435 consulem
3062 4386 3286 4450 vocent,
3310 4386 3519 4438 caetera

1865 4459 2061 4510 autem
2094 4451 2495 4525 numeralibus
2539 4450 2748 4525 litteris
2778 4467 2840 4525 ξι,
2873 4450 3062 4522 palam
3105 4453 3171 4506 οι
3199 4452 3258 4525 in
3295 4469 3518 4525 papyro

1868 4471 2061 4510 autem
2094 4471 2495 4508 numerannus
2539 4471 2748 4506 ιιιῐΘῐΊΒ
2778 4471 2840 4514 II,
2874 4471 3062 4522 palam
3105 4471 3171 4506 ιιι
3199 4471 3258 4506 ιιι
3295 4471 3410 4525 ρῑὶρ
3453 4471 3518 4511 PO

1868 4543 1982 4581 non
2015 4535 2096 4580 ter
2127 4523 2435 4596 legendum
2468 4523 2568 4578 sed
2600 4523 2749 4596 item,
2781 4521 2837 4576 id
2869 4527 2957 4596 est
2985 4525 3202 4596 iterum,
3223 4524 3305 4596 ita
3325 4530 3390 4581 ut
3413 4471 3521 4581 lit-

1866 4601 1993 4652 tera
2023 4598 2045 4651 i
2073 4591 2358 4652 sumenda
2387 4593 2464 4649 sit
2493 4610 2564 4666 ex
2591 4591 2749 4666 finali
2774 4594 2929 4648 vocis
2951 4595 3330 4666 precedentis
3350 4597 3522 4652 Maxi-

1864 4671 1964 4734 mi,
1989 4684 2120 4722 cum
2151 4683 2263 4720 non
2290 4683 2418 4720 raro
2448 4665 2692 4728 accidat,
2714 4663 2774 4720 in
2805 4663 3095 4734 ejusmodi
3119 4668 3520 4726 monumentis

1867 4739 2055 4793 omitti
2108 4736 2389 4792 initialem
2422 4735 2695 4802 litteram,
2729 4737 2964 4807 quando
3012 4739 3361 4796 anteCedens
3406 4757 3520 4797 vox

1867 4811 2067 4864 eadem
2102 4808 2294 4881 littera
2323 4807 2572 4881 desinit:
2603 4807 2778 4881 idque
2801 4808 2992 4881 multo
3023 4809 3212 4881 magis
3259 4827 3328 4866 ex
3375 4813 3517 4866 scri-

1868 4881 2052 4961 ptoris
2082 4878 2550 4961 indoleneruitur,
2577 4878 2766 4961 qui-lin
2797 4878 2942 4951 ipsis
2951 4878 3213 4961 nyocibus
3241 4884 3434 4938 Pateri
3461 4887 3521 4940 et

1871 4949 2124 5006 Theodosi
2146 4949 2416 5024 duplicis
2433 4951 2478 5004 ii
2506 4949 2877 5024 scriptionem
2912 4951 3136 5024 ctl‘ugit.

1939 5025 2004 5092 (l-
2037 5020 2264 5093 Scripta
2293 5023 2359 5075 12
2387 5020 2766 5093 Januar.’anr
2797 5023 2921 5076 444.

1937 5091 2017 5175 (n)
2051 5091 2638 5175 Hinc;ep_istolanj‘nter
2665 5097 2881 5175 eas-est
2919 5111 3047 5175 quia
3091 5093 3347 5175 collectae
3369 5173 3374 5175 _
3391 5096 3518 5175 fue-

1868 5162 2006 5237 runt
2033 5182 2136 5237 pro
2161 5162 2976 5237 EcclesiaThessalonicensi.
2995 5170 3057 5237 et
3087 5166 3148 5220 in
3179 5166 3522 5224 collectione

1868 5234 2131 5291 Romana
2159 5235 2436 5290 Holstenii
2464 5234 2722 5306 primum
2746 5235 2903 5291 edita
2925 5236 3052 5291 fuit.
3078 5237 3218 5292 Eam
3243 5253 3378 5292 vero
3400 5254 3517 5292 non

1869 5307 2152 5380 inutiliter
2197 5306 2638 5380 recognovimus
2686 5322 2820 5380 cum
2870 5306 3328 5380 ms.Barberin_o
3375 5307 3521 5361 3386

1865 5378 2088 5450 collect.
2128 5379 2215 5440 16,
2238 5394 2308 5433 ex
2333 5375 2450 5450 quo
2491 5377 2867 5450 Holsteniana
2905 5378 3082 5450 editio
3112 5375 3346 5450 prodiit,
3364 5390 3517 5450 _cum

1867 5450 1943 5505 sit
1965 5449 2140 5505 unius
2167 5445 2708 5506 Thessalonicensis
2747 5445 3336 5503 collectionis'codex.
3363 5447 3517 5498 Prie-

1866 5521 2136 5596 ponenda
2165 5525 2360 5596 autem
2395 5519 2503 5576 fuit
2535 5518 2656 5596 h_zec
2686 5517 2933 5596 epistola
2962 5512 3224 5596 sequenti
3257 5511 3326 5564 ad
3342 5512 3516 5596 ‘Auu-

1865 5584 2134 5665 stasium,
2163 5592 2381 5665 quippe
2428 5584 2816 5665 quodeod'em
2850 5588 2982 5665 licet
3028 5584 3120 5665 die
3166 5584 3420 5665 exarata,
3454 5584 3515 5665 in

1865 5656 2248 5790 subdectaquenti
2272 5656 2474 5722 tamen
2519 5659 2766 5735 epistola
2795 5673 2923 5728 cap.
2944 5657 2980 5712 6
3014 5656 3138 5725 jam
3187 5656 3518 5724 conscripta

1892 5752 1956 5790 ra
1999 5752 2013 5789 ι
2047 5752 2136 5790 ur.

1865 5734 2136 5795 traditur.
