3932 6220
88 3978 97 3995 l

90 4006 99 4051 i

96 5066 105 5117 Ι

158 370 269 441 833

1633 376 2018 459 EPISTOLA
2056 376 2131 443 x.

3466 379 3588 447 834

183 512 264 587 qui
295 507 429 568 loris
461 514 622 568 sunt
654 510 990 568 testimonio
1036 510 1339 567 muniatur
1385 511 1430 584 (ι
1459 511 1588 568 Tim.
1623 529 1707 582 III,
1739 514 1821 586 7),
1850 512 1906 580 Α
1933 531 2036 589 per
2064 513 2182 569 vim
2215 528 2451 571 necesse
2466 515 2576 581 est,
2601 511 2702 587 qui
2721 512 2956 587 ignotus
2975 513 3586 590 adducitur,impona-

187 618 348 675 natiue
372 599 546 656 illius
582 599 851 658 scandali
886 597 1253 673 relinquatur
1281 601 1527 668 occasio,
1560 619 1695 658 cum
1725 620 1829 677 per

194 708 365 766 pacem
387 695 445 746 et
454 690 581 746 Deo
594 689 879 762 placitam
893 690 1262 745 concordiam
1277 690 1549 747 consonis
1561 691 1828 748 omnium

199 780 399 848 studiis,
428 778 533 853 qui
567 780 781 835 doctor
810 778 970 852 pacis
1002 779 1234 835 futurus
1264 784 1371 848 est,
1396 781 1719 837 ordinatur.

252 876 371 926 CAP.
399 869 473 925 V.
498 901 571 909 —
594 868 711 924 Sed
736 867 835 924 ille
861 868 1196 941 insperatus
1219 868 1614 927 nescientibus
1632 889 1832 944 super-

190 961 350 1028 venit,
381 958 832 1030 etimprovisus
862 958 1164 1026 abscessit,
1189 975 1386 1023 cursu,
1420 963 1486 1013 ut
1517 958 1831 1017 didicimus

197 1049 348 1108 celeri
393 1048 612 1105 itinera
657 1046 848 1102 multa
897 1045 1229 1113 conficiens,
1266 1053 1323 1103 et
1350 1063 1454 1120 per
1479 1047 1831 1122 longinquas

187 1126 1190 1214 provinciastanta(a)immaturitate
1203 1136 1257 1191 di
1266 1140 1834 1205 seurrens,utvidea-

182 1224 280 1289 'tur
304 1227 553 1301 gloriam
588 1226 662 1281 de
694 1224 924 1281 scurrili
954 1224 1256 1281 velocitate
1311 1227 1507 1298 potius
1552 1245 1729 1300 quam
1765 1230 1834 1284 de

191 1315 526 1376 sacerdotali
548 1314 955 1373 moderatione
975 1317 1400 1386 captasse.Haec
1415 1317 1571 1372 enim
1595 1318 1836 1375 directa-

189 1425 314 1465 rum
340 1407 413 1465 ad
435 1422 544 1462 nos
576 1404 795 1460 civium
813 1404 987 1459 verba
1004 1408 1144 1459 sunt
1171 1404 1533 1463 litterarum:
1559 1412 1697 1465 Ante
1719 1409 1836 1464 abs-

187 1500 336 1554 cessit
356 1512 525 1568 quam
553 1511 678 1550 eum
704 1495 913 1548 venisse
941 1493 1093 1551 638
1124 1510 1422 1551 nossemus.
1454 1496 1577 1551 Non
1610 1502 1698 1552 est
1727 1498 1837 1553 hoc

186 1587 393 1653 redire,
418 1583 523 1640 sed
558 1583 779 1655 fugere,
801 1598 906 1637 nec
927 1581 1331 1639 salubritatem
1352 1583 1689 1657 impendere
1713 1586 1841 1642 dili-

184 1675 391 1750 gentia:
424 1671 769 1747 pastoralis,
793 1672 895 1727 sed
925 1671 1040 1727 vim
1072 1671 1286 1728 inferre
1316 1672 1561 1730 latronis
1583 1680 1639 1732 et
1669 1676 1836 1745 furis,

182 1764 412 1828 dicente
442 1762 726 1819 Domino:
756 1762 988 1829 Quinon
1006 1763 1181 1817 intrat
1197 1779 1297 1835 per
1302 1764 1541 1833 januam
1562 1764 1702 1836 (ωιτη
1724 1782 1841 1821 cor-

1936 608 2052 660 tur.
2078 602 2346 660 Obtestor
2375 606 2433 659 et
2461 602 2725 672 obsecro,
2753 606 2809 660 et
2839 602 2948 660 sub
2979 602 3080 661 Dei
3099 622 3201 661 vos
3225 604 3588 666 invocatione

1938 693 2235 763 convenio,
2258 692 2581 766 prohibete,
2609 693 2837 763 fratres,
2861 692 3019 762 talia,
3034 697 3091 752 et
3106 711 3341 752 omnem
3363 696 3587 755 dissen-

1940 783 1984 839 si
1993 781 2086 837 oni
2094 800 2120 837 s
2147 783 2453 837 materiam
2478 783 2547 836 de
2564 782 2775 838 vestris
2787 782 3099 854 provinciis
3113 784 3264 841 689
3278 791 3583 845 removete.

1938 872 2102 928 Certe
2131 888 2238 925 nos
2269 874 2403 925 ante
2433 875 2616 926 Deum
2650 870 3031 938 absolvimus,
3055 870 3154 943 qui
3185 888 3310 942 vos,
3343 890 3415 930 ne
3462 893 3589 948 per-

1940 959 2188 1016 mittatis
2218 959 2373 1014 ultra
2402 959 2523 1014 haec
2555 958 2700 1023 ﬁeri,
2735 959 3267 1017 convenimus.‘Per
3296 979 3498 1034 pacem
3531 969 3589 1023 et

1942 1050 2201 1123 quietem
2231 1049 2561 1104 sacerdotes
2584 1048 2684 1119 qui
2707 1048 2887 1104 futuri
2908 1052 3048 1103 sunt
3068 1051 3458 1121 postulentur.
3483 1053 3588 1110 Te-

1942 1141 2152 1195 neatur
2163 1136 2515 1210 subscriptio
2529 1136 3320 1205 clericorum,bonorator.um
3333 1141 3593 1199 testimo-

1944 1229 2127 1291 nium,
2156 1226 2378 1282 ordinis
2395 1243 2720 1282 consensus
2740 1230 2795 1281 et
2811 1225 3013 1297 plebis.
3036 1228 3143 1293 Qui
3158 1227 3222 1300 (f)
3237 1230 3592 1300 przefuturus

1945 1325 2032 1374 est
2048 1317 2421 1380 omnibus,ab
2436 1315 2710 1372 omnibus
2723 1315 3436 1389 eligatur.0rdinationem
3456 1320 3590 1387 sibi,

1946 1412 2012 1465 ut
2031 1411 2164 1463 ante
2181 1408 2303 1476 jam
2326 1405 2601 1474 diximus,
2634 1405 2853 1478 singuli
2890 1405 3319 1479 metropolitani
3352 1424 3594 1467 suarum

1947 1478 2374 1570 provinciarum
2390 1511 2525 1550 cum
2539 1494 2632 1551 his
2650 1493 2751 1567 qui
2764 1498 2999 1551 caeteros
3013 1478 3320 1551 sacerdotii
3342 1496 3599 1570 antiqui-

1946 1590 2066 1642 tate
2097 1583 2479 1657 przeveniunt,
2521 1582 2787 1639 restituto
2819 1583 2930 1638 sibi
2964 1600 3068 1656 per
3096 1600 3203 1640 nos
3224 1585 3361 1656 jure
3391 1587 3597 1643 defen-

1949 1676 2109 1731 dant.
2142 1673 2411 1730 Alienum
2440 1673 2538 1744 jus
2569 1670 2713 1728 alter
2748 1671 2858 1729 sibi
2894 1689 3010 1729 non
3041 1674 3250 1729 audeat
3277 1674 3594 1734 vindicare.

1948 1764 2083 1818 Suis
2104 1761 2546 1827 limitibus,suis
2562 1760 2829 1817 terminis
2841 1761 3342 1835 situnusquisquc
3363 1769 3599 1821 conten-

179 1862 285 1910 tem
316 1855 528 1920 ovium,
573 1851 666 1907 sed
714 1849 957 1906 ascendit
1000 1851 1243 1919 aliunde,
1278 1852 1368 1907 hic
1390 1854 1487 1923 fur
1515 1857 1566 1909 et
1594 1854 1732 1908 latro
1761 1859 1842 1910 est
1872 1885 1920 1950 Β
1950 1849 3074 1923 tus,(g)etprivilegiumsibidebitumin
3089 1851 3265 1907 alium
3284 1854 3599 1911 transferre

164 1944 362 2017 '(Joan.
375 1961 438 2010 x,
453 1942 530 2014 1).
552 1941 680 1997 Non
699 1955 838 2013 ergo
852 1938 1109 1995 Hilarius
1123 1944 1242 1995 tam
1260 1941 1842 2015 studuitepiscopum

177 2046 725 2103 eonsecrarequam
748 2046 883 2085 eum
906 2029 1098 2101 potius
1117 2029 1215 2100 qui
1232 2031 1843 2104 aagrotabatoccidere,

60 2186 75 2207 ν
169 2125 226 2175 et
240 2119 451 2193 ipsum
466 2134 644 2192 quem
658 2117 1034 2189 superposuit
1047 2117 1198 2172 male
1219 2118 1542 2174 ordinando
1555 2121 1840 2193 decipere.

158 2208 297 2269 Nos
319 2207 719 2279 tamen,quod
741 2206 905 2262 vobis
928 2206 1222 2263 credimus
1244 2207 1571 2279 Deojudioe
1593 2209 1840 2282 placitu-

156 2315 338 2366 rum,
374 2299 439 2352 in
469 2313 779 2353 commune
808 2295 1034 2352 cunctis
1059 2296 1338 2352 fratribus
1369 2298 1762 2368 consulentes,
1787 2306 1843 2358 et

152 2385 341 2449 male
368 2386 695 2441 ordinatum
710 2383 1067 2452 submoveri,
1082 2389 1138 2440 et
1159 2384 1496 2459 episcopum
1512 2388 1839 2459 Projectum

151 2476 218 2533 in
262 2492 390 2532 suo
412 2474 732 2531 sacerdotio
764 2488 1108 2546 permanere
1129 2474 1339 2530 debere
1363 2476 1752 2535 decrevimus:
1782 2480 1840 2535 id

153 2568 509 2625 statuentes
527 2568 591 2618 ut
612 2563 660 2619 si
685 2562 1005 2635 quisquam
1020 2562 1263 2619 fratrum
1280 2568 1613 2621 nostrorum
1628 2566 1688 2622 in
1703 2585 1841 2641 qua-

157 2670 439 2727 cumque
452 2652 841 2726 provincia(c)
853 2651 1186 2719 decesserit,
1202 2652 1254 2707 is
1275 2652 1386 2708 sibi
1411 2654 1840 2713 ordinationem

159 2742 439 2799 vindicet
451 2741 978 2812 sacerdotis,quem
997 2739 1155 2795 illius
1179 2741 1489 2813 provinciae
1508 2746 1841 2817 metropoli-

166 2834 394 2886 tanum
417 2847 546 2888 esse
574 2828 918 2885 constiterit.
952 2828 1027 2900 (1)
1064 2830 1218 2896 Duae,
1246 2833 1311 2884 ut
1340 2829 1627 2897 videmus,
1653 2850 1842 2889 causae

168 2922 494 2977 transacta:
526 2922 688 2986 sunt,
722 2918 783 2973 in
829 2917 1043 2990 quibus
1083 2921 1278 2975 tamen
1336 2919 1519 2975 multa
1549 2925 1687 2976 sunt
1717 2939 1841 2994 quae

174 3015 402 3079 praeter
425 3009 714 3065 rationem
740 3006 1190 3063 ecclesiasticam
1213 3008 1521 3064 videantur
1540 3027 1669 3067 esse
1690 3028 1844 3068 com-

177 3098 396 3167 missa,
429 3101 488 3154 et
509 3097 661 3170 justi
685 3095 896 3166 judicii
917 3096 1168 3152 debeant
1187 3102 1484 3170 eXpectare
1509 3116 1840 3156 censuram.

180 3186 298 3249 Sed
332 3204 442 3244 nos
472 3186 700 3244 diutius
730 3185 826 3241 hic
856 3202 971 3243 non
998 3201 1316 3257 possumus
1346 3187 1669 3255 immorari,
1708 3208 1843 3246 cum

1953 1959 2017 1998 se
2048 1958 2240 2015 posse,
2275 1940 2499 2003 noverit
2528 1956 2643 1994 non
2669 1939 2860 1995 licere.
2884 1940 3045 2004 Quod
3069 1940 3118 1996 si
3142 1942 3274 2012 quis
3297 1942 3598 2018 negligens

1952 2029 2303 2103 apostolicus
2323 2028 2676 2095 sanctiones,
2712 2027 2844 2100 plus
2876 2028 3075 2101 gratia:
3104 2030 3367 2087 tribuens
3399 2049 3601 2104 perso-

1953 2119 2093 2189 nali,
2123 2119 2215 2174 sui
2244 2118 2485 2175 honoris
2514 2119 2777 2174 desertor
2793 2126 2921 2174 esse
2939 2117 3204 2185 voluerit,
3229 2119 3599 2194 privilegium

1953 2226 2129 2266 suum
2160 2209 2220 2264 in
2252 2208 2435 2263 alium
2469 2207 2783 2264 transferre
2805 2223 2977 2279 posse
3019 2223 3081 2263 se
3104 2208 3367 2277 credens,
3401 2226 3517 2265 non
3551 2211 3603 2268 is

1952 2298 2041 2354 cui
2079 2296 2336 2365 cesserit,
2372 2297 2472 2352 sed
2500 2295 2550 2351 is
2569 2295 2669 2368 qui
2689 2295 2843 2351 intra
2872 2295 3230 2369 provinciam
3250 2297 3602 2371 antiquitate

1951 2385 2265 2459 episcopali
2299 2390 2536 2440 caeteros
2590 2384 2866 2457 praevenit
2904 2386 3257 2451 sacerdotes,
3289 2387 3601 2445 ordinandi

1950 2475 2062 2530 sibi
2087 2474 2848 2545 vindicetpotestatem.Non
2867 2473 3218 2546 passim,sed
3233 2475 3602 2551 dielegitimo

1950 2563 2239 2621 ordinatio
2261 2561 2601 2629 celebretur;
2627 2579 2731 2617 nec
2754 2561 2865 2618 sibi
2887 2566 3154 2619 constare
3176 2568 3368 2621 status
3394 2565 3485 2621 sui
3501 2583 3604 2625 no-

1948 2653 2096 2709 verit
2122 2651 2480 2715 ﬁrmitatem,
2514 2650 2614 2722 qui
2637 2668 2753 2706 non
2772 2651 2862 2706 die
2895 2651 3121 2707 sabbati
3154 2669 3410 2725 vespere,
3445 2656 3602 2727 quod

1951 2742 2194 2798 lucescit
2216 2741 2272 2795 in
2298 2740 2487 2812 prima
2507 2737 2853 2805 sabbati,vel
2868 2739 2993 2809 ipso
3007 2739 3310 2797 Dominico
3323 2741 3416 2797 die
3428 2742 3607 2798 fuerit

1952 2828 2478 2889 ordinatus.Solum
2501 2828 2659 2883 enim
2684 2828 2933 2898 majores
2952 2828 3132 2883 nostri
3160 2829 3604 2888 resurrectionis

1952 2920 2262 2977 Dominica:
2294 2919 2447 2974 diem
2472 2917 2582 2972 hoc
2603 2917 2821 2972 honore
2845 2916 3607 2995 dignumjudicaverunt,ut

1952 3010 2283 3069 sacerdotes
2331 3006 2432 3080 qui
2479 3008 2796 3063 sumuntur
2826 3005 2935 3061 hoc
2965 3006 3061 3062 die
3090 3006 3467 3080 potissimum
3497 3009 3602 3065 tri-

1953 3100 2230 3155 buantur.
3386 3139 3401 3147 ρ

2027 3189 2161 3244 ΟΜ).
2186 3188 2232 3240 ν
2239 3187 2307 3243 ΙΙ.
2326 3219 2389 3228 —
2402 3184 2537 3243 Suis
2557 3201 2919 3257 unaquaeque
2931 3185 3226 3257 provincia
3239 3187 3315 3243 sit
3331 3191 3604 3245 contenta

183 3276 257 3331 ad
286 3275 404 3333 alia
435 3294 563 3351 quae
593 3275 767 3333 nobis
796 3292 931 3331 cum
961 3280 1158 3332 vestra
1195 3276 1504 3333 sanctitate
1536 3276 1844 3336 sollicitius
1876 3257 1918 3323 (ἶ
1956 3275 2239 3342 conciliis,
2261 3292 2367 3331 nec
2397 3274 2551 3330 ultra
2580 3273 2836 3330 Hilarius
2858 3275 3069 3330 audeat
3098 3281 3417 3333 conventus
3449 3276 3604 3334 indi-

183 3366 537 3422 conferenda
566 3368 709 3427 sunt
736 3380 1139 3437 provocemur.

253 3458 386 3512 CAP.
404 3456 581 3512 VI.—
602 3452 874 3511 Militaris
897 3470 1128 3522 manus,
1158 3457 1223 3510 ut
1246 3454 1695 3528 didicimus,per
1712 3475 1844 3529 pro-

186 3538 405 3598 vincias
433 3542 705 3616 sequitur
735 3541 1117 3609 sacerdotem,
1153 3546 1210 3597 et
1236 3542 1311 3614 (e)
1344 3544 1554 3599 armati
1590 3546 1843 3616 praesidii

191 3631 636 3705 praesumptione
658 3628 902 3686 sulfulto
922 3631 992 3685 ad
1015 3629 1375 3688 invadendae
1400 3649 1505 3704 per
1524 3634 1844 3691 tumultum

196 3716 503 3777 famulatur
530 3718 833 3784 ecclesias,
869 3736 994 3791 quae
1030 3718 1300 3791 proprios
1332 3719 1636 3777 amiserint
1659 3739 1845 3777 sacer-

204 3806 375 3865 dotes.
409 3810 747 3866 Trabuntur
780 3807 1093 3863 ordinandi
1126 3814 1261 3865 ante
1294 3809 1402 3864 hoc
1432 3810 1715 3879 officium,
1750 3812 1845 3869 his

209 3897 407 3969 quibus
430 3896 783 3973 praeﬁciendi
808 3896 1287 3953 suntcivitatibus
1309 3896 1579 3970 ignorati.
1600 3899 1673 3955 Ut
1688 3901 1844 3957 enim

213 3990 369 4059 notus
390 3988 488 4062 qui
516 3986 695 4044 fuerit
725 3989 783 4042 et
812 3985 1092 4058 probatus
1121 4002 1225 4058 per
1255 4003 1455 4060 pacem
1492 3988 1729 4060 petitur,
1765 3991 1845 4046 ita

276 4128 344 4200 (ιι)
377 4131 530 4189 Idem
562 4127 912 4196 Quesnellus
944 4129 1001 4184 in
1036 4146 1254 4201 marg:
1290 4130 1477 4199 Forte,
1502 4134 1841 4199 maturitate,

222 4203 352 4271 quod
381 4220 484 4259 nec
513 4200 744 4259 codices
772 4202 1105 4273 praeferunt,
1126 4200 1232 4257 nec
1254 4218 1464 4257 sensus
1484 4202 1714 4259 videtur
1734 4205 1845 4261 exi-

222 4287 555 4418 Nostri
591 4343 785 4418 codd,
809 4343 871 4418 in
899 4347 1127 4418 curiam.
1154 4342 1398 4408 Quidam
1424 4344 1588 4418 editi,
1614 4347 1673 4401 in
1694 4348 1845 4401 chor-

223 4414 331 4483 tem,
353 4415 495 4473 alias
524 4418 582 4470 in
629 4416 920 4470 cohortem.
978 4414 1087 4471 Sed
1119 4430 1235 4470 cors
1280 4418 1442 4471 cortis
1471 4416 1625 4471 idem
1659 4423 1747 4473 est
1776 4436 1843 4474 ac

222 4488 471 4569 cohersLet
501 4485 952 4569 proprienlocun;
967 4485 1154 4541 muris
1174 4486 1455 4556 cinctum,
1479 4505 1594 4559 quo
1617 4488 1838 4561 aliquid

126 4556 129 4635 ῑ
225 4556 538 4635 custoditur:
572 4556 888 4635 signiﬁcet.-

244 4626 249 4629 ⁷
275 4631 334 4757 ty
363 4626 715 4713 Sir-mundus
750 4627 915 4683 addit
943 4628 1008 4683 de
1022 4628 1137 4710 .hac
1158 4630 1292 4684 vita.

277 4706 292 4757 l
330 4704 591 4757 lOmnam
607 4698 777 4756 codd.
793 4716 924 4754 cum
942 4699 1114 4755 editis
1129 4702 1292 4756 antef

277 4698 591 4774 (d)Quinam
607 4698 777 4774 codd.
793 4716 924 4754 cum
942 4699 1114 4755 editis
1129 4704 1262 4774 ante
1276 4701 1651 4757 Sirmondum
1667 4705 1835 4773 ,quia,

221 4770 533 4847 utquidemus.
567 4773 699 4827 Mox
730 4770 846 4847 duo
876 4786 1021 4847 mss.
1041 4771 1335 4847 omittunt
1356 4777 1574 4840 tamen;
1599 4770 1705 4845 pro
1724 4770 1839 4847 quo

222 4844 471 4905 editiones
503 4846 841 4903 memorata:
864 4843 1234 4899 substituunt
1254 4846 1444 4898 etiam.

274 4918 330 4989 (e)
358 4922 569 4989 Locum
580 4913 813 4989 hu‘ncin
836 4914 1226 4989 anterioribus
1244 4914 1601 4989 editionibus
1615 4920 1839 4987 pertur-

219 4983 387 5044 baium
399 4983 1264 5050 SirmondusetQuesnellusex
1278 4983 1832 5043 mss.restitnerunt.

220 5057 331 5116 Vide
356 5062 475 5116 not.
505 5059 543 5113 9
581 5057 851 5129 ejusdem
893 5057 1107 5121 Quesn.
1142 5056 1235 5113 Sic
1267 5062 1460 5113 autem
1493 5057 1831 5129 legebatur:

214 5128 418 5188 Armatis
441 5128 872 5203 praesumptione
910 5129 1199 5203 su/futtum
1235 5129 1305 5184 ad
1358 5128 1690 5203 invadendae
1732 5147 1838 5202 per

215 5200 476 5269 tumultum
491 5201 821 5274 famulatur
834 5200 1101 5274 ecclesias,
1124 5216 1250 5274 quae
1261 5202 1510 5271 proprios
1526 5200 1832 5257 anziserint.

217 5270 503 5333 Traduntur
515 5271 823 5345 ordinandi
837 5270 906 5345 ad
935 5272 1032 5325 hoc
1058 5270 1323 5341 officium,
1357 5270 1444 5328 his
1465 5274 1663 5344 quibus
1688 5289 1834 5344 prae-

212 5344 403 5416 ﬁciendi
427 5352 560 5402 sunt
577 5342 905 5416 civitatium
929 5345 1121 5411 ignoti.

269 5420 323 5490 (f)
346 5417 494 5490 Yide
526 5419 652 5490 not.
686 5414 1001 5490 lOgQuesnA.

268 5484 648 5561 (y)Pluresi_ic
661 5484 1140 5561 metrOpolitanos
1151 5484 1617 5561 perstringit._ll_li
1636 5488 1832 5561 autem

206 5555 441 5618 videntur
460 5556 711 5630 intelligi
728 5555 800 5630 ad
814 5555 1063 5630 quorum
1079 5555 1409 5630 provincias
1422 5556 1755 5630 Celidonius
1769 5573 1835 5630 ac

208 5632 468 5704 Projectus
500 5626 905 5704 pertinebant:
939 5626 1154 5704 quippe
1186 5629 1286 5704 qui
1320 5629 1587 5704 fortassis
1614 5627 1832 5704 Hilario

207 5697 580 5776 permittentes
612 5697 916 5776 ut‘judicia
943 5697 1001 5756 et
1028 5697 1426 5776 ordinationes
1456 5700 1513 5756 in
1548 5700 1675 5776 suis
1697 5716 1830 5772 pro-

208 5771 382 5839 iinciis
398 5771 771 5842 baberetjins
781 5786 953 5829 suum
967 5771 1399 5844 quodammodo
1414 5772 1473 5829 in
1487 5788 1623 5829 eum
1637 5775 1829 5848 trans-

1955 3383 2081 3422 cere
2111 3364 2443 3439 synodalos,
2478 3368 2535 3419 et
2566 3363 2935 3420 sacerdotum
2987 3364 3219 3421 Domini
3257 3364 3506 3438 judicia,
3541 3383 3604 3435 se

1955 3455 2356 3511 interserendo
2386 3453 2641 3509 turbare.
2659 3452 2740 3522 (ὴ)
2765 3453 2869 3518 Qui
2896 3470 3009 3509 non
3036 3458 3266 3510 tantum
3301 3455 3523 3518 noverit
3540 3472 3607 3513 se

1954 3546 2026 3600 ab
2049 3544 2385 3614 alienojure
2415 3541 2749 3614 depulsum,
2775 3543 2875 3597 sed
2900 3542 3078 3598 etiam
3099 3543 3451 3600 Viennensis
3474 3561 3607 3616 pro-

1951 3633 2174 3703 vinciae,
2209 3634 2275 3704 (i)
2297 3649 2471 3705 quam
2498 3630 2648 3688 male
2679 3638 3081 3705 usurpaverat,
3106 3637 3390 3705 potestate
3417 3633 3608 3707 priva-

1952 3725 2100 3777 tum.
2154 3722 2409 3794 Dignum
2455 3725 2544 3775 est
2573 3721 2754 3786 enim,
2789 3722 3014 3791 fratres,
3048 3722 3420 3795 antiquitatis
3452 3724 3610 3780 BM)

1953 3814 2178 3866 statuta
2210 3809 2487 3881 reparari,
2524 3810 2732 3865 cumis
2763 3810 2863 3882 qui
2892 3809 3003 3866 sibi
3027 3810 3452 3866 ordinationem
3474 3827 3608 3884 pro-

1951 3899 2151 3955 vinciae
2185 3899 2457 3955 indebita
2488 3898 2844 3967 vindicabat,
2874 3898 3009 3955 talis
3041 3900 3099 3954 in
3134 3900 3407 3971 praesenti
3430 3899 3609 3959 etiam

1953 3990 2232 4062 probatus
2260 3988 2431 4043 fuerit
2453 3988 2517 4060 (j)
2534 3987 2851 4054 exstitisse,
2871 3992 2937 4043 ut
2955 4004 3087 4042 cum
3107 3987 3229 4060 ipse
3246 3987 3609 4060 frequentius

1952 4131 2251 4203 tulerunt.
2269 4135 2595 4203 Ingenuum
2616 4132 2894 4203 praeterea
2920 4126 3152 4203 Alpium
3176 4127 3608 4203 maritimarum

1953 4196 2397 4275 metropolitani
2417 4219 2449 4255 a
2482 4196 2670 4256 Leone
2702 4199 2882 4275 fuisse
2906 4196 3208 4275 culpatum
3245 4200 3318 4254 ob
3340 4196 3607 4275 illicitum

1954 4276 2045 4330 sui
2072 4268 2225 4345 juris
2254 4272 2600 4336 cessionem,
2636 4274 2885 4345 testatur
2905 4268 3160 4345 Hilarius
3193 4288 3343 4345 papa
3371 4270 3604 4345 epistle

1955 4340 2243 4402 Incertum
2275 4360 2407 4399 vero
2437 4347 2527 4398 est
2556 4359 2701 4414 num
2722 4340 2841 4395 hmo
2858 4341 3102 4414 Ingenui
3135 4340 3608 4414 reprehensioad

1951 4417 2059 4473 has
2088 4416 2294 4473 Leonis
2343 4414 2567 4486 litteras
2598 4412 2914 4486 referenda
2944 4412 3041 4486 sit,
3070 4430 3145 4468 an
3185 4412 3325 4486 vero
3352 4413 3424 4486 ad
3458 4412 3607 4470 alias

1953 4506 2078 4563 quae
2112 4485 2545 4563 interciderint;
2580 4485 2651 4539 de
2683 4483 2948 4563 quoﬁvide
2980 4484 3148 4557 plura
3179 4485 3237 4540 in
3266 4483 3500 4543 dissert.
3535 4486 3609 4542 de

1890 4594 1893 4595 ν
1951 4555 2217 4632 epistolis
2248 4556 2585 4630 depcrditis,
2616 4572 2758 4632 num
2789 4555 2881 4611 97.

2020 4631 2097 4702 (h)
2130 4631 2215 4686 Ita
2244 4625 2373 4683 cuin
2400 4632 2575 4702 antea
2593 4626 2765 4682 editis
2781 4632 2837 4683 et
2862 4625 3051 4682 tribus
3070 4627 3289 4702 nostris
3307 4628 3606 4702 coddp.Sir-

1951 4698 2225 4759 mondus.
2251 4699 2598 4767 Quesnellus
2631 4701 2821 4773 autem
2845 4698 3491 4773 cum_mss.gcollect.24,
3510 4704 3610 4773 qui

1946 4777 2127 4829 tamen
2160 4773 2372 4829 noverit.
2403 4788 2459 4827 se
2486 4788 2595 4825 nun
2625 4770 2802 4825 solum
2830 4771 2898 4825 ab
2930 4770 3109 4826 alieno
3128 4771 3282 4840 jure.

2023 4846 2082 4916 (i)
2109 4846 2324 4909 Quesn.
2349 4842 2407 4897 in
2433 4841 2730 4916 margine:
2753 4841 2939 4916 Forte,
2963 4858 3072 4916 qua
3094 4842 3235 4916 male
3254 4859 3385 4916 usus
3400 4842 3603 4913 fuerat.

1948 4915 2010 4971 Id
2043 4912 2236 4971 autem
2269 4932 2337 4971 ea
2367 4914 2496 4969 sola
2525 4912 2595 4986 de
2627 4929 2804 4986 causa
2821 4912 3076 4986 scripsit,
3101 4914 3320 4986 quiain
3342 4912 3449 4971 sua
3470 4931 3603 4986 sen-

1948 4989 2148 5056 tentia,
2183 5004 2358 5058 quam
2414 4984 3025 5058 inwobservationib'us
3056 4986 3125 5058 ad
3157 4985 3423 5058 quintam
3448 4985 3603 5058 dies.

1938 5055 2450 5131 .impugnabimus,
2483 5055 2767 5111 Hilarium
2793 5056 3017 5131 nullum
3041 5057 3145 5128 jus
3169 5055 3321 5130 quod
3350 5055 3462 5115 sibi
3486 5073 3603 5114 non

1948 5128 2302 5202 competeret
2331 5144 2652 5202 usurpasse
2684 5128 3003 5202 contendit.

2018 5198 2252 5274 (j)'Editi
2278 5206 2413 5274 ante
2434 5198 2812 5274 Sirmondum
2836 5200 3120 5274 etQuesn.
3147 5216 3281 5254 cum
3306 5198 3600 5274 inferioris

1947 5265 2092 5327 not'a‘
2108 5272 2406 5328 codicibus
2419 5272 2697 5326 omittunt
2708 5271 3184 5326 exstitissePorro
3199 5265 3596 5338 metropolitae,

1947 5346 2045 5416 qui
2073 5345 2132 5399 in
2156 5344 2352 5416 aliquo
2374 5343 2672 5416 defecisset
2693 5348 2892 5416 contra
2912 5341 3142 5416 regulas
3160 5351 3601 5416 canon_um,st{c'e

1923 5407 2161 5472 tantum
2189 5407 2448 5472 Ecclesiw
2476 5413 2838 5485 sacerdotium
2860 5429 2962 5485 pro
2977 5407 3126 5467 Sedis
3154 5408 3463 5485 apostotwae
3476 5407 3600 5485 pie-

1945 5492 2054 5543 tate
2081 5484 2707 5553 servari,ordinationis
2725 5476 3132 5556 episcoporum
3147 5476 3280 5556 jure
3294 5476 3589 5556 adempto,

1942 5542 2451 5630 vetusdisciplina
2481 5561 2624 5630 erat,
2661 5560 2727 5630 ut
2759 5542 2953 5610 videre
2985 5557 3072 5608 est
3089 5542 3254 5630 apud
3292 5542 3587 5630 31“??me

1983 5615 2153 5703 apam
2186 5615 2354 5703 epist.
2385 5634 2440 5703 ὃ,
2475 5628 2541 5683 ad
2579 5615 2927 5703 Gallicanos,
2971 5640 3027 5677 n.
3080 5615 3372 5695 L'Confer
3402 5615 3583 5667 etiam

1941 5647 2153 5757 papam
2186 5647 2354 5702 eprsz.
2385 5647 2440 5693 δ,
2475 5647 2541 5683 ao
2579 5647 2650 5683 ua

1988 5703 2151 5760 eonis
2184 5701 2355 5776 epist.
2390 5700 2478 5768 l2,
2509 5715 2560 5754 c.
2595 5700 2650 5755 9.
