3932 6220
124 384 225 448 653

1517 387 1896 453 EPISLOLA
1938 389 2072 451 XII.

3368 386 3498 455 65L

123 524 218 574 nea
246 517 340 573 dat
365 513 666 572 licensiam
695 515 1091 589 delinquendi,
1124 532 1313 590 neque
1342 520 1496 592 quod
1533 520 1725 592 potuit
1752 521 1808 587 Α
1840 520 1985 591 pum
2019 524 2305 588 nostrum,
2339 521 2438 592 qui
2472 524 2531 578 et
2576 522 2883 578 sacerdotii
2922 521 3127 578 merito
3181 520 3350 579 nobis
3401 522 3496 581 est

122 607 290 680 aliqua
314 604 540 661 ratione
568 606 823 674 concedi,
866 607 953 663 fas
1011 607 1120 662 erit
1177 608 1431 679 amplius
1488 607 1727 681 impune

120 694 393 751 committi.

176 783 396 840 CAP.VI.
415 813 484 823 —
502 783 578 855 (a)
595 782 887 839 Donatum
911 787 1103 840 autem
1129 785 1203 857 (b)
1221 785 1641 841 Salicinenscm
1660 803 1728 841 ex

122 871 417 929 Novatianis
447 887 583 927 cum
609 888 736 938 sua,
764 876 830 927 ut
860 873 1275 944 comperimus,
1311 873 1478 946 plebe
1498 890 1730 930 conver-

124 979 248 1029 sum,
269 960 347 1016 ita
369 960 671 1017 Dominico
700 961 860 1034 gregi
890 960 1164 1018 volumus
1192 962 1522 1034 praesidere,
1563 967 1629 1018 ut
1658 962 1726 1017 li-

125 1050 304 1106 bellum
327 1048 459 1104 ﬁdei
483 1066 602 1104 sum
626 1049 697 1104 ad
712 1066 819 1105 nos
844 1049 1175 1107 meminerit
1195 1051 1589 1122 dirigendum.
1615 1068 1728 1123 quo

122 1138 457 1195 etNovatiani
493 1138 786 1209 dogmatis
817 1139 1055 1193 damnet
1077 1157 1354 1205 errorem,
1403 1144 1459 1194 et
1519 1140 1729 1213 plenis-

121 1229 241 1284 sime
266 1228 608 1283 confiteatur
618 1226 962 1282 catholicam
979 1229 1300 1284 veritatem.
1319 1230 1389 1301 (c)
1409 1229 1729 1284 Maximum

118 1316 243 1389 quod
269 1333 333 1372 ex
357 1314 507 1371 laico
528 1315 603 1386 (ἀ)
625 1313 760 1370 licet
790 1315 1322 1388 reprehensibiliter
1370 1317 1731 1385 ordinatum,

119 1409 277 1460 tamen
297 1405 345 1459 si
378 1403 684 1459 Donatista
703 1403 831 1474 jam
865 1421 980 1460 non
1003 1409 1113 1471 est,
1148 1409 1205 1460 et
1252 1422 1285 1460 a
1306 1404 1515 1477 spiritu
1576 1405 1728 1461 schi-

115 1491 651 1565 smaticaapravitatis
673 1490 921 1561 alienus,
937 1493 1010 1547 ab
1032 1492 1370 1565 episcopali,
1395 1509 1571 1565 quam
1595 1510 1732 1565 quo-

115 1599 206 1654 quo
223 1583 382 1638 modo
399 1582 653 1653 adeptus
675 1585 787 1652 est,
804 1580 1283 1653 non'repellimus
1311 1581 1624 1653 dignitate;
1648 1582 1730 1638 ita

116 1676 165 1725 ut
188 1674 236 1726 ct
265 1671 381 1743 ipse
406 1668 610 1726 libello
632 1671 702 1725 ad
735 1687 842 1726 nos
873 1670 1029 1726 edito
1077 1669 1431 1727 catholicum
1482 1688 1544 1727 se
1602 1687 1730 1727 esse

118 1759 427 1815 manifestat.

170 1848 284 1905 CAP.
311 1847 432 1903 VtI.
466 1879 539 1888 —
571 1847 655 1948 De
685 1847 912 1951 Aggaro
953 1847 1033 1947 te.)
1083 1864 1216 1951 vero
1266 1852 1336 1947 et.
1380 1848 1727 1951 Tyberiano,
1759 1886 1806 1951 B

118 1954 320 2009 quorum
345 1955 379 1992 a
400 1937 632 1993 caeteris
663 1936 762 2008 qui
795 1952 864 1991 ex
892 1934 1057 1991 laicis
1087 1936 1337 1992 ordinati
1358 1936 1594 2005 suut,in
1622 1936 1730 1993 hoc

117 2043 257 2082 causa
277 2027 499 2082 diversa
529 2029 643 2093 est,
690 2025 845 2097 quod
906 2040 1108 2080 eorum
1167 2026 1322 2081 666
1377 2025 1731 2082 ordinationi

117 2120 298 2173 atroces
324 2114 624 2172 tumultus
652 2119 709 2169 et
748 2130 909 2171 saevae
959 2114 1278 2171 seditiones
1328 2121 1732 2171 memorantur

116 2222 213 2261 esse
240 2204 542 2273 famulata,
575 2202 1010 2274 vestrojudicio
1034 2207 1246 2260 cuncta
1286 2203 1725 2260 commisimus:

115 2298 164 2349 ut
192 2293 359 2351 relata
378 2294 560 2350 habiti
592 2292 750 2365 apud
777 2309 878 2347 vos
909 2293 1196 2348 examinis
1220 2293 1352 2360 ﬁde,
1373 2292 1513 2364 quid
1542 2293 1612 2348 de
1637 2311 1730 2349 su—

114 2381 358 2454 pradictis
386 2383 763 2439 statuendum
795 2380 872 2436 sit
901 2381 1050 2437 scire
1077 2381 1397 2453 possimus.

166 2473 280 2527 Car.
333 2471 469 2527 VIII.
518 2470 646 2528 Illae
699 2473 894 2525 autem
953 2469 1185 2525 famulae
1246 2470 1339 2525 Dei
1403 2487 1530 2542 qua:
1580 2471 1724 2527 inte-

114 2561 338 2632 gritatem
353 2560 598 2633 pudoris
615 2559 993 2632 oppressione
1009 2558 1311 2633 barbarica
1326 2558 1723 2632 perdiderunt,

115 2646 476 2706 laudabiliores
486 2654 669 2705 erunt
684 2648 738 2701 in
755 2646 1085 2702 humilitate
1097 2665 1162 2703 ac
1177 2648 1523 2703 verecundia
1538 2650 1604 2719 (Γ)
1619 2665 1726 2703 sua

117 2737 152 2791 si
176 2755 226 2793 se
249 2738 719 2795 incontaminatis
743 2753 857 2793 non
896 2736 1149 2792 audeant
1180 2752 1520 2809 comparare
1549 2737 1722 2810 virgi-

117 2824 646 2898 nibus.(g)Quamvis
658 2824 814 2881 enim
829 2841 1000 2880 omne
1014 2831 1250 2896 peccatu
1262 2843 1315 2879 m
1330 2842 1398 2879 cx
1429 2824 1723 2881 voluntate

118 2920 359 2984 nascatur,
389 2920 443 2973 et
456 2914 724 2989 potuerit
752 2914 1125 2985 corruptione
1144 2913 1337 2969 carnis
1353 2914 1609 2985 mens(h)
1635 2914 1719 2969 in-

117 3004 227 3059 victa
251 3023 351 3061 non
371 3005 584 3079 pollui,
615 3003 810 3058 minus
830 3007 1024 3058 tamen
1049 3003 1156 3058 hoc
1179 3003 1262 3058 eis
1281 3005 1405 3060 obei
1421 3002 1464 3057 it
1484 3002 1534 3057 si
1566 3004 1720 3075 quod

117 3099 374 3161 potuerunt
403 3095 611 3151 animo
643 3109 756 3148 non
790 3093 1077 3159 amittere,
1104 3092 1337 3148 doleant
1381 3108 1442 3146 se
1478 3091 1563 3147 vel
1596 3109 1720 3149 cor-

118 3194 219 3249 pore
242 3183 588 3254 perdidisse.

1836 609 2118 680 probatus
2148 613 2204 664 et
2225 609 2509 677 moribus,
2532 610 2781 667 videatis
2801 610 3182 680 instructam;
3201 618 3489 684 superest,

1838 698 2066 765 fratres,
2086 698 2236 769 ut(k)
2265 698 2628 755 concorditer
2645 698 2909 756 salubres
2921 699 3261 773 suscipiatis
3291 700 3489 757 horta-

1836 790 1952 853 tus,
1987 791 2043 841 et
2072 787 2216 841 nihil
2240 803 2343 858 per
2364 787 2796 844 contentionem
2813 792 3072 862 agentes,
3097 789 3198 845 sed
3221 788 3294 845 ad
3314 805 3489 847 omne

1837 873 2102 929 studium
2135 873 2456 931 devotionis
2474 874 2804 942 unanimes,
2838 875 3053 932 divinis
3075 880 3132 932 et
3149 875 3488 949 apostolicis

1837 961 1899 1032 (ι)
1922 962 2442 1017 constitutionibus
2472 963 2747 1035 parcatis,
2780 967 2838 1019 et
2866 963 2924 1018 in
2962 963 3122 1021 nullo
3178 964 3487 1037 patiamini

1837 1048 2350 1121 providentissima
2362 1067 2654 1106 canonum
2673 1052 2905 1107 decreta
2918 1051 3140 1108 violari.
3165 1053 3299 1117 Quae
3328 1052 3487 1109 enim

1838 1155 1995 1194 nunc
2012 1142 2302 1193 certarum
2321 1138 2657 1195 remisimus
2669 1140 3130 1197 consideratione
3150 1158 3487 1210 causarum,

1839 1226 2098 1299 antiquis
2127 1228 2402 1299 deinceps
2425 1227 2806 1284 custodienda
2822 1233 2961 1284 sunt
2981 1228 3218 1302 regulis,
3241 1247 3314 1286 ne
3332 1231 3489 1303 quod

1839 1316 1905 1369 ad
1924 1320 2158 1386 tempus
2178 1316 2271 1387 pia
2295 1315 2532 1371 lenitate
2543 1316 3050 1389 concessimus(m)
3068 1318 3234 1389 justa
3248 1318 3490 1390 posthac

1838 1402 2058 1459 ultione
2081 1405 2229 1460 667
2258 1405 2603 1476 plectamus,
2627 1406 2706 1478 (η)
2724 1405 2783 1461 in
2810 1422 2909 1461 eos
2925 1405 3238 1478 specialius
3269 1410 3328 1463 et
3356 1424 3489 1480 pro-

1838 1492 2077 1565 pensius
2108 1494 2533 1564 commovendi,
2566 1494 2667 1566 pui
2698 1494 2757 1549 in
2799 1494 3091 1567 episcopis
3145 1496 3490 1553 Ordinandis

1839 1571 2176 1637 sanctorum
2209 1581 2449 1637 Patrum
2480 1587 2702 1639 statuta
2722 1582 2794 1655 (0)
2817 1582 3194 1655 neglexerint,
3226 1598 3285 1641 et.
3338 1601 3489 1657 quos

1838 1669 2090 1726 refutare
2115 1670 2436 1727 debuerant
2456 1671 2875 1727 consecrarint.
2904 1672 3065 1727 Unde
3084 1673 3162 1743 (ρ)
3178 1672 3230 1727 si
3248 1674 3349 1745 qui
3370 1673 3490 1746 epi-

1837 1758 1998 1830 scopi
2030 1758 2207 1815 talem
2239 1761 2705 1816 consecraverint
2725 1761 3085 1816 sacerdotem
3107 1760 3342 1833 qualem
3359 1778 3489 1819 esse

1837 1864 1953 1902 non
1986 1847 2174 1915 liceat,
2199 1847 2429 1904 etiamsi
2459 1847 2655 1920 aliquo
2692 1849 2866 1905 modo
2925 1849 3209 1905 damnum
3267 1851 3487 1924 proprii

1841 1935 2081 1992 honoris
2092 1937 2399 2002 evaserint,
2414 1938 2431 2007 (
2437 1938 2489 2009 q)
2514 1937 2897 1994 ordinationis
2907 1941 3105 1995 tamen
3118 1939 3223 2011 jus
3239 1939 3491 1998 ulterius

1842 2042 1955 2080 non
1988 2024 2307 2094 habebunt,
2332 2041 2437 2081 nec
2465 2042 2748 2098 umquam
2781 2026 2833 2082 ei
2864 2031 3230 2084 sacramento
3276 2028 3508 2091 intere-,

1840 2118 1995 2185 runt,
2020 2115 2174 2187 quod
2209 2113 2469 2187 neglecto
2507 2114 2947 2186 divinojudicio
2992 2115 3288 2172 immerito
3345 2134 3491 2191 prae-

1838 2202 2136 2259 stiterunt.

1909 2291 2042 2348 CAP.
2076 2293 2140 2347 Χ.
2178 2324 2241 2334 -
2264 2293 2336 2365 (r)
2371 2292 2517 2348 Illud
2550 2296 2692 2350 sane
2736 2294 2894 2366 quod
2942 2295 3017 2349 ad
3064 2294 3491 2353 sacerdotalem

1836 2381 2089 2453 pertinet
2116 2382 2485 2455 dignitatem,
2510 2382 2662 2440 inter
2686 2382 2885 2438 omnia
2904 2382 3179 2440 volumus
3199 2400 3493 2442 canonum

1838 2472 2060 2524 statuta
2090 2470 2330 2537 servari,
2366 2474 2430 2525 ut
2462 2487 2577 2525 non
2611 2471 2668 2525 in
2697 2470 3062 2543 quibuslibet
3084 2471 3252 2543 locis,
3304 2490 3495 2547 neque

1838 2559 1901 2629 (ε)
1921 2556 1977 2612 in
2000 2558 2472 2630 quibuscumque
2493 2558 2768 2627 castellis,
2803 2565 2861 2615 et
2885 2560 2985 2614 ubi
3014 2564 3149 2616 ante
3195 2579 3314 2618 non
3368 2562 3490 2618 fue-

1836 2651 1991 2714 runt,
2025 2646 2280 2718 episcopi
2315 2652 2751 2714 consecrentur,
2776 2664 2911 2703 cum
2944 2647 3045 2702 ubi
3069 2649 3326 2705 minores
3348 2656 3489 2707 sunt

1834 2734 2030 2807 plebes
2062 2736 2435 2806 minoresque
2466 2740 2805 2800 conventus,
2840 2736 3313 2808 presbyterorum
3346 2755 3489 2795 cura

1834 2823 2108 2890 sufficiat,
2163 2823 2517 2895 episcopalia
2565 2828 2761 2879 autem
2805 2823 3203 2896 gubernacula
3250 2827 3487 2883 nonnisi

1831 2912 2154 2984 majoribus
2166 2912 2397 2984 populis
2409 2916 2465 2967 et
2477 2911 2965 2984 frequentiorihus
2979 2912 3315 2970 civitatibus
3326 2931 3490 2991 opor-

1831 3006 1948 3057 teat
1979 3001 2307 3073 praesidere,
2343 3017 2435 3069 ne,
2462 3002 2615 3073 quod
2641 3004 2980 3057 sanctorum
3012 3001 3252 3058 Patrum
3273 3003 3485 3060 divini-

1831 3095 1927 3146 tus
1958 3090 2244 3163 inspirata
2265 3090 2916 3159 decreta(t)vetuerunt,
2966 3090 3176 3148 viculis
3234 3096 3293 3148 et
3349 3109 3486 3165 pos-

1830 3179 2213 3247 sessionibus,
2246 3178 2333 3234 vel
2379 3178 2647 3235 obscuris
2705 3182 2761 3234 et
2810 3178 3089 3235 solitariis
3146 3182 3487 3254 municipiis

168 3268 275 3326 CAP.
299 3272 551 3344 IX.—(i)
579 3271 727 3326 Cum
752 3271 948 3342 itaque
967 3269 1037 3324 de
1055 3269 1410 3342 omnibus(i)
1444 3270 1560 3325 fere
1596 3288 1723 3342 qua:
1753 3254 1797 3320 C
1835 3269 2129 3324 tribuatur
2162 3260 2520 3323 sacerdotale
2538 3266 2862 3340 fastigium,
2885 3274 2942 3323 et
2958 3266 3251 3324 honorcui
3271 3270 3487 3328 debent

119 3356 271 3416 fratris
296 3362 470 3418 nostri
502 3358 760 3417 Potentii
782 3357 982 3413 relatio
1002 3358 1357 3425 continebat,
1379 3358 1720 3431 plenissime

118 3443 432 3507 dilectionem
460 3452 727 3507 vestram
759 3463 862 3519 per
891 3446 1062 3502 David
1086 3446 1324 3501 fratrem
1347 3451 1406 3501 et
1436 3446 1723 3519 coepisco-

172 3624 230 3700 ίᾳ)
262 3626 304 3700 l_.
333 3644 429 3700 qu.
460 3630 517 3695 7,
556 3643 615 3700 c.
645 3625 735 3694 20,
771 3626 1058 3680 Donatum.

184 3641 230 3692 α)
262 3641 304 3688 l.
333 3644 429 3700 qu.
460 3641 517 3695 7,
556 3643 610 3682 c.
645 3641 735 3694 zu,
771 3641 1058 3680 uouatum.

168 3641 229 3765 lb)
272 3698 348 3754 Ita
388 3697 619 3772 vulgati
648 3694 1258 3772 _cum__mss.__collec_t.
1312 3694 1716 3772 1.5AVi_ndeb.,

119 3760 238 3834 Hisp.
269 3774 319 3823 et
345 3760 686 3826 cumvcodd.
719 3767 940 3823 collect.
973 3769 1039 3821 12
1068 3772 1124 3821 et
1161 3768 1252 3834 2|,
1293 3784 1357 3821 ac
1417 3760 1716 3821 Sichardo.

118 3830 501 3909 CodexBarber.
538 3839 771 3895 collect.
822 3841 877 3906 3,
938 3830 1340 3909 Sajensem'ea:
1397 3838 1717 3893 Novutiano.

124 3903 165 3957 In
189 3909 462 3969 collatione
501 3903 957 3981 Carthaginensi
1002 3903 1141 3964 anni
1199 3910 1322 3981 411,
1368 3927 1533 3963 num.
1594 3910 1716 3981 I28.

123 3988 421 4052 memoratur
447 3986 699 4040 Donatus
735 3979 1014 4052 episcOpus
1039 3981 1215 4052 plebis
1255 3979 1517 4052 Sajensis.
1578 3980 1717 4035 Cod.

124 4043 343 4123 {incensis
373 4054 603 4111 collect.
637 4055 690 4117 li,
723 4043 1157 4123 sajacihansem.
1192 4043 1504 4111 Mszarb.
1538 4054 1607 4105 7⁸1
1667 4056 1719 4106 et

123 4117 413 4196 Quespellus
443 4129 499 4182 in
551 4117 837 4196 margine,
900 4123 1239 4196 sajuceusem
1285 4139 1370 4196 ea_:_
1400 4124 1719 4178 A'uvatz’auo.

124 4190 210 4271 Oud
234 4192 400 4271 Flor,
424 4190 804 4271 Sejaciensem
830 4212 900 4271 ea;
927 4190 1247 4271 Novaliauo.
1287 4192 1424 4271 Alite
1472 4202 1723 4249 erroneae

125 4261 359 4323 variantes
374 4261 734 4325 inferiorum
767 4266 1033 4320 codicum
1055 4265 1429 4320 omittuntur.

260 4336 302 4401 1,
330 4355 425 4409 qu.
456 4343 512 4407 7,
551 4355 604 4394 ο.
640 4338 726 4402 19,
760 4337 1080 4418 Maximum.

227 4405 354 4469 )Ms.
387 4415 513 4467 Vat.
553 4407 779 4465 collect.
813 4408 882 4462 12
912 4411 1077 4463 omitt

226 4405 360 4475 )Ms:
387 4405 513 4467 Vat.
553 4407 779 4465 collect.
813 4408 882 4462 12
912 4406 1129 4463 omittit
1158 4408 1299 4462 licet.
1333 4405 1497 4475 Dein,
1542 4409 1725 4461 tamen

128 4472 298 4533 tumin
325 4482 521 4538 eodem
562 4480 779 4547 codice,
812 4479 1024 4534 tumin
1077 4482 1203 4533 Vat.
1267 4478 1426 4549 Hisp.
1481 4472 1538 4533 et
1584 4477 1723 4532 Isid.

130 4539 458 4600 desideratur-

157 4556 459 4607 BSIderatur.

1827 3355 2235 3413 excellentiora
2264 3355 2575 3423 committi,
2609 3356 2738 3429 ipsa
2760 3356 2850 3413 sui
2883 3356 3303 3416 numerositate
3342 3357 3483 3414 vile-

1828 3449 1970 3501 scat.
1992 3444 2154 3508 Quod
2177 3461 2333 3500 nunc
2356 3444 2415 3498 in
2438 3461 2546 3500 sua
2562 3444 2792 3501 diazcesi
2812 3442 3139 3502 Restitutus
3172 3447 3484 3521 episcopus

1829 3624 1955 3696 ipso
1986 3621 2317 3696 Florentino
2343 3620 2499 3696 hanc
2521 3620 2889 3696 particulam
2912 3622 3296 3695 praetermitti.
3331 3622 3482 3691 Qua-

1828 3692 2001 3750 tenus
2030 3711 2163 3748 vero
2186 3693 2306 3748 haec
2338 3693 2397 3747 in
2430 3692 2655 3763 integra
2685 3692 2932 3763 epistola
2953 3711 2987 3747 ε.
3007 3699 3192 3750 Leone
3212 3697 3487 3753 secundis

1829 3767 1985 3840 curis
2020 3765 2200 3840 fuerit
2222 3765 2460 3840 inserta,
2490 3760 2650 3840 ut‘iin
2685 3760 3025 3840 Hadrianeis
3051 3767 3484 3840 exemplaribus

1829 3837 2153 3917 exhibetur,
2190 3837 2245 3889 in
2271 3835 2667 3917 admonitione
2696 3834 3111 3917 explicavimus
3133 3834 3298 3917 nuin.
3319 3839 3409 3917 f4.

2008 3907 2091 3988 Ita
2121 3923 2324 3989 omnes
2355 3907 2526 3989 codd:
2557 3911 2613 3961 et
2652 3907 2811 3989 editi.
2849 3907 3124 3989 Hadrian.
3178 3913 3235 3963 et
3271 3909 3483 3989 plures

1829 3977 2104 4034 editionis
2136 3977 2482 4049 mixtamrqui
2513 3977 2670 4049 hunc
2703 3980 2923 4032 textum
2979 3978 3069 4032 bis
3127 3977 3478 4049 repetentes,

1831 4050 2019 4122 primo
2049 4048 2583 4122 locopliadrianeam
2622 4048 2968 4122 lectionem__
2988 4048 3334 4119 sequuntur.
3367 4052 3485 4122 __Ita

1831 4117 2021 4192 etiam,
2042 4120 2197 4192 apud
2230 4119 2581 4192 Merlinum;
2613 4123 2671 4174 et
2700 4117 3047 4192 Quesnellus
3074 4117 3301 4192 septem
3332 4117 3481 4174 alios

1832 4209 1976 4248 mss.
2011 4187 2191 4246 libros
2222 4189 2502 4261 similiter
2522 4188 2786 4261 legentes
2809 4187 3022 4261 allegat
3053 4187 3173 4245 not.
3233 4190 3285 4255 4,
3306 4260 3311 4261 γ
3332 4206 3482 4261 quos

1830 4263 1919 4319 vel
1954 4261 2285 4319 Hadrianeae
2307 4260 2393 4315 vel
2426 4258 2621 4314 mixtae
2651 4258 2951 4314 editionis'
2975 4275 3104 4315 esse
3159 4258 3479 4316 credimus.

1832 4339 1899 4390 In
1932 4351 2044 4389 ms.
2074 4338 2268 4388 tamen
2304 4329 2634 4386 Florentino
2664 4330 2931 4396 habetur,
2953 4331 3208 4387 concordi
3225 4331 3483 4387 obedien-

1830 4408 1929 4472 tia,
1967 4404 2048 4459 uti
2082 4404 2140 4459 in
2172 4420 2315 4461 mss.
2345 4400 2617 4472 editionis
2647 4400 2979 4456 decurtata.

1907 4477 1971 4547 (ι)
2002 4476 2140 4530 Cod.
2181 4472 2473 4547 Angelicze
2490 4471 2712 4547 collect.
2761 4475 2884 4547 21_,_
2912 4474 3363 4547 institutionibus.
3416 4474 3483 4532 In

1834 4541 2229 4603 ms.'Florent.
2263 4541 2397 4599 cum
2423 4541 2713 4615 plerisque
2743 4542 2910 4615 codd.
2944 4544 3219 4602 editionis
3275 4546 3487 4601 decur-

178 4613 234 4703 ξφ)
258 4618 603 4703 lfarticulani
628 4638 751 4678 vero
780 4618 1182 4703 supplevimu‘s
1213 4636 1282 4674 ex
1313 4635 1456 4675 mss.
1493 4619 1720 4675 Floren-
1751 4619 1799 4684 D
1826 4624 1979 4703 tatis,
2012 4617 2263 4671 servietis
2288 4620 2375 4681 ;at
2393 4613 2729 4703 p‘areatisuin
2764 4613 3057 4703 plerisque
3086 4615 3386 4686 Hadriam,
3409 4634 3483 4674 ex

131 4680 470 4768 lin-datusque
500 4695 767 4768 quinque
796 4680 1026 4768 optimae
1058 4695 1228 4768 notas.

182 4757 237 4824 if)
258 4757 582 4833 Adjecimus
612 4757 713 4819 sua
742 4780 811 4819 ex
833 4757 1042 4819 eodem
1075 4778 1185 4817 ms.
1219 4760 1466 4815 Florent.
1504 4759 1722 4815 tribus-

134 4830 352 4908 quantus
378 4837 623 4908 optimis
654 4836 823 4908 codd.

232 4898 351 4977 )3',
380 4898 476 4977 ιιῖι.
506 4911 563 4970 5,
595 4924 643 4962 c.
685 4908 764 4970 14,
789 4906 901 4961 Illze
921 4906 1121 4959 autem.

187 4967 249 5048 (h)
275 4967 583 5048 legebatur
609 4967 803 5032 invita.
837 4978 1048 5041 Quesn.
1085 4973 1305 5048 notavit
1329 4973 1384 5027 in
1429 4972 1727 5048 margine:

142 5033 285 5118 Ρσΐίβ.
310 5033 498 5105 uirida
565 5055 621 5104 ct
644 5050 721 5102 ita
744 5033 979 5118 quidem
1005 5045 1370 5118 restituimus
1392 5062 1457 5097 ex
1479 5033 1735 5118 ψεῖ-Ἠιο-

143 5112 505 5192 {cntino__Post
536 5137 739 5192 pauca,
764 5112 1073 5192 'exweode‘m
1104 5116 1319 5192 codice,
1355 5121 1413 5170 et
1442 5116 1553 5170 alio
1595 5114 1733 5167 Bar-

145 5173 245 5263 bef;
263 5173 471 5263 collect.
488 5173 559 5259 '3:
579 5173 671 5247 eis
693 5173 799 5263 pro
832 5189 946 5244 illis
975 5189 1166 5243 oberit.

276 5251 551 5338 Videbat:
580 5263 614 5317 3
637 5251 870 5338 Queen._
902 5331 912 5338 _
1067 5331 1084 5338 _
1333 5332 1341 5338 _
1516 5252 1521 5253 γ

200 5326 251 5391 Ui
273 5326 1021 5401 Restituimus'adverbium
1052 5331 1306 5401 fere‘non
1328 5332 1449 5401 tam
1469 5344 1541 5401 ex
1568 5326 1743 5401 editis

150 5381 643 5472 cessasse}:
680 5381 1117 5472 massica;
1142 5381 1445 5472 arma.
1479 5381 1745 5472 Codices

157 5462 295 5541 imam
312 5462 535 5541 collect.
566 5476 624 5530 21
654 5479 712 5531 et
740 5475 807 5529 24
838 5490 971 5528 cum
1002 5470 1287 5541 Sichardo
1332 5469 1487 5525 idem
1546 5468 1747 5541 praefe-

154 5539 277 5616 {unt
304 5540 457 5616 _Unde
484 5546 799 5616 revincitur
826 5545 981 5616 quod
1025 5540 1372 5608 Quesnellus
1411 5538 1753 5616 in_pb_stilla

162 5608 388 5689 fﬂmﬁi
404 5616 619 5689 ,Vulgati
646 5608 859 5689 addunt
870 5616 986 5671 fere
1005 5617 1194 5669 contra
1213 5629 1342 5667 mss.
1366 5608 1543 5689 codd:
1566 5610 1748 5681 ﬁdem.

164 5665 265 5744 Non
282 5665 589 5744 difﬁtemiir
600 5665 887 5744 iaiﬁéﬁ'id
897 5665 1754 5742 nissIcmterarum—nostrarum

174 5742 531 5816 collectionum
561 5742 827 5817 editionis
858 5758 1172 5816 decurtata
1199 5754 1285 5813 vel
1317 5753 1536 5825 mixtae,
1584 5757 1641 5814 et
1695 5753 1756 5814 in

1830 4689 2051 4762 quibus
2070 4704 2213 4762 _mo_x_
2243 4684 2507 4762 nonnulli
2531 4684 2818 4762 pmittunt
2841 4684 3006 4762 eum.

1904 4761 1999 4825 (νη)
2034 4755 2410 4813 Ms.Vercell.
2444 4761 2503 4830 et
2521 4755 2751 4830 Justelli
2791 4756 2966 4813 editio
3024 4774 3350 4830 perperam,
3411 4764 3482 4817 ut

1832 4831 2083 4893 videtur,
2099 4830 2250 4899 justa
2276 4828 2656 4900 postulatione.
2680 4829 2879 4900 Forte,
2908 4828 3280 4900 post’ult'ione.
3299 4830 3480 4888 Porro

1835 4903 1895 4957 in
1926 4898 2106 4956 verbo
2126 4900 2426 4971 plectamus
2454 4898 2630 4954 editio
2660 4898 2962 4973 decurtata
2981 4901 3214 4973 desinit,
3248 4906 3305 4957 et
3346 4918 3478 4973 quas

1840 4974 2170 5044 sequuntur
2190 4974 2427 5044 sumpta
2448 4974 2586 5025 sunt
2614 4985 2682 5044 ex
2711 4970 2986 5044 Hadrian.
3004 4970 3381 5044 collectione,
3411 4990 3481 5028 ac

1842 5041 1951 5099 ms.
1988 5042 2312 5097 Florentino
2342 5041 2845 5112 atquecodicibus
2875 5043 3148 5101 editionis
3192 5041 3405 5101 mixta.

1918 5116 1994 5185 (η)
2027 5114 2130 5166 llic
2160 5112 2375 5167 desinit
2404 5111 2578 5168 editio
2611 5113 2930 5170 decurtata.

1920 5191 1987 5255 (0,
2016 5185 2124 5247 AL,
2158 5185 2533 5254 neglexerunt,
2568 5188 2625 5239 et
2653 5201 2806 5250 mox,
2838 5187 3245 5243 consecrarunt.

1946 5256 2003 5327 p)
2034 5256 2088 5319 l,
2116 5271 2215 5325 qu.
2251 5264 2294 5322 l,
2327 5259 2383 5309 et
2408 5257 2494 5321 15,
2527 5270 2625 5325 qu.
2648 5256 2703 5323 2,
2736 5255 2928 5328 Siqui.

1924 5257 1999 5397 iq)
2024 5326 2131 5381 Ms.
2167 5326 2225 5381 S.
2261 5326 2457 5381 Crucis
2490 5325 2713 5381 colleet.
2738 5330 2826 5395 20,
2866 5325 3301 5397 consecrationis.
3354 5321 3401 5397 Τ

1924 5325 1999 5399 (ὶι)
2024 5326 2131 5381 Ms.
2167 5326 2225 5381 S.
2261 5326 2457 5381 Crucis
2490 5325 2713 5381 colleet.
2738 5325 2838 5395 20,—
2866 5325 3301 5383 consecrationis.
3354 5325 3503 5402 Tres

1854 5398 1951 5454 alii
1986 5397 2177 5463 codd.,
2208 5396 2575 5453 ordinationis
2606 5406 2789 5453 tamen
2816 5400 2933 5470 ejus
2961 5398 3194 5454 ulterius
3222 5393 3505 5452 licentiam

1854 5486 1964 5525 non
1997 5470 2287 5523 habebunt.

1953 5541 2001 5605 ν)
2032 5540 2176 5595 Dist.
2209 5540 2300 5605 80,
2330 5554 2379 5593 c.
2412 5538 2461 5604 1,
2493 5538 2636 5593 Illud
2663 5556 2813 5599 sane.

1952 5609 1998 5682 s)
2029 5610 2139 5682 Al.,
2171 5612 2233 5666 in
2261 5609 2607 5682 quibuslibet.

1957 5680 1998 5753 t)
2027 5680 2137 5753 AL,
2169 5680 2469 5746 vetuerant.
