  <div class='ocr_page' id='page_1' title='image "/cluster/home/n/w/nwhite01/storage/ocr_20150623/54/uva.x000827097/348.png"; bbox 0 0 3932 6220; ppageno 0'>
   <div class='ocr_carea' id='block_1_1' title="bbox 122 335 203 399">
    <p class='ocr_par' dir='ltr' id='par_1_1' title="bbox 122 335 203 399">
     <span class='ocr_line' id='line_1_1' title="bbox 122 335 203 399; baseline 0 0"><span class='ocrx_word' id='word_1_1' title='bbox 122 335 203 399; x_wconf 66' lang='grc'>68⁷(</span> 
     </span>
    </p>
   </div>
   <div class='ocr_carea' id='block_1_2' title="bbox 1508 340 2073 405">
    <p class='ocr_par' dir='ltr' id='par_1_2' title="bbox 1508 340 2073 405">
     <span class='ocr_line' id='line_1_2' title="bbox 1508 340 2073 405; baseline 0.002 -2"><span class='ocrx_word' id='word_1_2' title='bbox 1508 340 1908 405; x_wconf 74' lang='lat' dir='ltr'>EPISTOLA&#39;</span> <span class='ocrx_word' id='word_1_3' title='bbox 1943 342 2073 404; x_wconf 82' lang='lat' dir='ltr'>XV.</span> 
     </span>
    </p>
   </div>
   <div class='ocr_carea' id='block_1_3' title="bbox 3396 343 3519 407">
    <p class='ocr_par' dir='ltr' id='par_1_3' title="bbox 3396 343 3519 407">
     <span class='ocr_line' id='line_1_3' title="bbox 3396 343 3519 407; baseline -0.016 0"><span class='ocrx_word' id='word_1_4' title='bbox 3396 343 3519 407; x_wconf 79' lang='lat'>682</span> 
     </span>
    </p>
   </div>
   <div class='ocr_carea' id='block_1_4' title="bbox 127 458 3530 555">
    <p class='ocr_par' dir='ltr' id='par_1_4' title="bbox 127 458 3530 555">
     <span class='ocr_line' id='line_1_4' title="bbox 127 458 3530 555; baseline 0.003 -29"><span class='ocrx_word' id='word_1_5' title='bbox 127 467 648 546; x_wconf 81' lang='lat' dir='ltr'>quigenitusest,(a)</span> <span class='ocrx_word' id='word_1_6' title='bbox 672 471 823 528; x_wconf 90' lang='lat' dir='ltr'>alius</span> <span class='ocrx_word' id='word_1_7' title='bbox 841 472 1026 545; x_wconf 90' lang='lat' dir='ltr'>quide</span> <span class='ocrx_word' id='word_1_8' title='bbox 1048 474 1731 548; x_wconf 85' lang='lat' dir='ltr'>utroqueproeessit;sed</span> <span class='ocrx_word' id='word_1_9' title='bbox 1763 489 1815 555; x_wconf 74' lang='grc' dir='ltr'><strong>Α</strong></span> <span class='ocrx_word' id='word_1_10' title='bbox 1845 475 2146 531; x_wconf 81' lang='lat' dir='ltr'>Christum</span> <span class='ocrx_word' id='word_1_11' title='bbox 2178 468 2523 531; x_wconf 42' lang='lat' dir='ltr'>&#39;Dominum</span> <span class='ocrx_word' id='word_1_12' title='bbox 2585 477 2670 533; x_wconf 88' lang='lat' dir='ltr'>vel</span> <span class='ocrx_word' id='word_1_13' title='bbox 2721 494 2789 533; x_wconf 87' lang='lat' dir='ltr'>ex</span> <span class='ocrx_word' id='word_1_14' title='bbox 2842 481 3027 534; x_wconf 84' lang='lat' dir='ltr'>matre</span> <span class='ocrx_word' id='word_1_15' title='bbox 3063 458 3269 534; x_wconf 79' lang='lat' dir='ltr'>volunt</span> <span class='ocrx_word' id='word_1_16' title='bbox 3314 476 3530 535; x_wconf 87' lang='lat' dir='ltr'>habere</span> 
     </span>
    </p>
   </div>
   <div class='ocr_carea' id='block_1_5' title="bbox 129 559 1731 636">
    <p class='ocr_par' dir='ltr' id='par_1_5' title="bbox 129 559 1731 636">
     <span class='ocr_line' id='line_1_5' title="bbox 129 559 1731 636; baseline 0.001 -17"><span class='ocrx_word' id='word_1_17' title='bbox 129 559 389 635; x_wconf 78' lang='lat' dir='ltr'>singularis</span> <span class='ocrx_word' id='word_1_18' title='bbox 414 560 624 617; x_wconf 88' lang='lat' dir='ltr'>unitas</span> <span class='ocrx_word' id='word_1_19' title='bbox 656 562 713 616; x_wconf 90' lang='lat' dir='ltr'>in</span> <span class='ocrx_word' id='word_1_20' title='bbox 749 562 936 619; x_wconf 85' lang='lat' dir='ltr'>tribus</span> <span class='ocrx_word' id='word_1_21' title='bbox 986 564 1222 636; x_wconf 83' lang='lat' dir='ltr'>quidem</span> <span class='ocrx_word' id='word_1_22' title='bbox 1256 564 1578 631; x_wconf 79' lang='lat' dir='ltr'>vocabulis,</span> <span class='ocrx_word' id='word_1_23' title='bbox 1630 562 1731 621; x_wconf 88' lang='lat' dir='ltr'>sed</span> 
     </span>
    </p>
   </div>
   <div class='ocr_carea' id='block_1_6' title="bbox 129 649 1735 725">
    <p class='ocr_par' dir='ltr' id='par_1_6' title="bbox 129 649 1735 725">
     <span class='ocr_line' id='line_1_6' title="bbox 129 649 1735 725; baseline 0.002 -19"><span class='ocrx_word' id='word_1_24' title='bbox 129 666 213 706; x_wconf 77' lang='lat' dir='ltr'>non</span> <span class='ocrx_word' id='word_1_25' title='bbox 236 650 293 723; x_wconf 69' lang='lat' dir='ltr'>(li)</span> <span class='ocrx_word' id='word_1_26' title='bbox 320 649 381 704; x_wconf 90' lang='lat' dir='ltr'>in</span> <span class='ocrx_word' id='word_1_27' title='bbox 408 650 612 705; x_wconf 90' lang='lat' dir='ltr'>tribus</span> <span class='ocrx_word' id='word_1_28' title='bbox 644 651 723 705; x_wconf 86' lang='lat' dir='ltr'>sit</span> <span class='ocrx_word' id='word_1_29' title='bbox 745 651 1082 723; x_wconf 85' lang='lat' dir='ltr'>accipienda</span> <span class='ocrx_word' id='word_1_30' title='bbox 1097 653 1386 725; x_wconf 90' lang='lat' dir='ltr'>personis.</span> <span class='ocrx_word' id='word_1_31' title='bbox 1404 655 1563 718; x_wconf 90' lang='lat' dir='ltr'>Quod</span> <span class='ocrx_word' id='word_1_32' title='bbox 1583 652 1735 709; x_wconf 91' lang='lat' dir='ltr'>blas-</span> 
     </span>
    </p>
   </div>
   <div class='ocr_carea' id='block_1_7' title="bbox 130 736 1733 814">
    <p class='ocr_par' dir='ltr' id='par_1_7' title="bbox 130 736 1733 814">
     <span class='ocr_line' id='line_1_7' title="bbox 130 736 1733 814; baseline 0.002 -19"><span class='ocrx_word' id='word_1_33' title='bbox 130 736 320 813; x_wconf 71' lang='lat' dir='ltr'>phemiae</span> <span class='ocrx_word' id='word_1_34' title='bbox 363 755 554 812; x_wconf 85' lang='lat' dir='ltr'>genus</span> <span class='ocrx_word' id='word_1_35' title='bbox 598 740 671 794; x_wconf 91' lang='lat' dir='ltr'>de</span> <span class='ocrx_word' id='word_1_36' title='bbox 715 740 951 796; x_wconf 89' lang='lat' dir='ltr'>Sabellii</span> <span class='ocrx_word' id='word_1_37' title='bbox 998 741 1269 814; x_wconf 89' lang='lat' dir='ltr'>opinione</span> <span class='ocrx_word' id='word_1_38' title='bbox 1317 747 1733 814; x_wconf 81' lang='lat' dir='ltr'>sumpserunt:</span> 
     </span>
    </p>
   </div>
   <div class='ocr_carea' id='block_1_8' title="bbox 126 826 1737 902">
    <p class='ocr_par' dir='ltr' id='par_1_8' title="bbox 126 826 1737 902">
     <span class='ocr_line' id='line_1_8' title="bbox 126 826 1737 902; baseline 0.002 -20"><span class='ocrx_word' id='word_1_39' title='bbox 126 828 254 899; x_wconf 79' lang='lat' dir='ltr'>cujus</span> <span class='ocrx_word' id='word_1_40' title='bbox 264 826 529 899; x_wconf 86' lang='lat' dir='ltr'>discipuli</span> <span class='ocrx_word' id='word_1_41' title='bbox 546 827 725 883; x_wconf 89' lang='lat' dir='ltr'>etiam</span> <span class='ocrx_word' id='word_1_42' title='bbox 743 827 1156 902; x_wconf 87' lang='lat' dir='ltr'>Patripassiani</span> <span class='ocrx_word' id='word_1_43' title='bbox 1173 829 1378 885; x_wconf 90' lang='lat' dir='ltr'>merito</span> <span class='ocrx_word' id='word_1_44' title='bbox 1398 848 1737 902; x_wconf 81' lang='lat' dir='ltr'>nuncupan-</span> 
     </span>
    </p>
   </div>
   <div class='ocr_carea' id='block_1_9' title="bbox 125 912 1733 991">
    <p class='ocr_par' dir='ltr' id='par_1_9' title="bbox 125 912 1733 991">
     <span class='ocr_line' id='line_1_9' title="bbox 125 912 1733 991; baseline 0.001 -18"><span class='ocrx_word' id='word_1_45' title='bbox 125 923 217 985; x_wconf 79' lang='lat' dir='ltr'>tur;</span> <span class='ocrx_word' id='word_1_46' title='bbox 246 912 433 989; x_wconf 81' lang='lat' dir='ltr'>quissi</span> <span class='ocrx_word' id='word_1_47' title='bbox 455 916 581 990; x_wconf 89' lang='lat' dir='ltr'>ipse</span> <span class='ocrx_word' id='word_1_48' title='bbox 612 921 704 972; x_wconf 83' lang='lat' dir='ltr'>est</span> <span class='ocrx_word' id='word_1_49' title='bbox 726 917 924 986; x_wconf 89' lang='lat' dir='ltr'>Filius,</span> <span class='ocrx_word' id='word_1_50' title='bbox 946 920 1043 991; x_wconf 91' lang='lat' dir='ltr'>qui</span> <span class='ocrx_word' id='word_1_51' title='bbox 1076 924 1166 974; x_wconf 86' lang='lat' dir='ltr'>est</span> <span class='ocrx_word' id='word_1_52' title='bbox 1194 920 1380 986; x_wconf 88' lang='lat' dir='ltr'>Pater,</span> <span class='ocrx_word' id='word_1_53' title='bbox 1414 937 1554 975; x_wconf 85' lang='lat' dir='ltr'>crux</span> <span class='ocrx_word' id='word_1_54' title='bbox 1586 919 1733 987; x_wconf 87' lang='lat' dir='ltr'>Filii,</span> 
     </span>
    </p>
   </div>
   <div class='ocr_carea' id='block_1_10' title="bbox 121 1006 1736 1080">
    <p class='ocr_par' dir='ltr' id='par_1_10' title="bbox 121 1006 1736 1080">
     <span class='ocr_line' id='line_1_10' title="bbox 121 1006 1736 1080; baseline 0.002 -19"><span class='ocrx_word' id='word_1_55' title='bbox 121 1006 270 1063; x_wconf 78' lang='lat' dir='ltr'>Patris</span> <span class='ocrx_word' id='word_1_56' title='bbox 290 1011 377 1063; x_wconf 87' lang='lat' dir='ltr'>est</span> <span class='ocrx_word' id='word_1_57' title='bbox 400 1007 635 1079; x_wconf 82' lang='lat' dir='ltr'>passio;</span> <span class='ocrx_word' id='word_1_58' title='bbox 670 1012 729 1062; x_wconf 89' lang='lat' dir='ltr'>et</span> <span class='ocrx_word' id='word_1_59' title='bbox 759 1008 1045 1080; x_wconf 85' lang='lat' dir='ltr'>quidquid</span> <span class='ocrx_word' id='word_1_60' title='bbox 1082 1009 1136 1063; x_wconf 90' lang='lat' dir='ltr'>in</span> <span class='ocrx_word' id='word_1_61' title='bbox 1171 1009 1355 1064; x_wconf 83' lang='lat' dir='ltr'>forma</span> <span class='ocrx_word' id='word_1_62' title='bbox 1386 1009 1531 1064; x_wconf 82' lang='lat' dir='ltr'>servi</span> <span class='ocrx_word' id='word_1_63' title='bbox 1558 1008 1736 1064; x_wconf 88' lang='lat' dir='ltr'>Filius</span> 
     </span>
    </p>
   </div>
   <div class='ocr_carea' id='block_1_11' title="bbox 117 1095 1735 1171">
    <p class='ocr_par' dir='ltr' id='par_1_11' title="bbox 117 1095 1735 1171">
     <span class='ocr_line' id='line_1_11' title="bbox 117 1095 1735 1171; baseline -0.001 -18"><span class='ocrx_word' id='word_1_64' title='bbox 117 1096 236 1153; x_wconf 83' lang='lat' dir='ltr'>Patri</span> <span class='ocrx_word' id='word_1_65' title='bbox 264 1095 584 1153; x_wconf 80' lang='lat' dir='ltr'>obediendo</span> <span class='ocrx_word' id='word_1_66' title='bbox 629 1096 934 1166; x_wconf 85' lang='lat' dir='ltr'>sustinuit,</span> <span class='ocrx_word' id='word_1_67' title='bbox 984 1102 1177 1153; x_wconf 88' lang='lat' dir='ltr'>totum</span> <span class='ocrx_word' id='word_1_68' title='bbox 1210 1097 1268 1152; x_wconf 88' lang='lat' dir='ltr'>in</span> <span class='ocrx_word' id='word_1_69' title='bbox 1316 1116 1377 1154; x_wconf 91' lang='lat' dir='ltr'>se</span> <span class='ocrx_word' id='word_1_70' title='bbox 1409 1098 1579 1154; x_wconf 88' lang='lat' dir='ltr'>Pater</span> <span class='ocrx_word' id='word_1_71' title='bbox 1608 1099 1735 1171; x_wconf 91' lang='lat' dir='ltr'>ipse</span> 
     </span>
    </p>
   </div>
   <div class='ocr_carea' id='block_1_12' title="bbox 113 1184 1733 1259">
    <p class='ocr_par' dir='ltr' id='par_1_12' title="bbox 113 1184 1733 1259">
     <span class='ocr_line' id='line_1_12' title="bbox 113 1184 1733 1259; baseline -0.001 -16"><span class='ocrx_word' id='word_1_72' title='bbox 113 1185 533 1259; x_wconf 74' lang='lat' dir='ltr'>suscepit.Quod</span> <span class='ocrx_word' id='word_1_73' title='bbox 550 1184 850 1241; x_wconf 77' lang='lat' dir='ltr'>catholica:</span> <span class='ocrx_word' id='word_1_74' title='bbox 877 1185 1007 1241; x_wconf 92' lang='lat' dir='ltr'>ﬁdei</span> <span class='ocrx_word' id='word_1_75' title='bbox 1040 1186 1167 1242; x_wconf 87' lang='lat' dir='ltr'>sine</span> <span class='ocrx_word' id='word_1_76' title='bbox 1189 1186 1581 1259; x_wconf 88' lang='lat' dir='ltr'>ambiguitate</span> <span class='ocrx_word' id='word_1_77' title='bbox 1598 1202 1733 1242; x_wconf 92' lang='lat' dir='ltr'>con-</span> 
     </span>
    </p>
   </div>
   <div class='ocr_carea' id='block_1_13' title="bbox 110 1274 1735 1347">
    <p class='ocr_par' dir='ltr' id='par_1_13' title="bbox 110 1274 1735 1347">
     <span class='ocr_line' id='line_1_13' title="bbox 110 1274 1735 1347; baseline 0.001 -17"><span class='ocrx_word' id='word_1_78' title='bbox 110 1276 325 1332; x_wconf 79' lang='lat' dir='ltr'>trarium</span> <span class='ocrx_word' id='word_1_79' title='bbox 354 1279 463 1343; x_wconf 79' lang='lat' dir='ltr'>est,</span> <span class='ocrx_word' id='word_1_80' title='bbox 498 1292 628 1347; x_wconf 68' lang='lat' dir='ltr'>quae</span> <span class='ocrx_word' id='word_1_81' title='bbox 660 1274 728 1343; x_wconf 80' lang='grc' dir='ltr'>(ε)</span> <span class='ocrx_word' id='word_1_82' title='bbox 748 1275 1094 1331; x_wconf 82' lang='lat' dir='ltr'>Trinitatem</span> <span class='ocrx_word' id='word_1_83' title='bbox 1115 1274 1454 1331; x_wconf 87' lang='lat' dir='ltr'>Deitatissie</span> <span class='ocrx_word' id='word_1_84' title='bbox 1477 1283 1735 1347; x_wconf 82' lang='grc' dir='ltr'>ὀμοούσιον</span> 
     </span>
    </p>
   </div>
   <div class='ocr_carea' id='block_1_14' title="bbox 109 1360 1736 1437">
    <p class='ocr_par' dir='ltr' id='par_1_14' title="bbox 109 1360 1736 1437">
     <span class='ocr_line' id='line_1_14' title="bbox 109 1360 1736 1437; baseline 0.001 -17"><span class='ocrx_word' id='word_1_85' title='bbox 109 1360 405 1430; x_wconf 78' lang='lat' dir='ltr'>conﬁtetur,</span> <span class='ocrx_word' id='word_1_86' title='bbox 437 1370 503 1419; x_wconf 88' lang='lat' dir='ltr'>ut</span> <span class='ocrx_word' id='word_1_87' title='bbox 531 1364 779 1430; x_wconf 83' lang='lat' dir='ltr'>Patrem,</span> <span class='ocrx_word' id='word_1_88' title='bbox 816 1366 872 1419; x_wconf 91' lang='lat' dir='ltr'>et</span> <span class='ocrx_word' id='word_1_89' title='bbox 901 1363 1135 1431; x_wconf 90' lang='lat' dir='ltr'>Filium,</span> <span class='ocrx_word' id='word_1_90' title='bbox 1172 1369 1229 1420; x_wconf 92' lang='lat' dir='ltr'>et</span> <span class='ocrx_word' id='word_1_91' title='bbox 1258 1365 1543 1437; x_wconf 86' lang='lat' dir='ltr'>Spiritum</span> <span class='ocrx_word' id='word_1_92' title='bbox 1573 1382 1736 1421; x_wconf 87' lang='lat' dir='ltr'>sanc-</span> 
     </span>
    </p>
   </div>
   <div class='ocr_carea' id='block_1_15' title="bbox 108 1452 1735 1527">
    <p class='ocr_par' dir='ltr' id='par_1_15' title="bbox 108 1452 1735 1527">
     <span class='ocr_line' id='line_1_15' title="bbox 108 1452 1735 1527; baseline -0.001 -18"><span class='ocrx_word' id='word_1_93' title='bbox 108 1460 208 1510; x_wconf 79' lang='lat' dir='ltr'>tum</span> <span class='ocrx_word' id='word_1_94' title='bbox 230 1453 357 1510; x_wconf 32' lang='lat' dir='ltr'>‘sine</span> <span class='ocrx_word' id='word_1_95' title='bbox 377 1452 726 1509; x_wconf 81' lang='lat' dir='ltr'>confusione</span> <span class='ocrx_word' id='word_1_96' title='bbox 764 1453 1067 1521; x_wconf 90' lang='lat' dir='ltr'>indivisos,</span> <span class='ocrx_word' id='word_1_97' title='bbox 1088 1454 1214 1510; x_wconf 88' lang='lat' dir='ltr'>sine</span> <span class='ocrx_word' id='word_1_98' title='bbox 1240 1458 1501 1527; x_wconf 91' lang='lat' dir='ltr'>tempore</span> <span class='ocrx_word' id='word_1_99' title='bbox 1522 1454 1735 1527; x_wconf 89' lang='lat' dir='ltr'>sempi-</span> 
     </span>
    </p>
   </div>
   <div class='ocr_carea' id='block_1_16' title="bbox 105 1541 1733 1615">
    <p class='ocr_par' dir='ltr' id='par_1_16' title="bbox 105 1541 1733 1615">
     <span class='ocr_line' id='line_1_16' title="bbox 105 1541 1733 1615; baseline -0.001 -17"><span class='ocrx_word' id='word_1_100' title='bbox 105 1548 296 1609; x_wconf 68' lang='lat' dir='ltr'>ternos,</span> <span class='ocrx_word' id='word_1_101' title='bbox 328 1541 455 1598; x_wconf 87' lang='lat' dir='ltr'>sine</span> <span class='ocrx_word' id='word_1_102' title='bbox 479 1542 1013 1598; x_wconf 80' lang='lat' dir='ltr'>differentiacredat</span> <span class='ocrx_word' id='word_1_103' title='bbox 1035 1542 1288 1615; x_wconf 66' lang='lat' dir='ltr'>aequales</span> <span class='ocrx_word' id='word_1_104' title='bbox 1312 1561 1325 1599; x_wconf 91' lang='lat'><strong>:</strong></span> <span class='ocrx_word' id='word_1_105' title='bbox 1364 1543 1501 1615; x_wconf 85' lang='lat' dir='ltr'>quia</span> <span class='ocrx_word' id='word_1_106' title='bbox 1529 1542 1733 1598; x_wconf 87' lang='lat' dir='ltr'>Unita-</span> 
     </span>
    </p>
   </div>
   <div class='ocr_carea' id='block_1_17' title="bbox 104 1631 1729 1705">
    <p class='ocr_par' dir='ltr' id='par_1_17' title="bbox 104 1631 1729 1705">
     <span class='ocr_line' id='line_1_17' title="bbox 104 1631 1729 1705; baseline -0.001 -17"><span class='ocrx_word' id='word_1_107' title='bbox 104 1638 199 1688; x_wconf 82' lang='lat' dir='ltr'>tem</span> <span class='ocrx_word' id='word_1_108' title='bbox 239 1631 296 1687; x_wconf 89' lang='lat' dir='ltr'>in</span> <span class='ocrx_word' id='word_1_109' title='bbox 350 1631 506 1688; x_wconf 75' lang='lat'>698</span> <span class='ocrx_word' id='word_1_110' title='bbox 559 1631 843 1687; x_wconf 79' lang='lat' dir='ltr'>Trinitate</span> <span class='ocrx_word' id='word_1_111' title='bbox 901 1649 1017 1688; x_wconf 90' lang='lat' dir='ltr'>non</span> <span class='ocrx_word' id='word_1_112' title='bbox 1062 1633 1264 1689; x_wconf 90' lang='lat' dir='ltr'>eadem</span> <span class='ocrx_word' id='word_1_113' title='bbox 1310 1649 1580 1705; x_wconf 87' lang='lat' dir='ltr'>persona,</span> <span class='ocrx_word' id='word_1_114' title='bbox 1630 1633 1729 1687; x_wconf 91' lang='lat' dir='ltr'>sed</span> 
     </span>
    </p>
   </div>
   <div class='ocr_carea' id='block_1_18' title="bbox 102 1720 827 1794">
    <p class='ocr_par' dir='ltr' id='par_1_18' title="bbox 102 1720 827 1794">
     <span class='ocr_line' id='line_1_18' title="bbox 102 1720 827 1794; baseline -0.004 -16"><span class='ocrx_word' id='word_1_115' title='bbox 102 1722 278 1778; x_wconf 80' lang='lat' dir='ltr'>eadem</span> <span class='ocrx_word' id='word_1_116' title='bbox 308 1720 516 1794; x_wconf 83' lang='lat' dir='ltr'>implet</span> <span class='ocrx_word' id='word_1_117' title='bbox 545 1720 827 1776; x_wconf 86' lang='lat' dir='ltr'>essentia.</span> 
     </span>
    </p>
   </div>
   <div class='ocr_carea' id='block_1_19' title="bbox 154 1810 1728 1882">
    <p class='ocr_par' dir='ltr' id='par_1_19' title="bbox 154 1810 1728 1882">
     <span class='ocr_line' id='line_1_19' title="bbox 154 1810 1728 1882; baseline -0.003 -15"><span class='ocrx_word' id='word_1_118' title='bbox 154 1812 278 1867; x_wconf 68' lang='lat' dir='ltr'>CAP.</span> <span class='ocrx_word' id='word_1_119' title='bbox 313 1810 384 1866; x_wconf 80' lang='lat' dir='ltr'>ll.</span> <span class='ocrx_word' id='word_1_120' title='bbox 433 1811 505 1865; x_wconf 89' lang='lat' dir='ltr'>De</span> <span class='ocrx_word' id='word_1_121' title='bbox 553 1810 851 1881; x_wconf 72' lang='lat' dir='ltr'>virtutibus</span> <span class='ocrx_word' id='word_1_122' title='bbox 882 1827 1015 1882; x_wconf 87' lang='lat' dir='ltr'>quas</span> <span class='ocrx_word' id='word_1_123' title='bbox 1063 1812 1254 1866; x_wconf 74' lang='lat' dir='ltr'>exDeo</span> <span class='ocrx_word' id='word_1_124' title='bbox 1292 1810 1580 1882; x_wconf 78' lang='lat' dir='ltr'>procedere</span> <span class='ocrx_word' id='word_1_125' title='bbox 1616 1810 1728 1880; x_wconf 85' lang='lat' dir='ltr'>ﬁn-</span> 
     </span>
    </p>
   </div>
   <div class='ocr_carea' id='block_1_20' title="bbox 1848 564 3523 640">
    <p class='ocr_par' dir='ltr' id='par_1_20' title="bbox 1848 564 3523 640">
     <span class='ocr_line' id='line_1_20' title="bbox 1848 564 3523 640; baseline 0.002 -21"><span class='ocrx_word' id='word_1_126' title='bbox 1848 565 2229 637; x_wconf 86' lang='lat' dir='ltr'>principium,</span> <span class='ocrx_word' id='word_1_127' title='bbox 2266 564 2353 620; x_wconf 89' lang='lat' dir='ltr'>vel</span> <span class='ocrx_word' id='word_1_128' title='bbox 2386 566 2575 622; x_wconf 90' lang='lat' dir='ltr'>Patris</span> <span class='ocrx_word' id='word_1_129' title='bbox 2606 567 2712 622; x_wconf 88' lang='lat' dir='ltr'>Dei</span> <span class='ocrx_word' id='word_1_130' title='bbox 2768 568 3137 640; x_wconf 79' lang='lat' dir='ltr'>unigenitum</span> <span class='ocrx_word' id='word_1_131' title='bbox 3177 567 3523 639; x_wconf 83' lang='lat' dir='ltr'>difﬁtentur,</span> 
     </span>
    </p>
   </div>
   <div class='ocr_carea' id='block_1_21' title="bbox 1847 644 3519 729">
    <p class='ocr_par' dir='ltr' id='par_1_21' title="bbox 1847 644 3519 729">
     <span class='ocr_line' id='line_1_21' title="bbox 1847 644 3519 729; baseline 0.004 -21"><span class='ocrx_word' id='word_1_132' title='bbox 1847 671 1978 709; x_wconf 90' lang='lat' dir='ltr'>cum</span> <span class='ocrx_word' id='word_1_133' title='bbox 2011 656 2162 710; x_wconf 86' lang='lat' dir='ltr'>etde</span> <span class='ocrx_word' id='word_1_134' title='bbox 2187 662 2371 710; x_wconf 84' lang='lat' dir='ltr'>matre</span> <span class='ocrx_word' id='word_1_135' title='bbox 2400 654 2451 709; x_wconf 89' lang='lat' dir='ltr'>is</span> <span class='ocrx_word' id='word_1_136' title='bbox 2487 661 2668 712; x_wconf 90' lang='lat' dir='ltr'>natus</span> <span class='ocrx_word' id='word_1_137' title='bbox 2695 656 2770 712; x_wconf 88' lang='lat' dir='ltr'>sit</span> <span class='ocrx_word' id='word_1_138' title='bbox 2788 656 2888 729; x_wconf 89' lang='lat' dir='ltr'>qui</span> <span class='ocrx_word' id='word_1_139' title='bbox 2912 661 3036 712; x_wconf 89' lang='lat' dir='ltr'>erat</span> <span class='ocrx_word' id='word_1_140' title='bbox 3062 661 3214 712; x_wconf 89' lang='lat' dir='ltr'>Deus</span> <span class='ocrx_word' id='word_1_141' title='bbox 3238 644 3519 727; x_wconf 78' lang='lat' dir='ltr'>Verbum,</span> 
     </span>
    </p>
   </div>
   <div class='ocr_carea' id='block_1_22' title="bbox 1846 743 3478 818">
    <p class='ocr_par' dir='ltr' id='par_1_22' title="bbox 1846 743 3478 818">
     <span class='ocr_line' id='line_1_22' title="bbox 1846 743 3478 818; baseline 0.002 -22"><span class='ocrx_word' id='word_1_142' title='bbox 1846 747 1902 797; x_wconf 92' lang='lat' dir='ltr'>et</span> <span class='ocrx_word' id='word_1_143' title='bbox 1934 743 2004 798; x_wconf 92' lang='lat' dir='ltr'>de</span> <span class='ocrx_word' id='word_1_144' title='bbox 2036 744 2205 798; x_wconf 88' lang='lat' dir='ltr'>Patre</span> <span class='ocrx_word' id='word_1_145' title='bbox 2235 760 2406 799; x_wconf 89' lang='lat' dir='ltr'>nemo</span> <span class='ocrx_word' id='word_1_146' title='bbox 2444 743 2522 800; x_wconf 90' lang='lat' dir='ltr'>sit</span> <span class='ocrx_word' id='word_1_147' title='bbox 2551 744 2787 817; x_wconf 88' lang='lat' dir='ltr'>genitus</span> <span class='ocrx_word' id='word_1_148' title='bbox 2819 749 3029 818; x_wconf 82' lang='lat' dir='ltr'>praeter</span> <span class='ocrx_word' id='word_1_149' title='bbox 3056 746 3333 801; x_wconf 90' lang='lat' dir='ltr'>Verbum.</span> <span class='ocrx_word' id='word_1_150' title='bbox 3472 806 3478 811; x_wconf 56' lang='grc'><strong><em>,</em></strong></span> 
     </span>
    </p>
   </div>
   <div class='ocr_carea' id='block_1_23' title="bbox 1916 830 3518 905">
    <p class='ocr_par' dir='ltr' id='par_1_23' title="bbox 1916 830 3518 905">
     <span class='ocr_line' id='line_1_23' title="bbox 1916 830 3518 905; baseline 0.004 -20"><span class='ocrx_word' id='word_1_151' title='bbox 1916 830 2051 886; x_wconf 78' lang='lat' dir='ltr'>CAP.</span> <span class='ocrx_word' id='word_1_152' title='bbox 2088 831 2181 896; x_wconf 77' lang='lat' dir='ltr'>IV,</span> <span class='ocrx_word' id='word_1_153' title='bbox 2211 832 2360 900; x_wconf 82' lang='lat' dir='ltr'>Quod</span> <span class='ocrx_word' id='word_1_154' title='bbox 2379 833 2633 905; x_wconf 79' lang='lat' dir='ltr'>jejunent</span> <span class='ocrx_word' id='word_1_155' title='bbox 2664 835 2726 888; x_wconf 83' lang='lat' dir='ltr'>in</span> <span class='ocrx_word' id='word_1_156' title='bbox 2770 836 2958 890; x_wconf 80' lang='lat' dir='ltr'>Natali</span> <span class='ocrx_word' id='word_1_157' title='bbox 2984 836 3205 890; x_wconf 77' lang='lat' dir='ltr'>Domini</span> <span class='ocrx_word' id='word_1_158' title='bbox 3233 843 3283 890; x_wconf 87' lang='lat' dir='ltr'>et</span> <span class='ocrx_word' id='word_1_159' title='bbox 3310 834 3398 890; x_wconf 88' lang='lat' dir='ltr'>die</span> <span class='ocrx_word' id='word_1_160' title='bbox 3416 834 3518 891; x_wconf 87' lang='lat' dir='ltr'>Do-</span> 
     </span>
    </p>
   </div>
   <div class='ocr_carea' id='block_1_24' title="bbox 1844 921 3512 996">
    <p class='ocr_par' dir='ltr' id='par_1_24' title="bbox 1844 921 3512 996">
     <span class='ocr_line' id='line_1_24' title="bbox 1844 921 3512 996; baseline 0.004 -23"><span class='ocrx_word' id='word_1_161' title='bbox 1844 921 2072 974; x_wconf 74' lang='lat' dir='ltr'>minico.</span> <span class='ocrx_word' id='word_1_162' title='bbox 2104 953 2173 960; x_wconf 97' lang='lat'><strong>—</strong></span> <span class='ocrx_word' id='word_1_163' title='bbox 2200 922 2414 985; x_wconf 89' lang='lat' dir='ltr'>Quarto</span> <span class='ocrx_word' id='word_1_164' title='bbox 2448 925 2642 977; x_wconf 89' lang='lat' dir='ltr'>autem</span> <span class='ocrx_word' id='word_1_165' title='bbox 2681 923 2942 995; x_wconf 88' lang='lat' dir='ltr'>capitulo</span> <span class='ocrx_word' id='word_1_166' title='bbox 2972 924 3321 992; x_wconf 86' lang='lat' dir='ltr'>continetur,</span> <span class='ocrx_word' id='word_1_167' title='bbox 3354 923 3512 996; x_wconf 90' lang='lat' dir='ltr'>quod</span> 
     </span>
    </p>
   </div>
   <div class='ocr_carea' id='block_1_25' title="bbox 1846 1007 3513 1086">
    <p class='ocr_par' dir='ltr' id='par_1_25' title="bbox 1846 1007 3513 1086">
     <span class='ocr_line' id='line_1_25' title="bbox 1846 1007 3513 1086; baseline 0.002 -23"><span class='ocrx_word' id='word_1_168' title='bbox 1846 1007 2105 1064; x_wconf 89' lang='lat' dir='ltr'>Natalem</span> <span class='ocrx_word' id='word_1_169' title='bbox 2130 1009 2365 1077; x_wconf 88' lang='lat' dir='ltr'>Christi,</span> <span class='ocrx_word' id='word_1_170' title='bbox 2383 1027 2561 1082; x_wconf 86' lang='lat' dir='ltr'>quem</span> <span class='ocrx_word' id='word_1_171' title='bbox 2588 1028 2770 1067; x_wconf 90' lang='lat' dir='ltr'>secun</span> <span class='ocrx_word' id='word_1_172' title='bbox 2790 1012 2930 1068; x_wconf 93' lang='lat' dir='ltr'>dum</span> <span class='ocrx_word' id='word_1_173' title='bbox 2945 1013 3377 1086; x_wconf 89' lang='lat' dir='ltr'>susceptionem</span> <span class='ocrx_word' id='word_1_174' title='bbox 3392 1010 3513 1070; x_wconf 91' lang='lat' dir='ltr'>veri</span> 
     </span>
    </p>
   </div>
   <div class='ocr_carea' id='block_1_26' title="bbox 1845 1096 3510 1174">
    <p class='ocr_par' dir='ltr' id='par_1_26' title="bbox 1845 1096 3510 1174">
     <span class='ocr_line' id='line_1_26' title="bbox 1845 1096 3510 1174; baseline 0.004 -23"><span class='ocrx_word' id='word_1_175' title='bbox 1845 1096 2101 1153; x_wconf 88' lang='lat' dir='ltr'>hominis</span> <span class='ocrx_word' id='word_1_176' title='bbox 2131 1097 2417 1154; x_wconf 89' lang='lat' dir='ltr'>catholica</span> <span class='ocrx_word' id='word_1_177' title='bbox 2447 1099 2714 1161; x_wconf 87' lang='lat' dir='ltr'>Ecclesia</span> <span class='ocrx_word' id='word_1_178' title='bbox 2738 1106 3064 1169; x_wconf 82' lang='lat' dir='ltr'>veneratur,</span> <span class='ocrx_word' id='word_1_179' title='bbox 3105 1102 3244 1174; x_wconf 86' lang='lat' dir='ltr'>quia</span> <span class='ocrx_word' id='word_1_180' title='bbox 3284 1102 3510 1159; x_wconf 78' lang='lat' dir='ltr'>Verbum</span> 
     </span>
    </p>
   </div>
   <div class='ocr_carea' id='block_1_27' title="bbox 1844 1188 3507 1262">
    <p class='ocr_par' dir='ltr' id='par_1_27' title="bbox 1844 1188 3507 1262">
     <span class='ocr_line' id='line_1_27' title="bbox 1844 1188 3507 1262; baseline 0.004 -22"><span class='ocrx_word' id='word_1_181' title='bbox 1844 1203 1970 1242; x_wconf 79' lang='lat' dir='ltr'>caro</span> <span class='ocrx_word' id='word_1_182' title='bbox 1989 1189 2197 1258; x_wconf 82' lang='lat' dir='ltr'>factum</span> <span class='ocrx_word' id='word_1_183' title='bbox 2225 1192 2375 1244; x_wconf 82' lang='lat' dir='ltr'>estet</span> <span class='ocrx_word' id='word_1_184' title='bbox 2400 1188 2674 1245; x_wconf 76' lang='lat' dir='ltr'>habitavit</span> <span class='ocrx_word' id='word_1_185' title='bbox 2700 1192 2760 1245; x_wconf 80' lang='lat' dir='ltr'>in</span> <span class='ocrx_word' id='word_1_186' title='bbox 2783 1191 2941 1249; x_wconf 81' lang='lat' dir='ltr'>nobis</span> <span class='ocrx_word' id='word_1_187' title='bbox 2976 1192 3152 1262; x_wconf 87' lang='lat' dir='ltr'>(Joan.</span> <span class='ocrx_word' id='word_1_188' title='bbox 3181 1208 3219 1258; x_wconf 77' lang='grc' dir='ltr'>ι,</span> <span class='ocrx_word' id='word_1_189' title='bbox 3257 1190 3364 1262; x_wconf 80' lang='grc'>14),</span> <span class='ocrx_word' id='word_1_190' title='bbox 3388 1208 3507 1247; x_wconf 90' lang='lat' dir='ltr'>non</span> 
     </span>
    </p>
   </div>
   <div class='ocr_carea' id='block_1_28' title="bbox 1843 1275 3502 1355">
    <p class='ocr_par' dir='ltr' id='par_1_28' title="bbox 1843 1275 3502 1355">
     <span class='ocr_line' id='line_1_28' title="bbox 1843 1275 3502 1355; baseline 0.003 -26"><span class='ocrx_word' id='word_1_191' title='bbox 1843 1291 1975 1330; x_wconf 74' lang='lat' dir='ltr'>vero</span> <span class='ocrx_word' id='word_1_192' title='bbox 2006 1275 2101 1331; x_wconf 86' lang='lat' dir='ltr'>isti</span> <span class='ocrx_word' id='word_1_193' title='bbox 2136 1276 2441 1345; x_wconf 90' lang='lat' dir='ltr'>honorent,</span> <span class='ocrx_word' id='word_1_194' title='bbox 2472 1279 2572 1335; x_wconf 91' lang='lat' dir='ltr'>sed</span> <span class='ocrx_word' id='word_1_195' title='bbox 2602 1278 2886 1336; x_wconf 88' lang='lat' dir='ltr'>honorare</span> <span class='ocrx_word' id='word_1_196' title='bbox 2912 1296 2974 1336; x_wconf 91' lang='lat' dir='ltr'>se</span> <span class='ocrx_word' id='word_1_197' title='bbox 3008 1278 3309 1351; x_wconf 88' lang='lat' dir='ltr'>simulent,</span> <span class='ocrx_word' id='word_1_198' title='bbox 3345 1278 3502 1355; x_wconf 83' lang='lat' dir='ltr'>jeju-</span> 
     </span>
    </p>
   </div>
   <div class='ocr_carea' id='block_1_29' title="bbox 1844 1365 3505 1442">
    <p class='ocr_par' dir='ltr' id='par_1_29' title="bbox 1844 1365 3505 1442">
     <span class='ocr_line' id='line_1_29' title="bbox 1844 1365 3505 1442; baseline 0.004 -24"><span class='ocrx_word' id='word_1_199' title='bbox 1844 1367 2050 1420; x_wconf 87' lang='lat' dir='ltr'>nantes</span> <span class='ocrx_word' id='word_1_200' title='bbox 2070 1365 2272 1420; x_wconf 90' lang='lat' dir='ltr'>eodem</span> <span class='ocrx_word' id='word_1_201' title='bbox 2320 1367 2435 1436; x_wconf 89' lang='lat' dir='ltr'>die,</span> <span class='ocrx_word' id='word_1_202' title='bbox 2451 1367 2605 1422; x_wconf 89' lang='lat' dir='ltr'>sicut</span> <span class='ocrx_word' id='word_1_203' title='bbox 2626 1371 2684 1423; x_wconf 90' lang='lat' dir='ltr'>et</span> <span class='ocrx_word' id='word_1_204' title='bbox 2704 1368 2796 1424; x_wconf 91' lang='lat' dir='ltr'>die</span> <span class='ocrx_word' id='word_1_205' title='bbox 2810 1368 3113 1426; x_wconf 89' lang='lat' dir='ltr'>Dominico</span> <span class='ocrx_word' id='word_1_206' title='bbox 3165 1368 3505 1442; x_wconf 87' lang='lat' dir='ltr'>quiestdies</span> 
     </span>
    </p>
   </div>
   <div class='ocr_carea' id='block_1_30' title="bbox 1842 1454 3505 1531">
    <p class='ocr_par' dir='ltr' id='par_1_30' title="bbox 1842 1454 3505 1531">
     <span class='ocr_line' id='line_1_30' title="bbox 1842 1454 3505 1531; baseline 0.004 -24"><span class='ocrx_word' id='word_1_207' title='bbox 1842 1454 2282 1510; x_wconf 88' lang='lat' dir='ltr'>resurrectionis</span> <span class='ocrx_word' id='word_1_208' title='bbox 2312 1455 2717 1520; x_wconf 80' lang='lat' dir='ltr'>Christi.Quod</span> <span class='ocrx_word' id='word_1_209' title='bbox 2749 1457 3095 1530; x_wconf 90' lang='lat' dir='ltr'>utiqueideo</span> <span class='ocrx_word' id='word_1_210' title='bbox 3119 1458 3345 1515; x_wconf 87' lang='lat' dir='ltr'>faciunt</span> <span class='ocrx_word' id='word_1_211' title='bbox 3365 1456 3505 1531; x_wconf 86' lang='lat' dir='ltr'>quia</span> 
     </span>
    </p>
   </div>
   <div class='ocr_carea' id='block_1_31' title="bbox 1842 1542 3499 1605">
    <p class='ocr_par' dir='ltr' id='par_1_31' title="bbox 1842 1542 3499 1605">
     <span class='ocr_line' id='line_1_31' title="bbox 1842 1542 3499 1605; baseline 0.004 -9"><span class='ocrx_word' id='word_1_212' title='bbox 1842 1542 2137 1598; x_wconf 83' lang='lat' dir='ltr'>Christum</span> <span class='ocrx_word' id='word_1_213' title='bbox 2171 1542 2482 1598; x_wconf 88' lang='lat' dir='ltr'>Dominum</span> <span class='ocrx_word' id='word_1_214' title='bbox 2515 1543 2574 1599; x_wconf 91' lang='lat' dir='ltr'>in</span> <span class='ocrx_word' id='word_1_215' title='bbox 2590 1561 2727 1601; x_wconf 88' lang='lat' dir='ltr'>vera</span> <span class='ocrx_word' id='word_1_216' title='bbox 2754 1545 3015 1605; x_wconf 88' lang='lat' dir='ltr'>hominis</span> <span class='ocrx_word' id='word_1_217' title='bbox 3055 1550 3265 1604; x_wconf 88' lang='lat' dir='ltr'>natura</span> <span class='ocrx_word' id='word_1_218' title='bbox 3295 1551 3499 1603; x_wconf 89' lang='lat' dir='ltr'>natum</span> 
     </span>
    </p>
   </div>
   <div class='ocr_carea' id='block_1_32' title="bbox 1842 1631 3501 1706">
    <p class='ocr_par' dir='ltr' id='par_1_32' title="bbox 1842 1631 3501 1706">
     <span class='ocr_line' id='line_1_32' title="bbox 1842 1631 3501 1706; baseline 0.003 -20"><span class='ocrx_word' id='word_1_219' title='bbox 1842 1647 1969 1687; x_wconf 92' lang='lat' dir='ltr'>esse</span> <span class='ocrx_word' id='word_1_220' title='bbox 1983 1648 2099 1687; x_wconf 92' lang='lat' dir='ltr'>non</span> <span class='ocrx_word' id='word_1_221' title='bbox 2113 1631 2377 1701; x_wconf 90' lang='lat' dir='ltr'>credunt,</span> <span class='ocrx_word' id='word_1_222' title='bbox 2394 1633 2495 1689; x_wconf 87' lang='lat' dir='ltr'>sed</span> <span class='ocrx_word' id='word_1_223' title='bbox 2514 1649 2616 1705; x_wconf 93' lang='lat' dir='ltr'>per</span> <span class='ocrx_word' id='word_1_224' title='bbox 2630 1636 2948 1706; x_wconf 89' lang='lat' dir='ltr'>quamdam</span> <span class='ocrx_word' id='word_1_225' title='bbox 2963 1634 3295 1693; x_wconf 88' lang='lat' dir='ltr'>illusionem</span> <span class='ocrx_word' id='word_1_226' title='bbox 3308 1639 3501 1693; x_wconf 86' lang='lat' dir='ltr'>osten-</span> 
     </span>
    </p>
   </div>
   <div class='ocr_carea' id='block_1_33' title="bbox 1844 1720 3495 1799">
    <p class='ocr_par' dir='ltr' id='par_1_33' title="bbox 1844 1720 3495 1799">
     <span class='ocr_line' id='line_1_33' title="bbox 1844 1720 3495 1799; baseline 0.004 -25"><span class='ocrx_word' id='word_1_227' title='bbox 1844 1725 1962 1775; x_wconf 90' lang='lat' dir='ltr'>tata</span> <span class='ocrx_word' id='word_1_228' title='bbox 1976 1721 2154 1776; x_wconf 91' lang='lat' dir='ltr'>videri</span> <span class='ocrx_word' id='word_1_229' title='bbox 2167 1720 2369 1777; x_wconf 89' lang='lat' dir='ltr'>volunt</span> <span class='ocrx_word' id='word_1_230' title='bbox 2383 1722 2457 1793; x_wconf 85' lang='lat' dir='ltr'>(g)</span> <span class='ocrx_word' id='word_1_231' title='bbox 2477 1739 2605 1794; x_wconf 80' lang='lat' dir='ltr'>quae</span> <span class='ocrx_word' id='word_1_232' title='bbox 2619 1740 2753 1779; x_wconf 89' lang='lat' dir='ltr'>vera</span> <span class='ocrx_word' id='word_1_233' title='bbox 2770 1740 2885 1779; x_wconf 90' lang='lat' dir='ltr'>non</span> <span class='ocrx_word' id='word_1_234' title='bbox 2908 1724 3128 1780; x_wconf 83' lang='lat' dir='ltr'>fuerint</span> <span class='ocrx_word' id='word_1_235' title='bbox 3149 1743 3162 1794; x_wconf 91' lang='lat'><strong>;</strong></span> <span class='ocrx_word' id='word_1_236' title='bbox 3178 1741 3279 1797; x_wconf 90' lang='lat' dir='ltr'>seq</span> <span class='ocrx_word' id='word_1_237' title='bbox 3290 1728 3495 1799; x_wconf 81' lang='lat' dir='ltr'>nentes</span> 
     </span>
    </p>
   </div>
   <div class='ocr_carea' id='block_1_34' title="bbox 1840 1809 3494 1887">
    <p class='ocr_par' dir='ltr' id='par_1_34' title="bbox 1840 1809 3494 1887">
     <span class='ocr_line' id='line_1_34' title="bbox 1840 1809 3494 1887; baseline 0.004 -24"><span class='ocrx_word' id='word_1_238' title='bbox 1840 1809 2115 1881; x_wconf 84' lang='lat' dir='ltr'>dogmata</span> <span class='ocrx_word' id='word_1_239' title='bbox 2145 1810 2420 1866; x_wconf 91' lang='lat' dir='ltr'>Cerdonis</span> <span class='ocrx_word' id='word_1_240' title='bbox 2442 1815 2614 1884; x_wconf 87' lang='lat' dir='ltr'>atque</span> <span class='ocrx_word' id='word_1_241' title='bbox 2638 1813 2968 1881; x_wconf 89' lang='lat' dir='ltr'>Marcionis,</span> <span class='ocrx_word' id='word_1_242' title='bbox 3003 1817 3061 1869; x_wconf 90' lang='lat' dir='ltr'>et</span> <span class='ocrx_word' id='word_1_243' title='bbox 3091 1813 3353 1887; x_wconf 86' lang='lat' dir='ltr'>cognatis</span> <span class='ocrx_word' id='word_1_244' title='bbox 3368 1813 3494 1870; x_wconf 85' lang='lat' dir='ltr'>suis</span> 
     </span>
    </p>
   </div>
   <div class='ocr_carea' id='block_1_35' title="bbox 100 1869 3491 1972">
    <p class='ocr_par' dir='ltr' id='par_1_35' title="bbox 100 1869 3491 1972">
     <span class='ocr_line' id='line_1_35' title="bbox 100 1869 3491 1972; baseline 0.001 -18"><span class='ocrx_word' id='word_1_245' title='bbox 100 1901 228 1968; x_wconf 70' lang='lat' dir='ltr'>gent.</span> <span class='ocrx_word' id='word_1_246' title='bbox 258 1931 331 1941; x_wconf 88' lang='lat'>—-</span> <span class='ocrx_word' id='word_1_247' title='bbox 357 1899 421 1955; x_wconf 87' lang='lat' dir='ltr'>In</span> <span class='ocrx_word' id='word_1_248' title='bbox 445 1899 703 1955; x_wconf 89' lang='lat' dir='ltr'>secundo</span> <span class='ocrx_word' id='word_1_249' title='bbox 721 1898 976 1971; x_wconf 89' lang='lat' dir='ltr'>capitulo</span> <span class='ocrx_word' id='word_1_250' title='bbox 1007 1899 1336 1954; x_wconf 89' lang='lat' dir='ltr'>ostenditur</span> <span class='ocrx_word' id='word_1_251' title='bbox 1356 1899 1619 1972; x_wconf 86' lang='lat' dir='ltr'>ineptum</span> <span class='ocrx_word' id='word_1_252' title='bbox 1638 1916 1731 1954; x_wconf 87' lang='lat' dir='ltr'>va-</span> <span class='ocrx_word' id='word_1_253' title='bbox 1763 1869 1806 1935; x_wconf 72' lang='grc' dir='ltr'><strong>Β</strong></span> <span class='ocrx_word' id='word_1_254' title='bbox 1845 1898 2179 1954; x_wconf 79' lang='lat' dir='ltr'>Manichzeis</span> <span class='ocrx_word' id='word_1_255' title='bbox 2212 1916 2315 1972; x_wconf 91' lang='lat' dir='ltr'>per</span> <span class='ocrx_word' id='word_1_256' title='bbox 2361 1900 2560 1956; x_wconf 91' lang='lat' dir='ltr'>omnia</span> <span class='ocrx_word' id='word_1_257' title='bbox 2590 1907 3001 1959; x_wconf 88' lang='lat' dir='ltr'>consonantes.</span> <span class='ocrx_word' id='word_1_258' title='bbox 3055 1869 3194 1972; x_wconf 50' lang='lat' dir='ltr'>Qui:</span> <span class='ocrx_word' id='word_1_259' title='bbox 3241 1902 3397 1959; x_wconf 89' lang='lat' dir='ltr'>sicut</span> <span class='ocrx_word' id='word_1_260' title='bbox 3431 1902 3491 1959; x_wconf 88' lang='lat' dir='ltr'>in</span> 
     </span>
    </p>
   </div>
   <div class='ocr_carea' id='block_1_36' title="bbox 99 1988 1728 2062">
    <p class='ocr_par' dir='ltr' id='par_1_36' title="bbox 99 1988 1728 2062">
     <span class='ocr_line' id='line_1_36' title="bbox 99 1988 1728 2062; baseline 0 -20"><span class='ocrx_word' id='word_1_261' title='bbox 99 2006 337 2062; x_wconf 82' lang='lat' dir='ltr'>namque</span> <span class='ocrx_word' id='word_1_262' title='bbox 353 1992 752 2045; x_wconf 89' lang='lat' dir='ltr'>commentum</span> <span class='ocrx_word' id='word_1_263' title='bbox 771 1988 842 2057; x_wconf 77' lang='grc' dir='ltr'>(ά)</span> <span class='ocrx_word' id='word_1_264' title='bbox 862 1988 932 2044; x_wconf 89' lang='lat' dir='ltr'>de</span> <span class='ocrx_word' id='word_1_265' title='bbox 954 1988 1426 2061; x_wconf 89' lang='lat' dir='ltr'>processionibus</span> <span class='ocrx_word' id='word_1_266' title='bbox 1449 2004 1728 2061; x_wconf 89' lang='lat' dir='ltr'>quarum-</span> 
     </span>
    </p>
   </div>
   <div class='ocr_carea' id='block_1_37' title="bbox 95 2075 1729 2148">
    <p class='ocr_par' dir='ltr' id='par_1_37' title="bbox 95 2075 1729 2148">
     <span class='ocr_line' id='line_1_37' title="bbox 95 2075 1729 2148; baseline -0.001 -18"><span class='ocrx_word' id='word_1_267' title='bbox 95 2078 209 2133; x_wconf 81' lang='lat' dir='ltr'>dam</span> <span class='ocrx_word' id='word_1_268' title='bbox 236 2078 523 2134; x_wconf 82' lang='lat' dir='ltr'>virtutum</span> <span class='ocrx_word' id='word_1_269' title='bbox 558 2093 627 2131; x_wconf 81' lang='lat' dir='ltr'>ex</span> <span class='ocrx_word' id='word_1_270' title='bbox 655 2077 787 2139; x_wconf 89' lang='lat' dir='ltr'>Deo,</span> <span class='ocrx_word' id='word_1_271' title='bbox 810 2093 956 2148; x_wconf 88' lang='lat' dir='ltr'>quas</span> <span class='ocrx_word' id='word_1_272' title='bbox 990 2076 1202 2131; x_wconf 85' lang='lat' dir='ltr'>habere</span> <span class='ocrx_word' id='word_1_273' title='bbox 1222 2075 1459 2147; x_wconf 81' lang='lat' dir='ltr'>coeperit</span> <span class='ocrx_word' id='word_1_274' title='bbox 1493 2080 1545 2131; x_wconf 87' lang='lat' dir='ltr'>et</span> <span class='ocrx_word' id='word_1_275' title='bbox 1581 2091 1729 2147; x_wconf 88' lang='lat' dir='ltr'>quas</span> 
     </span>
    </p>
   </div>
   <div class='ocr_carea' id='block_1_38' title="bbox 93 2165 1727 2239">
    <p class='ocr_par' dir='ltr' id='par_1_38' title="bbox 93 2165 1727 2239">
     <span class='ocr_line' id='line_1_38' title="bbox 93 2165 1727 2239; baseline -0.001 -18"><span class='ocrx_word' id='word_1_276' title='bbox 93 2168 332 2223; x_wconf 80' lang='lat' dir='ltr'>essentia</span> <span class='ocrx_word' id='word_1_277' title='bbox 359 2166 448 2223; x_wconf 90' lang='lat' dir='ltr'>sui</span> <span class='ocrx_word' id='word_1_278' title='bbox 480 2167 606 2239; x_wconf 91' lang='lat' dir='ltr'>ipse</span> <span class='ocrx_word' id='word_1_279' title='bbox 632 2165 1016 2238; x_wconf 62' lang='lat' dir='ltr'>praecesserit.</span> <span class='ocrx_word' id='word_1_280' title='bbox 1052 2166 1113 2221; x_wconf 90' lang='lat' dir='ltr'>In</span> <span class='ocrx_word' id='word_1_281' title='bbox 1144 2183 1258 2237; x_wconf 88' lang='lat' dir='ltr'>quo</span> <span class='ocrx_word' id='word_1_282' title='bbox 1289 2165 1635 2220; x_wconf 85' lang='lat' dir='ltr'>Arianorum</span> <span class='ocrx_word' id='word_1_283' title='bbox 1659 2165 1727 2237; x_wconf 68' lang='grc' dir='ltr'>(ε)</span> 
     </span>
    </p>
   </div>
   <div class='ocr_carea' id='block_1_39' title="bbox 92 2253 1730 2329">
    <p class='ocr_par' dir='ltr' id='par_1_39' title="bbox 92 2253 1730 2329">
     <span class='ocr_line' id='line_1_39' title="bbox 92 2253 1730 2329; baseline -0.001 -20"><span class='ocrx_word' id='word_1_284' title='bbox 92 2273 312 2329; x_wconf 79' lang='lat' dir='ltr'>quoque</span> <span class='ocrx_word' id='word_1_285' title='bbox 342 2256 739 2328; x_wconf 67' lang='lat' dir='ltr'>suifragantur</span> <span class='ocrx_word' id='word_1_286' title='bbox 760 2253 962 2321; x_wconf 90' lang='lat' dir='ltr'>errori,</span> <span class='ocrx_word' id='word_1_287' title='bbox 998 2254 1322 2311; x_wconf 89' lang='lat' dir='ltr'>dicentium</span> <span class='ocrx_word' id='word_1_288' title='bbox 1373 2255 1529 2326; x_wconf 89' lang='lat' dir='ltr'>quod</span> <span class='ocrx_word' id='word_1_289' title='bbox 1561 2253 1730 2309; x_wconf 84' lang='lat' dir='ltr'>Pater</span> 
     </span>
    </p>
   </div>
   <div class='ocr_carea' id='block_1_40' title="bbox 92 2342 1730 2416">
    <p class='ocr_par' dir='ltr' id='par_1_40' title="bbox 92 2342 1730 2416">
     <span class='ocr_line' id='line_1_40' title="bbox 92 2342 1730 2416; baseline -0.001 -18"><span class='ocrx_word' id='word_1_290' title='bbox 92 2344 220 2401; x_wconf 85' lang='lat' dir='ltr'>l‘ilio</span> <span class='ocrx_word' id='word_1_291' title='bbox 252 2345 419 2416; x_wconf 87' lang='lat' dir='ltr'>prior</span> <span class='ocrx_word' id='word_1_292' title='bbox 447 2342 541 2411; x_wconf 89' lang='lat' dir='ltr'>sit,</span> <span class='ocrx_word' id='word_1_293' title='bbox 570 2343 707 2416; x_wconf 87' lang='lat' dir='ltr'>quia</span> <span class='ocrx_word' id='word_1_294' title='bbox 746 2342 922 2398; x_wconf 80' lang='lat' dir='ltr'>fuerit</span> <span class='ocrx_word' id='word_1_295' title='bbox 979 2342 1294 2414; x_wconf 85' lang='lat' dir='ltr'>aliquando</span> <span class='ocrx_word' id='word_1_296' title='bbox 1328 2342 1454 2397; x_wconf 88' lang='lat' dir='ltr'>sine</span> <span class='ocrx_word' id='word_1_297' title='bbox 1486 2342 1651 2409; x_wconf 86' lang='lat' dir='ltr'>Filio,</span> <span class='ocrx_word' id='word_1_298' title='bbox 1673 2346 1730 2397; x_wconf 87' lang='lat' dir='ltr'>et</span> 
     </span>
    </p>
   </div>
   <div class='ocr_carea' id='block_1_41' title="bbox 88 2431 1727 2505">
    <p class='ocr_par' dir='ltr' id='par_1_41' title="bbox 88 2431 1727 2505">
     <span class='ocr_line' id='line_1_41' title="bbox 88 2431 1727 2505; baseline 0.001 -19"><span class='ocrx_word' id='word_1_299' title='bbox 88 2440 215 2489; x_wconf 83' lang='lat' dir='ltr'>tunc</span> <span class='ocrx_word' id='word_1_300' title='bbox 232 2432 539 2489; x_wconf 86' lang='lat' dir='ltr'>Pateresse</span> <span class='ocrx_word' id='word_1_301' title='bbox 568 2433 825 2505; x_wconf 78' lang='lat' dir='ltr'>cmperit,</span> <span class='ocrx_word' id='word_1_302' title='bbox 843 2434 1078 2505; x_wconf 87' lang='lat' dir='ltr'>quando</span> <span class='ocrx_word' id='word_1_303' title='bbox 1098 2432 1307 2488; x_wconf 86' lang='lat' dir='ltr'>Filium</span> <span class='ocrx_word' id='word_1_304' title='bbox 1323 2431 1727 2505; x_wconf 86' lang='lat' dir='ltr'>genuerit.Sed</span> 
     </span>
    </p>
   </div>
   <div class='ocr_carea' id='block_1_42' title="bbox 87 2520 1727 2599">
    <p class='ocr_par' dir='ltr' id='par_1_42' title="bbox 87 2520 1727 2599">
     <span class='ocr_line' id='line_1_42' title="bbox 87 2520 1727 2599; baseline 0 -23"><span class='ocrx_word' id='word_1_305' title='bbox 87 2523 222 2579; x_wconf 76' lang='lat' dir='ltr'>sicut</span> <span class='ocrx_word' id='word_1_306' title='bbox 253 2522 387 2599; x_wconf 87' lang='lat' dir='ltr'>illos</span> <span class='ocrx_word' id='word_1_307' title='bbox 404 2522 691 2578; x_wconf 79' lang='lat' dir='ltr'>catholica</span> <span class='ocrx_word' id='word_1_308' title='bbox 718 2520 978 2578; x_wconf 85' lang='lat' dir='ltr'>Ecclesia</span> <span class='ocrx_word' id='word_1_309' title='bbox 1004 2522 1349 2590; x_wconf 86' lang='lat' dir='ltr'>detestatur,</span> <span class='ocrx_word' id='word_1_310' title='bbox 1376 2521 1455 2576; x_wconf 89' lang='lat' dir='ltr'>ita</span> <span class='ocrx_word' id='word_1_311' title='bbox 1475 2526 1530 2577; x_wconf 90' lang='lat' dir='ltr'>et</span> <span class='ocrx_word' id='word_1_312' title='bbox 1560 2522 1727 2589; x_wconf 78' lang='lat' dir='ltr'>istos,</span> 
     </span>
    </p>
   </div>
   <div class='ocr_carea' id='block_1_43' title="bbox 85 2608 1728 2685">
    <p class='ocr_par' dir='ltr' id='par_1_43' title="bbox 85 2608 1728 2685">
     <span class='ocr_line' id='line_1_43' title="bbox 85 2608 1728 2685; baseline 0 -21"><span class='ocrx_word' id='word_1_313' title='bbox 85 2612 171 2683; x_wconf 83' lang='lat' dir='ltr'>qui</span> <span class='ocrx_word' id='word_1_314' title='bbox 186 2616 394 2685; x_wconf 88' lang='lat' dir='ltr'>putant</span> <span class='ocrx_word' id='word_1_315' title='bbox 407 2628 690 2685; x_wconf 89' lang='lat' dir='ltr'>umquam</span> <span class='ocrx_word' id='word_1_316' title='bbox 705 2611 821 2667; x_wconf 89' lang='lat' dir='ltr'>Deo</span> <span class='ocrx_word' id='word_1_317' title='bbox 837 2608 893 2666; x_wconf 89' lang='lat' dir='ltr'>id</span> <span class='ocrx_word' id='word_1_318' title='bbox 915 2611 1069 2683; x_wconf 87' lang='lat' dir='ltr'>quod</span> <span class='ocrx_word' id='word_1_319' title='bbox 1085 2611 1346 2682; x_wconf 86' lang='lat' dir='ltr'>ejusdem</span> <span class='ocrx_word' id='word_1_320' title='bbox 1360 2614 1447 2666; x_wconf 90' lang='lat' dir='ltr'>est</span> <span class='ocrx_word' id='word_1_321' title='bbox 1465 2609 1728 2666; x_wconf 71' lang='lat' dir='ltr'>essentia:</span> 
     </span>
    </p>
   </div>
   <div class='ocr_carea' id='block_1_44' title="bbox 85 2699 1727 2772">
    <p class='ocr_par' dir='ltr' id='par_1_44' title="bbox 85 2699 1727 2772">
     <span class='ocr_line' id='line_1_44' title="bbox 85 2699 1727 2772; baseline 0 -18"><span class='ocrx_word' id='word_1_322' title='bbox 85 2701 346 2757; x_wconf 77' lang='lat' dir='ltr'>defuisse.</span> <span class='ocrx_word' id='word_1_323' title='bbox 380 2703 563 2768; x_wconf 82' lang='lat' dir='ltr'>Quem</span> <span class='ocrx_word' id='word_1_324' title='bbox 585 2701 739 2757; x_wconf 86' lang='lat' dir='ltr'>sicut</span> <span class='ocrx_word' id='word_1_325' title='bbox 770 2699 1132 2767; x_wconf 86' lang='lat' dir='ltr'>mutabilem,</span> <span class='ocrx_word' id='word_1_326' title='bbox 1158 2700 1238 2754; x_wconf 87' lang='lat' dir='ltr'>ita</span> <span class='ocrx_word' id='word_1_327' title='bbox 1259 2704 1314 2755; x_wconf 91' lang='lat' dir='ltr'>et</span> <span class='ocrx_word' id='word_1_328' title='bbox 1331 2700 1727 2772; x_wconf 87' lang='lat' dir='ltr'>proﬁcientem</span> 
     </span>
    </p>
   </div>
   <div class='ocr_carea' id='block_1_45' title="bbox 88 2788 1724 2861">
    <p class='ocr_par' dir='ltr' id='par_1_45' title="bbox 88 2788 1724 2861">
     <span class='ocr_line' id='line_1_45' title="bbox 88 2788 1724 2861; baseline -0.001 -18"><span class='ocrx_word' id='word_1_329' title='bbox 88 2790 260 2847; x_wconf 81' lang='lat' dir='ltr'>dicere</span> <span class='ocrx_word' id='word_1_330' title='bbox 290 2793 451 2847; x_wconf 75' lang='lat' dir='ltr'>nefas</span> <span class='ocrx_word' id='word_1_331' title='bbox 468 2794 579 2847; x_wconf 88' lang='lat' dir='ltr'>est.</span> <span class='ocrx_word' id='word_1_332' title='bbox 598 2790 785 2854; x_wconf 89' lang='lat' dir='ltr'>Quam</span> <span class='ocrx_word' id='word_1_333' title='bbox 800 2788 955 2845; x_wconf 89' lang='lat' dir='ltr'>enim</span> <span class='ocrx_word' id='word_1_334' title='bbox 972 2789 1397 2861; x_wconf 89' lang='lat' dir='ltr'>mutaturquod</span> <span class='ocrx_word' id='word_1_335' title='bbox 1420 2788 1724 2855; x_wconf 86' lang='lat' dir='ltr'>minuitur,</span> 
     </span>
    </p>
   </div>
   <div class='ocr_carea' id='block_1_46' title="bbox 90 2879 1178 2951">
    <p class='ocr_par' dir='ltr' id='par_1_46' title="bbox 90 2879 1178 2951">
     <span class='ocr_line' id='line_1_46' title="bbox 90 2879 1178 2951; baseline 0.001 -20"><span class='ocrx_word' id='word_1_336' title='bbox 90 2883 189 2935; x_wconf 79' lang='lat' dir='ltr'>tam</span> <span class='ocrx_word' id='word_1_337' title='bbox 222 2885 484 2936; x_wconf 88' lang='lat' dir='ltr'>mutatur</span> <span class='ocrx_word' id='word_1_338' title='bbox 514 2879 695 2936; x_wconf 88' lang='lat' dir='ltr'>etiam</span> <span class='ocrx_word' id='word_1_339' title='bbox 728 2879 881 2951; x_wconf 91' lang='lat' dir='ltr'>quod</span> <span class='ocrx_word' id='word_1_340' title='bbox 914 2885 1178 2951; x_wconf 85' lang='lat' dir='ltr'>augetur.</span> 
     </span>
    </p>
   </div>
   <div class='ocr_carea' id='block_1_47' title="bbox 151 2967 1724 3040">
    <p class='ocr_par' dir='ltr' id='par_1_47' title="bbox 151 2967 1724 3040">
     <span class='ocr_line' id='line_1_47' title="bbox 151 2967 1724 3040; baseline 0 -18"><span class='ocrx_word' id='word_1_341' title='bbox 151 2971 275 3024; x_wconf 59' lang='lat' dir='ltr'>Cap.</span> <span class='ocrx_word' id='word_1_342' title='bbox 313 2970 405 3025; x_wconf 87' lang='lat' dir='ltr'>lll.</span> <span class='ocrx_word' id='word_1_343' title='bbox 436 2971 555 3026; x_wconf 85' lang='lat' dir='ltr'>Cur</span> <span class='ocrx_word' id='word_1_344' title='bbox 575 2970 894 3039; x_wconf 80' lang='lat' dir='ltr'>unigenitus</span> <span class='ocrx_word' id='word_1_345' title='bbox 916 2968 1134 3024; x_wconf 75' lang='lat' dir='ltr'>dicatur</span> <span class='ocrx_word' id='word_1_346' title='bbox 1149 2968 1295 3040; x_wconf 82' lang='lat' dir='ltr'>apud</span> <span class='ocrx_word' id='word_1_347' title='bbox 1312 2984 1399 3023; x_wconf 89' lang='lat' dir='ltr'>eos</span> <span class='ocrx_word' id='word_1_348' title='bbox 1421 2969 1464 3021; x_wconf 85' lang='lat' dir='ltr'><em>F</em></span> <span class='ocrx_word' id='word_1_349' title='bbox 1464 2969 1594 3022; x_wconf 80' lang='lat' dir='ltr'>ilius</span> <span class='ocrx_word' id='word_1_350' title='bbox 1607 2967 1704 3022; x_wconf 86' lang='lat' dir='ltr'>Dei</span> <span class='ocrx_word' id='word_1_351' title='bbox 1712 3009 1724 3022; x_wconf 94' lang='lat'>.</span> 
     </span>
    </p>
   </div>
   <div class='ocr_carea' id='block_1_48' title="bbox 93 3056 1725 3129">
    <p class='ocr_par' dir='ltr' id='par_1_48' title="bbox 93 3056 1725 3129">
     <span class='ocr_line' id='line_1_48' title="bbox 93 3056 1725 3129; baseline -0.001 -16"><span class='ocrx_word' id='word_1_352' title='bbox 93 3086 147 3096; x_wconf 88' lang='lat'><strong>—</strong></span> <span class='ocrx_word' id='word_1_353' title='bbox 166 3060 225 3129; x_wconf 69' lang='lat' dir='ltr'>{fi</span> <span class='ocrx_word' id='word_1_354' title='bbox 254 3059 428 3114; x_wconf 89' lang='lat' dir='ltr'>Tertii</span> <span class='ocrx_word' id='word_1_355' title='bbox 446 3074 582 3114; x_wconf 89' lang='lat' dir='ltr'>vero</span> <span class='ocrx_word' id='word_1_356' title='bbox 606 3056 1048 3129; x_wconf 90' lang='lat' dir='ltr'>capitulisermo</span> <span class='ocrx_word' id='word_1_357' title='bbox 1067 3057 1358 3128; x_wconf 84' lang='lat' dir='ltr'>designat,</span> <span class='ocrx_word' id='word_1_358' title='bbox 1380 3057 1534 3128; x_wconf 89' lang='lat' dir='ltr'>quod</span> <span class='ocrx_word' id='word_1_359' title='bbox 1550 3056 1725 3111; x_wconf 88' lang='lat' dir='ltr'>iidem</span> 
     </span>
    </p>
   </div>
   <div class='ocr_carea' id='block_1_49' title="bbox 94 3144 1727 3218">
    <p class='ocr_par' dir='ltr' id='par_1_49' title="bbox 94 3144 1727 3218">
     <span class='ocr_line' id='line_1_49' title="bbox 94 3144 1727 3218; baseline 0.002 -21"><span class='ocrx_word' id='word_1_360' title='bbox 94 3144 239 3217; x_wconf 88' lang='lat' dir='ltr'>impii</span> <span class='ocrx_word' id='word_1_361' title='bbox 262 3151 547 3215; x_wconf 85' lang='lat' dir='ltr'>asserant,</span> <span class='ocrx_word' id='word_1_362' title='bbox 566 3147 696 3201; x_wconf 90' lang='lat' dir='ltr'>ideo</span> <span class='ocrx_word' id='word_1_363' title='bbox 722 3146 1084 3218; x_wconf 80' lang='lat' dir='ltr'>unigenitum</span> <span class='ocrx_word' id='word_1_364' title='bbox 1101 3146 1213 3201; x_wconf 90' lang='lat' dir='ltr'>dici</span> <span class='ocrx_word' id='word_1_365' title='bbox 1232 3144 1444 3200; x_wconf 85' lang='lat' dir='ltr'>Filium</span> <span class='ocrx_word' id='word_1_366' title='bbox 1458 3145 1727 3217; x_wconf 91' lang='lat' dir='ltr'>Dei,quia</span> 
     </span>
    </p>
   </div>
   <div class='ocr_carea' id='block_1_50' title="bbox 1839 1988 3496 2064">
    <p class='ocr_par' dir='ltr' id='par_1_50' title="bbox 1839 1988 3496 2064">
     <span class='ocr_line' id='line_1_50' title="bbox 1839 1988 3496 2064; baseline 0.002 -23"><span class='ocrx_word' id='word_1_367' title='bbox 1839 1990 2038 2043; x_wconf 91' lang='lat' dir='ltr'>nostro</span> <span class='ocrx_word' id='word_1_368' title='bbox 2069 1988 2334 2043; x_wconf 78' lang='lat' dir='ltr'>examine</span> <span class='ocrx_word' id='word_1_369' title='bbox 2356 1988 2566 2044; x_wconf 87' lang='lat' dir='ltr'>detecti</span> <span class='ocrx_word' id='word_1_370' title='bbox 2588 1993 2762 2061; x_wconf 87' lang='lat' dir='ltr'>atque</span> <span class='ocrx_word' id='word_1_371' title='bbox 2791 1990 3032 2047; x_wconf 81' lang='lat' dir='ltr'>convicti</span> <span class='ocrx_word' id='word_1_372' title='bbox 3058 1996 3214 2060; x_wconf 90' lang='lat' dir='ltr'>sunt,</span> <span class='ocrx_word' id='word_1_373' title='bbox 3236 1989 3496 2064; x_wconf 83' lang='lat' dir='ltr'>Domini-</span> 
     </span>
    </p>
   </div>
   <div class='ocr_carea' id='block_1_51' title="bbox 1839 2076 3492 2149">
    <p class='ocr_par' dir='ltr' id='par_1_51' title="bbox 1839 2076 3492 2149">
     <span class='ocr_line' id='line_1_51' title="bbox 1839 2076 3492 2149; baseline 0.005 -20"><span class='ocrx_word' id='word_1_374' title='bbox 1839 2093 1970 2130; x_wconf 89' lang='lat' dir='ltr'>cum</span> <span class='ocrx_word' id='word_1_375' title='bbox 1996 2076 2171 2147; x_wconf 88' lang='lat' dir='ltr'>diem,</span> <span class='ocrx_word' id='word_1_376' title='bbox 2189 2094 2361 2149; x_wconf 91' lang='lat' dir='ltr'>quem</span> <span class='ocrx_word' id='word_1_377' title='bbox 2386 2078 2554 2134; x_wconf 89' lang='lat' dir='ltr'>nobis</span> <span class='ocrx_word' id='word_1_378' title='bbox 2578 2077 2913 2148; x_wconf 89' lang='lat' dir='ltr'>Salvatoris,</span> <span class='ocrx_word' id='word_1_379' title='bbox 2936 2081 3118 2137; x_wconf 90' lang='lat' dir='ltr'>nostri</span> <span class='ocrx_word' id='word_1_380' title='bbox 3142 2080 3492 2137; x_wconf 87' lang='lat' dir='ltr'>resurrectio</span> 
     </span>
    </p>
   </div>
   <div class='ocr_carea' id='block_1_52' title="bbox 1838 2166 3494 2240">
    <p class='ocr_par' dir='ltr' id='par_1_52' title="bbox 1838 2166 3494 2240">
     <span class='ocr_line' id='line_1_52' title="bbox 1838 2166 3494 2240; baseline 0.003 -21"><span class='ocrx_word' id='word_1_381' title='bbox 1838 2166 2218 2233; x_wconf 86' lang='lat' dir='ltr'>consecravit,</span> <span class='ocrx_word' id='word_1_382' title='bbox 2267 2167 2506 2240; x_wconf 86' lang='lat' dir='ltr'>exigunt</span> <span class='ocrx_word' id='word_1_383' title='bbox 2556 2166 2615 2222; x_wconf 92' lang='lat' dir='ltr'>in</span> <span class='ocrx_word' id='word_1_384' title='bbox 2648 2184 2895 2224; x_wconf 65' lang='lat' dir='ltr'>mezrore</span> <span class='ocrx_word' id='word_1_385' title='bbox 2918 2168 3172 2240; x_wconf 87' lang='lat' dir='ltr'>jejunii;</span> <span class='ocrx_word' id='word_1_386' title='bbox 3225 2166 3386 2237; x_wconf 85' lang='lat' dir='ltr'>solis,</span> <span class='ocrx_word' id='word_1_387' title='bbox 3427 2172 3494 2224; x_wconf 87' lang='lat' dir='ltr'>ut</span> 
     </span>
    </p>
   </div>
   <div class='ocr_carea' id='block_1_53' title="bbox 1842 2254 3490 2326">
    <p class='ocr_par' dir='ltr' id='par_1_53' title="bbox 1842 2254 3490 2326">
     <span class='ocr_line' id='line_1_53' title="bbox 1842 2254 3490 2326; baseline 0.004 -18"><span class='ocrx_word' id='word_1_388' title='bbox 1842 2254 2134 2326; x_wconf 89' lang='lat' dir='ltr'>proditum</span> <span class='ocrx_word' id='word_1_389' title='bbox 2169 2260 2275 2324; x_wconf 87' lang='lat' dir='ltr'>est,</span> <span class='ocrx_word' id='word_1_390' title='bbox 2309 2256 2639 2312; x_wconf 78' lang='lat' dir='ltr'>reverentiae</span> <span class='ocrx_word' id='word_1_391' title='bbox 2686 2256 2835 2314; x_wconf 89' lang='lat' dir='ltr'>hanc</span> <span class='ocrx_word' id='word_1_392' title='bbox 2867 2257 3287 2315; x_wconf 86' lang='lat' dir='ltr'>continentiam</span> <span class='ocrx_word' id='word_1_393' title='bbox 3320 2258 3490 2314; x_wconf 84' lang='lat' dir='ltr'>devo-</span> 
     </span>
    </p>
   </div>
   <div class='ocr_carea' id='block_1_54' title="bbox 1836 2346 3493 2418">
    <p class='ocr_par' dir='ltr' id='par_1_54' title="bbox 1836 2346 3493 2418">
     <span class='ocr_line' id='line_1_54' title="bbox 1836 2346 3493 2418; baseline 0.004 -20"><span class='ocrx_word' id='word_1_394' title='bbox 1836 2348 2034 2400; x_wconf 88' lang='lat' dir='ltr'>ventes</span> <span class='ocrx_word' id='word_1_395' title='bbox 2069 2361 2081 2400; x_wconf 92' lang='lat'>:</span> <span class='ocrx_word' id='word_1_396' title='bbox 2119 2350 2182 2400; x_wconf 89' lang='lat' dir='ltr'>ut</span> <span class='ocrx_word' id='word_1_397' title='bbox 2211 2361 2314 2418; x_wconf 89' lang='lat' dir='ltr'>per</span> <span class='ocrx_word' id='word_1_398' title='bbox 2353 2346 2551 2401; x_wconf 88' lang='lat' dir='ltr'>omnia</span> <span class='ocrx_word' id='word_1_399' title='bbox 2600 2347 2719 2401; x_wconf 90' lang='lat' dir='ltr'>sint</span> <span class='ocrx_word' id='word_1_400' title='bbox 2747 2364 2780 2402; x_wconf 92' lang='lat' dir='ltr'>a</span> <span class='ocrx_word' id='word_1_401' title='bbox 2830 2352 3041 2409; x_wconf 80' lang='lat' dir='ltr'>nostra:</span> <span class='ocrx_word' id='word_1_402' title='bbox 3090 2347 3224 2404; x_wconf 88' lang='lat' dir='ltr'>ﬁdei</span> <span class='ocrx_word' id='word_1_403' title='bbox 3270 2347 3493 2404; x_wconf 87' lang='lat' dir='ltr'>unitate</span> 
     </span>
    </p>
   </div>
   <div class='ocr_carea' id='block_1_55' title="bbox 1839 2431 3484 2507">
    <p class='ocr_par' dir='ltr' id='par_1_55' title="bbox 1839 2431 3484 2507">
     <span class='ocr_line' id='line_1_55' title="bbox 1839 2431 3484 2507; baseline 0.004 -21"><span class='ocrx_word' id='word_1_404' title='bbox 1839 2431 2156 2501; x_wconf 87' lang='lat' dir='ltr'>discordes,</span> <span class='ocrx_word' id='word_1_405' title='bbox 2193 2440 2248 2489; x_wconf 81' lang='lat' dir='ltr'>et</span> <span class='ocrx_word' id='word_1_406' title='bbox 2279 2435 2402 2491; x_wconf 89' lang='lat' dir='ltr'>dies</span> <span class='ocrx_word' id='word_1_407' title='bbox 2429 2434 2529 2507; x_wconf 89' lang='lat' dir='ltr'>qui</span> <span class='ocrx_word' id='word_1_408' title='bbox 2562 2436 2780 2492; x_wconf 86' lang='lat' dir='ltr'>anobis</span> <span class='ocrx_word' id='word_1_409' title='bbox 2812 2437 2870 2492; x_wconf 90' lang='lat' dir='ltr'>in</span> <span class='ocrx_word' id='word_1_410' title='bbox 2889 2436 3090 2493; x_wconf 73' lang='lat' dir='ltr'>laetitia</span> <span class='ocrx_word' id='word_1_411' title='bbox 3119 2437 3386 2507; x_wconf 84' lang='lat' dir='ltr'>habetur,</span> <span class='ocrx_word' id='word_1_412' title='bbox 3411 2437 3484 2493; x_wconf 89' lang='lat' dir='ltr'>ab</span> 
     </span>
    </p>
   </div>
   <div class='ocr_carea' id='block_1_56' title="bbox 1838 2521 3494 2598">
    <p class='ocr_par' dir='ltr' id='par_1_56' title="bbox 1838 2521 3494 2598">
     <span class='ocr_line' id='line_1_56' title="bbox 1838 2521 3494 2598; baseline 0.003 -23"><span class='ocrx_word' id='word_1_413' title='bbox 1838 2521 1954 2577; x_wconf 91' lang='lat' dir='ltr'>illis</span> <span class='ocrx_word' id='word_1_414' title='bbox 1984 2522 2043 2577; x_wconf 91' lang='lat' dir='ltr'>in</span> <span class='ocrx_word' id='word_1_415' title='bbox 2073 2523 2387 2579; x_wconf 80' lang='lat' dir='ltr'>afflictione</span> <span class='ocrx_word' id='word_1_416' title='bbox 2416 2525 2681 2581; x_wconf 90' lang='lat' dir='ltr'>ducatur.</span> <span class='ocrx_word' id='word_1_417' title='bbox 2717 2524 2878 2585; x_wconf 87' lang='lat' dir='ltr'>Unde</span> <span class='ocrx_word' id='word_1_418' title='bbox 2908 2525 3154 2598; x_wconf 87' lang='lat' dir='ltr'>dignum</span> <span class='ocrx_word' id='word_1_419' title='bbox 3184 2530 3270 2582; x_wconf 89' lang='lat' dir='ltr'>est</span> <span class='ocrx_word' id='word_1_420' title='bbox 3289 2530 3355 2584; x_wconf 91' lang='lat' dir='ltr'>ut</span> <span class='ocrx_word' id='word_1_421' title='bbox 3382 2525 3494 2581; x_wconf 90' lang='lat' dir='ltr'>ini-</span> 
     </span>
    </p>
   </div>
   <div class='ocr_carea' id='block_1_57' title="bbox 1839 2610 3491 2686">
    <p class='ocr_par' dir='ltr' id='par_1_57' title="bbox 1839 2610 3491 2686">
     <span class='ocr_line' id='line_1_57' title="bbox 1839 2610 3491 2686; baseline 0.002 -22"><span class='ocrx_word' id='word_1_422' title='bbox 1839 2610 1973 2666; x_wconf 91' lang='lat' dir='ltr'>mici</span> <span class='ocrx_word' id='word_1_423' title='bbox 2006 2610 2195 2669; x_wconf 89' lang='lat' dir='ltr'>crucis</span> <span class='ocrx_word' id='word_1_424' title='bbox 2227 2616 2282 2667; x_wconf 92' lang='lat' dir='ltr'>et</span> <span class='ocrx_word' id='word_1_425' title='bbox 2303 2610 2743 2667; x_wconf 90' lang='lat' dir='ltr'>resurrectionis</span> <span class='ocrx_word' id='word_1_426' title='bbox 2763 2611 2977 2668; x_wconf 87' lang='lat' dir='ltr'>Christi</span> <span class='ocrx_word' id='word_1_427' title='bbox 3001 2613 3177 2673; x_wconf 88' lang='lat' dir='ltr'>talem</span> <span class='ocrx_word' id='word_1_428' title='bbox 3197 2613 3491 2686; x_wconf 80' lang='lat' dir='ltr'>excipiant</span> 
     </span>
    </p>
   </div>
   <div class='ocr_carea' id='block_1_58' title="bbox 1840 2699 3182 2772">
    <p class='ocr_par' dir='ltr' id='par_1_58' title="bbox 1840 2699 3182 2772">
     <span class='ocr_line' id='line_1_58' title="bbox 1840 2699 3182 2772; baseline 0.003 -20"><span class='ocrx_word' id='word_1_429' title='bbox 1840 2700 2216 2768; x_wconf 85' lang='lat' dir='ltr'>sententiam,</span> <span class='ocrx_word' id='word_1_430' title='bbox 2249 2700 2479 2772; x_wconf 90' lang='lat' dir='ltr'>qualem</span> <span class='ocrx_word' id='word_1_431' title='bbox 2511 2699 2809 2772; x_wconf 87' lang='lat' dir='ltr'>elegerunt</span> <span class='ocrx_word' id='word_1_432' title='bbox 2837 2700 3182 2756; x_wconf 87' lang='lat' dir='ltr'>doctrinam.</span> 
     </span>
    </p>
   </div>
   <div class='ocr_carea' id='block_1_59' title="bbox 1908 2787 3489 2856">
    <p class='ocr_par' dir='ltr' id='par_1_59' title="bbox 1908 2787 3489 2856">
     <span class='ocr_line' id='line_1_59' title="bbox 1908 2787 3489 2856; baseline 0.002 -13"><span class='ocrx_word' id='word_1_433' title='bbox 1908 2787 2043 2843; x_wconf 69' lang='lat' dir='ltr'>CAP;</span> <span class='ocrx_word' id='word_1_434' title='bbox 2074 2788 2140 2841; x_wconf 90' lang='lat' dir='ltr'>V.</span> <span class='ocrx_word' id='word_1_435' title='bbox 2172 2788 2320 2856; x_wconf 78' lang='lat' dir='ltr'>Quod</span> <span class='ocrx_word' id='word_1_436' title='bbox 2350 2790 2597 2843; x_wconf 87' lang='lat' dir='ltr'>animam</span> <span class='ocrx_word' id='word_1_437' title='bbox 2616 2787 2852 2844; x_wconf 86' lang='lat' dir='ltr'>hominis</span> <span class='ocrx_word' id='word_1_438' title='bbox 2881 2788 3090 2846; x_wconf 70' lang='lat' dir='ltr'>divina?</span> <span class='ocrx_word' id='word_1_439' title='bbox 3107 2791 3358 2845; x_wconf 81' lang='lat' dir='ltr'>asserunt</span> <span class='ocrx_word' id='word_1_440' title='bbox 3376 2805 3489 2846; x_wconf 76' lang='lat' dir='ltr'>esse</span> 
     </span>
    </p>
   </div>
   <div class='ocr_carea' id='block_1_60' title="bbox 1835 2875 3488 2949">
    <p class='ocr_par' dir='ltr' id='par_1_60' title="bbox 1835 2875 3488 2949">
     <span class='ocr_line' id='line_1_60' title="bbox 1835 2875 3488 2949; baseline 0.003 -19"><span class='ocrx_word' id='word_1_441' title='bbox 1835 2877 2180 2933; x_wconf 68' lang='lat' dir='ltr'>substantiae.</span> <span class='ocrx_word' id='word_1_442' title='bbox 2214 2909 2278 2916; x_wconf 90' lang='lat'><strong>—</strong></span> <span class='ocrx_word' id='word_1_443' title='bbox 2298 2877 2503 2938; x_wconf 87' lang='lat' dir='ltr'>Quinto</span> <span class='ocrx_word' id='word_1_444' title='bbox 2525 2875 2777 2949; x_wconf 89' lang='lat' dir='ltr'>capitulo</span> <span class='ocrx_word' id='word_1_445' title='bbox 2791 2875 3037 2932; x_wconf 85' lang='lat' dir='ltr'>refertur</span> <span class='ocrx_word' id='word_1_446' title='bbox 3048 2876 3202 2949; x_wconf 91' lang='lat' dir='ltr'>quod</span> <span class='ocrx_word' id='word_1_447' title='bbox 3225 2877 3488 2935; x_wconf 87' lang='lat' dir='ltr'>animam</span> 
     </span>
    </p>
   </div>
   <div class='ocr_carea' id='block_1_61' title="bbox 1836 2965 3489 3047">
    <p class='ocr_par' dir='ltr' id='par_1_61' title="bbox 1836 2965 3489 3047">
     <span class='ocr_line' id='line_1_61' title="bbox 1836 2965 3489 3047; baseline 0.002 -28"><span class='ocrx_word' id='word_1_448' title='bbox 1836 2965 2092 3021; x_wconf 88' lang='lat' dir='ltr'>hominis</span> <span class='ocrx_word' id='word_1_449' title='bbox 2106 2965 2310 3047; x_wconf 76' lang='lat' dir='ltr'>divinae</span> <span class='ocrx_word' id='word_1_450' title='bbox 2325 2969 2730 3033; x_wconf 16' lang='lat' dir='ltr'>a‘sserantesse</span> <span class='ocrx_word' id='word_1_451' title='bbox 2744 2965 3218 3045; x_wconf 70' lang='lat' dir='ltr'>substantiae,nec</span> <span class='ocrx_word' id='word_1_452' title='bbox 3231 2970 3489 3029; x_wconf 79' lang='lat' dir='ltr'>amatura</span> 
     </span>
    </p>
   </div>
   <div class='ocr_carea' id='block_1_62' title="bbox 1835 3054 3483 3114">
    <p class='ocr_par' dir='ltr' id='par_1_62' title="bbox 1835 3054 3483 3114">
     <span class='ocr_line' id='line_1_62' title="bbox 1835 3054 3483 3114; baseline 0.002 -5"><span class='ocrx_word' id='word_1_453' title='bbox 1835 3054 2122 3111; x_wconf 89' lang='lat' dir='ltr'>Creatoris</span> <span class='ocrx_word' id='word_1_454' title='bbox 2153 3056 2242 3110; x_wconf 89' lang='lat' dir='ltr'>sui</span> <span class='ocrx_word' id='word_1_455' title='bbox 2305 3055 2658 3110; x_wconf 90' lang='lat' dir='ltr'>conditionis</span> <span class='ocrx_word' id='word_1_456' title='bbox 2707 3059 2915 3111; x_wconf 65' lang='lat' dir='ltr'>nostra:</span> <span class='ocrx_word' id='word_1_457' title='bbox 2947 3054 3165 3113; x_wconf 88' lang='lat' dir='ltr'>distare</span> <span class='ocrx_word' id='word_1_458' title='bbox 3190 3060 3483 3114; x_wconf 87' lang='lat' dir='ltr'>naturam.</span> 
     </span>
    </p>
   </div>
   <div class='ocr_carea' id='block_1_63' title="bbox 1836 3143 3489 3218">
    <p class='ocr_par' dir='ltr' id='par_1_63' title="bbox 1836 3143 3489 3218">
     <span class='ocr_line' id='line_1_63' title="bbox 1836 3143 3489 3218; baseline 0.002 -20"><span class='ocrx_word' id='word_1_459' title='bbox 1836 3146 2021 3210; x_wconf 88' lang='lat' dir='ltr'>Quam</span> <span class='ocrx_word' id='word_1_460' title='bbox 2054 3144 2414 3216; x_wconf 87' lang='lat' dir='ltr'>impietatem</span> <span class='ocrx_word' id='word_1_461' title='bbox 2438 3160 2505 3199; x_wconf 82' lang='lat' dir='ltr'>ex</span> <span class='ocrx_word' id='word_1_462' title='bbox 2526 3143 3009 3217; x_wconf 90' lang='lat' dir='ltr'>philosophorum</span> <span class='ocrx_word' id='word_1_463' title='bbox 3025 3146 3417 3218; x_wconf 89' lang='lat' dir='ltr'>quorumdam</span> <span class='ocrx_word' id='word_1_464' title='bbox 3430 3149 3489 3202; x_wconf 88' lang='lat' dir='ltr'>et</span> 
     </span>
    </p>
   </div>
   <div class='ocr_carea' id='block_1_64' title="bbox 94 3232 3485 3307">
    <p class='ocr_par' dir='ltr' id='par_1_64' title="bbox 94 3232 3485 3307">
     <span class='ocr_line' id='line_1_64' title="bbox 94 3232 3485 3307; baseline 0.001 -21"><span class='ocrx_word' id='word_1_465' title='bbox 94 3234 234 3290; x_wconf 83' lang='lat' dir='ltr'>solus</span> <span class='ocrx_word' id='word_1_466' title='bbox 262 3237 336 3292; x_wconf 92' lang='lat' dir='ltr'>sit</span> <span class='ocrx_word' id='word_1_467' title='bbox 363 3241 539 3292; x_wconf 91' lang='lat' dir='ltr'>natus</span> <span class='ocrx_word' id='word_1_468' title='bbox 568 3252 638 3290; x_wconf 81' lang='lat' dir='ltr'>ex</span> <span class='ocrx_word' id='word_1_469' title='bbox 659 3236 709 3289; x_wconf 87' lang='lat' dir='ltr'>vi</span> <span class='ocrx_word' id='word_1_470' title='bbox 721 3235 1070 3307; x_wconf 88' lang='lat' dir='ltr'>rgine.Quod</span> <span class='ocrx_word' id='word_1_471' title='bbox 1092 3234 1294 3307; x_wconf 89' lang='lat' dir='ltr'>utique</span> <span class='ocrx_word' id='word_1_472' title='bbox 1310 3252 1420 3290; x_wconf 90' lang='lat' dir='ltr'>non</span> <span class='ocrx_word' id='word_1_473' title='bbox 1447 3234 1727 3290; x_wconf 87' lang='lat' dir='ltr'>auderent</span> <span class='ocrx_word' id='word_1_474' title='bbox 1757 3238 1799 3307; x_wconf 66' lang='grc' dir='ltr'>(ς</span> <span class='ocrx_word' id='word_1_475' title='bbox 1836 3232 2289 3289; x_wconf 77' lang='lat' dir='ltr'>Manichaeorum</span> <span class='ocrx_word' id='word_1_476' title='bbox 2324 3233 2597 3306; x_wconf 89' lang='lat' dir='ltr'>opinione</span> <span class='ocrx_word' id='word_1_477' title='bbox 2639 3237 2977 3289; x_wconf 88' lang='lat' dir='ltr'>manantem</span> <span class='ocrx_word' id='word_1_478' title='bbox 3027 3233 3313 3291; x_wconf 81' lang='lat' dir='ltr'>catholica</span> <span class='ocrx_word' id='word_1_479' title='bbox 3339 3234 3485 3291; x_wconf 90' lang='lat' dir='ltr'>ﬁdes</span> 
     </span>
    </p>
   </div>
   <div class='ocr_carea' id='block_1_65' title="bbox 93 3321 1726 3390">
    <p class='ocr_par' dir='ltr' id='par_1_65' title="bbox 93 3321 1726 3390">
     <span class='ocr_line' id='line_1_65' title="bbox 93 3321 1726 3390; baseline 0.004 -17"><span class='ocrx_word' id='word_1_480' title='bbox 93 3321 285 3390; x_wconf 79' lang='lat' dir='ltr'>dicere,</span> <span class='ocrx_word' id='word_1_481' title='bbox 310 3326 418 3382; x_wconf 91' lang='lat' dir='ltr'>nisi</span> <span class='ocrx_word' id='word_1_482' title='bbox 445 3324 609 3381; x_wconf 89' lang='lat' dir='ltr'>Pauli</span> <span class='ocrx_word' id='word_1_483' title='bbox 624 3324 990 3379; x_wconf 82' lang='lat' dir='ltr'>Samosateni</span> <span class='ocrx_word' id='word_1_484' title='bbox 1007 3332 1057 3379; x_wconf 84' lang='lat' dir='ltr'>et</span> <span class='ocrx_word' id='word_1_485' title='bbox 1074 3323 1301 3378; x_wconf 90' lang='lat' dir='ltr'>Photini</span> <span class='ocrx_word' id='word_1_486' title='bbox 1316 3323 1476 3378; x_wconf 92' lang='lat' dir='ltr'>virus</span> <span class='ocrx_word' id='word_1_487' title='bbox 1497 3323 1726 3379; x_wconf 85' lang='lat' dir='ltr'>hausis-</span> 
     </span>
    </p>
   </div>
   <div class='ocr_carea' id='block_1_66' title="bbox 92 3411 1724 3486">
    <p class='ocr_par' dir='ltr' id='par_1_66' title="bbox 92 3411 1724 3486">
     <span class='ocr_line' id='line_1_66' title="bbox 92 3411 1724 3486; baseline 0.002 -23"><span class='ocrx_word' id='word_1_488' title='bbox 92 3416 223 3481; x_wconf 86' lang='lat' dir='ltr'>sent,</span> <span class='ocrx_word' id='word_1_489' title='bbox 247 3414 346 3486; x_wconf 89' lang='lat' dir='ltr'>qui</span> <span class='ocrx_word' id='word_1_490' title='bbox 368 3415 647 3470; x_wconf 76' lang='lat' dir='ltr'>dixerunt</span> <span class='ocrx_word' id='word_1_491' title='bbox 684 3413 996 3469; x_wconf 90' lang='lat' dir='ltr'>Dominum</span> <span class='ocrx_word' id='word_1_492' title='bbox 1029 3418 1296 3469; x_wconf 90' lang='lat' dir='ltr'>nostrum</span> <span class='ocrx_word' id='word_1_493' title='bbox 1327 3412 1529 3468; x_wconf 88' lang='lat' dir='ltr'>Jcsum</span> <span class='ocrx_word' id='word_1_494' title='bbox 1562 3411 1724 3468; x_wconf 74' lang='lat' dir='ltr'>Chri~</span> 
     </span>
    </p>
   </div>
   <div class='ocr_carea' id='block_1_67' title="bbox 89 3501 1723 3576">
    <p class='ocr_par' dir='ltr' id='par_1_67' title="bbox 89 3501 1723 3576">
     <span class='ocr_line' id='line_1_67' title="bbox 89 3501 1723 3576; baseline 0.002 -25"><span class='ocrx_word' id='word_1_495' title='bbox 89 3506 253 3572; x_wconf 87' lang='lat' dir='ltr'>stum,</span> <span class='ocrx_word' id='word_1_496' title='bbox 285 3508 603 3576; x_wconf 85' lang='lat' dir='ltr'>antequam</span> <span class='ocrx_word' id='word_1_497' title='bbox 629 3506 968 3557; x_wconf 88' lang='lat' dir='ltr'>nasceretur</span> <span class='ocrx_word' id='word_1_498' title='bbox 998 3519 1065 3557; x_wconf 82' lang='lat' dir='ltr'>ex</span> <span class='ocrx_word' id='word_1_499' title='bbox 1096 3501 1319 3573; x_wconf 83' lang='lat' dir='ltr'>virgine</span> <span class='ocrx_word' id='word_1_500' title='bbox 1362 3501 1563 3567; x_wconf 87' lang='lat' dir='ltr'>Maria,</span> <span class='ocrx_word' id='word_1_501' title='bbox 1608 3517 1723 3556; x_wconf 89' lang='lat' dir='ltr'>non</span> 
     </span>
    </p>
   </div>
   <div class='ocr_carea' id='block_1_68' title="bbox 88 3588 1726 3662">
    <p class='ocr_par' dir='ltr' id='par_1_68' title="bbox 88 3588 1726 3662">
     <span class='ocr_line' id='line_1_68' title="bbox 88 3588 1726 3662; baseline 0.002 -23"><span class='ocrx_word' id='word_1_502' title='bbox 88 3588 273 3647; x_wconf 82' lang='lat' dir='ltr'>fuisse.</span> <span class='ocrx_word' id='word_1_503' title='bbox 306 3593 361 3647; x_wconf 89' lang='lat' dir='ltr'>Si</span> <span class='ocrx_word' id='word_1_504' title='bbox 395 3597 592 3648; x_wconf 89' lang='lat' dir='ltr'>autem</span> <span class='ocrx_word' id='word_1_505' title='bbox 626 3591 724 3646; x_wconf 89' lang='lat' dir='ltr'>isti</span> <span class='ocrx_word' id='word_1_506' title='bbox 756 3591 912 3646; x_wconf 89' lang='lat' dir='ltr'>aliud</span> <span class='ocrx_word' id='word_1_507' title='bbox 945 3591 1015 3646; x_wconf 89' lang='lat' dir='ltr'>de</span> <span class='ocrx_word' id='word_1_508' title='bbox 1041 3608 1146 3645; x_wconf 91' lang='lat' dir='ltr'>suo</span> <span class='ocrx_word' id='word_1_509' title='bbox 1168 3607 1341 3646; x_wconf 89' lang='lat' dir='ltr'>sensu</span> <span class='ocrx_word' id='word_1_510' title='bbox 1368 3589 1611 3662; x_wconf 82' lang='lat' dir='ltr'>intelligi</span> <span class='ocrx_word' id='word_1_511' title='bbox 1634 3607 1726 3644; x_wconf 89' lang='lat' dir='ltr'>vo-</span> 
     </span>
    </p>
   </div>
   <div class='ocr_carea' id='block_1_69' title="bbox 88 3675 1721 3755">
    <p class='ocr_par' dir='ltr' id='par_1_69' title="bbox 88 3675 1721 3755">
     <span class='ocr_line' id='line_1_69' title="bbox 88 3675 1721 3755; baseline 0.002 -26"><span class='ocrx_word' id='word_1_512' title='bbox 88 3675 220 3747; x_wconf 85' lang='lat' dir='ltr'>lunt,</span> <span class='ocrx_word' id='word_1_513' title='bbox 253 3697 441 3755; x_wconf 88' lang='lat' dir='ltr'>neque</span> <span class='ocrx_word' id='word_1_514' title='bbox 454 3680 810 3754; x_wconf 88' lang='lat' dir='ltr'>principium</span> <span class='ocrx_word' id='word_1_515' title='bbox 824 3680 895 3735; x_wconf 91' lang='lat' dir='ltr'>de</span> <span class='ocrx_word' id='word_1_516' title='bbox 925 3685 1112 3735; x_wconf 89' lang='lat' dir='ltr'>matre</span> <span class='ocrx_word' id='word_1_517' title='bbox 1137 3678 1539 3742; x_wconf 89' lang='lat' dir='ltr'>dantChristo,</span> <span class='ocrx_word' id='word_1_518' title='bbox 1565 3695 1721 3734; x_wconf 89' lang='lat' dir='ltr'>asse—</span> 
     </span>
    </p>
   </div>
   <div class='ocr_carea' id='block_1_70' title="bbox 92 3766 1724 3835">
    <p class='ocr_par' dir='ltr' id='par_1_70' title="bbox 92 3766 1724 3835">
     <span class='ocr_line' id='line_1_70' title="bbox 92 3766 1724 3835; baseline 0.001 -14"><span class='ocrx_word' id='word_1_519' title='bbox 92 3774 209 3822; x_wconf 80' lang='lat' dir='ltr'>rant</span> <span class='ocrx_word' id='word_1_520' title='bbox 237 3774 1042 3826; x_wconf 86' lang='lat' dir='ltr'>necesseestnonunumesse</span> <span class='ocrx_word' id='word_1_521' title='bbox 1064 3767 1273 3823; x_wconf 86' lang='lat' dir='ltr'>Filium</span> <span class='ocrx_word' id='word_1_522' title='bbox 1305 3766 1425 3835; x_wconf 90' lang='lat' dir='ltr'>Dei,</span> <span class='ocrx_word' id='word_1_523' title='bbox 1460 3767 1561 3821; x_wconf 80' lang='lat' dir='ltr'>sed</span> <span class='ocrx_word' id='word_1_524' title='bbox 1581 3766 1724 3823; x_wconf 88' lang='lat' dir='ltr'>alios</span> 
     </span>
    </p>
   </div>
   <div class='ocr_carea' id='block_1_71' title="bbox 90 3856 1724 3929">
    <p class='ocr_par' dir='ltr' id='par_1_71' title="bbox 90 3856 1724 3929">
     <span class='ocr_line' id='line_1_71' title="bbox 90 3856 1724 3929; baseline 0.002 -21"><span class='ocrx_word' id='word_1_525' title='bbox 90 3869 307 3929; x_wconf 85' lang='lat' dir='ltr'>quoque</span> <span class='ocrx_word' id='word_1_526' title='bbox 336 3876 403 3915; x_wconf 85' lang='lat' dir='ltr'>ex</span> <span class='ocrx_word' id='word_1_527' title='bbox 432 3874 671 3915; x_wconf 90' lang='lat' dir='ltr'>summo</span> <span class='ocrx_word' id='word_1_528' title='bbox 702 3857 866 3913; x_wconf 87' lang='lat' dir='ltr'>Patre</span> <span class='ocrx_word' id='word_1_529' title='bbox 891 3857 1142 3929; x_wconf 77' lang='lat' dir='ltr'>genitos,</span> <span class='ocrx_word' id='word_1_530' title='bbox 1175 3873 1424 3928; x_wconf 90' lang='lat' dir='ltr'>quorum</span> <span class='ocrx_word' id='word_1_531' title='bbox 1452 3856 1547 3911; x_wconf 91' lang='lat' dir='ltr'>hic</span> <span class='ocrx_word' id='word_1_532' title='bbox 1570 3874 1724 3912; x_wconf 82' lang='lat' dir='ltr'>unus</span> 
     </span>
    </p>
   </div>
   <div class='ocr_carea' id='block_1_72' title="bbox 91 3942 1719 4018">
    <p class='ocr_par' dir='ltr' id='par_1_72' title="bbox 91 3942 1719 4018">
     <span class='ocr_line' id='line_1_72' title="bbox 91 3942 1719 4018; baseline 0.004 -24"><span class='ocrx_word' id='word_1_533' title='bbox 91 3942 150 3996; x_wconf 83' lang='lat' dir='ltr'>sit</span> <span class='ocrx_word' id='word_1_534' title='bbox 179 3952 349 4003; x_wconf 83' lang='lat' dir='ltr'>natus</span> <span class='ocrx_word' id='word_1_535' title='bbox 369 3966 439 4003; x_wconf 81' lang='lat' dir='ltr'>ex</span> <span class='ocrx_word' id='word_1_536' title='bbox 452 3947 763 4015; x_wconf 83' lang='lat' dir='ltr'>femina,ct</span> <span class='ocrx_word' id='word_1_537' title='bbox 784 3947 855 4001; x_wconf 89' lang='lat' dir='ltr'>ob</span> <span class='ocrx_word' id='word_1_538' title='bbox 877 3946 984 4000; x_wconf 88' lang='lat' dir='ltr'>hoc</span> <span class='ocrx_word' id='word_1_539' title='bbox 999 3944 1324 4018; x_wconf 88' lang='lat' dir='ltr'>appelletur</span> <span class='ocrx_word' id='word_1_540' title='bbox 1346 3946 1719 4016; x_wconf 77' lang='lat' dir='ltr'>Unigenitus:</span> 
     </span>
    </p>
   </div>
   <div class='ocr_carea' id='block_1_73' title="bbox 92 4033 1721 4100">
    <p class='ocr_par' dir='ltr' id='par_1_73' title="bbox 92 4033 1721 4100">
     <span class='ocr_line' id='line_1_73' title="bbox 92 4033 1721 4100; baseline 0.002 -14"><span class='ocrx_word' id='word_1_541' title='bbox 92 4033 208 4100; x_wconf 82' lang='lat' dir='ltr'>quia</span> <span class='ocrx_word' id='word_1_542' title='bbox 241 4035 389 4092; x_wconf 83' lang='lat' dir='ltr'>hanc</span> <span class='ocrx_word' id='word_1_543' title='bbox 416 4036 701 4091; x_wconf 85' lang='lat' dir='ltr'>nascendi</span> <span class='ocrx_word' id='word_1_544' title='bbox 733 4035 1128 4090; x_wconf 87' lang='lat' dir='ltr'>conditionem</span> <span class='ocrx_word' id='word_1_545' title='bbox 1160 4033 1312 4090; x_wconf 91' lang='lat' dir='ltr'>alius</span> <span class='ocrx_word' id='word_1_546' title='bbox 1347 4035 1597 4089; x_wconf 89' lang='lat' dir='ltr'>ﬁliorum</span> <span class='ocrx_word' id='word_1_547' title='bbox 1621 4034 1721 4089; x_wconf 90' lang='lat' dir='ltr'>Dei</span> 
     </span>
    </p>
   </div>
   <div class='ocr_carea' id='block_1_74' title="bbox 91 4122 1722 4199">
    <p class='ocr_par' dir='ltr' id='par_1_74' title="bbox 91 4122 1722 4199">
     <span class='ocr_line' id='line_1_74' title="bbox 91 4122 1722 4199; baseline 0.002 -26"><span class='ocrx_word' id='word_1_548' title='bbox 91 4135 243 4178; x_wconf 80' lang='lat' dir='ltr'>nemo</span> <span class='ocrx_word' id='word_1_549' title='bbox 258 4125 1103 4199; x_wconf 85' lang='lat' dir='ltr'>susceperit.Quoquoversum</span> <span class='ocrx_word' id='word_1_550' title='bbox 1119 4124 1271 4180; x_wconf 77' lang='lat'><strong>699</strong></span> <span class='ocrx_word' id='word_1_551' title='bbox 1303 4122 1484 4195; x_wconf 81' lang='lat' dir='ltr'>igitur</span> <span class='ocrx_word' id='word_1_552' title='bbox 1514 4140 1722 4179; x_wconf 89' lang='lat' dir='ltr'>secon-</span> 
     </span>
    </p>
   </div>
   <div class='ocr_carea' id='block_1_75' title="bbox 95 4207 1723 4286">
    <p class='ocr_par' dir='ltr' id='par_1_75' title="bbox 95 4207 1723 4286">
     <span class='ocr_line' id='line_1_75' title="bbox 95 4207 1723 4286; baseline 0.006 -29"><span class='ocrx_word' id='word_1_553' title='bbox 95 4207 332 4280; x_wconf 77' lang='lat' dir='ltr'>tulerint,</span> <span class='ocrx_word' id='word_1_554' title='bbox 363 4214 423 4269; x_wconf 85' lang='lat' dir='ltr'>in</span> <span class='ocrx_word' id='word_1_555' title='bbox 459 4229 687 4286; x_wconf 62' lang='lat' dir='ltr'>magna:</span> <span class='ocrx_word' id='word_1_556' title='bbox 720 4212 972 4267; x_wconf 87' lang='lat' dir='ltr'>tendunt</span> <span class='ocrx_word' id='word_1_557' title='bbox 993 4211 1311 4282; x_wconf 87' lang='lat' dir='ltr'>impietatis</span> <span class='ocrx_word' id='word_1_558' title='bbox 1328 4212 1723 4284; x_wconf 89' lang='lat' dir='ltr'>abruptum,si</span> 
     </span>
    </p>
   </div>
   <div class='ocr_carea' id='block_1_76' title="bbox 154 4334 1724 4409">
    <p class='ocr_par' dir='ltr' id='par_1_76' title="bbox 154 4334 1724 4409">
     <span class='ocr_line' id='line_1_76' title="bbox 154 4334 1724 4409; baseline 0.002 -21"><span class='ocrx_word' id='word_1_559' title='bbox 154 4334 221 4407; x_wconf 66' lang='lat' dir='ltr'>la)</span> <span class='ocrx_word' id='word_1_560' title='bbox 252 4340 387 4393; x_wconf 78' lang='lat' dir='ltr'>Mss.</span> <span class='ocrx_word' id='word_1_561' title='bbox 422 4338 605 4409; x_wconf 15' lang='lat' dir='ltr'>Hisp.,</span> <span class='ocrx_word' id='word_1_562' title='bbox 639 4341 697 4392; x_wconf 88' lang='lat' dir='ltr'>et</span> <span class='ocrx_word' id='word_1_563' title='bbox 730 4336 902 4409; x_wconf 38' lang='lat' dir='ltr'>Isid”</span> <span class='ocrx_word' id='word_1_564' title='bbox 934 4339 1187 4409; x_wconf 26' lang='lat' dir='ltr'>authqui</span> <span class='ocrx_word' id='word_1_565' title='bbox 1205 4336 1341 4409; x_wconf 12' lang='lat' dir='ltr'>Mox,</span> <span class='ocrx_word' id='word_1_566' title='bbox 1354 4337 1596 4409; x_wconf 79' lang='lat' dir='ltr'>procedit</span> <span class='ocrx_word' id='word_1_567' title='bbox 1622 4353 1724 4408; x_wconf 90' lang='lat' dir='ltr'>pro</span> 
     </span>
    </p>
   </div>
   <div class='ocr_carea' id='block_1_77' title="bbox 97 4407 1721 4482">
    <p class='ocr_par' dir='ltr' id='par_1_77' title="bbox 97 4407 1721 4482">
     <span class='ocr_line' id='line_1_77' title="bbox 97 4407 1721 4482; baseline -0.001 -19"><span class='ocrx_word' id='word_1_568' title='bbox 97 4411 328 4482; x_wconf 68' lang='lat' dir='ltr'>Processit</span> <span class='ocrx_word' id='word_1_569' title='bbox 356 4410 511 4482; x_wconf 88' lang='lat' dir='ltr'>apud</span> <span class='ocrx_word' id='word_1_570' title='bbox 532 4407 1003 4482; x_wconf 30' lang='lat' dir='ltr'>’Theodulphum</span> <span class='ocrx_word' id='word_1_571' title='bbox 1027 4407 1127 4462; x_wconf 85' lang='lat' dir='ltr'>lib.</span> <span class='ocrx_word' id='word_1_572' title='bbox 1158 4407 1721 4482; x_wconf 76' lang='lat' dir='ltr'>de_Spiritu_sancto.</span> 
     </span>
    </p>
   </div>
   <div class='ocr_carea' id='block_1_78' title="bbox 156 4477 1721 4551">
    <p class='ocr_par' dir='ltr' id='par_1_78' title="bbox 156 4477 1721 4551">
     <span class='ocr_line' id='line_1_78' title="bbox 156 4477 1721 4551; baseline 0 -17"><span class='ocrx_word' id='word_1_573' title='bbox 156 4477 223 4551; x_wconf 60' lang='lat' dir='ltr'>ibi</span> <span class='ocrx_word' id='word_1_574' title='bbox 254 4477 688 4537; x_wconf 72' lang='lat' dir='ltr'>Inseruimusin</span> <span class='ocrx_word' id='word_1_575' title='bbox 710 4477 966 4551; x_wconf 39' lang='lat' dir='ltr'>exiVat.</span> <span class='ocrx_word' id='word_1_576' title='bbox 992 4480 1129 4551; x_wconf 74' lang='lat' dir='ltr'>Rog.</span> <span class='ocrx_word' id='word_1_577' title='bbox 1154 4477 1377 4535; x_wconf 83' lang='lat' dir='ltr'>collect.</span> <span class='ocrx_word' id='word_1_578' title='bbox 1404 4481 1446 4535; x_wconf 92' lang='grc'><strong>1.</strong></span> <span class='ocrx_word' id='word_1_579' title='bbox 1475 4479 1721 4535; x_wconf 80' lang='lat' dir='ltr'>Vindcb.</span> 
     </span>
    </p>
   </div>
   <div class='ocr_carea' id='block_1_79' title="bbox 103 4547 1721 4625">
    <p class='ocr_par' dir='ltr' id='par_1_79' title="bbox 103 4547 1721 4625">
     <span class='ocr_line' id='line_1_79' title="bbox 103 4547 1721 4625; baseline 0.003 -26"><span class='ocrx_word' id='word_1_580' title='bbox 103 4547 300 4625; x_wconf 53' lang='lat' dir='ltr'>ff‘illect.</span> <span class='ocrx_word' id='word_1_581' title='bbox 330 4554 386 4621; x_wconf 87' lang='lat'>5,</span> <span class='ocrx_word' id='word_1_582' title='bbox 420 4553 551 4625; x_wconf 62' lang='lat' dir='ltr'>Vat.</span> <span class='ocrx_word' id='word_1_583' title='bbox 582 4550 914 4625; x_wconf 65' lang='lat' dir='ltr'>et_Yereell.</span> <span class='ocrx_word' id='word_1_584' title='bbox 953 4547 1177 4625; x_wconf 70' lang='lat' dir='ltr'>collect.</span> <span class='ocrx_word' id='word_1_585' title='bbox 1212 4554 1266 4616; x_wconf 85' lang='lat'>8,</span> <span class='ocrx_word' id='word_1_586' title='bbox 1304 4567 1405 4606; x_wconf 90' lang='lat' dir='ltr'>nec</span> <span class='ocrx_word' id='word_1_587' title='bbox 1438 4568 1549 4606; x_wconf 92' lang='lat' dir='ltr'>non</span> <span class='ocrx_word' id='word_1_588' title='bbox 1588 4550 1721 4625; x_wconf 74' lang='lat' dir='ltr'>Vat.</span> 
     </span>
    </p>
   </div>
   <div class='ocr_carea' id='block_1_80' title="bbox 105 4614 1726 4692">
    <p class='ocr_par' dir='ltr' id='par_1_80' title="bbox 105 4614 1726 4692">
     <span class='ocr_line' id='line_1_80' title="bbox 105 4614 1726 4692; baseline 0.002 -19"><span class='ocrx_word' id='word_1_589' title='bbox 105 4614 242 4692; x_wconf 73' lang='lat' dir='ltr'>llisp.</span> <span class='ocrx_word' id='word_1_590' title='bbox 274 4628 328 4677; x_wconf 89' lang='lat' dir='ltr'>et</span> <span class='ocrx_word' id='word_1_591' title='bbox 361 4614 496 4678; x_wconf 45' lang='lat' dir='ltr'>l&#39;sid.</span> <span class='ocrx_word' id='word_1_592' title='bbox 535 4625 595 4679; x_wconf 85' lang='lat' dir='ltr'>In</span> <span class='ocrx_word' id='word_1_593' title='bbox 645 4621 966 4677; x_wconf 85' lang='lat' dir='ltr'>Vindebon.</span> <span class='ocrx_word' id='word_1_594' title='bbox 1002 4622 1189 4692; x_wconf 86' lang='lat' dir='ltr'>Hisp.,</span> <span class='ocrx_word' id='word_1_595' title='bbox 1223 4614 1274 4677; x_wconf 82' lang='lat' dir='ltr'>et</span> <span class='ocrx_word' id='word_1_596' title='bbox 1304 4640 1411 4677; x_wconf 75' lang='lat' dir='ltr'>non</span> <span class='ocrx_word' id='word_1_597' title='bbox 1444 4625 1500 4677; x_wconf 88' lang='lat' dir='ltr'>in</span> <span class='ocrx_word' id='word_1_598' title='bbox 1532 4624 1726 4689; x_wconf 80' lang='lat' dir='ltr'>trib-us,</span> 
     </span>
    </p>
   </div>
   <div class='ocr_carea' id='block_1_81' title="bbox 105 4686 1736 4765">
    <p class='ocr_par' dir='ltr' id='par_1_81' title="bbox 105 4686 1736 4765">
     <span class='ocr_line' id='line_1_81' title="bbox 105 4686 1736 4765; baseline 0.002 -20"><span class='ocrx_word' id='word_1_599' title='bbox 105 4686 387 4765; x_wconf 53' lang='lat' dir='ltr'>deletosed.</span> <span class='ocrx_word' id='word_1_600' title='bbox 414 4694 549 4750; x_wconf 87' lang='lat' dir='ltr'>Post</span> <span class='ocrx_word' id='word_1_601' title='bbox 570 4695 629 4748; x_wconf 88' lang='lat' dir='ltr'>in</span> <span class='ocrx_word' id='word_1_602' title='bbox 666 4710 850 4764; x_wconf 89' lang='lat' dir='ltr'>pauca</span> <span class='ocrx_word' id='word_1_603' title='bbox 871 4710 972 4747; x_wconf 76' lang='lat' dir='ltr'>sex</span> <span class='ocrx_word' id='word_1_604' title='bbox 992 4686 1184 4757; x_wconf 64' lang='lat' dir='ltr'>codd,</span> <span class='ocrx_word' id='word_1_605' title='bbox 1206 4686 1736 4765; x_wconf 75' lang='lat' dir='ltr'>Patripassiamnou</span> 
     </span>
    </p>
   </div>
   <div class='ocr_carea' id='block_1_82' title="bbox 107 4764 1735 4821">
    <p class='ocr_par' dir='ltr' id='par_1_82' title="bbox 107 4764 1735 4821">
     <span class='ocr_line' id='line_1_82' title="bbox 107 4764 1735 4821; baseline 0.002 -4"><span class='ocrx_word' id='word_1_606' title='bbox 107 4764 369 4820; x_wconf 68' lang='lat' dir='ltr'>immerito.</span> <span class='ocrx_word' id='word_1_607' title='bbox 414 4766 559 4821; x_wconf 91' lang='lat' dir='ltr'>Dein</span> <span class='ocrx_word' id='word_1_608' title='bbox 614 4767 792 4820; x_wconf 84' lang='lat' dir='ltr'>Filius</span> <span class='ocrx_word' id='word_1_609' title='bbox 838 4766 1020 4819; x_wconf 83' lang='lat' dir='ltr'>Patris</span> <span class='ocrx_word' id='word_1_610' title='bbox 1067 4764 1319 4820; x_wconf 80' lang='lat' dir='ltr'>obediens</span> <span class='ocrx_word' id='word_1_611' title='bbox 1365 4764 1633 4820; x_wconf 81' lang='lat' dir='ltr'>sustinuit</span> <span class='ocrx_word' id='word_1_612' title='bbox 1676 4765 1735 4820; x_wconf 91' lang='lat' dir='ltr'>in</span> 
     </span>
    </p>
   </div>
   <div class='ocr_carea' id='block_1_83' title="bbox 111 4826 605 4909">
    <p class='ocr_par' dir='ltr' id='par_1_83' title="bbox 111 4826 605 4909">
     <span class='ocr_line' id='line_1_83' title="bbox 111 4826 605 4909; baseline 0.006 -22"><span class='ocrx_word' id='word_1_613' title='bbox 111 4826 382 4909; x_wconf 26' lang='lat' dir='ltr'>Viu‘debon</span> <span class='ocrx_word' id='word_1_614' title='bbox 394 4881 406 4891; x_wconf 91' lang='lat'>.</span> <span class='ocrx_word' id='word_1_615' title='bbox 440 4837 605 4909; x_wconf 87' lang='lat' dir='ltr'>Hisp.</span> 
     </span>
    </p>
   </div>
   <div class='ocr_carea' id='block_1_84' title="bbox 159 4906 1739 4973">
    <p class='ocr_par' dir='ltr' id='par_1_84' title="bbox 159 4906 1739 4973">
     <span class='ocr_line' id='line_1_84' title="bbox 159 4906 1739 4973; baseline 0.004 -18"><span class='ocrx_word' id='word_1_616' title='bbox 159 4906 599 4972; x_wconf 70' lang='lat' dir='ltr'>(C)Quesnell1is</span> <span class='ocrx_word' id='word_1_617' title='bbox 622 4924 755 4961; x_wconf 89' lang='lat' dir='ltr'>cum</span> <span class='ocrx_word' id='word_1_618' title='bbox 783 4912 953 4961; x_wconf 84' lang='lat' dir='ltr'>antea</span> <span class='ocrx_word' id='word_1_619' title='bbox 974 4907 1146 4961; x_wconf 87' lang='lat' dir='ltr'>editis</span> <span class='ocrx_word' id='word_1_620' title='bbox 1177 4910 1234 4961; x_wconf 89' lang='lat' dir='ltr'>et</span> <span class='ocrx_word' id='word_1_621' title='bbox 1260 4923 1368 4961; x_wconf 89' lang='lat' dir='ltr'>ms.</span> <span class='ocrx_word' id='word_1_622' title='bbox 1403 4907 1608 4973; x_wconf 87' lang='lat' dir='ltr'>Grim.,</span> <span class='ocrx_word' id='word_1_623' title='bbox 1627 4907 1739 4961; x_wconf 85' lang='lat' dir='ltr'>Tri-</span> 
     </span>
    </p>
   </div>
   <div class='ocr_carea' id='block_1_85' title="bbox 108 4975 1741 5049">
    <p class='ocr_par' dir='ltr' id='par_1_85' title="bbox 108 4975 1741 5049">
     <span class='ocr_line' id='line_1_85' title="bbox 108 4975 1741 5049; baseline -0.001 -16"><span class='ocrx_word' id='word_1_624' title='bbox 108 4975 312 5049; x_wconf 56' lang='lat' dir='ltr'>ﬁiltttem</span> <span class='ocrx_word' id='word_1_625' title='bbox 343 4981 579 5036; x_wconf 81' lang='lat' dir='ltr'>Uuitatis</span> <span class='ocrx_word' id='word_1_626' title='bbox 614 4979 875 5046; x_wconf 87' lang='lat' dir='ltr'>retinuit,</span> <span class='ocrx_word' id='word_1_627' title='bbox 906 4980 1015 5033; x_wconf 84' lang='lat' dir='ltr'>etsi</span> <span class='ocrx_word' id='word_1_628' title='bbox 1070 4979 1353 5033; x_wconf 83' lang='lat' dir='ltr'>notaverit</span> <span class='ocrx_word' id='word_1_629' title='bbox 1386 4979 1442 5033; x_wconf 88' lang='lat' dir='ltr'>in</span> <span class='ocrx_word' id='word_1_630' title='bbox 1478 4978 1741 5049; x_wconf 77' lang='lat' dir='ltr'>margine</span> 
     </span>
    </p>
   </div>
   <div class='ocr_carea' id='block_1_86' title="bbox 110 5043 1737 5122">
    <p class='ocr_par' dir='ltr' id='par_1_86' title="bbox 110 5043 1737 5122">
     <span class='ocr_line' id='line_1_86' title="bbox 110 5043 1737 5122; baseline 0.001 -21"><span class='ocrx_word' id='word_1_631' title='bbox 110 5043 398 5122; x_wconf 68' lang='lat' dir='ltr'>Triaitatem</span> <span class='ocrx_word' id='word_1_632' title='bbox 428 5052 672 5122; x_wconf 80' lang='lat' dir='ltr'>Deitatis</span> <span class='ocrx_word' id='word_1_633' title='bbox 692 5043 931 5122; x_wconf 85' lang='lat' dir='ltr'>reperiri</span> <span class='ocrx_word' id='word_1_634' title='bbox 958 5050 1016 5104; x_wconf 91' lang='lat' dir='ltr'>in</span> <span class='ocrx_word' id='word_1_635' title='bbox 1040 5050 1396 5122; x_wconf 12' lang='lat' dir='ltr'>novemisuis</span> <span class='ocrx_word' id='word_1_636' title='bbox 1414 5043 1737 5122; x_wconf 72' lang='lat' dir='ltr'>codicibus,</span> 
     </span>
    </p>
   </div>
   <div class='ocr_carea' id='block_1_87' title="bbox 110 5114 1738 5239">
    <p class='ocr_par' dir='ltr' id='par_1_87' title="bbox 110 5114 1738 5239">
     <span class='ocr_line' id='line_1_87' title="bbox 110 5114 1738 5239; baseline 0.004 -70"><span class='ocrx_word' id='word_1_637' title='bbox 110 5114 298 5239; x_wconf 46' lang='lat' dir='ltr'>quibus</span> <span class='ocrx_word' id='word_1_638' title='bbox 327 5121 422 5177; x_wconf 91' lang='lat' dir='ltr'>alii</span> <span class='ocrx_word' id='word_1_639' title='bbox 452 5121 653 5195; x_wconf 87' lang='lat' dir='ltr'>plures</span> <span class='ocrx_word' id='word_1_640' title='bbox 684 5114 867 5176; x_wconf 77' lang='lat' dir='ltr'>nostri</span> <span class='ocrx_word' id='word_1_641' title='bbox 910 5122 1215 5187; x_wconf 86' lang='lat' dir='ltr'>accedunt,</span> <span class='ocrx_word' id='word_1_642' title='bbox 1250 5121 1403 5175; x_wconf 86' lang='lat' dir='ltr'>inter</span> <span class='ocrx_word' id='word_1_643' title='bbox 1431 5138 1578 5193; x_wconf 89' lang='lat' dir='ltr'>quos</span> <span class='ocrx_word' id='word_1_644' title='bbox 1611 5114 1738 5176; x_wconf 75' lang='lat' dir='ltr'>Vat.</span> 
     </span>
     <span class='ocr_line' id='line_1_88' title="bbox 152 5191 1738 5239; baseline 0 0"><span class='ocrx_word' id='word_1_645' title='bbox 152 5204 230 5239; x_wconf 73' lang='lat' dir='ltr'>ea.</span> <span class='ocrx_word' id='word_1_646' title='bbox 259 5193 453 5239; x_wconf 45' lang='lat' dir='ltr'>(uillam-</span> <span class='ocrx_word' id='word_1_647' title='bbox 492 5196 511 5239; x_wconf 81' lang='grc'>1</span> <span class='ocrx_word' id='word_1_648' title='bbox 554 5198 611 5239; x_wconf 67' lang='lat' dir='ltr'>et.</span> <span class='ocrx_word' id='word_1_649' title='bbox 639 5192 967 5239; x_wconf 75' lang='lat' dir='ltr'>Vindehnn-</span> <span class='ocrx_word' id='word_1_650' title='bbox 1002 5192 1162 5239; x_wconf 69' lang='lat' dir='ltr'>Ilisn-</span> <span class='ocrx_word' id='word_1_651' title='bbox 1191 5191 1376 5239; x_wconf 69' lang='lat' dir='ltr'>snlmn</span> <span class='ocrx_word' id='word_1_652' title='bbox 1422 5210 1525 5239; x_wconf 85' lang='lat' dir='ltr'>nm</span> <span class='ocrx_word' id='word_1_653' title='bbox 1560 5194 1738 5239; x_wconf 67' lang='lat' dir='ltr'>Deita-</span> 
     </span>
    </p>
   </div>
   <div class='ocr_carea' id='block_1_88' title="bbox 140 5191 1744 5268">
    <p class='ocr_par' dir='ltr' id='par_1_88' title="bbox 140 5191 1744 5268">
     <span class='ocr_line' id='line_1_89' title="bbox 140 5191 1744 5268; baseline 0.001 -23"><span class='ocrx_word' id='word_1_654' title='bbox 140 5194 230 5268; x_wconf 60' lang='lat' dir='ltr'>leg.</span> <span class='ocrx_word' id='word_1_655' title='bbox 252 5191 611 5268; x_wconf 60' lang='lat' dir='ltr'>collecftet</span> <span class='ocrx_word' id='word_1_656' title='bbox 639 5192 967 5268; x_wconf 75' lang='lat' dir='ltr'>Vindebon.</span> <span class='ocrx_word' id='word_1_657' title='bbox 999 5191 1378 5268; x_wconf 81' lang='lat' dir='ltr'>Hisp._solum</span> <span class='ocrx_word' id='word_1_658' title='bbox 1422 5191 1525 5265; x_wconf 45' lang='lat' dir='ltr'>p‘ro</span> <span class='ocrx_word' id='word_1_659' title='bbox 1560 5194 1744 5268; x_wconf 75' lang='lat' dir='ltr'>Deita-</span> 
     </span>
    </p>
   </div>
   <div class='ocr_carea' id='block_1_89' title="bbox 112 5262 1745 5321">
    <p class='ocr_par' dir='ltr' id='par_1_89' title="bbox 112 5262 1745 5321">
     <span class='ocr_line' id='line_1_90' title="bbox 112 5262 1745 5321; baseline 0.001 -5"><span class='ocrx_word' id='word_1_660' title='bbox 112 5262 169 5312; x_wconf 67' lang='lat' dir='ltr'>tis</span> <span class='ocrx_word' id='word_1_661' title='bbox 182 5262 387 5320; x_wconf 84' lang='lat' dir='ltr'>habent</span> <span class='ocrx_word' id='word_1_662' title='bbox 409 5265 751 5321; x_wconf 88' lang='lat' dir='ltr'>Divinitatis.</span> <span class='ocrx_word' id='word_1_663' title='bbox 776 5263 933 5318; x_wconf 86' lang='lat' dir='ltr'>Hanc</span> <span class='ocrx_word' id='word_1_664' title='bbox 956 5262 1148 5317; x_wconf 85' lang='lat' dir='ltr'>autem</span> <span class='ocrx_word' id='word_1_665' title='bbox 1174 5262 1482 5319; x_wconf 79' lang='lat' dir='ltr'>lectionem</span> <span class='ocrx_word' id='word_1_666' title='bbox 1505 5263 1745 5319; x_wconf 90' lang='lat' dir='ltr'>omnino</span> 
     </span>
    </p>
   </div>
   <div class='ocr_carea' id='block_1_90' title="bbox 118 5333 1745 5407">
    <p class='ocr_par' dir='ltr' id='par_1_90' title="bbox 118 5333 1745 5407">
     <span class='ocr_line' id='line_1_91' title="bbox 118 5333 1745 5407; baseline 0.001 -19"><span class='ocrx_word' id='word_1_667' title='bbox 118 5333 504 5396; x_wconf 62' lang='lat' dir='ltr'>praeferendam</span> <span class='ocrx_word' id='word_1_668' title='bbox 537 5336 753 5390; x_wconf 88' lang='lat' dir='ltr'>evincit</span> <span class='ocrx_word' id='word_1_669' title='bbox 793 5334 1006 5407; x_wconf 89' lang='lat' dir='ltr'>similis</span> <span class='ocrx_word' id='word_1_670' title='bbox 1057 5334 1223 5390; x_wconf 89' lang='lat' dir='ltr'>lectio</span> <span class='ocrx_word' id='word_1_671' title='bbox 1262 5334 1439 5407; x_wconf 83' lang='lat' dir='ltr'>hujus</span> <span class='ocrx_word' id='word_1_672' title='bbox 1484 5335 1745 5407; x_wconf 76' lang='lat' dir='ltr'>epistolae</span> 
     </span>
    </p>
   </div>
   <div class='ocr_carea' id='block_1_91' title="bbox 118 5405 1744 5480">
    <p class='ocr_par' dir='ltr' id='par_1_91' title="bbox 118 5405 1744 5480">
     <span class='ocr_line' id='line_1_92' title="bbox 118 5405 1744 5480; baseline 0.001 -20"><span class='ocrx_word' id='word_1_673' title='bbox 118 5413 213 5480; x_wconf 58' lang='lat' dir='ltr'>gap.</span> <span class='ocrx_word' id='word_1_674' title='bbox 254 5408 339 5480; x_wconf 74' lang='lat'>1],</span> <span class='ocrx_word' id='word_1_675' title='bbox 391 5406 493 5480; x_wconf 80' lang='lat' dir='ltr'>ubi</span> <span class='ocrx_word' id='word_1_676' title='bbox 544 5406 949 5480; x_wconf 80' lang='lat' dir='ltr'>antecedentia</span> <span class='ocrx_word' id='word_1_677' title='bbox 991 5405 1353 5480; x_wconf 88' lang='lat' dir='ltr'>compendio</span> <span class='ocrx_word' id='word_1_678' title='bbox 1380 5405 1744 5480; x_wconf 81' lang='lat' dir='ltr'>repetuntur.</span> 
     </span>
    </p>
   </div>
   <div class='ocr_carea' id='block_1_92' title="bbox 118 5471 1283 5536">
    <p class='ocr_par' dir='ltr' id='par_1_92' title="bbox 118 5471 1283 5536">
     <span class='ocr_line' id='line_1_93' title="bbox 118 5471 1283 5536; baseline -0.001 -4"><span class='ocrx_word' id='word_1_679' title='bbox 118 5471 247 5534; x_wconf 76' lang='lat' dir='ltr'>Unus</span> <span class='ocrx_word' id='word_1_680' title='bbox 272 5471 444 5536; x_wconf 81' lang='lat' dir='ltr'>Barb.</span> <span class='ocrx_word' id='word_1_681' title='bbox 477 5478 657 5534; x_wconf 89' lang='lat' dir='ltr'>habet</span> <span class='ocrx_word' id='word_1_682' title='bbox 685 5479 961 5533; x_wconf 84' lang='lat' dir='ltr'>Trinitatis</span> <span class='ocrx_word' id='word_1_683' title='bbox 993 5471 1283 5534; x_wconf 72' lang='lat' dir='ltr'>Unitatem.</span> 
     </span>
    </p>
   </div>
   <div class='ocr_carea' id='block_1_93' title="bbox 163 5547 1745 5623">
    <p class='ocr_par' dir='ltr' id='par_1_93' title="bbox 163 5547 1745 5623">
     <span class='ocr_line' id='line_1_94' title="bbox 163 5547 1745 5623; baseline -0.001 -17"><span class='ocrx_word' id='word_1_684' title='bbox 163 5550 229 5621; x_wconf 80' lang='grc' dir='ltr'>(ἀ)</span> <span class='ocrx_word' id='word_1_685' title='bbox 249 5550 354 5607; x_wconf 82' lang='lat' dir='ltr'>Ms.</span> <span class='ocrx_word' id='word_1_686' title='bbox 380 5551 511 5606; x_wconf 87' lang='lat' dir='ltr'>Vat.</span> <span class='ocrx_word' id='word_1_687' title='bbox 544 5547 767 5623; x_wconf 61' lang='lat' dir='ltr'>collect.</span> <span class='ocrx_word' id='word_1_688' title='bbox 791 5551 843 5616; x_wconf 91' lang='lat'>8,</span> <span class='ocrx_word' id='word_1_689' title='bbox 867 5551 933 5604; x_wconf 87' lang='lat' dir='ltr'>de</span> <span class='ocrx_word' id='word_1_690' title='bbox 949 5548 1528 5623; x_wconf 57' lang='lat' dir='ltr'>processionedtloxm</span> <span class='ocrx_word' id='word_1_691' title='bbox 1549 5548 1745 5623; x_wconf 77' lang='lat' dir='ltr'>V_ulg.,</span> 
     </span>
    </p>
   </div>
   <div class='ocr_carea' id='block_1_94' title="bbox 112 5619 1745 5687">
    <p class='ocr_par' dir='ltr' id='par_1_94' title="bbox 112 5619 1745 5687">
     <span class='ocr_line' id='line_1_95' title="bbox 112 5619 1745 5687; baseline 0.001 -12"><span class='ocrx_word' id='word_1_692' title='bbox 112 5625 317 5681; x_wconf 62' lang='lat' dir='ltr'>ruentia</span> <span class='ocrx_word' id='word_1_693' title='bbox 346 5639 469 5677; x_wconf 83' lang='lat' dir='ltr'>sua.</span> <span class='ocrx_word' id='word_1_694' title='bbox 492 5619 839 5687; x_wconf 88' lang='lat' dir='ltr'>Qucsnellus</span> <span class='ocrx_word' id='word_1_695' title='bbox 857 5619 1095 5676; x_wconf 75' lang='lat' dir='ltr'>correxit</span> <span class='ocrx_word' id='word_1_696' title='bbox 1117 5638 1186 5675; x_wconf 81' lang='lat' dir='ltr'>ex</span> <span class='ocrx_word' id='word_1_697' title='bbox 1207 5620 1486 5677; x_wconf 85' lang='lat' dir='ltr'>omnibus</span> <span class='ocrx_word' id='word_1_698' title='bbox 1510 5621 1636 5677; x_wconf 87' lang='lat' dir='ltr'>suis</span> <span class='ocrx_word' id='word_1_699' title='bbox 1650 5619 1745 5677; x_wconf 54' lang='lat' dir='ltr'>c&#39;o-</span> 
     </span>
    </p>
   </div>
   <div class='ocr_carea' id='block_1_95' title="bbox 109 5686 1746 5769">
    <p class='ocr_par' dir='ltr' id='par_1_95' title="bbox 109 5686 1746 5769">
     <span class='ocr_line' id='line_1_96' title="bbox 109 5686 1746 5769; baseline 0.002 -22"><span class='ocrx_word' id='word_1_700' title='bbox 109 5686 331 5765; x_wconf 83' lang='lat' dir='ltr'>dicibus,</span> <span class='ocrx_word' id='word_1_701' title='bbox 366 5686 591 5769; x_wconf 86' lang='lat' dir='ltr'>quibus</span> <span class='ocrx_word' id='word_1_702' title='bbox 620 5691 1011 5764; x_wconf 79' lang='lat' dir='ltr'>astipulantur</span> <span class='ocrx_word' id='word_1_703' title='bbox 1042 5692 1220 5750; x_wconf 87' lang='lat' dir='ltr'>etiam</span> <span class='ocrx_word' id='word_1_704' title='bbox 1259 5693 1465 5763; x_wconf 85' lang='lat' dir='ltr'>nostri,</span> <span class='ocrx_word' id='word_1_705' title='bbox 1500 5708 1616 5749; x_wconf 88' lang='lat' dir='ltr'>uno</span> <span class='ocrx_word' id='word_1_706' title='bbox 1650 5708 1746 5751; x_wconf 81' lang='lat' dir='ltr'>ex-</span> 
     </span>
    </p>
   </div>
   <div class='ocr_carea' id='block_1_96' title="bbox 406 5819 877 5891">
    <p class='ocr_par' dir='ltr' id='par_1_96' title="bbox 406 5819 877 5891">
     <span class='ocr_line' id='line_1_97' title="bbox 406 5819 877 5891; baseline 0.002 -7"><span class='ocrx_word' id='word_1_707' title='bbox 406 5820 682 5889; x_wconf 67' lang='lat' dir='ltr'>Punon.</span> <span class='ocrx_word' id='word_1_708' title='bbox 727 5819 877 5891; x_wconf 86' lang='lat' dir='ltr'>LIV.</span> 
     </span>
    </p>
   </div>
   <div class='ocr_carea' id='block_1_97' title="bbox 1834 3321 3566 3397">
    <p class='ocr_par' dir='ltr' id='par_1_97' title="bbox 1834 3321 3566 3397">
     <span class='ocr_line' id='line_1_98' title="bbox 1834 3321 3566 3397; baseline 0.001 -20"><span class='ocrx_word' id='word_1_709' title='bbox 1834 3323 2077 3378; x_wconf 87' lang='lat' dir='ltr'>damnat</span> <span class='ocrx_word' id='word_1_710' title='bbox 2101 3338 2113 3376; x_wconf 89' lang='lat'>:</span> <span class='ocrx_word' id='word_1_711' title='bbox 2140 3321 2331 3378; x_wconf 88' lang='lat' dir='ltr'>sciens</span> <span class='ocrx_word' id='word_1_712' title='bbox 2355 3321 2575 3377; x_wconf 88' lang='lat' dir='ltr'>nullam</span> <span class='ocrx_word' id='word_1_713' title='bbox 2597 3326 2718 3378; x_wconf 90' lang='lat' dir='ltr'>tam</span> <span class='ocrx_word' id='word_1_714' title='bbox 2746 3322 3061 3378; x_wconf 89' lang='lat' dir='ltr'>sublimem</span> <span class='ocrx_word' id='word_1_715' title='bbox 3086 3327 3325 3397; x_wconf 87' lang='lat' dir='ltr'>tamque</span> <span class='ocrx_word' id='word_1_716' title='bbox 3346 3340 3490 3397; x_wconf 68' lang='lat' dir='ltr'>prze-</span> <span class='ocrx_word' id='word_1_717' title='bbox 3562 3368 3566 3373; x_wconf 85' lang='lat'>.</span> 
     </span>
    </p>
   </div>
   <div class='ocr_carea' id='block_1_98' title="bbox 1833 3411 3483 3485">
    <p class='ocr_par' dir='ltr' id='par_1_98' title="bbox 1833 3411 3483 3485">
     <span class='ocr_line' id='line_1_99' title="bbox 1833 3411 3483 3485; baseline 0.001 -17"><span class='ocrx_word' id='word_1_718' title='bbox 1833 3413 2064 3485; x_wconf 89' lang='lat' dir='ltr'>cipuam</span> <span class='ocrx_word' id='word_1_719' title='bbox 2097 3428 2226 3468; x_wconf 89' lang='lat' dir='ltr'>esse</span> <span class='ocrx_word' id='word_1_720' title='bbox 2274 3412 2583 3478; x_wconf 82' lang='lat' dir='ltr'>facturam,</span> <span class='ocrx_word' id='word_1_721' title='bbox 2617 3411 2710 3468; x_wconf 92' lang='lat' dir='ltr'>cui</span> <span class='ocrx_word' id='word_1_722' title='bbox 2762 3412 2916 3467; x_wconf 91' lang='lat' dir='ltr'>Deus</span> <span class='ocrx_word' id='word_1_723' title='bbox 2958 3412 3084 3484; x_wconf 90' lang='lat' dir='ltr'>ipse</span> <span class='ocrx_word' id='word_1_724' title='bbox 3131 3416 3342 3469; x_wconf 89' lang='lat' dir='ltr'>natura</span> <span class='ocrx_word' id='word_1_725' title='bbox 3386 3412 3483 3469; x_wconf 88' lang='lat' dir='ltr'>sit.</span> 
     </span>
    </p>
   </div>
   <div class='ocr_carea' id='block_1_99' title="bbox 1834 3500 3482 3573">
    <p class='ocr_par' dir='ltr' id='par_1_99' title="bbox 1834 3500 3482 3573">
     <span class='ocr_line' id='line_1_100' title="bbox 1834 3500 3482 3573; baseline 0 -17"><span class='ocrx_word' id='word_1_726' title='bbox 1834 3502 1996 3569; x_wconf 90' lang='lat' dir='ltr'>Quod</span> <span class='ocrx_word' id='word_1_727' title='bbox 2030 3501 2183 3557; x_wconf 89' lang='lat' dir='ltr'>enim</span> <span class='ocrx_word' id='word_1_728' title='bbox 2213 3501 2283 3556; x_wconf 89' lang='lat' dir='ltr'>de</span> <span class='ocrx_word' id='word_1_729' title='bbox 2307 3500 2432 3572; x_wconf 90' lang='lat' dir='ltr'>ipso</span> <span class='ocrx_word' id='word_1_730' title='bbox 2458 3502 2660 3573; x_wconf 87' lang='lat' dir='ltr'>est,(h)</span> <span class='ocrx_word' id='word_1_731' title='bbox 2684 3500 2740 3556; x_wconf 92' lang='lat' dir='ltr'>id</span> <span class='ocrx_word' id='word_1_732' title='bbox 2762 3505 2850 3557; x_wconf 89' lang='lat' dir='ltr'>est</span> <span class='ocrx_word' id='word_1_733' title='bbox 2870 3502 3025 3573; x_wconf 90' lang='lat' dir='ltr'>quod</span> <span class='ocrx_word' id='word_1_734' title='bbox 3044 3500 3169 3573; x_wconf 90' lang='lat' dir='ltr'>ipse</span> <span class='ocrx_word' id='word_1_735' title='bbox 3202 3501 3482 3573; x_wconf 89' lang='lat' dir='ltr'>,nequeid</span> 
     </span>
    </p>
   </div>
   <div class='ocr_carea' id='block_1_100' title="bbox 1834 3589 3485 3663">
    <p class='ocr_par' dir='ltr' id='par_1_100' title="bbox 1834 3589 3485 3663">
     <span class='ocr_line' id='line_1_101' title="bbox 1834 3589 3485 3663; baseline 0.001 -18"><span class='ocrx_word' id='word_1_736' title='bbox 1834 3591 1989 3646; x_wconf 86' lang='lat' dir='ltr'>aliud</span> <span class='ocrx_word' id='word_1_737' title='bbox 2022 3595 2111 3645; x_wconf 88' lang='lat' dir='ltr'>est</span> <span class='ocrx_word' id='word_1_738' title='bbox 2156 3591 2308 3646; x_wconf 76' lang='lat'>700</span> <span class='ocrx_word' id='word_1_739' title='bbox 2357 3607 2532 3662; x_wconf 89' lang='lat' dir='ltr'>quam</span> <span class='ocrx_word' id='word_1_740' title='bbox 2589 3589 2770 3645; x_wconf 89' lang='lat' dir='ltr'>Filius</span> <span class='ocrx_word' id='word_1_741' title='bbox 2819 3595 2876 3646; x_wconf 89' lang='lat' dir='ltr'>et</span> <span class='ocrx_word' id='word_1_742' title='bbox 2918 3589 3171 3663; x_wconf 89' lang='lat' dir='ltr'>Spiritus</span> <span class='ocrx_word' id='word_1_743' title='bbox 3223 3594 3485 3647; x_wconf 89' lang='lat' dir='ltr'>sanctus.</span> 
     </span>
    </p>
   </div>
   <div class='ocr_carea' id='block_1_101' title="bbox 1835 3677 3488 3747">
    <p class='ocr_par' dir='ltr' id='par_1_101' title="bbox 1835 3677 3488 3747">
     <span class='ocr_line' id='line_1_102' title="bbox 1835 3677 3488 3747; baseline 0 -12"><span class='ocrx_word' id='word_1_744' title='bbox 1835 3681 2042 3736; x_wconf 71' lang='lat' dir='ltr'>Prmter</span> <span class='ocrx_word' id='word_1_745' title='bbox 2073 3680 2223 3734; x_wconf 87' lang='lat' dir='ltr'>hanc</span> <span class='ocrx_word' id='word_1_746' title='bbox 2255 3683 2451 3735; x_wconf 89' lang='lat' dir='ltr'>autem</span> <span class='ocrx_word' id='word_1_747' title='bbox 2492 3696 2739 3734; x_wconf 82' lang='lat' dir='ltr'>summae</span> <span class='ocrx_word' id='word_1_748' title='bbox 2784 3677 3086 3735; x_wconf 88' lang='lat' dir='ltr'>Trinitatis</span> <span class='ocrx_word' id='word_1_749' title='bbox 3118 3696 3319 3747; x_wconf 91' lang='lat' dir='ltr'>unam,</span> <span class='ocrx_word' id='word_1_750' title='bbox 3348 3696 3488 3735; x_wconf 90' lang='lat' dir='ltr'>con-</span> 
     </span>
    </p>
   </div>
   <div class='ocr_carea' id='block_1_102' title="bbox 1833 3767 3490 3841">
    <p class='ocr_par' dir='ltr' id='par_1_102' title="bbox 1833 3767 3490 3841">
     <span class='ocr_line' id='line_1_103' title="bbox 1833 3767 3490 3841; baseline 0 -17"><span class='ocrx_word' id='word_1_751' title='bbox 1833 3767 2302 3835; x_wconf 86' lang='lat' dir='ltr'>substantialem,</span> <span class='ocrx_word' id='word_1_752' title='bbox 2335 3772 2393 3823; x_wconf 85' lang='lat' dir='ltr'>et</span> <span class='ocrx_word' id='word_1_753' title='bbox 2423 3767 2867 3840; x_wconf 86' lang='lat' dir='ltr'>sempiternam,</span> <span class='ocrx_word' id='word_1_754' title='bbox 2899 3772 3073 3841; x_wconf 90' lang='lat' dir='ltr'>atque</span> <span class='ocrx_word' id='word_1_755' title='bbox 3103 3767 3490 3825; x_wconf 86' lang='lat' dir='ltr'>incommuta-</span> 
     </span>
    </p>
   </div>
   <div class='ocr_carea' id='block_1_103' title="bbox 1829 3856 3489 3929">
    <p class='ocr_par' dir='ltr' id='par_1_103' title="bbox 1829 3856 3489 3929">
     <span class='ocr_line' id='line_1_104' title="bbox 1829 3856 3489 3929; baseline -0.001 -16"><span class='ocrx_word' id='word_1_756' title='bbox 1829 3858 2006 3913; x_wconf 90' lang='lat' dir='ltr'>bilem</span> <span class='ocrx_word' id='word_1_757' title='bbox 2025 3857 2328 3925; x_wconf 89' lang='lat' dir='ltr'>Deitatem,</span> <span class='ocrx_word' id='word_1_758' title='bbox 2345 3856 2487 3911; x_wconf 91' lang='lat' dir='ltr'>nihil</span> <span class='ocrx_word' id='word_1_759' title='bbox 2513 3857 2778 3912; x_wconf 84' lang='lat' dir='ltr'>omnium</span> <span class='ocrx_word' id='word_1_760' title='bbox 2800 3862 3200 3913; x_wconf 88' lang='lat' dir='ltr'>creaturarum</span> <span class='ocrx_word' id='word_1_761' title='bbox 3213 3860 3301 3913; x_wconf 88' lang='lat' dir='ltr'>est</span> <span class='ocrx_word' id='word_1_762' title='bbox 3331 3857 3489 3929; x_wconf 88' lang='lat' dir='ltr'>quod</span> 
     </span>
    </p>
   </div>
   <div class='ocr_carea' id='block_1_104' title="bbox 1834 3945 3485 4003">
    <p class='ocr_par' dir='ltr' id='par_1_104' title="bbox 1834 3945 3485 4003">
     <span class='ocr_line' id='line_1_105' title="bbox 1834 3945 3485 4003; baseline -0.001 -2"><span class='ocrx_word' id='word_1_763' title='bbox 1834 3965 1947 4002; x_wconf 91' lang='lat' dir='ltr'>non</span> <span class='ocrx_word' id='word_1_764' title='bbox 1980 3947 2036 4001; x_wconf 91' lang='lat' dir='ltr'>in</span> <span class='ocrx_word' id='word_1_765' title='bbox 2071 3946 2302 4001; x_wconf 80' lang='lat' dir='ltr'>exordio</span> <span class='ocrx_word' id='word_1_766' title='bbox 2335 3947 2425 4001; x_wconf 89' lang='lat' dir='ltr'>sui</span> <span class='ocrx_word' id='word_1_767' title='bbox 2451 3945 2722 4002; x_wconf 79' lang='lat' dir='ltr'>exnihilo</span> <span class='ocrx_word' id='word_1_768' title='bbox 2753 3952 3012 4003; x_wconf 86' lang='lat' dir='ltr'>creatum</span> <span class='ocrx_word' id='word_1_769' title='bbox 3031 3946 3122 4001; x_wconf 86' lang='lat' dir='ltr'>sit.</span> <span class='ocrx_word' id='word_1_770' title='bbox 3146 3945 3270 4000; x_wconf 89' lang='lat' dir='ltr'>Non</span> <span class='ocrx_word' id='word_1_771' title='bbox 3288 3948 3485 4000; x_wconf 88' lang='lat' dir='ltr'>autem</span> 
     </span>
    </p>
   </div>
   <div class='ocr_carea' id='block_1_105' title="bbox 1833 4032 3487 4108">
    <p class='ocr_par' dir='ltr' id='par_1_105' title="bbox 1833 4032 3487 4108">
     <span class='ocr_line' id='line_1_106' title="bbox 1833 4032 3487 4108; baseline -0.002 -17"><span class='ocrx_word' id='word_1_772' title='bbox 1833 4036 2120 4108; x_wconf 88' lang='lat' dir='ltr'>quidquid</span> <span class='ocrx_word' id='word_1_773' title='bbox 2152 4035 2306 4090; x_wconf 81' lang='lat' dir='ltr'>inter</span> <span class='ocrx_word' id='word_1_774' title='bbox 2352 4038 2647 4091; x_wconf 88' lang='lat' dir='ltr'>creaturas</span> <span class='ocrx_word' id='word_1_775' title='bbox 2695 4036 2912 4090; x_wconf 90' lang='lat' dir='ltr'>eminet</span> <span class='ocrx_word' id='word_1_776' title='bbox 2958 4035 3112 4089; x_wconf 91' lang='lat' dir='ltr'>Deus</span> <span class='ocrx_word' id='word_1_777' title='bbox 3142 4036 3249 4102; x_wconf 90' lang='lat' dir='ltr'>est,</span> <span class='ocrx_word' id='word_1_778' title='bbox 3302 4050 3406 4088; x_wconf 90' lang='lat' dir='ltr'>nec</span> <span class='ocrx_word' id='word_1_779' title='bbox 3436 4032 3487 4088; x_wconf 91' lang='lat' dir='ltr'>si</span> 
     </span>
    </p>
   </div>
   <div class='ocr_carea' id='block_1_106' title="bbox 1834 4120 3492 4197">
    <p class='ocr_par' dir='ltr' id='par_1_106' title="bbox 1834 4120 3492 4197">
     <span class='ocr_line' id='line_1_107' title="bbox 1834 4120 3492 4197; baseline -0.001 -19"><span class='ocrx_word' id='word_1_780' title='bbox 1834 4124 1974 4197; x_wconf 88' lang='lat' dir='ltr'>quid</span> <span class='ocrx_word' id='word_1_781' title='bbox 2010 4140 2289 4196; x_wconf 89' lang='lat' dir='ltr'>magnum</span> <span class='ocrx_word' id='word_1_782' title='bbox 2321 4128 2409 4179; x_wconf 92' lang='lat' dir='ltr'>cst</span> <span class='ocrx_word' id='word_1_783' title='bbox 2431 4128 2607 4194; x_wconf 89' lang='lat' dir='ltr'>atque</span> <span class='ocrx_word' id='word_1_784' title='bbox 2638 4122 2925 4187; x_wconf 89' lang='lat' dir='ltr'>mirabile,</span> <span class='ocrx_word' id='word_1_785' title='bbox 2959 4122 3068 4177; x_wconf 91' lang='lat' dir='ltr'>hoc</span> <span class='ocrx_word' id='word_1_786' title='bbox 3098 4125 3186 4176; x_wconf 89' lang='lat' dir='ltr'>est</span> <span class='ocrx_word' id='word_1_787' title='bbox 3216 4121 3369 4194; x_wconf 91' lang='lat' dir='ltr'>quod</span> <span class='ocrx_word' id='word_1_788' title='bbox 3395 4120 3492 4177; x_wconf 90' lang='lat' dir='ltr'>ille</span> 
     </span>
    </p>
   </div>
   <div class='ocr_carea' id='block_1_107' title="bbox 1834 4210 3494 4285">
    <p class='ocr_par' dir='ltr' id='par_1_107' title="bbox 1834 4210 3494 4285">
     <span class='ocr_line' id='line_1_108' title="bbox 1834 4210 3494 4285; baseline -0.002 -17"><span class='ocrx_word' id='word_1_789' title='bbox 1834 4216 1931 4285; x_wconf 83' lang='lat' dir='ltr'>qui</span> <span class='ocrx_word' id='word_1_790' title='bbox 1959 4215 2095 4284; x_wconf 68' lang='lat' dir='ltr'>facit</span> <span class='ocrx_word' id='word_1_791' title='bbox 2125 4213 2410 4267; x_wconf 82' lang='lat' dir='ltr'>mirabilia</span> <span class='ocrx_word' id='word_1_792' title='bbox 2438 4229 2644 4280; x_wconf 87' lang='lat' dir='ltr'>magna</span> <span class='ocrx_word' id='word_1_793' title='bbox 2670 4212 2819 4266; x_wconf 88' lang='lat' dir='ltr'>solus</span> <span class='ocrx_word' id='word_1_794' title='bbox 2849 4212 2965 4283; x_wconf 85' lang='lat' dir='ltr'>(Ps.</span> <span class='ocrx_word' id='word_1_795' title='bbox 3009 4227 3175 4272; x_wconf 80' lang='lat' dir='ltr'>xxxv,</span> <span class='ocrx_word' id='word_1_796' title='bbox 3211 4210 3288 4282; x_wconf 87' lang='grc'>4.)</span> <span class='ocrx_word' id='word_1_797' title='bbox 3310 4210 3494 4265; x_wconf 89' lang='lat' dir='ltr'>Nemo</span> 
     </span>
    </p>
   </div>
   <div class='ocr_carea' id='block_1_108' title="bbox 1834 4335 3027 4410">
    <p class='ocr_par' dir='ltr' id='par_1_108' title="bbox 1834 4335 3027 4410">
     <span class='ocr_line' id='line_1_109' title="bbox 1834 4335 3027 4410; baseline -0.004 -17"><span class='ocrx_word' id='word_1_798' title='bbox 1834 4343 2024 4410; x_wconf 89' lang='lat' dir='ltr'>cepto,</span> <span class='ocrx_word' id='word_1_799' title='bbox 2050 4336 2108 4391; x_wconf 90' lang='lat' dir='ltr'>in</span> <span class='ocrx_word' id='word_1_800' title='bbox 2135 4352 2249 4407; x_wconf 89' lang='lat' dir='ltr'>quo</span> <span class='ocrx_word' id='word_1_801' title='bbox 2281 4339 2458 4410; x_wconf 68' lang='lat' dir='ltr'>etper</span> <span class='ocrx_word' id='word_1_802' title='bbox 2483 4351 2625 4410; x_wconf 70' lang='lat' dir='ltr'>quas</span> <span class='ocrx_word' id='word_1_803' title='bbox 2652 4335 3027 4410; x_wconf 51' lang='lat' dir='ltr'>essentiasua.</span> 
     </span>
    </p>
   </div>
   <div class='ocr_carea' id='block_1_109' title="bbox 1906 4403 3501 4478">
    <p class='ocr_par' dir='ltr' id='par_1_109' title="bbox 1906 4403 3501 4478">
     <span class='ocr_line' id='line_1_110' title="bbox 1906 4403 3501 4478; baseline -0.001 -15"><span class='ocrx_word' id='word_1_804' title='bbox 1906 4403 1974 4478; x_wconf 67' lang='grc' dir='ltr'>(ρ)</span> <span class='ocrx_word' id='word_1_805' title='bbox 2013 4413 2083 4462; x_wconf 66' lang='grc' dir='ltr'>ΕΚ</span> <span class='ocrx_word' id='word_1_806' title='bbox 2118 4403 2261 4462; x_wconf 80' lang='lat' dir='ltr'>mss.</span> <span class='ocrx_word' id='word_1_807' title='bbox 2287 4403 2615 4478; x_wconf 73' lang='lat' dir='ltr'>Vindebon.</span> <span class='ocrx_word' id='word_1_808' title='bbox 2641 4404 2864 4460; x_wconf 91' lang='lat' dir='ltr'>collect.</span> <span class='ocrx_word' id='word_1_809' title='bbox 2886 4407 2940 4478; x_wconf 81' lang='lat'>5,</span> <span class='ocrx_word' id='word_1_810' title='bbox 2968 4421 3071 4478; x_wconf 86' lang='lat' dir='ltr'>nec</span> <span class='ocrx_word' id='word_1_811' title='bbox 3096 4421 3212 4478; x_wconf 80' lang='lat' dir='ltr'>non</span> <span class='ocrx_word' id='word_1_812' title='bbox 3234 4421 3303 4460; x_wconf 81' lang='lat' dir='ltr'>ex</span> <span class='ocrx_word' id='word_1_813' title='bbox 3323 4403 3501 4461; x_wconf 73' lang='lat' dir='ltr'>colle~</span> 
     </span>
    </p>
   </div>
   <div class='ocr_carea' id='block_1_110' title="bbox 1838 4476 3496 4550">
    <p class='ocr_par' dir='ltr' id='par_1_110' title="bbox 1838 4476 3496 4550">
     <span class='ocr_line' id='line_1_111' title="bbox 1838 4476 3496 4550; baseline -0.002 -15"><span class='ocrx_word' id='word_1_814' title='bbox 1838 4476 2029 4535; x_wconf 86' lang='lat' dir='ltr'>ctione</span> <span class='ocrx_word' id='word_1_815' title='bbox 2062 4480 2222 4550; x_wconf 85' lang='lat' dir='ltr'>llisp.</span> <span class='ocrx_word' id='word_1_816' title='bbox 2259 4482 2313 4533; x_wconf 84' lang='lat' dir='ltr'>et</span> <span class='ocrx_word' id='word_1_817' title='bbox 2342 4476 2492 4550; x_wconf 89' lang='lat' dir='ltr'>Isid._</span> <span class='ocrx_word' id='word_1_818' title='bbox 2515 4476 2765 4550; x_wconf 80' lang='lat' dir='ltr'>aliisque</span> <span class='ocrx_word' id='word_1_819' title='bbox 2794 4477 2962 4550; x_wconf 84' lang='lat' dir='ltr'>codd.</span> <span class='ocrx_word' id='word_1_820' title='bbox 2992 4476 3496 4550; x_wconf 75' lang='lat' dir='ltr'>inseruimusquo-</span> 
     </span>
    </p>
   </div>
   <div class='ocr_carea' id='block_1_111' title="bbox 1838 4546 3497 4622">
    <p class='ocr_par' dir='ltr' id='par_1_111' title="bbox 1838 4546 3497 4622">
     <span class='ocr_line' id='line_1_112' title="bbox 1838 4546 3497 4622; baseline -0.002 -17"><span class='ocrx_word' id='word_1_821' title='bbox 1838 4568 1959 4622; x_wconf 83' lang='lat' dir='ltr'>quc,</span> <span class='ocrx_word' id='word_1_822' title='bbox 1994 4550 2137 4622; x_wconf 80' lang='lat' dir='ltr'>satis</span> <span class='ocrx_word' id='word_1_823' title='bbox 2162 4546 2447 4622; x_wconf 75' lang='lat' dir='ltr'>congrue;</span> <span class='ocrx_word' id='word_1_824' title='bbox 2479 4547 2976 4622; x_wconf 74' lang='lat' dir='ltr'>indicaturenim,</span> <span class='ocrx_word' id='word_1_825' title='bbox 3019 4546 3497 4622; x_wconf 82' lang='lat' dir='ltr'>Priscillianistas</span> 
     </span>
    </p>
   </div>
   <div class='ocr_carea' id='block_1_112' title="bbox 1759 4609 3496 4691">
    <p class='ocr_par' dir='ltr' id='par_1_112' title="bbox 1759 4609 3496 4691">
     <span class='ocr_line' id='line_1_113' title="bbox 1759 4609 3496 4691; baseline 0.001 -18"><span class='ocrx_word' id='word_1_826' title='bbox 1759 4609 1806 4673; x_wconf 85' lang='grc' dir='ltr'>Ι)</span> <span class='ocrx_word' id='word_1_827' title='bbox 1839 4609 1957 4678; x_wconf 74' lang='lat' dir='ltr'>non</span> <span class='ocrx_word' id='word_1_828' title='bbox 1974 4621 2164 4676; x_wconf 91' lang='lat' dir='ltr'>solum</span> <span class='ocrx_word' id='word_1_829' title='bbox 2191 4609 2559 4691; x_wconf 68' lang='lat' dir='ltr'>Sabellianis,</span> <span class='ocrx_word' id='word_1_830' title='bbox 2585 4620 2655 4691; x_wconf 89' lang='lat' dir='ltr'>de</span> <span class='ocrx_word' id='word_1_831' title='bbox 2674 4618 2891 4691; x_wconf 78' lang='lat' dir='ltr'>quibus</span> <span class='ocrx_word' id='word_1_832' title='bbox 2905 4609 3496 4691; x_wconf 83' lang='lat' dir='ltr'>capiteantecedenti,</span> 
     </span>
    </p>
   </div>
   <div class='ocr_carea' id='block_1_113' title="bbox 1848 4689 3500 4771">
    <p class='ocr_par' dir='ltr' id='par_1_113' title="bbox 1848 4689 3500 4771">
     <span class='ocr_line' id='line_1_114' title="bbox 1848 4689 3500 4771; baseline -0.001 -23"><span class='ocrx_word' id='word_1_833' title='bbox 1848 4694 1948 4771; x_wconf 75' lang='lat' dir='ltr'>sed</span> <span class='ocrx_word' id='word_1_834' title='bbox 1967 4692 2197 4771; x_wconf 51' lang='lat' dir='ltr'>Ariariis</span> <span class='ocrx_word' id='word_1_835' title='bbox 2214 4707 2440 4771; x_wconf 52' lang='lat' dir='ltr'>quoque“,</span> <span class='ocrx_word' id='word_1_836' title='bbox 2462 4690 2597 4771; x_wconf 85' lang='lat' dir='ltr'>licet</span> <span class='ocrx_word' id='word_1_837' title='bbox 2618 4689 3081 4745; x_wconf 75' lang='lat' dir='ltr'>Sabellianorum</span> <span class='ocrx_word' id='word_1_838' title='bbox 3108 4690 3289 4771; x_wconf 81' lang='lat' dir='ltr'>errori</span> <span class='ocrx_word' id='word_1_839' title='bbox 3322 4708 3500 4771; x_wconf 81' lang='lat' dir='ltr'>oppo-</span> 
     </span>
    </p>
   </div>
   <div class='ocr_carea' id='block_1_114' title="bbox 1848 4762 3496 4833">
    <p class='ocr_par' dir='ltr' id='par_1_114' title="bbox 1848 4762 3496 4833">
     <span class='ocr_line' id='line_1_115' title="bbox 1848 4762 3496 4833; baseline -0.002 -12"><span class='ocrx_word' id='word_1_840' title='bbox 1848 4765 1999 4830; x_wconf 89' lang='lat' dir='ltr'>sitis,</span> <span class='ocrx_word' id='word_1_841' title='bbox 2035 4762 2364 4833; x_wconf 83' lang='lat' dir='ltr'>sulI&#39;ragari.</span> <span class='ocrx_word' id='word_1_842' title='bbox 2401 4762 2536 4816; x_wconf 92' lang='lat' dir='ltr'>Post</span> <span class='ocrx_word' id='word_1_843' title='bbox 2562 4778 2746 4832; x_wconf 87' lang='lat' dir='ltr'>pauca</span> <span class='ocrx_word' id='word_1_844' title='bbox 2777 4778 2879 4832; x_wconf 89' lang='lat' dir='ltr'>pro</span> <span class='ocrx_word' id='word_1_845' title='bbox 2908 4764 3159 4831; x_wconf 83' lang='lat' dir='ltr'>genuerit</span> <span class='ocrx_word' id='word_1_846' title='bbox 3182 4780 3337 4819; x_wconf 91' lang='lat' dir='ltr'>unus</span> <span class='ocrx_word' id='word_1_847' title='bbox 3362 4762 3496 4818; x_wconf 83' lang='lat' dir='ltr'>cod.</span> 
     </span>
    </p>
   </div>
   <div class='ocr_carea' id='block_1_115' title="bbox 1848 4833 3503 4960">
    <p class='ocr_par' dir='ltr' id='par_1_115' title="bbox 1848 4833 3503 4960">
     <span class='ocr_line' id='line_1_116' title="bbox 1848 4833 3503 4960; baseline 0.001 -70"><span class='ocrx_word' id='word_1_848' title='bbox 1848 4834 2285 4960; x_wconf 41' lang='lat' dir='ltr'>gengagitbdilip</span> <span class='ocrx_word' id='word_1_849' title='bbox 2305 4836 2602 4902; x_wconf 79' lang='lat' dir='ltr'>generarit.</span> <span class='ocrx_word' id='word_1_850' title='bbox 2622 4833 2763 4888; x_wconf 90' lang='lat' dir='ltr'>Dein</span> <span class='ocrx_word' id='word_1_851' title='bbox 2792 4835 3077 4891; x_wconf 83' lang='lat' dir='ltr'>essentiale</span> <span class='ocrx_word' id='word_1_852' title='bbox 3098 4834 3221 4907; x_wconf 91' lang='lat' dir='ltr'>pro,</span> <span class='ocrx_word' id='word_1_853' title='bbox 3249 4836 3503 4892; x_wconf 66' lang='lat' dir='ltr'>essentia?</span> 
     </span>
     <span class='ocr_line' id='line_1_117' title="bbox 1848 4921 2381 4960; baseline -0.004 0"><span class='ocrx_word' id='word_1_854' title='bbox 1848 4926 1906 4960; x_wconf 80' lang='grc' dir='ltr'>ιη</span> <span class='ocrx_word' id='word_1_855' title='bbox 1992 4925 2043 4960; x_wconf 88' lang='lat' dir='ltr'>m</span> <span class='ocrx_word' id='word_1_856' title='bbox 2095 4922 2123 4959; x_wconf 88' lang='lat' dir='ltr'>e</span> <span class='ocrx_word' id='word_1_857' title='bbox 2173 4946 2184 4957; x_wconf 96' lang='lat'>.</span> <span class='ocrx_word' id='word_1_858' title='bbox 2274 4921 2381 4960; x_wconf 71' lang='lat' dir='ltr'>nso.</span> 
     </span>
    </p>
   </div>
   <div class='ocr_carea' id='block_1_116' title="bbox 1848 4921 2381 4962">
    <p class='ocr_par' dir='ltr' id='par_1_116' title="bbox 1848 4921 2381 4962">
     <span class='ocr_line' id='line_1_118' title="bbox 1848 4921 2381 4962; baseline -0.008 0"><span class='ocrx_word' id='word_1_859' title='bbox 1848 4926 1906 4962; x_wconf 84' lang='lat' dir='ltr'>1n</span> <span class='ocrx_word' id='word_1_860' title='bbox 1946 4921 2184 4960; x_wconf 74' lang='grc' dir='ltr'>νιῃαρι).</span> <span class='ocrx_word' id='word_1_861' title='bbox 2220 4921 2381 4962; x_wconf 79' lang='lat' dir='ltr'>lllSD.</span> 
     </span>
    </p>
   </div>
   <div class='ocr_carea' id='block_1_117' title="bbox 1922 4922 3502 5050">
    <p class='ocr_par' dir='ltr' id='par_1_117' title="bbox 1922 4922 3502 5050">
     <span class='ocr_line' id='line_1_119' title="bbox 1946 4922 3127 4975; baseline -0.003 -18"><span class='ocrx_word' id='word_1_862' title='bbox 1946 4922 2184 4960; x_wconf 83' lang='lat' dir='ltr'>vmaeo.</span> <span class='ocrx_word' id='word_1_863' title='bbox 2220 4922 2381 4974; x_wconf 78' lang='lat' dir='ltr'>uisp.</span> <span class='ocrx_word' id='word_1_864' title='bbox 3114 4970 3127 4975; x_wconf 87' lang='lat'><em>_</em></span> 
     </span>
     <span class='ocr_line' id='line_1_120' title="bbox 1922 4974 3502 5050; baseline 0.003 -20"><span class='ocrx_word' id='word_1_865' title='bbox 1922 4980 1989 5048; x_wconf 70' lang='lat' dir='ltr'>(fl</span> <span class='ocrx_word' id='word_1_866' title='bbox 2023 4978 2145 5030; x_wconf 81' lang='lat' dir='ltr'>Duo</span> <span class='ocrx_word' id='word_1_867' title='bbox 2171 4992 2312 5031; x_wconf 89' lang='lat' dir='ltr'>mss.</span> <span class='ocrx_word' id='word_1_868' title='bbox 2332 4974 2660 5050; x_wconf 4' lang='lat' dir='ltr'>gVindAebon.</span> <span class='ocrx_word' id='word_1_869' title='bbox 2688 4974 2921 5050; x_wconf 75' lang='lat' dir='ltr'>collect.</span> <span class='ocrx_word' id='word_1_870' title='bbox 2954 4977 2990 5031; x_wconf 87' lang='lat'><em>5</em></span> <span class='ocrx_word' id='word_1_871' title='bbox 3022 4980 3079 5032; x_wconf 93' lang='lat' dir='ltr'>et</span> <span class='ocrx_word' id='word_1_872' title='bbox 3103 4977 3263 5050; x_wconf 86' lang='lat' dir='ltr'>Hisp.</span> <span class='ocrx_word' id='word_1_873' title='bbox 3310 4978 3502 5050; x_wconf 82' lang='lat' dir='ltr'>Tertio</span> 
     </span>
    </p>
   </div>
   <div class='ocr_carea' id='block_1_118' title="bbox 1849 5046 3501 5120">
    <p class='ocr_par' dir='ltr' id='par_1_118' title="bbox 1849 5046 3501 5120">
     <span class='ocr_line' id='line_1_121' title="bbox 1849 5046 3501 5120; baseline -0.001 -15"><span class='ocrx_word' id='word_1_874' title='bbox 1849 5046 1972 5105; x_wconf 84' lang='lat' dir='ltr'>vero</span> <span class='ocrx_word' id='word_1_875' title='bbox 2002 5049 2106 5111; x_wconf 47' lang='grc' dir='ltr'>παι</span> <span class='ocrx_word' id='word_1_876' title='bbox 2141 5047 2616 5120; x_wconf 81' lang='lat' dir='ltr'>autem)capitulo.</span> <span class='ocrx_word' id='word_1_877' title='bbox 2634 5046 2963 5120; x_wconf 73' lang='lat' dir='ltr'>Aliquando</span> <span class='ocrx_word' id='word_1_878' title='bbox 2989 5054 3121 5120; x_wconf 91' lang='lat' dir='ltr'>post</span> <span class='ocrx_word' id='word_1_879' title='bbox 3141 5046 3297 5105; x_wconf 83' lang='lat' dir='ltr'>idem</span> <span class='ocrx_word' id='word_1_880' title='bbox 3318 5049 3501 5104; x_wconf 82' lang='lat' dir='ltr'>codex</span> 
     </span>
    </p>
   </div>
   <div class='ocr_carea' id='block_1_119' title="bbox 1853 5118 3506 5191">
    <p class='ocr_par' dir='ltr' id='par_1_119' title="bbox 1853 5118 3506 5191">
     <span class='ocr_line' id='line_1_122' title="bbox 1853 5118 3506 5191; baseline -0.001 -15"><span class='ocrx_word' id='word_1_881' title='bbox 1853 5120 2077 5176; x_wconf 87' lang='lat' dir='ltr'>collect.</span> <span class='ocrx_word' id='word_1_882' title='bbox 2112 5121 2147 5173; x_wconf 88' lang='grc'>5</span> <span class='ocrx_word' id='word_1_883' title='bbox 2169 5135 2306 5191; x_wconf 86' lang='lat' dir='ltr'>cum</span> <span class='ocrx_word' id='word_1_884' title='bbox 2330 5118 2761 5191; x_wconf 77' lang='lat' dir='ltr'>antiquioribus</span> <span class='ocrx_word' id='word_1_885' title='bbox 2791 5118 3082 5191; x_wconf 28' lang='lat' dir='ltr'>Vulg.,‘ex</span> <span class='ocrx_word' id='word_1_886' title='bbox 3101 5137 3311 5177; x_wconf 85' lang='lat' dir='ltr'>summa</span> <span class='ocrx_word' id='word_1_887' title='bbox 3339 5122 3506 5175; x_wconf 86' lang='lat' dir='ltr'>Patre</span> 
     </span>
    </p>
   </div>
   <div class='ocr_carea' id='block_1_120' title="bbox 1847 5189 3504 5264">
    <p class='ocr_par' dir='ltr' id='par_1_120' title="bbox 1847 5189 3504 5264">
     <span class='ocr_line' id='line_1_123' title="bbox 1847 5189 3504 5264; baseline -0.003 -17"><span class='ocrx_word' id='word_1_888' title='bbox 1847 5192 2193 5264; x_wconf 76' lang='lat' dir='ltr'>progenitos._</span> <span class='ocrx_word' id='word_1_889' title='bbox 2214 5189 2351 5264; x_wconf 79' lang='lat' dir='ltr'>Dein</span> <span class='ocrx_word' id='word_1_890' title='bbox 2374 5189 2443 5264; x_wconf 89' lang='lat' dir='ltr'>_in</span> <span class='ocrx_word' id='word_1_891' title='bbox 2475 5189 2603 5264; x_wconf 83' lang='lat' dir='ltr'>Vat.</span> <span class='ocrx_word' id='word_1_892' title='bbox 2633 5190 2890 5264; x_wconf 82' lang='lat' dir='ltr'>Hisp.,si</span> <span class='ocrx_word' id='word_1_893' title='bbox 2908 5191 3186 5247; x_wconf 84' lang='lat' dir='ltr'>Christum</span> <span class='ocrx_word' id='word_1_894' title='bbox 3214 5192 3504 5247; x_wconf 83' lang='lat' dir='ltr'>Dominum</span> 
     </span>
    </p>
   </div>
   <div class='ocr_carea' id='block_1_121' title="bbox 1853 5260 2889 5327">
    <p class='ocr_par' dir='ltr' id='par_1_121' title="bbox 1853 5260 2889 5327">
     <span class='ocr_line' id='line_1_124' title="bbox 1853 5260 2889 5327; baseline -0.002 -9"><span class='ocrx_word' id='word_1_895' title='bbox 1853 5260 2101 5319; x_wconf 68' lang='lat' dir='ltr'>uestrum</span> <span class='ocrx_word' id='word_1_896' title='bbox 2120 5278 2142 5323; x_wconf 85' lang='lat'><em>;</em></span> <span class='ocrx_word' id='word_1_897' title='bbox 2176 5260 2333 5327; x_wconf 83' lang='lat' dir='ltr'>lsid.,</span> <span class='ocrx_word' id='word_1_898' title='bbox 2366 5261 2657 5316; x_wconf 84' lang='lat' dir='ltr'>Domi-num</span> <span class='ocrx_word' id='word_1_899' title='bbox 2686 5260 2889 5317; x_wconf 74' lang='lat' dir='ltr'>Iesum.</span> 
     </span>
    </p>
   </div>
   <div class='ocr_carea' id='block_1_122' title="bbox 1930 5330 3498 5406">
    <p class='ocr_par' dir='ltr' id='par_1_122' title="bbox 1930 5330 3498 5406">
     <span class='ocr_line' id='line_1_125' title="bbox 1930 5330 3498 5406; baseline -0.008 -15"><span class='ocrx_word' id='word_1_900' title='bbox 1930 5335 2075 5406; x_wconf 14' lang='lat'>(9)7181</span> <span class='ocrx_word' id='word_1_901' title='bbox 2083 5350 2158 5388; x_wconf 91' lang='lat' dir='ltr'>ss.</span> <span class='ocrx_word' id='word_1_902' title='bbox 2174 5332 2422 5406; x_wconf 80' lang='lat' dir='ltr'>Vindeb.</span> <span class='ocrx_word' id='word_1_903' title='bbox 2439 5332 2598 5404; x_wconf 88' lang='lat' dir='ltr'>Hisp.</span> <span class='ocrx_word' id='word_1_904' title='bbox 2616 5338 2672 5406; x_wconf 86' lang='lat' dir='ltr'>et</span> <span class='ocrx_word' id='word_1_905' title='bbox 2682 5333 2811 5388; x_wconf 67' lang='lat' dir='ltr'>Vat.</span> <span class='ocrx_word' id='word_1_906' title='bbox 2828 5332 3057 5406; x_wconf 75' lang='lat' dir='ltr'>collect.</span> <span class='ocrx_word' id='word_1_907' title='bbox 3078 5335 3162 5402; x_wconf 83' lang='grc'>11,</span> <span class='ocrx_word' id='word_1_908' title='bbox 3182 5330 3344 5406; x_wconf 72' lang='lat' dir='ltr'>quasi</span> <span class='ocrx_word' id='word_1_909' title='bbox 3355 5343 3498 5406; x_wconf 71' lang='lat' dir='ltr'>vero.</span> 
     </span>
    </p>
   </div>
   <div class='ocr_carea' id='block_1_123' title="bbox 1857 5400 3502 5475">
    <p class='ocr_par' dir='ltr' id='par_1_123' title="bbox 1857 5400 3502 5475">
     <span class='ocr_line' id='line_1_126' title="bbox 1857 5400 3502 5475; baseline -0.005 -16"><span class='ocrx_word' id='word_1_910' title='bbox 1857 5400 1996 5461; x_wconf 61' lang='lat' dir='ltr'>Vat.</span> <span class='ocrx_word' id='word_1_911' title='bbox 2013 5405 2176 5475; x_wconf 90' lang='lat' dir='ltr'>Hisp.</span> <span class='ocrx_word' id='word_1_912' title='bbox 2201 5402 2434 5467; x_wconf 88' lang='lat' dir='ltr'>etlsid.,</span> <span class='ocrx_word' id='word_1_913' title='bbox 2468 5400 2626 5474; x_wconf 78' lang='lat' dir='ltr'>quasi</span> <span class='ocrx_word' id='word_1_914' title='bbox 2648 5421 2794 5459; x_wconf 81' lang='lat' dir='ltr'>vera.</span> <span class='ocrx_word' id='word_1_915' title='bbox 2826 5404 2959 5459; x_wconf 92' lang='lat' dir='ltr'>Post</span> <span class='ocrx_word' id='word_1_916' title='bbox 2980 5400 3167 5475; x_wconf 83' lang='lat' dir='ltr'>pauca</span> <span class='ocrx_word' id='word_1_917' title='bbox 3185 5400 3502 5475; x_wconf 74' lang='lat' dir='ltr'>Vulg.ante</span> 
     </span>
    </p>
   </div>
   <div class='ocr_carea' id='block_1_124' title="bbox 1858 5470 3505 5544">
    <p class='ocr_par' dir='ltr' id='par_1_124' title="bbox 1858 5470 3505 5544">
     <span class='ocr_line' id='line_1_127' title="bbox 1858 5470 3505 5544; baseline -0.01 -11"><span class='ocrx_word' id='word_1_918' title='bbox 1858 5477 2072 5541; x_wconf 89' lang='lat' dir='ltr'>Quesn.</span> <span class='ocrx_word' id='word_1_919' title='bbox 2105 5470 2237 5530; x_wconf 78' lang='lat' dir='ltr'>cum</span> <span class='ocrx_word' id='word_1_920' title='bbox 2262 5470 2561 5530; x_wconf 79' lang='lat' dir='ltr'>nonnullis</span> <span class='ocrx_word' id='word_1_921' title='bbox 2590 5492 2757 5542; x_wconf 90' lang='lat' dir='ltr'>mss.,</span> <span class='ocrx_word' id='word_1_922' title='bbox 2790 5470 2997 5544; x_wconf 60' lang='lat' dir='ltr'>dogma&#39;</span> <span class='ocrx_word' id='word_1_923' title='bbox 3016 5473 3288 5536; x_wconf 82' lang='lat' dir='ltr'>Cerdonis,</span> <span class='ocrx_word' id='word_1_924' title='bbox 3307 5470 3365 5521; x_wconf 91' lang='lat' dir='ltr'>et</span> <span class='ocrx_word' id='word_1_925' title='bbox 3381 5480 3505 5519; x_wconf 84' lang='lat' dir='ltr'>con-</span> 
     </span>
    </p>
   </div>
   <div class='ocr_carea' id='block_1_125' title="bbox 1855 5548 3425 5617">
    <p class='ocr_par' dir='ltr' id='par_1_125' title="bbox 1855 5548 3425 5617">
     <span class='ocr_line' id='line_1_128' title="bbox 1855 5548 3425 5617; baseline 0.006 -14"><span class='ocrx_word' id='word_1_926' title='bbox 1855 5548 2134 5604; x_wconf 80' lang='lat' dir='ltr'>cordantes</span> <span class='ocrx_word' id='word_1_927' title='bbox 2164 5563 2267 5617; x_wconf 90' lang='lat' dir='ltr'>pro</span> <span class='ocrx_word' id='word_1_928' title='bbox 2295 5555 2664 5601; x_wconf 76' lang='lat' dir='ltr'>consonantes.</span> <span class='ocrx_word' id='word_1_929' title='bbox 2882 5615 2914 5617; x_wconf 33' lang='grc' dir='ltr'>η</span> <span class='ocrx_word' id='word_1_930' title='bbox 3051 5613 3087 5617; x_wconf 18' lang='grc' dir='ltr'>,Α</span> <span class='ocrx_word' id='word_1_931' title='bbox 3362 5601 3425 5617; x_wconf 80' lang='lat'>...</span> 
     </span>
    </p>
   </div>
   <div class='ocr_carea' id='block_1_126' title="bbox 1928 5601 3502 5750">
    <p class='ocr_par' dir='ltr' id='par_1_126' title="bbox 1928 5601 3502 5750">
     <span class='ocr_line' id='line_1_129' title="bbox 1928 5601 3502 5750; baseline -0.01 -75"><span class='ocrx_word' id='word_1_932' title='bbox 1928 5619 2007 5750; x_wconf 40' lang='lat' dir='ltr'>gh)</span> <span class='ocrx_word' id='word_1_933' title='bbox 2037 5601 2325 5701; x_wconf 44' lang='lat' dir='ltr'>A.l.,‘idem</span> <span class='ocrx_word' id='word_1_934' title='bbox 2352 5620 2450 5675; x_wconf 84' lang='lat' dir='ltr'>est.</span> <span class='ocrx_word' id='word_1_935' title='bbox 2498 5617 2745 5701; x_wconf 80' lang='lat' dir='ltr'>Quidam</span> <span class='ocrx_word' id='word_1_936' title='bbox 2792 5615 3016 5671; x_wconf 88' lang='lat' dir='ltr'>codices</span> <span class='ocrx_word' id='word_1_937' title='bbox 3051 5613 3175 5695; x_wconf 61' lang='grc' dir='ltr'>γαί.</span> <span class='ocrx_word' id='word_1_938' title='bbox 3208 5621 3339 5664; x_wconf 87' lang='lat' dir='ltr'>cum</span> <span class='ocrx_word' id='word_1_939' title='bbox 3362 5601 3502 5659; x_wconf 80' lang='lat' dir='ltr'>Vin-</span> 
     </span>
     <span class='ocr_line' id='line_1_130' title="bbox 1977 5684 3264 5750; baseline -0.01 0"><span class='ocrx_word' id='word_1_940' title='bbox 1977 5733 1989 5750; x_wconf 94' lang='lat'>.</span> <span class='ocrx_word' id='word_1_941' title='bbox 2021 5689 2321 5750; x_wconf 52' lang='lat' dir='ltr'>Hann/ioc</span> <span class='ocrx_word' id='word_1_942' title='bbox 2349 5693 2429 5745; x_wconf 84' lang='lat' dir='ltr'>est</span> <span class='ocrx_word' id='word_1_943' title='bbox 2455 5687 2614 5750; x_wconf 81' lang='lat' dir='ltr'>quod,</span> <span class='ocrx_word' id='word_1_944' title='bbox 2644 5702 2758 5750; x_wconf 81' lang='lat' dir='ltr'>ipse</span> <span class='ocrx_word' id='word_1_945' title='bbox 2786 5700 2957 5750; x_wconf 82' lang='lat' dir='ltr'>neque</span> <span class='ocrx_word' id='word_1_946' title='bbox 2983 5684 3141 5739; x_wconf 85' lang='lat' dir='ltr'>aliud</span> <span class='ocrx_word' id='word_1_947' title='bbox 3168 5688 3264 5740; x_wconf 84' lang='lat' dir='ltr'>est.</span> 
     </span>
    </p>
   </div>
   <div class='ocr_carea' id='block_1_127' title="bbox 1856 5684 3264 5764">
    <p class='ocr_par' dir='ltr' id='par_1_127' title="bbox 1856 5684 3264 5764">
     <span class='ocr_line' id='line_1_131' title="bbox 1856 5684 3264 5764; baseline -0.009 -14"><span class='ocrx_word' id='word_1_948' title='bbox 1856 5684 1998 5750; x_wconf 47' lang='lat' dir='ltr'>debi</span> <span class='ocrx_word' id='word_1_949' title='bbox 2021 5684 2321 5764; x_wconf 83' lang='lat' dir='ltr'>Hisp.,hoc</span> <span class='ocrx_word' id='word_1_950' title='bbox 2349 5693 2429 5745; x_wconf 84' lang='lat' dir='ltr'>est</span> <span class='ocrx_word' id='word_1_951' title='bbox 2455 5687 2614 5762; x_wconf 81' lang='lat' dir='ltr'>quod,</span> <span class='ocrx_word' id='word_1_952' title='bbox 2644 5690 2758 5760; x_wconf 84' lang='lat' dir='ltr'>ipse</span> <span class='ocrx_word' id='word_1_953' title='bbox 2786 5700 2957 5757; x_wconf 82' lang='lat' dir='ltr'>neque</span> <span class='ocrx_word' id='word_1_954' title='bbox 2983 5684 3141 5739; x_wconf 85' lang='lat' dir='ltr'>aliud</span> <span class='ocrx_word' id='word_1_955' title='bbox 3168 5688 3264 5740; x_wconf 84' lang='lat' dir='ltr'>est.</span> 
     </span>
    </p>
   </div>
  </div>
