3932 6220
1503 473 1888 543 EPISTULA
1926 476 2057 545 XV.

3358 480 3481 548 690

68 611 293 667 auctore
307 606 854 681 damnatis.(a)Non
873 605 1248 682 sitperversis
1266 606 1511 665 liberum
1537 609 1723 665 simu-
1751 611 1807 677 Α
1834 612 1944 675 vel.
1977 618 2044 670 ut
2073 611 2274 671 mitius
2297 613 2561 684 dixerim,
2581 632 2695 673 non
2718 614 3018 675 resistunt.
3044 617 3168 685 QUA
3182 633 3484 674 consensa-

71 700 175 756 lare
197 697 364 770 quod
396 697 661 770 ﬁngunt,
694 715 798 754 nec
829 698 938 755 sub
959 697 1245 759 velamine
1278 697 1534 754 nominis
1562 697 1728 754 Chri-

81 788 263 855 stiani,
297 787 678 843 decretorum
726 786 1119 861 imperialium
1150 791 1372 844 statuta
1415 786 1724 843 declinent.

82 880 199 937 Ideo
218 877 381 934 enim
401 876 479 933 ad
502 875 826 933 Ecelesiam
848 876 1193 932 catholicam
1209 894 1338 932 cum
1359 881 1520 932 tanta
1539 876 1727 932 cordis

84 964 403 1027 diversitate
434 966 815 1034 conveniunt,
852 970 916 1021 ut
946 971 1005 1022 et
1035 983 1184 1038 quos
1214 968 1620 1038 possuntsuos
1650 965 1729 1020 fa~

84 1060 247 1123 ciant,
279 1061 337 1112 et
379 1055 1004 1128 legumseveritatem,
1038 1056 1180 1110 dum
1212 1072 1272 1110 se
1305 1059 1535 1109 nostros
1564 1070 1725 1108 men-

81 1149 318 1212 tiuntur,
356 1146 510 1203 708
531 1145 834 1218 effugiant.
860 1144 1102 1200 Faciunt
1121 1144 1229 1199 hoc
1246 1142 1723 1210 Priscillianistie,

82 1238 295 1295 faciunt
326 1234 659 1297 Manichaei,
693 1250 941 1306 quorum
972 1250 1107 1289 cum
1139 1233 1269 1289 istis
1299 1238 1420 1288 tam
1451 1233 1730 1288 l‘cederata

79 1331 209 1397 sunt
233 1324 435 1392 corda,
471 1328 539 1380 ut
569 1322 712 1380 solis
742 1322 1081 1378 nominibus
1112 1322 1369 1388 discreti,
1406 1320 1726 1393 sacrilegiis

79 1422 267 1475 autem
297 1414 426 1471 suis
456 1412 834 1468 inveniantur
850 1412 1026 1468 uniti:
1051 1411 1193 1483 quia
1213 1411 1322 1465 etsi
1340 1414 1505 1465 vetus
1523 1411 1726 1466 Testa-

78 1502 529 1575 mentum,quod
552 1501 653 1557 isti
674 1518 737 1557 se
768 1499 1063 1571 suscipere
1087 1498 1390 1565 simulant,
1424 1497 1724 1554 Manichaei

77 1592 348 1661 refthant,
385 1593 458 1649 ad
486 1608 673 1647 unum
708 1594 903 1646 tamen
933 1591 1111 1645 ﬁnem
1137 1593 1519 1660 utrorumque
1540 1588 1729 1643 tendit

1834 719 1927 759 TIA
1958 703 2030 775 (g)
2062 704 2341 761 honorem
2373 704 2485 762 sibi
2515 706 2837 779 praestitum
2877 706 3195 775 vindicant,
3230 708 3331 780 qui
3374 725 3479 781 pro

1837 791 2147 849 animabus
2193 796 2343 851 709
2376 795 2487 851 sibi
2518 796 2754 853 creditis
2786 814 2901 853 non
2934 796 3248 854 laborant?
3279 797 3480 853 Bestiae

1837 881 2089 950 irruunt,
2113 887 2168 939 et
2184 884 2379 939 ovium
2398 891 2562 957 septa
2578 903 2692 941 non
2709 874 3010 942 claudunt.
3035 886 3115 958 (h)
3140 888 3320 943 Fures
3338 885 3481 943 insi~

1836 969 2092 1039 diantur,
2117 976 2174 1027 et
2193 973 2469 1028 excubias
2496 990 2609 1029 non
2634 975 3022 1045 praetendunt.
3047 975 3233 1031 Morbi
3251 976 3482 1031 crebre-

1838 1062 2027 1125 scunt,
2062 1064 2120 1115 et
2151 1061 2408 1116 remedia
2430 1060 2593 1116 nulla
2614 1063 2996 1134 prospiciunt.
3019 1064 3162 1119 Cum
3191 1064 3254 1135 (i)
3285 1067 3482 1120 autem

1834 1148 2010 1203 etiam
2035 1148 2179 1204 illud
2202 1150 2444 1219 addunt,
2469 1154 2534 1205 ut
2557 1150 2651 1205 his
2673 1150 2772 1222 qui
2805 1151 3116 1208 sollicitius
3145 1157 3326 1224 agunt
3345 1169 3481 1209 con-

1836 1237 2051 1292 sentire
2071 1237 2413 1305 detrectent,
2446 1242 2501 1294 et
2530 1238 2861 1310 impietates
2894 1238 3034 1295 olim
3065 1244 3184 1296 toto
3214 1241 3352 1297 orbe
3381 1242 3481 1297 da-

1836 1326 2627 1399 mnatas,subscripti0nibus
2646 1327 2770 1384 suis
2782 1344 2845 1384 se
2856 1328 3346 1385 anathematizare
3362 1329 3482 1386 dis-

1835 1413 2142 1481 simulent;
2178 1414 2316 1486 quid
2351 1416 2421 1471 de
2446 1433 2508 1471 se
2536 1415 2781 1489 intelligi
2802 1417 3024 1483 volunt,
3043 1417 3156 1474 nisi
3183 1418 3339 1489 quod
3366 1434 3481 1475 non

1835 1503 1906 1558 de
1938 1520 2182 1559 numero
2214 1504 2481 1570 fratrum,
2515 1506 2617 1559 sed
2647 1506 2719 1560 de
2748 1510 2909 1577 parte
2931 1507 2996 1576 (j)
3018 1510 3156 1563 sunt
3175 1506 3434 1563 hostium
3453 1507 3481 1561 ’ἔ

1907 1592 2043 1647 CAP.
2073 1592 2241 1647 XVII.
2273 1594 2355 1646 An
2383 1609 2511 1649 caro
2556 1593 2766 1650 Christi
2809 1611 2932 1651 vere
2958 1598 3284 1667 requieverit
3310 1597 3372 1650 in
3397 1612 3480 1651 se-

77 1684 484 1749 intentio,cum
507 1680 664 1752 quod
683 1681 758 1752 (ὁ)
780 1679 863 1734 illi
885 1679 1211 1735 abdicando
1235 1678 1603 1750 impugnant,
1630 1676 1727 1732 isti
1828 1681 2043 1753 pulcro.
2077 1711 2145 1720 ——
2174 1680 2237 1735 In
2268 1696 2334 1736 eo
2365 1698 2498 1737 vero
2530 1683 2685 1753 quod
2710 1682 2787 1755 (k)
2810 1683 2868 1739 in
2891 1687 3148 1739 extrema
3172 1683 3481 1740 familiaris

76 1772 407 1845 recipiendo
439 1773 846 1841 corrumpunt.

132 1863 198 1917 In
231 1858 702 1918 exsecrabilibus
746 1861 941 1913 autem
992 1855 1285 1930 mysteriis
1337 1872 1561 1922 eorum,
1596 1871 1727 1926 quae

74 1946 1023 2025 quantoimmundiorasunttanto
1035 1942 1725 2044 diligentius(c)occulun-
1757 1987 1803 2053 Β

74 2045 173 2109 tur,
209 2056 410 2096 unum
440 2052 685 2110 prorsus
716 2036 882 2091 nefas
912 2039 1021 2101 est,
1050 2050 1169 2091 una
1190 2038 1279 2090 est
1308 2032 1639 2089 obscenitas
1668 2036 1726 2088 et

74 2129 279 2187 similis
328 2126 659 2200 turpitudo.
714 2126 897 2189 Quam
929 2124 1041 2180 etsi
1072 2123 1262 2195 eloqui
1297 2122 1723 2191 erubescimus,

72 2215 513 2275 sollicitissimis
544 2220 742 2271 tamen
775 2212 1258 2286 inquisitionibus
1282 2212 1639 2283 indagatam,
1665 2213 1724 2264 et

68 2306 542 2371 Manichaeorum,
557 2304 661 2376 qui
674 2301 1081 2376 comprehensi
1096 2302 1348 2367 fuerant,
1362 2300 1725 2356 confessione

66 2396 389 2461 detectam,
422 2393 492 2448 ad
522 2392 813 2465 publicam
840 2392 1085 2447 fecimus
1107 2389 1405 2463 pervenire
1421 2388 1720 2444 notitiam:

64 2502 116 2541 ne
138 2483 283 2541 ullo
317 2483 493 2538 modo
521 2486 717 2554 posset
749 2481 995 2536 dubium
1025 2479 1206 2536 videri
1232 2479 1387 2551 quod
1416 2477 1475 2532 in
1498 2476 1724 2549 judicio

63 2580 280 2639 nostro,
312 2570 409 2627 cui
443 2587 556 2627 non
578 2570 771 2626 solum
797 2568 1273 2641 frequentissima
1300 2566 1607 2640 priesentia
1636 2582 1722 2622 sa

64 2661 499 2727 cerdotum,sed
514 2660 697 2715 etiam
721 2659 1044 2715 illustrium
1078 2658 1336 2713 virorum
1371 2656 1650 2729 dignitas,
1671 2659 1728 2711 et

66 2768 186 2824 pars
204 2751 486 2824 quaedam
502 2753 745 2806 senatus
768 2766 833 2804 ac
856 2747 1044 2820 plebis
1062 2747 1330 2802 interfuit
1346 2746 1605 2817 ipsorum
1625 2757 1727 2816 qui

68 2857 225 2896 omne
263 2838 500 2895 facinus
524 2842 929 2911 perpetrarant
948 2853 1046 2893 ore
1076 2840 1406 2891 reseratum
1440 2838 1549 2901 est;
1575 2832 1728 2887 sicut

68 2945 115 2985 ea
144 2948 278 3002 qua:
298 2929 375 2984 ad
399 2927 1024 2998 dilectionem(d)tuam
1046 2942 1201 2981 nunc
1225 2923 1546 2979 direximus
1564 2926 1728 2994 gesta

70 3017 490 3073 demonstrant.
525 3015 691 3081 Quod
725 3019 921 3070 autem
953 3014 1023 3068 de
1047 3011 1501 3068 Manichaeorum
1538 3009 1727 3064 l‘iedis-

70 3106 200 3161 simo
224 3104 473 3172 scelere,
506 3104 617 3159 hoc
648 3103 823 3159 etiam
856 3103 927 3158 de
960 3100 1542 3157 Priscillianistarum
1568 3099 1723 3153 ince-

73 3195 329 3250 stissima
350 3191 779 3249 consuetudine
802 3190 942 3246 olim
965 3196 1330 3262 compertum
1356 3188 1725 3259 multumque

73 3282 371 3355 vulgatum
394 3285 509 3338 est.
540 3286 610 3353 (ρ)
627 3280 731 3344 Qui
753 3280 909 3335 enim
929 3296 1033 3351 per
1049 3278 1247 3334 omnia
1264 3280 1403 3332 sunt
1426 3276 1723 3348 impietate

1835 1767 2087 1840 epistolae
2109 1773 2221 1824 tuae
2246 1773 2406 1841 parte
2423 1771 2693 1841 posuisti,
2713 1772 2894 1827 miror
2908 1773 3259 1844 cujusquam
3281 1772 3480 1829 catho-

1834 1855 1930 1912 lici
1963 1856 2409 1930 intelligentiam
2438 1857 2725 1930 laborare,
2756 1864 3061 1932 tamquam
3083 1861 3371 1917 incertum
3404 1861 3482 1936 sit

1834 1962 1908 2000 an
1938 1946 2324 2003 descendente
2346 1947 2416 2001 ad
2436 1946 2662 2003 inferna
2681 1948 3071 2017 Christo,caro
3093 1951 3220 2022 ejus
3251 1951 3481 2022 requie-

1833 2035 1979 2090 verit
2007 2035 2066 2089 in
2099 2034 2402 2107 sepulcro:
2439 2053 2565 2108 quae
2611 2036 2763 2093 sicut
2791 2054 2923 2094 vere
2960 2042 3018 2094 et
3049 2042 3281 2094 mortua
3308 2044 3393 2095 est
3425 2042 3484 2095 et

1835 2122 2082 2194 sepulta,
2121 2123 2202 2178 ita
2233 2140 2364 2179 vere
2395 2130 2484 2180 est
2514 2125 2608 2180 die
2639 2127 2811 2182 tertio
2842 2126 3145 2183 suscitata.
3178 2131 3299 2182 Hoc
3327 2127 3483 2183 enim

1833 2216 1889 2266 et
1917 2211 2042 2283 ipse
2076 2212 2357 2268 Dominus
2379 2214 2854 2283 denuntiaverat,
2884 2214 3083 2270 dicens
3104 2216 3176 2271 ad
3206 2215 3440 2272 Judaeos
3465 2234 3479 2272 :

1834 2300 1922 2356 Sol
1931 2301 2033 2355 vite
2058 2302 2318 2372 templum
2341 2303 2456 2371 hoc,
2482 2311 2533 2358 et
2559 2304 2619 2357 in
2644 2303 2823 2360 triduo
2838 2305 3108 2360 suscitabo
3130 2304 3271 2360 illud
3298 2306 3479 2373 (Joan.

1834 2405 1894 2453 ιι,
1937 2388 2039 2459 l9).
2074 2387 2181 2444 Ubi
2213 2389 2570 2461 evangelista
2600 2392 2910 2465 subjungit
2938 2408 2950 2448 :
2984 2394 3091 2449 Hoc
3119 2400 3304 2449 autem
3331 2392 3482 2450 dice-

1835 2476 1924 2531 bat
1950 2475 2012 2531 de
2043 2477 2236 2547 templo
2265 2481 2505 2549 corporis
2525 2481 2615 2534 sui
2642 2480 2823 2547 (Ibid.,
2853 2481 2968 2552 21).
3001 2481 3183 2552 Cujus
3214 2481 3296 2537 rei
3323 2481 3480 2538 veri-

1834 2569 2015 2620 tatem
2039 2564 2213 2620 etiam
2228 2565 2406 2621 David
2424 2567 2706 2639 propheta
2722 2569 3085 2641 praedixerat,
3101 2570 3349 2642 loquens
3367 2571 3479 2627 sub

1835 2670 2086 2726 persona
2139 2653 2371 2710 Domini
2426 2655 2761 2725 Salvatoris,
2794 2662 2850 2733 et
2905 2657 3131 2714 dicens:
3180 2661 3484 2733 Insuperet

1835 2759 1960 2798 curo
1982 2760 2102 2798 mea
2122 2743 2185 2815 (ι)
2210 2745 2499 2815 requiescet
2517 2746 2573 2799 in
2592 2762 2701 2817 spe.
2720 2732 2995 2816 Quoniam
3013 2764 3121 2803 non
3143 2732 3485 2818 derelinques

1834 2834 2084 2887 animum
2111 2849 2291 2887 meum
2322 2835 2382 2888 in
2410 2835 2647 2905 inferno,
2693 2851 2793 2890 nec
2837 2835 2996 2892 dabis
3041 2836 3304 2891 Sanctum
3330 2842 3485 2891 tuum

1834 2920 2017 2976 videre
2037 2923 2441 2992 corruptionem
2462 2923 2630 2991 (Psul.
2665 2941 2756 2992 xv,
2789 2924 2844 2991 9,
2867 2923 2979 2994 40),
3027 2922 3249 2988 Quibus
3280 2922 3486 2996 utique

1834 3009 2027 3065 verbis
2058 3009 2435 3066 manifestum
2468 3016 2575 3078 est,
2593 3011 2857 3085 (m)quod
2879 3030 3012 3069 caro
3033 3011 3263 3069 Domini
3288 2996 3487 3069 etvere

1835 3098 2065 3170 sepulta
2095 3099 2397 3170 requievit,
2420 3104 2477 3155 et
2503 3101 2934 3172 corruptionem
2959 3119 3075 3158 non
3098 3099 3281 3157 subiit
3308 3116 3322 3155 :
3347 3101 3488 3174 quia

1836 3186 2100 3242 celeriter
2146 3188 2432 3243 viviﬁeata
2479 3189 2667 3244 reditu
2709 3190 2917 3245 animae
2950 3190 3287 3246 resurrexit.
3320 3189 3484 3255 Quod

1837 3293 1951 3332 non
1983 3277 2213 3353 credere
2246 3276 2390 3332 satis
2416 3276 2664 3350 impium
2697 3281 2804 3347 est,
2832 3284 2889 3334 et
2920 3279 2992 3335 ad
3026 3276 3330 3335 Manichaei
3360 3277 3482 3333 Pri-

73 3389 345 3429 sensuum
370 3352 701 3444 pares,non
725 3373 974 3441 possunt
992 3366 1052 3423 in
1076 3366 1259 3423 sacris
1291 3364 1414 3421 suis
1435 3383 1563 3422 esse
1593 3364 1711 3419 dis-
1745 3352 1788 3418 C
1826 3352 2199 3438 seillianique
2224 3365 2551 3422 doctrinam
2587 3369 2877 3438 pertinere
2903 3385 3019 3424 non
3062 3366 3309 3423 dubium
3369 3371 3478 3436 est,

75 3462 310 3519 similes.

120 3554 191 3623 (Ῑ)
214 3548 498 3605 Decursis
519 3547 718 3620 itaque
738 3546 1013 3602 omnibus
1029 3562 1156 3617 quae
1180 3544 1361 3599 libelli
1382 3542 1561 3598 series
1574 3558 1727 3607 eom_

72 3637 393 3709 prehendit,
426 3640 484 3693 et
512 3653 547 3691 a
577 3636 792 3708 quibus
826 3631 1261 3690 commonitorii
1299 3633 1485 3688 forma
1508 3649 1623 3687 non
1646 3631 1729 3686 di-

75 3733 312 3800 screpat,
348 3724 731 3790 sufficienter,
758 3729 821 3779 ut
847 3723 1074 3795 Opinor,
1102 3722 1476 3777 ostendimus
1499 3721 1636 3793 quid
1662 3720 1732 3774 de

76 3815 155 3871 his
177 3834 309 3889 quae
330 3815 403 3871 ad
429 3831 541 3869 nos
572 3812 907 3868 fraternitas
930 3816 1033 3866 tua
1062 3810 1265 3866 retulit
1292 3827 1657 3873 censeamus,
1678 3826 1735 3878 et

83 3921 245 3976 quam
275 3921 394 3960 non
429 3904 508 3960 sit
540 3902 868 3968 ferendum,
902 3901 956 3956 si
988 3904 1110 3955 tam
1148 3900 1414 3971 profanis
1445 3898 1738 3955 erroribus

85 3992 244 4051 etiam
276 3992 674 4067 quorumdam
707 3990 1083 4047 sacerdotum
1116 3990 1295 4044 corda
1344 3986 1736 4059 consentiunt,

106 4223 115 4243 ί
145 4172 221 4243 (a)
250 4172 433 4227 Iidem
463 4170 657 4237 codd.,
678 4170 752 4225 Ne
779 4171 883 4243 sit;
913 4172 969 4224 et
1002 4172 1306 4240 postea.ne
1323 4168 1420 4243 sui)
1449 4168 1739 4243 velamine.

93 4238 294 4299 Deinde
342 4242 628 4298 omittunt
655 4240 860 4306 cordis,
894 4244 952 4295 et
992 4238 1123 4310 post
1154 4256 1357 4310 pauca,
1396 4240 1499 4310 pro
1529 4238 1660 4293 dum
1688 4253 1742 4292 se

96 4257 294 4299 Deinde
342 4257 628 4298 omittunt
655 4257 860 4306 cordis,
894 4257 952 4295 et
992 4257 1029 4365 Β

96 4318 308 4440 mres,
340 4315 561 4370 habent
614 4329 749 4369 cum
798 4311 989 4366 Vinde

202 4402 311 4440 ros.

202 4402 311 4442 νος.

156 4457 229 4527 (b)
260 4457 353 4513 Sic
384 4473 453 4512 ex
482 4460 612 4515 Vat.
650 4455 790 4527 Reg.
827 4452 1054 4527 collect.
1080 4454 1104 4506 1
1134 4451 1741 4527 Vindebon.,collect.

156 4471 229 4527 in)
260 4471 353 4513 me
384 4473 453 4512 ex
490 4471 612 4515 .vat.
650 4471 790 4578 ηεξ.
827 4471 1054 4509 concei.
1080 4471 1104 4506 1
1142 4471 1481 4515 VlnGeDOD.,
1518 4471 1738 4507 coueCL.

98 4527 127 4581 5
151 4529 409 4599 utrisque
449 4528 613 4599 Hisp.
648 4530 704 4599 et
761 4525 863 4599 7at.
898 4525 1061 4592 Isid.,
1095 4541 1161 4578 ac
1191 4525 1381 4599 tribus
1412 4522 1738 4599 al_ii__s_codd.

102 4593 430 4662 Quesnellus
450 4593 637 4666 ista-ut
658 4597 716 4651 in
742 4596 875 4652 aliis
902 4612 1046 4651 mss.
1072 4597 1417 4667 reperimus.
1450 4593 1559 4649 Alii
1578 4593 1740 4660 editi,

103 4670 183 4742 isti
211 4670 520 4742 recipiendo
548 4675 929 4742 corrumpunt,
962 4668 1051 4722 illi
1070 4666 1379 4742 abdicando
1393 4668 1738 4742 impugnet-nt.

1834 3453 1934 3526 qui
1967 3454 2252 3526 sacrilego
2284 3471 2461 3511 sensu
2484 3455 2574 3511 ita.
2595 3473 2658 3511 se
2682 3457 2977 3513 Christum
3001 3454 3288 3512 simulant
3307 3455 3483 3512 confi-

1832 3543 1964 3611 teri,
1993 3547 2057 3598 ut
2088 3543 2529 3612 incarnationis,
2566 3547 2719 3602 710
2747 3550 2803 3601 et
2847 3546 3072 3614 mortis,
3114 3548 3173 3601 et
3220 3561 3478 3602 resurre-

1837 3631 2045 3688 ctionis
2079 3633 2345 3688 auferant
2374 3633 2693 3690 veritatem.

1911 3722 1988 3793 (η)
2026 3722 2314 3777 tlabeatur
2343 3738 2477 3796 ergo
2500 3724 2651 3779 inter
2672 3742 2770 3781 vos
2793 3724 3124 3798 episcopale
3153 3723 3487 3790 concilium,

1843 3824 1899 3866 et
1929 3810 1998 3865 ad
2015 3826 2149 3865 eum
2172 3809 2364 3866 locum
2388 3811 2487 3883 qui
2502 3813 2777 3869 omnibus
2799 3817 3166 3886 opportunus
3183 3814 3262 3870 sit
3280 3811 3494 3868 vicina-

1844 3917 1972 3955 rum
1991 3899 2420 3971 provinciarum
2445 3901 2789 3957 conveniant
2809 3904 3157 3972 sacerdotes,
3183 3906 3268 3968 ut,
3292 3917 3498 3956 secun-

1846 3989 1989 4044 dum
2023 3988 2143 4043 hmo
2174 4006 2300 4062 quae
2323 3989 2395 4044 ad
2423 3994 2523 4045 tua
2542 3990 2811 4046 consulta
2828 3990 3259 4065 respondimus,
3283 3986 3498 4060 plenis-

1849 4171 2163 4311 ᾖξε(
2171 4239 2260 4293 eb.
2276 4239 2436 4311 Hisp.
2450 4282 2461 4305 ,
2477 4242 2732 4296 honorem
2745 4239 2854 4294 sibi
2865 4239 3155 4311 sacerdotii
3160 4240 3499 4311 praestitum.

1033 4328 1129 4366 on.
1156 4308 1370 4381 _Hisp.,
1400 4308 1531 4363 dum
1556 4326 1744 4364 sensus
1849 4308 1978 4383 Vat.
2013 4308 2475 4383 Hisp.,honorem
2491 4313 2593 4367 sibi
2621 4308 3238 4383 priesulumvindicant.
3265 4308 3417 4367 Alias
3439 4310 3501 4366 in

1851 4379 2102 4454 vulgatis
2118 4379 2375 4454 'deln'qtum
2406 4399 2507 4453 pro
2521 4379 2866 4454 praestitum.

1930 4396 2102 4505 igaiivs
2131 4396 2375 4471 aequum
2406 4396 2866 4465 proprzcstitum.
2956 4453 2966 4464 .
3138 4454 3146 4463 ι
3185 4453 3195 4463 θ
3287 4451 3298 4463 ⁸

1924 4454 1939 4520 (
1986 4452 2002 4521 )
2034 4452 2162 4534 Vat.
2199 4452 2359 4534 Hisp.
2384 4454 2769 4534 et_ls1d.,et1n
2784 4454 3334 4526 margineeditionis
3357 4453 3504 4509 Lab-

1852 4522 2071 4591 beanie,
2106 4528 2265 4580 Ferae
2292 4522 2651 4579 insidiantur.

1924 4595 1987 4664 (ί)
2007 4594 2067 4648 1n
2092 4594 2297 4649 iisdem
2318 4596 2482 4651 codd.
2508 4597 2632 4651 etin
2652 4596 2896 4652 Vindeb.
2914 4594 3138 4652 collect.
3160 4598 3196 4652 5
3211 4593 3507 4653 omittitur

1853 4668 2056 4738 autem.
2081 4665 2176 4719 Dei
2188 4683 2222 4719 ιι
2242 4666 2728 4738 subsm'ipl-ionibus
2742 4669 2856 4723 suis
2866 4667 3061 4724 delent
3073 4668 3302 4724 codices
3315 4667 3503 4724 Grim.

106 4724 393 4810 Merlinurs,
415 4724 517 4798 isti
556 4724 877 4796 abdicando
909 4724 1259 4810 impugnant,
1291 4737 1380 4810 illi
1436 4724 1745 4810 recipiendo
1777 4724 1822 4786 Ι)
1853 4742 1909 4810 et
1930 4736 2165 4810 Thuan.
2185 4740 2302 4792 tres
2323 4724 2640 4810 Quesnelli.
2665 4739 2796 4794 Mox
2827 4756 2880 4796 se
2910 4741 3077 4795 abest
3104 4756 3139 4794 a
3167 4739 3337 4796 codd.
3368 4739 3503 4795 Vat.

106 4806 866 4889 corrumpuntrPrzetulimus
916 4806 1225 4889 lectiunem
1259 4806 1560 4889 potiorum
1583 4806 1742 4889 codi-

108 4899 244 4958 cum,
268 4878 385 4958 q'ua
406 4886 681 4958 istivetus
697 4883 1138 4958 Testamentum
1163 4878 1506 4958 recipientes
1519 4878 1746 4958 Priscil-

109 4950 333 5013 lianistie
354 4955 789 5028 intelliguntur,
805 4953 877 5008 de
896 4952 1116 5028 quibus
1132 4950 1304 5024 paulo
1326 4956 1459 5028 ante
1484 4950 1747 5028 Leescri:

170 5028 245 5084 it:
294 5030 391 5085 Isti
420 5044 477 5084 se
527 5021 801 5096 suscipere
851 5021 1117 5080 simulant
1133 5021 1161 5088 ζ·
1190 5039 1298 5078 vox
1329 5026 1523 5077 autem
1555 5022 1644 5076 illi
1671 5021 1742 5076 ad

160 5099 440 5156 anichieos
473 5100 738 5154 refertur.

173 5172 234 5295 (Q
261 5171 437 5236 Alias,
469 5169 833 5227 comitantur.

174 5242 189 5295 ί
228 5243 341 5295 llta
355 5239 833 5295 antiauissimico

174 5242 242 5313 (εἰ)
261 5243 341 5299 Ita
355 5242 762 5313 antiquissimi
777 5242 945 5293 codd.
974 5242 1103 5292 Vat.
1126 5242 1263 5361 neq.
1281 5242 1505 5292 collect.
1527 5242 1579 5298 l,
1595 5242 1742 5314 alius

118 5309 225 5367 Vat.
254 5314 479 5370 collect.
512 5314 567 5377 3,
620 5311 945 5365 Vindebon.
998 5310 1113 5363 duo
1160 5325 1224 5362 co
1252 5306 1382 5363 lect.
1414 5309 1451 5361 5
1499 5311 1555 5360 et
1581 5305 1742 5377 Hisp.

117 5399 229 5439 cum
258 5386 429 5440 editis
463 5375 601 5439 ante
630 5382 822 5445 Qucsn
857 5425 868 5443 ,
895 5381 1259 5445 cohaeretque
1280 5396 1414 5433 cum
1437 5376 1568 5431 aliis
1587 5375 1746 5430 simi-

119 5452 251 5512 libus
271 5456 450 5526 hujus
467 5446 1283 5526 epistolee_loicis.Quesnellus,
1300 5452 1628 5526 vestram,ut
1648 5446 1745 5526 alii

118 5528 318 5585 codices
344 5520 620 5603 hoclbco
660 5524 954 5603 exhibent.
1014 5523 1376 5603 P‘ost‘pau‘ca
1407 5520 1749 5603 ineptissime

119 5616 205 5673 pro
220 5600 579 5673 iniustissima
605 5596 668 5673 in
679 5666 691 5673 _
702 5595 828 5673 cod.
844 5592 1209 5673 ‘Vercellenti
1220 5592 1475 5673 collect...
1486 5594 1541 5673 8‘.

177 5673 243 5742 (e)
268 5672 399 5727 Vat.
423 5670 569 5742 Reg.
586 5666 808 5742 collect.
836 5667 887 5742 1,
910 5665 1143 5742 utrique
1164 5664 1326 5735 Hisp.
1350 5668 1409 5719 et
1428 5662 1557 5717 Vat.
1584 5660 1746 5742 Isid.,

121 5731 277 5816 et
298 5731 749 5816 pergmiiiausunt
764 5740 824 5816 in
836 5731 1132 5816 impietate
1146 5731 1405 5791 sensuum
1418 5731 1717 5806 pares.Vin
1728 5761 1750 5771 -

123 5808 312 5871 debon.’
336 5812 564 5869 collect.
597 5812 633 5865 5
662 5808 878 5865 omittit
907 5810 1070 5863 enim.

182 5889 239 5959 (Γ)
264 5886 395 5941 Vat.
415 5883 579 5955 Hisp.
603 5886 658 5938 et
679 5881 816 5938 Isid.
840 5896 976 5936 cum
996 5878 1184 5935 tribus
1201 5877 1513 5947 aliismss.,
1534 5877 1751 5932 Discus-

261 5243 341 5299 Ita
355 5231 945 5313 antiquissimicodd.
972 5236 1103 5313 Vat.
1126 5237 1263 5313 Reg:
1281 5234 1505 5313 collect.
1527 5231 1747 5313 Latius

1854 4808 2321 4881 Reg.,_utris_que
2349 4809 2509 4881 Hisp.
2543 4810 2693 4875 Vat,
2723 4810 2861 4865 Isid.
2891 4815 2947 4866 et
2974 4811 3164 4881 tribus
3197 4811 3330 4867 aliis
3355 4827 3504 4867 mss.

1925 4879 1998 4959 (λλ
2025 4878 2164 4959 Mss:
2189 4878 2700 4959 ‘Vindebfcollect.
2724 4883 2761 4937 5
2778 4887 2836 4938 et
2855 4882 2986 4959 Vat.
3012 4880 3282 4959 col_l_ect._l
3298 4884 3349 4950 1,
3372 4883 3504 4959 sint.

1925 4949 2367 5030 (kléddidimus
2382 4954 2849 5030 praepositionem
2862 4956 2922 5009 in
2936 4953 3510 5030 cumiVatﬂegqiuo-

1855 5020 1966 5076 bus
1997 5020 2564 5091 Vindebonensibu's,
2597 5042 2663 5080 ac
2692 5026 2881 5081 tribus
2912 5024 3043 5081 aliis
3060 5029 3219 5082 Vatt.
3238 5020 3509 5083 Labbeus

1855 5091 2081 5179 eiu/god.
2114 5092 2392 5179 catelli;
2414 5098 2535 5151 Jam
2560 5113 2684 5152 vero
2713 5097 2853 5179 quod
2881 5098 2943 5151 in
2963 5104 3239 5179 extrema.

1928 5163 1990 5234 (l)
2020 5163 2157 5218 Cod.
2191 5164 2318 5239 Vat.
2354 5166 2518 5239 Beg.,
2568 5163 2894 5239 requiescit,-
2924 5173 2981 5224 et
3027 5186 3164 5225 mox
3201 5169 3358 5225 idem
3391 5185 3505 5226 ms.

1856 5250 1976 5311 una
2005 5251 2137 5311 cum
2173 5236 2496 5311 Vindebon.
2532 5236 2753 5295 collect.
2783 5241 2838 5306 5,
2869 5256 2981 5296 non
3009 5241 3367 5311 derelinquis.

1927 5306 2215 5387 (312.)‘Idem
2248 5308 2898 5387 Vindebon.,quodcaro
2929 5306 3311 5387 Cbristi;Va_t.
3341 5308 3503 5387 ilisp.

1857 5381 1913 5430 et
1945 5376 2105 5453 Isid.,
2134 5379 2272 5453 quod
2297 5396 2423 5453 vero
2443 5376 2649 5437 Christi
2678 5386 2729 5437 et
2746 5385 2821 5453 in?
2834 5383 3079 5453 sepulcro
3108 5381 3393 5453 requievit.

1928 5448 2009 5519 (η)
2044 5451 2105 5503 In
2139 5448 2290 5523 Vat.,
2323 5451 2484 5523 Hisp.
2509 5459 2565 5508 et
2586 5453 2745 5520 lsid.,
2775 5448 3005 5523 alioque
3026 5453 3157 5523 Vat.
3176 5448 3386 5523 collect
3420 5450 3499 5523 _11

1859 5534 1965 5600 nec
1994 5516 2199 5600 non-in
2232 5516 2342 5600 ms.
2375 5516 2544 5590 libro,
2578 5516 2750 5600 quem
2783 5516 3389 5600 Labbeuslaudatzsic
3420 5516 3502 5600 le-

1901 5589 2018 5665 itur
2041 5608 2053 5665 ς
2087 5593 2403 5649 Habeantur
2429 5589 2553 5665 ergo
2585 5589 2729 5649 inter
2755 5610 2845 5648 vos
2874 5594 3117 5665 epistolw
3143 5599 3195 5645 et
3222 5589 3501 5665 adeone}-

1884 5657 2001 5715 ium
2030 5663 2085 5716 in
2120 5680 2243 5719 eum
2276 5657 2612 5729 loeumfetc.
2633 5665 2748 5729 AL,
2768 5666 2827 5718 in
2846 5657 3017 5717 unum
3042 5657 3498 5729 locum.Vindeb.

1860 5731 2259 5805 Hisp.przefert
2280 5726 2469 5790 solum
2484 5726 2818 5805 Habeantur;
2840 5732 3054 5805 et‘hinc
3069 5732 3211 5784 forte
3224 5726 3504 5805 posterio-

1861 5820 1952 5860 res
1969 5797 2369 5862 .amanuenses
2397 5808 2661 5876 ejusdem
2695 5801 3053 5861 collectionis
3081 5816 3185 5873 pro
3204 5797 3501 5869 episcopale

1859 5877 2249 5934 emendarunt
2276 5878 2538 5950 epistolae,
2573 5881 2681 5931 etc.
