3932 6220
186 542 187 545 η
218 546 223 547 ,
308 480 823 541 180EJUSDEM
853 482 1221 542 EPISTOL/E
1265 485 1596 545 FLAVIANI

645 572 904 646 Antiqua
932 575 1120 631 versio
1145 575 1245 648 (a).

83 663 427 737 Simonis.
456 691 527 704 —
569 662 611 718 Ι.
666 665 907 737 Partes__
917 664 1157 736 episcopi
1205 665 1461 737 explicat.
1518 667 1775 722 Errorem

176 735 453 821 gutychis
480 735 725 829 equrgit:
760 734 928 829 e‘I‘I;
944 734 1234 829 'Qnuaénam
1260 734 1393 829 apta
1420 739 1533 792 sint
1553 745 1774 829 ico‘ntra

196 804 376 878 ipsum
406 807 468 890 in
495 804 723 878 synodo:
745 806 944 889 -'-.III.
977 804 1054 863 De
1101 810 1365 864 ementita
1409 809 1774 894 appellatione

195 876 455 952 Eutycius
491 876 563 952 ad
593 877 947 952 apostolicam
975 878 1173 935 sedem.
1231 880 1614 937 Damnationis
1658 896 1775 952 ejus

176 938 667 1020 'mﬁnnationem
687 950 846 1021 petit.

76 1037 509 1112 Sanctissiruo
522 1041 582 1094 et
593 1037 936 1112 beatissimp
949 1037 1101 1112 patri
1112 1042 1170 1095 et
1179 1039 1579 1112 consacerdoti
1595 1041 1773 1097 Lsom

443 1109 773 1166 Fumuth
802 1109 863 1165 in
894 1109 1142 1166 Domino
1181 1111 1452 1167 salutem.

174 1188 325 1257 ξων.
354 1198 402 1257 Ι.
430 1228 503 1240 -—-
530 1198 750 1261 Pietate
780 1202 837 1255 et
852 1202 1009 1256 recta
1023 1199 1435 1272 praedicatione
1448 1199 1609 1257 verbi
1625 1200 1774 1257 veri-

76 1288 257 1353 latis
272 1287 427 1346 nihil
443 1286 847 1344 honorabilius
860 1289 1284 1355 sacerdotibus,
1301 1289 1457 1345 sicut
1468 1290 1642 1357 nosti,
1659 1294 1772 1345 Deo

83 1375 551 1436 amantissime.
586 1375 791 1432 Omnis
812 1376 966 1433 enim
988 1382 1192 1434 nostra
1205 1394 1340 1451 spes
1355 1381 1533 1451 atque
1545 1378 1706 1434 salus
1718 1381 1775 1433 et

88 1466 426 1533 πάι-ἣκιϋο
436 1463 869 1539 promissorum
886 1465 1173 1524 bonorum
1191 1466 1251 1521 in
1267 1466 1361 1523 his
1377 1470 1486 1523 est.
1506 1467 1772 1539 Propter-

92 1572 189 1612 αα
198 1555 399 1617 omnia
411 1554 681 1612 facienda
691 1571 726 1610 a
739 1554 909 1611 nobis
921 1560 1080 1624 sunt,
1093 1558 1152 1612 et
1163 1554 1548 1612 laborandum
1563 1572 1667 1628 pro
1676 1572 1774 1612 ve-

106 1662 189 1707 ra
208 1645 322 1702 ﬁde
341 1648 404 1701 et
422 1643 893 1717 expositionibus
917 1645 1411 1719 dogmatibusque
1436 1649 1771 1701 sanctorum

110 1734 392 1793 Tatrum:
424 1746 721 1807 quatenus
752 1750 855 1806 per
882 1734 1081 1790 omnia
1108 1737 1167 1790 et
1193 1733 1347 1790 inter
1380 1749 1585 1790 omnes
1635 1749 1770 1789 con-

1509 349 1892 418 EPISTOLA
1933 354 2154 420 XXVI.

3415 364 3549 441 750

1802 489 1859 556 Α
1886 506 2059 546 unum
2091 491 2389 548 Dominum
2414 494 2599 550 Jesum
2630 492 2929 563 Christum,
2976 494 3283 552 divinitatis
3331 506 3385 553 et
3431 497 3532 553 hu-

1882 596 2011 634 man
2019 580 2168 635 itatis
2182 581 2256 653 (g)
2264 597 2366 653 per
2378 582 2719 654 ineffabilem
2731 586 2783 639 et
2795 584 2852 639 in
2859 584 3262 655 intelligibilem
3271 585 3341 642 ad
3351 588 3535 642 unita.-

1882 670 1993 724 tem
2011 672 2439 728 concursionem.
2459 672 2528 726 Et
2542 671 2652 728 hoc
2669 689 2783 728 non
2800 671 2942 729 latet
2954 675 3119 729 tuam
3136 674 3530 746 sanctitatem,

1885 756 2028 812 dum
2054 758 2291 816 omnino
2308 758 2514 833 legerit
2534 764 2698 833 gesta
2720 777 2847 833 quae
2865 761 3074 835 Ephesi
3094 765 3234 818 sunt
3248 763 3530 830 confecta,

1884 845 2018 909 Quae
2037 861 2141 917 pro
2159 845 2340 903 nihilo
2358 863 2582 919 ponens
2598 849 2753 905 idem
2772 848 3058 921 Eutychos
3079 849 3397 906 arbitratur
3412 866 3530 907 non

1883 948 1946 988 se
1970 933 2246 990 daturum
2278 951 2511 1007 poenam
2543 936 2890 1008 praeﬁnitam
2922 954 2958 993 a
2989 942 3190 995 sancto
3210 937 3310 994 illo
3331 943 3391 996 et
3406 938 3559 996 uni-.

1880 1020 2089 1078 versali
2108 1022 2354 1080 concilio
2371 1042 2384 1080 :
2400 1025 2680 1098 quoniam
2693 1042 2797 1098 per
2807 1025 2929 1082 haec
2951 1026 3121 1083 multi
3142 1026 3530 1101 simpliciores

1881 1125 1950 1165 ex
1960 1110 2090 1182 ejus
2102 1110 2423 1185 eloquiisin
2437 1113 3531 1174 fideisermonelmduntur.Accusatum

1880 1215 2015 1255 vero
2027 1216 2162 1256 eum
2190 1217 2225 1256 a
2245 1201 2731 1258 revereudissimo
2763 1202 3033 1272 Eusebio,
3067 1208 3126 1260 et
3157 1208 3530 1262 occurentem

1882 1287 1941 1342 in
1955 1291 2226 1345 sanctum
2239 1289 2576 1359 concilium,
2601 1295 2811 1348 etvoce
2838 1308 2948 1349 sua
2975 1296 3194 1348 sectam
3232 1292 3530 1366 propriam

1881 1379 2259 1450 retegentem,
2274 1378 2651 1453 alienumque
2662 1379 3004 1437 existentem
3022 1397 3054 1436 a
3078 1381 3534 1439 rectaﬂdedam-

1881 1464 2172 1534 navimus,
2206 1466 2361 1524 sicut
2373 1468 2665 1524 docebunt
2682 1472 2938 1526 vestram
2951 1470 3322 1526 sanctitatem
3333 1470 3535 1529 omnia

1882 1571 2009 1626 quae
2040 1571 2217 1627 super
2243 1572 2310 1613 eo
2341 1560 2480 1613 sunt
2507 1561 2697 1630 gesta,
2732 1574 2978 1631 quaeque
3023 1558 3344 1616 direximus
3393 1575 3531 1616 cum

1881 1644 2098 1699 nostris
2128 1644 2221 1701 his
2241 1644 2473 1702 litteris.
2504 1646 2739 1703 Justum
2771 1650 2967 1703 autem
2998 1652 3089 1703 est
3117 1650 3174 1704 et
3203 1648 3313 1704 hoc
3342 1648 3530 1719 vobis,

1881 1733 2036 1790 sicut
2051 1733 2320 1802 arbitror,
2341 1734 2634 1792 intimari:
2663 1736 2804 1808 quia
2823 1736 2980 1792 idem
3000 1736 3290 1809 Eutychos
3315 1752 3530 1810 passus

130 1824 426 1882 cussiones
454 1839 653 1880 rerum
683 1823 913 1896 integra
940 1823 1062 1879 haec
1091 1827 1149 1879 et
1167 1822 1443 1879 inviolata
1466 1825 1771 1880 serventur
1796 1849 1845 1916 B
1872 1822 2101 1894 justam
2124 1824 3206 1896 canonicamquedamnationem,cum
3230 1825 3531 1883 debuisset

140 1919 195 1975 et—
204 1912 627 1971 eustodiantur.
645 1912 1050 1969 Necessarium
1066 1911 1265 1985 itaque
1281 1912 1391 1968 fuit
1412 1929 1568 1969 nunc
1588 1911 1766 1969 etiam

138 2003 380 2061 videntes
410 2018 520 2070 nos
549 2000 683 2057 laedi
711 2001 1094 2058 orthodoxam
1145 2001 1345 2069 ﬁdem,
1399 2005 1456 2058 et
1503 2000 1769 2058 renovari

133 2090 471 2163 Apollinaris
481 2088 837 2147 etValentini
850 2089 1100 2146 haereses
1114 2089 1444 2163 abEutyche
1458 2089 1766 2158 monacho,

133 2197 235 2237 non
264 2179 376 2237 hoc
403 2178 726 2254 despicere,
758 2179 859 2236 sed
890 2179 950 2234 in
991 2182 1189 2251 aperto
1233 2178 1342 2235 hoc
1390 2195 1494 2252 pro
1543 2179 1770 2236 cautela

128 2269 325 2343 populi
356 2268 630 2326 revelare.
664 2270 781 2325 Iste
797 2269 977 2338 enim,
996 2268 1071 2340 (ὁ)
1094 2268 1206 2325 iste
1222 2268 1510 2341 Eutyches
1530 2269 1772 2325 abscon-

125 2357 319 2415 ditum
329 2358 394 2414 in
406 2357 817 2431 selanguorem
832 2356 1001 2413 malae
1017 2359 1186 2414 sectae
1204 2357 1481 2425 retinens,
1501 2356 1770 2414 insiliens

123 2451 343 2504 nostrae
364 2446 819 2514 mansuetudini,
842 2446 1227 2503 inverecunde
1247 2450 1304 2502 et
1322 2445 1696 2519 impudenter
1710 2446 1770 2502 in

122 2535 342 2593 multos
357 2536 717 2609 impietatem
734 2535 1031 2608 propriam
1050 2534 1429 2608 praesumpsit
1441 2534 1675 2603 inferre,
1691 2535 1773 2591 di-

121 2641 285 2682 cens:
321 2626 459 2681 Ante
486 2625 1006 2681 inhumanationem
1034 2625 1252 2697 quidem
1281 2624 1579 2681 Saluatoris
1596 2627 1774 2681 nostri

118 2715 239 2771 Iesu
269 2714 483 2771 Christi
504 2714 645 2771 duas
671 2717 901 2770 naturas
925 2730 1055 2781 esse,
1089 2714 1398 2779 divinitatis
1427 2719 1478 2771 et
1515 2715 1770 2770 humani-

117 2805 267 2867 tatis;
282 2805 357 2877 (ε)
368 2808 493 2877 post
510 2806 781 2860 unitatem
796 2820 942 2871 vero,
960 2820 1131 2860 unam
1150 2807 1411 2860 naturam
1426 2806 1666 2876 factum;
1679 2820 1774 2859 ne-

114 2907 227 2963 que
250 2893 449 2950 sciens
479 2893 638 2967 quod
671 2892 834 2959 dicit,
867 2908 1056 2964 neque
1103 2892 1176 2948 de
1224 2892 1442 2965 quibus
1491 2892 1768 2949 afﬁrmat.

110 2978 311 3054 Neque
337 2982 499 3038 enim
510 2982 709 3037 unitas
723 2980 1192 3037 convenientium
1204 2980 1263 3037 in
1276 2980 1506 3037 Christo
1521 2981 1772 3038 duarum

110 3074 487 3140 naturarum,
520 3070 597 3141 (ιι)
622 3070 776 3126 sicut
792 3074 849 3126 et
861 3068 1422 3145 vestrareligiositas
1447 3070 1625 3140 novit,
1644 3087 1774 3143 pro-

106 3159 625 3233 prietatessuasin
648 3158 869 3215 unitate
884 3159 1167 3227 confudit,
1183 3159 1281 3215 sed
1300 3163 1539 3216 manent
1555 3160 1615 3215 in
1640 3160 1768 3216 uni--

107 3219 880 3324 tatdpisdeatanaturarum
899 3219 1300 3321 proprietates.
1327 3249 1554 3321 Adjecit
1569 3254 1767 3306 autem
1800 3219 1844 3287 α

106 3341 169 3393 et
195 3338 385 3395 aliam
414 3338 805 3412 impietatem,
834 3337 1063 3397 dicens:
1099 3336 1301 3409 Corpus
1331 3337 1469 3408 quod
1499 3354 1569 3394 ex
1594 3339 1769 3394 Maria

103 3428 326 3497 factum
351 3431 449 3498 est,
478 3428 635 3484 τοο
660 3428 887 3484 Domini
908 3441 1018 3485 non
1048 3442 1157 3483 esse
1183 3431 1381 3482 nostrae
1416 3428 1765 3495 substantiae,

104 3532 287 3587 neque
316 3518 581 3574 humanae
589 3517 996 3589 consparsionis
1008 3516 1128 3586 ;sed
1143 3515 1446 3572 humanum
1470 3517 1683 3588 quidem
1698 3518 1768 3572 il-

107 3604 209 3669 lud
234 3610 539 3673 vocat,non
565 3605 1409 3674 tamennobzscansubstmitiale,
1433 3621 1607 3676 neque
1621 3608 1772 3678 geni-

103 3696 241 3750 trici
268 3696 392 3769 ejus
419 3694 719 3752 secundum
746 3711 988 3751 carnem.

174 3784 327 3858 Cap.
362 3784 435 3841 II.
467 3815 537 3825 —
563 3784 636 3840 Et
659 3783 781 3840 haec
814 3784 1027 3852 aiebat,
1063 3800 1198 3839 cum
1230 3783 1290 3840 in
1322 3783 1504 3857 gestis
1557 3782 1768 3857 Ephesi

103 3870 336 3930 habitis
367 3890 404 3928 a
433 3877 637 3930 sancto
667 3876 725 3931 et
762 3871 1078 3929 universali
1109 3871 1375 3942 concilio,
1408 3872 1470 3928 in
1523 3871 1771 3946 epistola

107 3962 338 4035 scripta
368 3962 442 4019 ad
472 3962 723 4035 impium
742 3962 1206 4034 damnatumque
1222 3961 1553 4018 Nestorium
1572 3965 1771 4035 aperte

108 4051 543 4111 siahabeatur:
572 4052 712 4121 Quia
732 4051 965 4108 diversae
980 4049 1200 4122 quidem
1223 4051 1293 4105 ad
1303 4051 1574 4106 unitatem
1585 4067 1772 4113 veram

106 4156 441 4198 concurrere
461 4144 701 4203 naturae;
722 4156 864 4195 unus
883 4145 1071 4195 autem
1090 4138 1507 4210 (nexambabus
1525 4137 1770 4195 Christus

109 4233 154 4297 et
191 4232 385 4287 Filius
405 4247 425 4287 :
470 4246 584 4286 non
624 4232 907 4301 tamquam
951 4232 1284 4284 naturarum
1335 4226 1653 4300 diferentia
1698 4229 1771 4283 sit

102 4324 400 4393 perempta
423 4322 644 4392 propter
671 4319 963 4385 unitatem,
994 4316 1084 4373 sed
1101 4318 1287 4389 potius
1335 4317 1573 4389 effecerit
1615 4315 1771 4372 nobis

174 4498 264 4571 (a)
289 4496 425 4571 Haec
451 4494 640 4571 versio
671 4495 732 4571 in
764 4511 906 4550 mss.
938 4492 1163 4571 collect.
1185 4494 1249 4548 l7
1273 4492 1771 4571 Chalcedonensis

1874 1911 2149 1968 secundis
2159 1910 2382 1968 salvare
2394 1912 2668 1984 priora,et
2678 1930 2781 1986 per
2796 1913 3197 1986 penitentiam
3210 1914 3528 1987 perfectam

1876 1999 2212 2073 multasque
2237 2000 2529 2075 lacryt'nas
2543 2000 2774 2074 placare
2804 2002 3010 2071 Deum,
3030 2006 3414 2076 nostrumque
3431 2020 3532 2061 cor

1876 2088 2256 2146 vehementer
2279 2091 2691 2147 contristatum
2722 2091 2783 2146 in
2815 2092 2942 2164 ejus
2967 2090 3157 2159 ruina,
3191 2108 3295 2165 per
3330 2109 3529 2149 veram

1878 2195 2088 2235 sanare
2116 2179 2553 2252 paenitentiam:
2588 2197 2705 2236 non
2736 2179 2932 2237 solum
2961 2179 3072 2236 hoc
3100 2197 3215 2238 non
3236 2180 3394 2249 fecit,
3426 2182 3529 2238 sed

1878 2266 2053 2324 etiam
2084 2285 2188 2341 per
2216 2269 2416 2324 omnia
2444 2270 2795 2326 conturbare
2815 2273 3086 2326 sanctam
3107 2286 3234 2342 quae
3250 2270 3406 2343 apud
3422 2286 3532 2327 nos

1879 2360 1969 2413 est
1993 2356 2313 2413 Ecclesiam
2344 2358 2664 2426 festinavit,
2699 2358 3131 2431 propositiones
3180 2358 3531 2432 injuriarum

1879 2444 2114 2517 publice
2135 2463 2359 2518 ponens
2372 2450 2429 2502 et
2444 2446 2953 2504 maledictionibus
2971 2447 3195 2520 plenas;
3219 2464 3396 2521 super
3408 2448 3532 2504 haec

1879 2537 1939 2590 et
1961 2550 2163 2609 preces
2193 2536 2442 2591 oll‘erens
2470 2535 2743 2608 piissimo
2763 2536 2841 2608 (h)
2866 2540 2926 2592 et
2956 2535 3171 2593 Christi
3192 2537 3531 2593 amantissi-

1881 2639 1978 2679 mo
2010 2626 2209 2679 nostro
2231 2623 2591 2696 imperatori,
2617 2628 2674 2680 et
2685 2625 2921 2681 easdem
2939 2625 3275 2699 arrogantia
3288 2629 3347 2681 et
3360 2628 3528 2698 petu-

1880 2710 2060 2768 lanlia
2090 2711 2315 2784 plenas,
2349 2728 2453 2784 per
2473 2712 2674 2769 omnia
2689 2713 2916 2769 divinas
2934 2712 3165 2785 regulas
3186 2712 3529 2770 conculcare

1881 2804 2147 2856 conatus.
2496 2842 2501 2846 -

1952 2890 2087 2945 CAP.
2121 2890 2221 2944 III.
2254 2920 2321 2931 —
2353 2890 2466 2945 Sed
2495 2889 2589 2946 bis
2619 2890 2702 2946 ita
2722 2891 2789 2963 (i)
2820 2889 3059 2959 secutis,
3100 2888 3305 2946 litterae
3356 2889 3526 2947 nobis

1881 2979 2031 3035 datae
2063 2982 2202 3035 sunt
2229 2983 2434 3035 vestrae
2455 2978 2784 3035 sanctitatis
2800 2994 2904 3052 per
2918 2977 3325 3035 admirabilem
3347 2979 3528 3036 comi-

1881 3072 2000 3124 tem
2031 3067 2453 3141 Pansophium,
2470 3084 2572 3140 per
2588 3085 2736 3140 quas
2748 3084 2958 3124 sumus
2974 3067 3184 3134 edocti,
3209 3066 3351 3139 quia
3368 3067 3526 3125 idem

1883 3155 2168 3229 Eutyches
2196 3153 2427 3211 libellos
2455 3154 2667 3211 direxit
2688 3154 2852 3212 vobis
2880 3154 3085 3228 plenos
3109 3155 3271 3210 omni
3294 3153 3529 3212 fallacia

1882 3248 2057 3318 atque
2089 3245 2234 3301 ⁸191
2270 3242 2609 3312 calliditate,
2645 3244 2876 3300 dicens:
2908 3243 3124 3300 Judicii
3154 3246 3414 3316 tempore
3456 3242 3526 3298 li-

1877 3333 2062 3389 bellos
2087 3349 2150 3389 se
2171 3333 2405 3389 dedisse
2428 3331 2834 3405 appellationis
2853 3336 2913 3388 et
2933 3332 3102 3388 nobis
3126 3335 3183 3388 et
3201 3331 3297 3388 hic
3318 3348 3527 3389 conve-

1878 3422 2060 3478 nienti
2091 3426 2291 3478 sancto
2321 3421 2568 3477 concilio
2589 3440 2602 3490 ;
2621 3425 2679 3477 et
2694 3421 3019 3495 appellasse
3038 3426 3294 3477 vestram
3315 3421 3528 3478 sancti-

1878 3516 2088 3569 tatem:
2122 3511 2277 3583 quod
2311 3527 2683 3583 nequaquam
2716 3511 2788 3567 ab
2819 3511 3025 3568 eodem
3047 3510 3267 3566 factum
3289 3514 3399 3578 est;
3421 3511 3525 3567 sed

1876 3602 2054 3658 etiam
2076 3602 2141 3672 (j)
2170 3599 2231 3655 in
2252 3599 2360 3656 hac
2382 3602 2545 3671 parte
2568 3599 2852 3656 mentitus
2872 3603 2980 3665 est,
3006 3597 3077 3673 (k)
3098 3602 3402 3673 tamquam
3422 3616 3527 3672 per

1876 3689 2169 3746 fallaciam
2186 3687 2474 3745 mendacii
2496 3689 2809 3762 subrepere
2825 3705 2888 3746 se
2903 3688 3125 3745 sanctis
3144 3688 3353 3745 vestris
3371 3688 3528 3761 auri-

1877 3780 1991 3836 bus
2020 3782 2256 3851 putans.
2282 3777 2854 3850 Commotusitaque,
2881 3776 3253 3834 sanctissime
3265 3780 3447 3850 pater,
3461 3776 3523 3833 in

1877 3868 1972 3925 his
2003 3867 2279 3924 omnibus
2310 3883 2438 3939 quae
2451 3866 2522 3922 ab
2537 3883 2603 3922 eo
2617 3869 2977 3939 praesumpta
2989 3869 3146 3934 sunt,
3162 3869 3219 3921 et
3230 3866 3302 3922 ob
3315 3882 3383 3922 ea
3395 3881 3521 3936 quae

1878 3958 1937 4013 in
1971 3974 2079 4013 nos
2101 3961 2159 4013 et
2198 3955 2611 4012 sanctissiman
2646 3952 2959 4011 Ecclesiam
2999 3954 3152 4009 facta
3184 3956 3323 4008 sunt
3356 3955 3534 4023 atque

1879 4047 1915 4102 ﬁ
1928 4047 2407 4121 unt,(l)consuete
2423 4041 2770 4100 liducialiter
2782 4041 3243 4116 age,secundum
3256 4039 3410 4110 quod
3439 4056 3533 4095 sa-

1879 4136 2139 4193 cerdotio
2160 4134 2460 4207 competit,
2477 4132 2890 4204 pmpriamque
2912 4129 3133 4186 faciens
3155 4143 3533 4184 communem

1879 4240 2120 4282 causam
2133 4227 2192 4281 et
2202 4218 2937 4281 sanctarumEcclesiarum
2952 4216 3327 4289 disciplinam
3337 4215 3537 4287 ,simul

1880 4312 2354 4386 decernere(m)in
2368 4308 2805 4369 damnationem
2818 4309 3098 4365 adversus
3108 4322 3244 4363 eum
3258 4304 3541 4381 regulari-

1951 4490 2018 4565 (f)
2051 4490 2138 4547 Ita
2166 4507 2235 4546 ex
2263 4486 2681 4565 antiquissimo
2696 4485 3346 4565 Veronen._collect;l7,
3373 4485 3468 4542 cui
3484 4491 3545 4543 et

109 4558 449 4655 invehitur,‘
468 4572 527 4624 et
553 4567 763 4655 ei‘i‘inde
792 4565 1052 4655 manavit
1080 4565 1154 4655 ἱηᾷ
1186 4565 1365 4649 codd:
1407 4564 1631 4655 collect.
1657 4565 1767 4655 _22,
1800 4590 1848 4655 D
1882 4558 2116 4655 aesaes
2147 4566 2353 4655 tegitus‘
2369 4558 2699 4655 res'ponge't.
2727 4558 3545 4655 ‘Aliichd‘gpt’l‘mgupsnuef

111 4644 201 4697 cui
224 4638 506 4713 epistolae
526 4636 887 4695 collectionis
908 4635 1403 4694 Chalcedonensis
1423 4636 1632 4692 additae
1654 4636 1772 4693 fue-

112 4717 278 4856 wrbt).
297 4782 386 4837 Ex
401 4780 617 4856 nostris
634 4780 805 4836 codd.
827 4783 886 4835 et
902 4777 1124 4856 Balpzii
1146 4776 1561 4856 supplevimus
1578 4780 1783 4856 repeti-

114 4849 343 4911 tionem
374 4852 531 4908 vocis
560 4853 681 4919 iste,
702 4854 983 4923 quamet
1000 4849 1240 4923 Graecus
1256 4849 1452 4923 textus
1475 4849 1779 4923 approbat.

181 4926 260 4998 (c)
275 4924 377 4981 Sic
390 4938 594 4998 omnes
612 4920 862 4998 codices.
875 4920 1113 4998 Vulgati
1127 4920 1187 4998 in
1204 4921 1488 4998 margine,
1507 4920 1625 4998 post
1650 4924 1753 4977 uni
1759 4952 1784 4962 -

118 4992 353 5054 tionem.
382 4994 670 5066 Caeterum
717 4992 1022 5066 unitatem?
1041 4992 1262 5066 dictum
1313 4992 1649 5065 frequenter
1678 5010 1786 5066 pro

116 5071 454 5135 unitionem,
490 5082 623 5139 quae
650 5065 710 5121 in
741 5064 937 5139 Graeco
967 5062 1354 5139 signiﬁcatur.

191 5141 271 5211 (Δ)
307 5134 567 5194 ιοουε”α
595 5135 907 5211 Quesne‘llo
940 5134 1095 5211 regite
1124 5134 1472 5211 emendatus
1492 5151 1560 5190 ex
1591 5135 1788 5211 codice

1886 4634 2145 4690 ambobus
2175 4632 2417 4688 Christus
2445 4629 2545 4686 Dei
2572 4632 2768 4686 Filius.
2801 4631 2866 4688 In
2899 4629 3072 4687 editis
3097 4629 3436 4700 Concilior.,
3474 4645 3547 4686 es

1895 4704 2157 4762 ambabus
2189 4703 2436 4758 Christus
2464 4704 2563 4759 Dei
2590 4703 2784 4758 Filius.

1965 4776 2040 4848 (9)
2054 4773 2399 4848 Quesnellus
2415 4774 2763 4848 Δοιζιίεεῆῐρεη
2777 4773 2836 4830 ίῐὶ
2859 4772 3134 4831 omnibus
3153 4777 3352 4831 autem
3373 4772 3547 4847 quin-

1892 4845 2005 4921 que
2025 4845 2455 4921 nostrispodd.
2490 4845 2722 4921 legitur.

1965 4919 2040 4992 (h)
2074 4917 2214 4992 Cod.
2248 4916 2482 4992 V_eron.,
2515 4916 3091 4992 etChristianissimo.

1967 4986 2031 5070 (i)
2064 4987 2334 5070 Quespel.
2369 5004 2502 5070 cum
2532 4988 2678 5070 edit.‘
2696 4987 3241 5070 Concilior.,‘gestis,
3264 4986 3477 5045 Omnia
3499 4991 3560 5046 et

1897 5057 2101 5133 nostra
2129 5057 2429 5133 etBaluzii
2455 5059 2810 5133 exemplaria
2838 5057 3229 5133 pretulimus.
3477 5074 3480 5078 λ

1969 5134 2031 5206 (j)
2062 5132 2309 5197 Quidam
2328 5131 2497 5187 codd.
2516 5146 2574 5187 et
2586 5130 2725 5187 editi
2742 5130 3105 5198 anteQuesn.
3129 5135 3266 5205 post
3278 5133 3447 5188 etiam
3461 5130 3567 5187 ad-

121 5205 384 5280 Tuaneo,
417 5226 553 5265 cum
582 5207 911 5280 anteaksine
941 5205 1062 5262 ullo
1093 5221 1272 5280 sensu
1304 5205 1617 5279 legeretur,
1649 5208 1791 5262 sicut
1900 5205 2047 5280 dunt
2076 5207 2146 5260 et.

123 5301 238 5339 una
255 5299 316 5338 re

398 5281 714 5354 oprtetates.
737 5278 899 5354 Hanc
921 5277 1392 5354 emendationem
1412 5294 1529 5354 non
1558 5281 1787 5334 tantum

126 5348 344 5412 Baluzii
376 5348 443 5409 et
465 5350 656 5409 nostri
689 5349 940 5417 codices,
971 5365 1174 5404 verum
1206 5348 1385 5404 etiam
1415 5349 1648 5404 Graecus
1672 5354 1795 5405 tex-

125 5432 221 5487 tus
242 5420 588 5482 confirmat.
624 5420 788 5490 Dein,
821 5423 881 5476 in
900 5422 1115 5477 unitate
1135 5420 1411 5493 per/ecta,
1443 5421 1582 5493 cod.
1624 5420 1791 5493 Cbig.

196 5498 267 5581 (ε)
291 5498 387 5581 δίε
410 5496 838 5581 ίίάθωηνβιεξιηεξε
859 5490 1369 5581 codices-191.83}?
1384 5491 1691 5581 editiorem,
1707 5490 1800 5581 si-

130 5563 319 5648 bitrio,
346 5568 559 5640 Corpus
584 5565 827 5633 Domini,
850 5563 993 5648 quod
1011 5580 1089 5648 ea:
1107 5563 1288 5648 alario
1304 5563 1518 5648 factum
1538 5572 1637 5648 est,
1662 5579 1798 5632 non,

1972 5274 2323 5348 (k)L_egebat
2372 5274 2680 5348 interpres.
2733 5279 2811 5348 et;
2859 5281 2918 5348 ὅς’
2964 5281 3154 5340 ἀπάτης
3194 5280 3281 5328 τοῦ
3328 5277 3557 5343 ψεύδους,

1903 5345 2038 5428 cum
2073 5345 2242 5428 sit'in
2273 5350 2438 5428 textu
2465 5345 3040 5428 olai(nos‘adj.ecim.uls
3061 5352 3141 5413 δὴ)
3168 5352 3331 5428 nar-np
3360 5349 3555 5428 exeas

1904 5425 2126 5501 926.80%
2160 5418 2307 5473 velut
2346 5421 2505 5490 pater
2547 5409 2826 5473 mendacii
2874 5409 3132 5472 existens}
3194 5409 3322 5466 Haec
3385 5409 3557 5464 Cote-

1903 5490 2158 5634 Ιθῗιῖῗια
2187 5576 2392 5634 omnes
2422 5560 2593 5634 codd:
2625 5560 2839 5634 Queen.
2867 5572 3000 5613 cum
3024 5551 3193 5609 editis
3218 5548 3554 5620 Concilior.,

135 5645 273 5716 etc.;
306 5629 382 5716 ’βο
432 5629 600 5716 mox_,
633 5629 1068 5716 .conspersionis.
1120 5629 1437 5708 Antiquam
1483 5629 1793 5693 lectionem
1901 5629 2530 5716 pro'cqn‘suetanﬁducia‘
2550 5629 2909 5716 ﬁducialiter
2933 5641 3053 5716 aqu

136 5706 445 5787 emendare
476 5706 809 5771 noluimus.

2098 5685 2449 5782 lca-dlidhig‘;
2467 5685 2627 5762 ret'in
2653 5698 2915 5777 margine
2943 5685 3082 5754 adit.
3113 5685 3446 5765 Concilior.,
3492 5688 3559 5758 in
