3932 6220
198 349 316 411 ’ΠΒ

200 475 586 556 a-principali
617 482 784 554 petra
822 475 1178 537 soliditatem
1225 483 1282 536 et
1327 479 1788 537 virtutistraxit
1816 485 1874 538 et

201 571 491 639 nominis,
513 569 618 642 qui
646 585 752 642 per
770 567 1183 627 revelationem
1213 569 1401 627 Patris
1421 569 1696 626 eumdem
1719 572 1794 643 (a)
1817 575 1874 627 et

199 661 308 718 Dei
339 659 558 717 Filium
587 663 680 716 est
724 659 1032 716 confessus
1063 663 1120 716 et
1149 658 1444 716 Christum
1470 677 1482 716 :
1514 659 1652 732 quia
1683 676 1870 715 unum

198 751 420 808 horum
442 747 572 805 sine
596 747 712 806 alio
738 752 1038 822 receptum
1059 765 1176 804 non
1198 748 1473 820 proderat
1492 749 1564 804 ad
1587 747 1867 817 salutem;

199 845 270 896 et
293 837 542 912 aqualis
574 841 700 893 erat
729 837 975 911 periculi
1007 836 1323 894 Dominum
1343 837 1546 893 Jesum
1569 837 1871 893 Christum

201 933 312 985 aut
333 929 517 984 Deum
536 927 950 982 tantummodo
966 925 1092 981 sine
1111 925 1368 994 homine,
1386 930 1487 982 aut
1505 926 1631 982 sine
1647 925 1762 982 Deo
1787 943 1874 983 so-

201 1017 330 1074 lum
363 1016 670 1072 hominem
701 1014 1195 1072 credidisse.Post
1223 1014 1709 1071 resurrectionem
1738 1032 1870 1072 vero

203 1104 446 1162 Domini
467 1104 619 1176 (quis
643 1104 791 1161 821
822 1104 1024 1176 utique
1054 1103 1174 1159 veri
1196 1103 1275 1175 (b)
1299 1104 1557 1177 corporis
1579 1103 1710 1171 fuit,
1733 1105 1872 1176 quia

204 1211 324 1252 non
359 1193 508 1250 alter
539 1197 630 1249 est
675 1193 1086 1264 resuscitatus,
1105 1209 1284 1264 quam
1316 1192 1416 1266 qui
1447 1193 1637 1249 fuerat
1682 1193 1870 1250 cruci-

202 1279 361 1340 fix'us
390 1286 448 1339 et
486 1282 780 1354 mortuus)
803 1281 946 1354 quid
995 1280 1156 1337 aliud
1206 1281 1594 1354 quadraginta
1640 1281 1868 1338 dierum

199 1389 377 1429 mora
396 1375 631 1446 gestum
653 1377 762 1439 est,
777 1386 956 1442 quam
978 1374 1045 1426 ut
1073 1370 1208 1426 ﬁdei
1233 1373 1446 1427 nostra
1469 1369 1775 1443 integritas
1797 1371 1869 1427 ab

199 1461 371 1518 omni
419 1459 672 1534 caligine
711 1459 1136 1516 mundaretur?
1167 1457 1512 1531 Colloquens
1546 1458 1704 1515 enim
1733 1476 1867 1516 cum

198 1549 516 1623 discipulis
539 1549 609 1621 (e)
632 1548 780 1615 suis,
805 1552 862 1604 et
904 1547 1248 1604 cohabitans
1296 1552 1473 1620 atque
1516 1564 1868 1604 convescens

198 1640 338 1712 (Act.
367 1657 407 1707 ι,
432 1641 511 1707 4),
535 1642 594 1694 et
621 1637 966 1712 pertractari
992 1653 1056 1694 se
1075 1636 1342 1709 diligenti
1365 1637 1714 1709 curioseque
1735 1653 1870 1692 con-

197 1733 362 1786 tactu
391 1729 464 1784 ab
487 1729 573 1784 eis
595 1727 697 1798 (ἀ),
721 1743 870 1798 quos
893 1727 1162 1782 dubietas
1187 1726 1637 1798 perstringebat,
1663 1726 1869 1782 admit-

199 1818 504 1884 tens,ideo
523 1821 579 1872 et
594 1817 666 1888 (e)
687 1815 905 1872 clausis
923 1816 992 1871 ad
1013 1814 1333 1888 discipulos
1341 1814 1544 1886 januis
1563 1815 1864 1885 introibat,

1568 345 1950 412 EPISTULA
1991 342 2256 410 XXVIII.

3511 349 3630 419 ’174

1899 503 1956 570 Α
2003 497 2086 546 καὶ
2117 499 2202 558 τῆς
2224 501 2583 565 προσηγορίας’
2617 502 2672 558 ὃς
2694 519 2764 558 τις
2789 503 2850 552 δι’
2887 506 3253 568 ἀποκαλαφεως
3278 512 3365 556 τοῦ
3397 511 3600 565 Πατρός

2001 583 2085 632 τὸν
2115 586 2264 636 αὐτὸν
2287 589 2370 638 καὶ
2398 591 2507 640 Υίὸν
2533 592 2661 641 Θεοῦ
2691 591 2706 622 ί
2737 592 3046 655 ὡμολόγησε,
3075 595 3158 642 καὶ
3189 595 3438 659 Χριστόν·
3471 596 3594 645 ἐπει·

1999 673 2150 739 δήπερ
2181 675 2231 724 ἓν
2267 677 2456 726 τούτων
2486 676 2507 709 ³
2538 679 2647 744 δίχα
2672 681 2878 746 θατέρου
2915 683 3308 744 λαμϐανόμενον,
3351 683 3593 740 ἀνόνητον

2000 759 2264 827 ἐτύγχανεν
2294 767 2361 821 είς
2387 768 2663 833 σωτηρίαν
2697 769 2780 818 καὶ
2829 767 2918 818 τοῦ
2955 771 3109 819 αὑτοῦ
3145 773 3334 836 ὑπῆρχε
3366 773 3595 821 κινδύνου

1998 850 2056 899 τό
2085 852 2168 900 τὸν
2196 853 2382 918 Κύριον
2416 857 2611 916 Ἰησοῦν
2636 861 2801 923 Χριστ
2814 855 2917 916 ὸνῆ
2949 859 3073 908 Θεὸν
3095 859 3239 920 μόνον
3268 859 3384 909 ἄνευ
3413 859 3595 924 ἀνθρὼ-

1996 952 2113 998 που,
2147 934 2180 998 ἦ
2212 941 2322 1005 δίχα
2349 940 2480 992 θεοῦ
2517 942 2762 993 πιστεύειν
2805 943 3064 1010 ἄνθρωπον
3093 946 3260 1009 μόνον.
3300 945 3322 979 ³
3358 952 3505 999 Μετά
3541 949 3594 999 δι

1996 1027 2084 1085 τὴν
2119 1027 2388 1080 ἀνάστασιν
2426 1036 2514 1080 τοῦ
2558 1033 2776 1098 Κυρίου,
2823 1034 2855 1092 ἦ
2904 1051 2976 1088 τις
3017 1035 3194 1094 δηλαδή
3245 1042 3334 1085 τοῦ
3383 1037 3594 1096 ἀληθοῦς

1995 1113 2149 1165 αὐτοῦ
2183 1117 2418 1180 σώματος
2453 1120 2683 1184 γέγονεν,
2713 1119 2735 1151 ⁸
2768 1121 3021 1186 ἐπειδήπερ
3073 1123 3165 1170 οὐκ
3206 1124 3346 1180 ἀλλος
3391 1125 3590 1187 ἀνέστη,

1995 1202 2038 1251 el
2070 1204 2136 1268 μὴ
2361 1209 2388 1255 ό
2407 1211 2728 1273 σταυρωθείς,
2757 1210 2840 1259 καὶ
2877 1211 3152 1271 ἀποθανὼν,
3192 1211 3214 1244 δ
3237 1213 3283 1260 τὶ
3308 1215 3480 1279 ετερον
3531 1223 3590 1280 τῇ

1993 1291 2091 1343 τῶν
2130 1297 2510 1361 τεσσαράκοντα
2555 1299 2753 1363 ἡμερῶν
2800 1297 2956 1349 αὐτοῦ
3025 1301 3240 1365 διαγωγῇ
3289 1303 3514 1365 γέγονεν,
3560 1299 3593 1364 ἦ

1989 1381 2074 1430 ἵνα
2119 1383 2176 1432 ικ
2218 1384 2381 1444 πάσης
2420 1386 2600 1450 ἀχλύος
2644 1389 2705 1436 τὰ
2755 1390 2842 1446 τῆς
2882 1389 3102 1448 πίστεως
3146 1390 3290 1454 ἡμῶν
3336 1393 3590 1461 καθαρθῇ;

1989 1471 2330 1537 διαλεγόμενος
2362 1476 2454 1541 γὰρ
2496 1474 2517 1508 ⁸
2557 1475 2736 1526 ἑαυτοῦ
2789 1479 3039 1540 μαθηταῖς,
3081 1479 3164 1527 καὶ
3212 1481 3589 1548 συνδιατρίϐων,

1989 1560 2073 1610 καὶ
2109 1559 2130 1593 ⁷
2165 1563 2564 1627 συναλιζόμενος,
2606 1563 2627 1596 ⁸
2662 1566 3018 1631 ἀκριϐέστερόν
3065 1583 3139 1626 τε,
3181 1569 3264 1617 καὶ
3307 1571 3590 1636 πολυπραγ-

1990 1653 2324 1719 μονικώτερον
2363 1655 2440 1704 διὰ
2488 1656 2575 1714 τῆς
2601 1657 2726 1718 ἀφῆς
2762 1658 2935 1704 ἑαυτὸν
2971 1658 3284 1719 ψηλαφᾶσθαι
3311 1663 3443 1724 παρά
3474 1661 3588 1710 τοῦ·

1987 1757 2103 1800 των,
2135 1737 2219 1798 οὓς
2247 1742 2450 1801 ἔπληττε
2496 1744 2553 1792 τὸ
2580 1745 2870 1808 ἀμφίϐολον,
2892 1743 2915 1777 ³
2949 1745 3184 1801 ἐνδιδοὺςο
3213 1748 3290 1796 διὰ
3323 1748 3474 1799 τοῦτο
3505 1751 3587 1799 καὶ

1985 1831 2341 1894 κεκλεισμένων
2377 1833 2474 1882 τῶν
2511 1834 2672 1898 θυρῶν
2713 1835 2863 1897 εἰσῄει
2898 1834 3022 1898 πρὸς
3058 1835 3176 1890 τοὺς
3223 1837 3458 1897 μαθητὰς.
3501 1840 3584 1888 καὶ

159 1947 170 1954 -
197 1911 254 1964 et
276 1875 423 1963 ﬂatu
451 1921 560 1963 suo
582 1875 764 1961 dabat
784 1904 1072 1977 Spiritum
1101 1875 1370 1960 sahctum
1388 1905 1560 1976 (Joan.
1575 1904 1796 1976 xx,22),
1811 1913 1851 1960 e1

1991 1919 2056 1981 τῷ
2113 1920 2364 1983 φυσήματι
2409 1921 2480 1984 τῷ
2531 1875 2709 1970 toi-uso?)
2756 1875 2984 1986 πάρεῖχῐν
3031 1922 3169 1985 ἀγιον
3222 1875 3452 1986 ἵΙνεῦμα·
3501 1927 3584 1974 καὶ

201 1996 419 2052 donato
452 1991 851 2066 intelligentia
882 1992 1126 2060 lumine,
1159 1997 1498 2049 sanctarum
1535 1993 1862 2065 Scriptura-

196 2101 330 2140 rum
353 2081 588 2142 occulta
605 2082 930 2156 pandebat;
957 2086 1014 2138 et
1034 2099 1242 2137 rursus
1265 2084 1332 2153 (Γ)
1357 2081 1507 2137 idem
1532 2081 1748 2138 vulnus
1778 2081 1864 2138 la-

198 2173 462 2244 teris(Ib.
477 2173 595 2243 27),
608 2171 828 2226 fixuras
845 2169 1142 2226 clavorum
1163 2175 1220 2226 et
1235 2171 1433 2227 omnia
1453 2171 1862 2226 recentissimae

197 2260 507 2334 passionis
551 2259 720 2333 signa
765 2259 1151 2329 monstrabat,
1175 2259 1411 2316 dicens:
1442 2260 1618 2316 Videte
1665 2276 1862 2316 manus

190 2358 348 2404 meas
370 2348 426 2402 et
449 2346 529 2418 (g)
547 2347 720 2417 pedes,
743 2347 875 2416 quia
897 2361 994 2415 ego
1017 2362 1160 2401 sum.
1184 2347 1412 2418 Palpate
1436 2350 1488 2402 et
1515 2347 1706 2416 videte,
1730 2349 1862 2418 quia

190 2437 442 2507 spiritus
460 2449 677 2490 carnem
696 2439 746 2490 et
775 2451 898 2490 ossa
917 2450 1026 2490 non
1059 2435 1238 2502 habet,
1260 2437 1401 2492 sicut
1421 2452 1507 2491 me
1537 2436 1732 2493 videtis
1761 2435 1859 2492 ha-

192 2525 319 2580 bere
339 2524 498 2596 (Luc.
523 2539 674 2591 xxiv,
697 2523 808 2595 39);
834 2527 900 2579 ut
926 2527 1344 2597 agnosceretur
1364 2525 1423 2579 in
1447 2540 1512 2580 eo
1537 2525 1861 2597 proprietas

190 2613 408 2670 divina
427 2611 824 2684 humanisque
841 2616 1064 2668 naturai
1086 2613 1389 2668 individua
1409 2629 1779 2685 permanere;
1804 2618 1862 2670 et

185 2703 266 2759 ita
286 2702 584 2758 sciremus
603 2700 860 2756 Verbum
884 2701 960 2772 (h)
990 2717 1108 2757 non
1140 2701 1252 2756 hoc
1272 2717 1401 2758 esse
1421 2702 1577 2773 quod
1600 2717 1856 2771 carnem,

188 2795 260 2847 ut
281 2807 475 2847 unum
495 2789 601 2845 Dei
621 2788 835 2845 Filium
855 2794 913 2845 et
928 2789 1196 2845 Verbum
1216 2790 1628 2846 conﬁteremur
1652 2794 1708 2846 et
1731 2808 1857 2846 car-

191 2882 487 2946 nem.Quo
508 2878 645 2934 ﬁdei
664 2881 1030 2934 sacramento
1049 2878 1336 2951 Eutyches
1359 2879 1468 2934 iste
1489 2878 1738 2934 nimium
1757 2896 1860 2936 ais-

190 2969 504 3025 timandus
517 2967 672 3025 829
685 2971 775 3024 est
786 2983 1004 3023 vacuus
1021 2969 1086 3039 (i)
1104 2969 1203 3039 qui
1223 2971 1493 3024 naturam
1516 2971 1776 3024 nostram
1795 2967 1856 3024 in

188 3057 508 3131 Unigenito
528 3057 652 3126 Dei,
673 3073 779 3113 nec
803 3073 906 3130 per
925 3057 1317 3113 humilitatem
1340 3057 1735 3126 mortalitatis,
1752 3074 1857 3114 nec

188 3162 297 3220 per
326 3146 580 3220 gloriam
605 3145 1051 3202 resurrectionis
1083 3146 1336 3218 agnovit.
1359 3145 1473 3202 Nec
1504 3146 1855 3202 sententiam

1981 2007 2302 2072 χαριζόμενος
2327 2008 2384 2058 τὸ
2409 2010 2510 2072 φῶς
2560 2010 2618 2058 τὸ
2651 2011 2737 2070 τῆς
2773 2010 3017 2072 γνώσεως,
3050 2012 3148 2058 τῶν
3193 2012 3333 2060 θείων
3377 2014 3582 2077 Γραφῶν

1982 2095 2293 2146 ἀπεκάλυπτε
2328 2097 2391 2147 τὰ
2428 2097 2710 2163 ἀπόρῥητα·
2753 2099 2836 2147 καὶ
2875 2100 3017 2148 πάλιν
3067 2101 3096 2147 ό
3136 2098 3288 2154 αὐτὸς
3332 2101 3394 2149 τά
3433 2102 3581 2166 τραύ-

1985 2202 2130 2248 ματα
2167 2187 2255 2246 τῆς
2298 2189 2538 2254 πλευρᾶς,
2574 2187 2658 2237 καὶ
2713 2187 2802 2243 τὰς
2843 2187 3120 2251 διατρήσεις
3165 2188 3262 2237 τῶν
3297 2189 3449 2248 ἥλων,
3500 2191 3583 2240 καὶ

1979 2274 2154 2324 πάντα
2207 2275 2269 2324 τὰ
2301 2273 2391 2326 τοῦ
2433 2273 2614 2341 νεαροῦ
2646 2275 2832 2331 πάθους
2871 2276 3121 2326 ἐπεδείκνυ
3162 2278 3364 2340 σημεῖα,
3397 2277 3579 2340 λέγων·

1978 2361 2315 2424 Ψηλαφήσατέ
2353 2378 2432 2426 με,
2469 2363 2554 2413 καὶ
2591 2359 2718 2413 ἴδετε
2748 2365 2826 2413 ὅτι
2870 2361 3068 2428 πνεῦμα
3105 2365 3272 2430 σάρκα
3316 2366 3398 2415 καὶ
3427 2367 3582 2416 ὀστέα

1978 2450 2072 2498 οῦκ
2105 2448 2226 2515 ἔχει,
2259 2453 2423 2519 καθὼς
2451 2451 2539 2516 ἔμε
2577 2453 2807 2518 θεωρεῖτε
2839 2451 3048 2517 ἔχοντα’
3087 2455 3223 2510 ὅπως
3259 2451 3318 2506 ἂν
3355 2452 3395 2488 ¹⁰
3434 2474 3580 2521 μεμε-

1977 2540 2177 2596 νηκέναι
2203 2539 2252 2589 ιν
2282 2539 2421 2603 αὗτῷ
2459 2542 2655 2604 γνωσθῇ
2677 2544 2708 2601 ή
2747 2541 2930 2599 ἰδιότης
2969 2542 3056 2601 τῆς
3084 2558 3137 2590 τε
3174 2544 3318 2602 θείας,
3361 2545 3444 2594 καὶ
3490 2547 3578 2606 τῆς

1977 2627 2283 2693 ἀνθρωπίνης
2321 2628 2515 2692 φύσεως
2549 2628 2588 2660 ¹¹
2623 2630 2928 2696 ἀδιαίρετοςο
2956 2630 3090 2680 οὕτω
3122 2649 3176 2681 τε
3222 2633 3453 2697 μάθωμεν
3491 2635 3575 2684 τὸν

1973 2715 2158 2776 Λόγον,
2197 2717 2262 2780 μὴ
2291 2715 2442 2767 τοῦτο
2474 2711 2618 2778 εἶναι,
2656 2720 2778 2784 ὅπερ
2811 2719 2941 2768 ἐστὶν
2977 2723 3008 2778 ἡ
3035 2721 3175 2786 σάρε,
3219 2721 3316 2771 ἀλλ’
3341 2724 3429 2772 ινα
3462 2723 3572 2772 Υιὸν

1975 2808 2063 2852 τοῦ
2093 2805 2222 2854 Θεοῦ
2261 2805 2344 2856 καὶ
2367 2805 2451 2856 τὸν
2489 2806 2662 2870 Λόγον
2704 2808 3110 2872 ὁμολογήσωμεν,
3143 2810 3228 2858 καὶ
3258 2812 3345 2869 τὴν
3387 2811 3570 2877 σάρκαο

1984 2884 2080 2948 Ἧς
2099 2910 2229 2950 τινες
2265 2895 2478 2952 πίστεως
2515 2899 2605 2946 τοῦ
2653 2897 2928 2961 μυστηρίου
2981 2895 3168 2961 κοῦφος
3217 2895 3286 2947 ὢν
3343 2901 3572 2966 Ευτυχὴς

1973 2970 2138 3045 οὗτος,
2177 2980 2260 3031 καὶ
2297 2982 2545 3049 ἀμέτοχος
2580 2983 2762 3048 ὀφείλει
2792 2986 3071 3048 νομίζεσθαι
3113 2984 3152 3018 ¹²
3190 2984 3244 3043 ὃς
3289 2989 3376 3047 τήν
3427 2988 3572 3053 φύσιν

1974 3069 2060 3128 τὴν
2093 3070 2338 3137 ἡμετέραν
2384 3072 2435 3121 ἐν
2478 3073 2550 3136 τῷ
2590 3074 2861 3135 Μονογενεῖ
2899 3075 2995 3139 Υιῷ
3035 3075 3124 3125 τοῦ
3172 3075 3304 3127 Θεοῦ
3351 3073 3466 3127 οὔτε
3493 3079 3570 3130 διὰ

1974 3156 2060 3217 τῆς
2103 3159 2454 3220 ταπεινότητος
2492 3161 2580 3220 τῆς
2607 3161 3008 3229 ἀνθρωπότητος,
3041 3165 3157 3214 οὔτε
3193 3165 3271 3215 διὰ
3308 3167 3395 3225 τῆς
3430 3166 3570 3226 δόξης

188 3236 346 3292 beati
362 3233 616 3308 apostoli
634 3239 690 3291 et
702 3233 1067 3307 evangelista
1084 3234 1329 3290 Joannis
1341 3235 1570 3307 expavit
1581 3235 1851 3291 dicentis:

1991 3249 2160 3310 ἐπέγνω
2203 3251 2291 3311 τῆς
2335 3251 2680 3308 ἀναστάσεως·
2741 3253 2860 3303 οὔτε
2925 3255 3013 3314 τήν
3059 3256 3303 3318 ἀπόφασιν
3350 3257 3564 3321 ἐφοϐήθη

196 3325 391 3380 Omnis
423 3326 654 3397 spiritus
679 3325 775 3396 qui
801 3324 1090 3393 conﬁtetur
1115 3325 1297 3380 les-um
1318 3324 1594 3380 Christum
1614 3327 1672 3378 in
1693 3340 1860 3380 carne

190 3416 433 3481 venisse,
454 3429 526 3469 ea:
546 3414 653 3468 Deo
674 3420 790 3468 est:
810 3420 860 3468 et
889 3414 1064 3468 omnis
1093 3414 1320 3484 spiritus
1340 3415 1439 3483 qui
1465 3414 1628 3469 solvit
1647 3417 1861 3489 Iesum,

262 3573 344 3644 (a)
363 3575 584 3644 Veron.
606 3573 679 3628 58
701 3571 864 3644 addit
886 3574 1076 3628 Deum.
1102 3572 1252 3644 Mox,
1275 3573 1395 3627 sine
1413 3573 1587 3644 altero
1600 3589 1711 3644 pro
1731 3574 1852 3628 sine

190 3643 307 3698 alio
336 3644 401 3698 in
433 3643 630 3714 prima
679 3643 952 3707 editione,
974 3649 1030 3698 et
1081 3644 1138 3698 in
1188 3643 1316 3714 Vat.
1349 3645 1455 3698 546
1503 3643 1726 3699 collect.
1757 3645 1848 3698 21.

191 3714 376 3786 Paulo
406 3713 564 3786 post,
611 3714 962 3786 sedissqualis
1008 3715 1069 3786 in
1119 3713 1374 3786 vulgatis
1425 3721 1558 3770 ante
1610 3718 1848 3780 Quesn.,

191 3785 359 3842 nullo
387 3783 592 3858 nostro
621 3783 818 3840 codice
840 3783 1184 3857 opitulante,
1211 3783 1319 3842 nec
1347 3786 1549 3858 primis
1579 3786 1852 3842 editionis

193 3873 361 3912 axem
410 3855 487 3911 lo.
878 3855 894 3857 “
1348 3855 1366 3858 “

204 4003 224 4010 Δ
367 3874 570 4010 βείωο.
593 3925 769 4010 editio
790 3930 847 4008 et
866 3927 1036 4010 codd.
1061 3927 1381 4010 c‘ollect.‘
1409 3944 1474 3984 ac
1503 3928 1854 4010 24Lholninis

191 3997 487 4070 futtilia
516 3997 871 4070 exemplaria
896 4003 962 4053 ut
991 3998 1052 4053 in
1082 3998 1419 4054 textu.Vide
1441 4002 1560 4055 not.
1583 4001 1652 4052 27
1674 4000 1852 4070 Ques-

193 4070 359 4126 nelli.
386 4069 541 4135 Mox,
565 4069 703 4141 quid
720 4070 884 4124 aliter
907 4085 1017 4125 non
1038 4074 1113 4124 est
1136 4071 1490 4126 resuscitatus
1520 4071 1580 4125 in
1601 4069 1854 4141 vulgatis

195 4141 419 4198 Leonis
443 4144 581 4213 ante
601 4141 873 4213 eumdem
896 4142 1133 4208 Quesn.,
1157 4141 1254 4213 qui
1278 4157 1411 4196 cum
1435 4141 1627 4213 prima
1656 4141 1855 4213 editio-

193 4229 268 4268 ne
300 4217 358 4268 et
387 4211 564 4268 editis
595 4210 814 4267 Concil.
848 4213 1090 4284 suisque
1134 4210 1302 4268 codd.
1326 4210 1518 4268 textus
1545 4211 1854 4284 lectionem

194 4284 446 4356 recepit,
477 4299 658 4354 quam
698 4299 901 4339 omnes
933 4282 1163 4356 quoque
1211 4283 1397 4339 nostri
1447 4283 1672 4354 antiqui
1721 4282 1855 4338 libri

193 4371 271 4428 ap
318 4356 558 4411 robant.

212 4498 230 4508 _
271 4372 435 4508 ἅχίιι
453 4425 666 4508 Veron.
685 4427 760 4508 57
780 4441 845 4480 ac
863 4424 922 4480 in
944 4425 1268 4481 Vindebon.
1293 4424 1452 4497 Hisp.
1475 4425 1705 4496 alioque
1721 4428 1852 4481 Vat.

194 4498 577 4554 decidantur
603 4498 739 4552 suis.

272 4569 349 4641 (ά)
371 4568 670 4648 Veron._8,
704 4582 835 4640 quos
862 4567 1137 4648 dubitasse
1174 4567 1554 4648 perspiciehat.
1589 4567 1856 4648 Mox19s-

190 4638 424 4697 sensum
438 4638 726 4712 adhibens
746 4655 851 4712 pro
880 4639 1171 4712 admittens
1195 4639 1256 4693 in
1278 4638 1406 4712 Vat.
1432 4638 1594 4710 Hisp.
1619 4639 1856 4712 Ianat.
1886 4641 1934 4707 Ι)

191 4718 402 4768 autem
432 4711 599 4777 Isid.,
625 4708 908 4766 assensum
935 4709 1255 4772 admittens;
1286 4713 1344 4765 et
1371 4708 1429 4764 in
1459 4708 1586 4765 Vat.
1613 4710 1720 4765 546
1744 4709 1857 4766 col-

193 4784 338 4840 lect.
372 4784 464 4849 21,
497 4798 780 4838 assensum
797 4781 1056 4853 praebuit.

195 4857 345 4982 BaSe)
375 4859 498 4935 Duo
543 4853 754 4939 Vereri.
786 4851 856 4907 57
885 4856 942 4934 et
977 4853 1067 4918 58,
1090 4867 1234 4934 “cum
1284 4851 1564 4907 Parisien.
1597 4856 1654 4907 et
1682 4851 1850 4907 Corb.

307 4941 445 4982 uzii.
491 4925 696 4980 clausis
735 4941 920 4982 ianuis
949 4923 1019 4978 ad
1040 4923 1366 4982 discipulos;
1394 4923 1668 4982 Colbert.,
1701 4923 1850 4978 clau-

307 4923 445 4992 uzii,
491 4925 696 4980 clausis
723 4925 920 4996 januis
938 4923 1019 4996 ad
1040 4923 1366 4994 discipulos;
1394 4923 1668 4992 Colbert.,
1701 4923 1851 4978 clau-

195 5000 274 5052 sis
296 4998 500 5069 januis
529 4995 789 5069 introib’at
815 4995 885 5069 ad
913 4995 1227 5069 discipulos.

272 5064 348 5141 (Ϊ)
370 5067 586 5141 Vocem
620 5067 767 5141 idem
791 5064 1162 5141 a_0ues_nello
1185 5071 1555 5141 expunctam,
1573 5081 1698 5141 quas
1725 5064 1852 5141 qui-

197 5135 338 5196 dem
357 5139 528 5196 abest
548 5140 608 5195 in
631 5138 805 5196 editis
821 5135 1038 5193 Concil.
1054 5140 1107 5191 et
1129 5135 1428 5192 nonnullis
1449 5135 1666 5192 nostris
1683 5135 1850 5192 codd.

198 5211 603 5268 revocavimus
635 5208 1028 5280 complurium
1059 5211 1116 5263 et
1158 5208 1629 5280 priestantiorum
1661 5223 1853 5280 exem-
1879 5252 1883 5255 .

200 5282 455 5410 plarium
479 5277 847 5349 auctoritate,
873 5277 1353 5334 nimirum'trium
1366 5283 1575 5334 Veron.
1592 5282 1722 5334 Vat.
1743 5278 1856 5334 col-

224 5361 334 5410 ect.
349 5355 402 5410 3.
421 5355 648 5410 Ratisn.
661 5395 675 5410 .
688 5351 933 5408 alterius
954 5351 1082 5406 Vat.
1098 5347 1320 5405 collect.
1337 5351 1398 5404 11
1425 5351 1683 5407 secundo
1705 5349 1851 5410 loco,

224 5361 334 5411 ect.
349 5355 402 5425 3,
421 5355 675 5425 Ratisp.,
688 5347 933 5425 alterius
954 5351 1082 5425 Vat.
1098 5347 1320 5405 collect.
1337 5351 1398 5404 11
1421 5351 1683 5425 secundo
1705 5349 1851 5417 loco,

199 5421 449 5483 duorum
483 5421 715 5482 collect.
741 5421 1032 5489 Chalced.,
1056 5426 1307 5489 quatuor
1338 5421 1578 5489 Baluzii,
1602 5437 1707 5476 nec
1739 5438 1854 5476 non

200 5516 340 5556 mss.
383 5497 618 5556 collect.
663 5495 726 5551 21
766 5499 823 5549 et
851 5495 939 5561 24,
972 5492 1189 5565 quibus
1219 5493 1415 5550 Graeca
1456 5492 1854 5565 interpretatio

197 5571 470 5638 concinit,
503 5577 532 5625 δ
563 5575 732 5638 uicae,
764 5567 897 5638 ipse.

279 5646 337 5718 g)
371 5634 613 5718 Primie_
628 5634 1337 5718 editionisesemplailet
1357 5634 1656 5718 Go‘dLHVat.
1691 5634 1852 5710 Reg.,

247 5648 341 5780 g2
371 5648 590 5700 Primae
633 5648 913 5694 editionis
953 5648 1247 5720 exemplar
1275 5648 1332 5692 et
1357 5648 1494 5692 uou.
1537 5648 1556 5688 ι

181 5735 252 5810 pe
371 5729 555 5775 meos.
591 5709 749 5779 Mox,
780 5722 892 5765 non
921 5708 1117 5767 habent
1143 5724 1204 5764 in
1234 5706 1364 5766 Vat.
1399 5707 1556 5766 1322.

1970 3321 2141 3393 830
2165 3342 2254 3386 τοῦ
2277 3340 2522 3405 μακαρίου
2543 3341 2820 3392 ἀποστόλου
2842 3343 2924 3391 καὶ
2949 3343 3296 3407 εὐαγγελιστοῦ
3330 3345 3562 3396 Ἰωάννου

1971 3424 2060 3470 τοῦ
2091 3421 2346 3485 λέγοντοςο
2373 3420 2412 3455 ³³
2436 3425 2514 3474 ότι
2535 3429 2631 3474 πᾶν
2665 3429 2858 3489 πνεῦμα
2887 3427 2943 3475 τὸ
2969 3426 3246 3492 ὁμολογοῦν
3285 3427 3326 3462 ¹⁴
3367 3428 3563 3487 ἰησοῦν

2029 3568 2107 3640 (Ιι)
2133 3567 2286 3623 Editi
2332 3584 2469 3640 cum
2508 3569 2866 3640 quibusdam
2899 3587 3042 3627 mss.
3076 3571 3174 3627 hoc
3201 3587 3314 3627 non
3342 3588 3474 3630 esse.
3509 3575 3623 3633 Po-

1956 3639 2176 3721 tiorum
2205 3644 2262 3695 et
2289 3639 2612 3721 plurimum
2631 3641 2807 3721 codd.
2865 3646 2922 3721 et
2949 3642 3149 3715 primae
3167 3643 3450 3721 editignis
3481 3662 3618 3721 syn-

1958 3712 2140 3768 taxim
2191 3712 2582 3782 praetulimus.
2630 3712 2781 3779 Mox,
2834 3717 2886 3769 et
2936 3712 3108 3769 unum
3158 3716 3258 3771 Dei
3299 3712 3533 3773 Filium'
3553 3720 3616 3776 in

1961 3783 2227 3859 utrisque
2273 3783 2634 3859 Hispetin
2665 3783 2794 3859 Vat_.
2828 3784 2966 3859 Isid.
3001 3785 3152 3840 Editi
3198 3791 3331 3842 ante
3375 3789 3614 3859 Quesn.,

1962 3801 2227 3854 utrisque
2273 3801 2434 3910 map.
2469 3801 2526 3839 et
2575 3801 2634 3839 in
2676 3801 2794 3840 vat.
2829 3801 2966 3841 isia.
3001 3801 3152 3840 nam
3198 3801 3331 3842 ante
3375 3801 3614 3859 Quesn.,

1962 3859 2011 3928 et
2042 3858 2099 3908 ut
2141 3869 2314 3928 unum
2401 3857 2455 3910 ei
2481 3857 2720 3928 Filium.
2753 3855 2937 3928 Dein:
2951 3873 3062 3928 pro
3107 3859 3499 3928 conﬁteremur
3555 3862 3617 3917 in

1959 3926 2297 4002 Vat._q1322,
2356 3926 2746 3996 conﬁteamur;
2799 3927 2858 3982 in
2917 3926 3242 3983 Vindebon.
3302 3929 3526 3986 collect.
3557 3932 3615 4002 5,

1961 3996 2304 4065 conﬁtemur.

2035 4068 2098 4138 (i)
2127 4066 2448 4151 Veron._58,
2474 4071 2602 4151 quia
2633 4072 2912 4151 naturam.
2928 4068 3134 4151 .Paulo_
3153 4071 3304 4151 post,
3329 4072 3428 4140 qui
3454 4072 3618 4129 solvit

1962 4141 2145 4213 Iesum
2177 4138 2451 4213 Christum
2478 4138 2539 4194 in
2572 4139 2761 4212 prima
2799 4139 3057 4194 editione
3087 4138 3434 4213 et'quinque
3466 4158 3613 4200 mss.

2031 4213 2048 4244 ¹
2085 4210 2193 4265 Μ8.
2227 4211 2384 4282 Β88.,
2415 4210 2731 4282 ὡμολόγησεν
2762 4215 2882 4266 εἶναι
2911 4219 2992 4266 καὶ
3020 4217 3242 4282 Χριστόν.

2034 4281 2056 4355 ξ
2085 4282 2194 4355 ΜΞ.
2229 4281 2384 4355 Βᾷεη
2416 4289 2529 4355 δίχά
2560 4290 2748 4353 ἇτίρου.

2034 4351 2056 4385 ³
2085 4351 2802 4426 Μυιανὶωιιείὶατὰηιῖυοά
2836 4355 2960 4408 erat
2987 4351 3352 4426 in_vulgatis,_
3380 4352 3438 4409 in
3471 4366 3612 4426 μετὰ,

1966 4423 2307 4480 auctoritate
2341 4440 2484 4479 mss.
2512 4422 2686 4478 Basill
2711 4428 2768 4479 et
2788 4427 2929 4478 Ven.
2955 4422 3288 4481 amborum.
3307 4424 3422 4482 Nec
3453 4422 3614 4484 aliud

1967 4511 2107 4577 sane
2138 4494 2452 4567 legendum
2483 4493 2742 4566 postulat
2773 4498 2965 4551 textus
2997 4495 3260 4564 Latinus,
3283 4497 3410 4554 Post
3437 4514 3617 4554 resur-

1967 4570 2260 4622 rectionem
2289 4582 2432 4621 vero.

2035 4638 2056 4671 ’δ
2086 4637 2194 4692 Ms.
2230 4639 2379 4705 388.,
2414 4645 2608 4708 ἐπείπερ
2638 4645 2729 4694 ούκ
2756 4644 2927 4702 ἄλλος.

2036 4709 2057 4742 ⁸
2076 4713 2180 4763 M8.
2204 4712 2358 4774 Bas.,
2380 4717 2427 4764 τί
2455 4716 2505 4764 δὲ
2535 4718 2617 4764 καὶ
2637 4716 2812 4788 ἕτερον
2835 4717 2870 4777 ἡ
2895 4720 3006 4788 giae
3019 4719 3388 4788 τεσσαράκοντα
3415 4720 3616 4788 ἡμερῶν

1965 4788 2179 4860 διαγωγῂ
2207 4787 2356 4860 ατύοὺ
2385 4789 2609 4860 γέγονεν.
2637 4779 2700 4835 In
2732 4779 2862 4836 'ms.
2905 4781 3108 4837 itidem
3159 4779 3303 4838 Ven.
3355 4779 3616 4843 seéhtido

1963 4851 2272 4922 utrobique
2299 4858 2391 4918 ἡ...
2407 4858 2688 4921 διαγωγήος.

2031 4923 2052 4956 ⁸
2084 4923 2222 4994 MSS.
2259 4925 2399 4978 Ven.
2433 4923 2627 4989 ambo,
2656 4932 2752 4986 τοῖς
2783 4930 2956 4981 ἑαυτοῦ
2985 4933 3236 4994 μαθηταῖς.

2033 4994 2050 5068 ἶ
2082 4993 2140 5068 ili
2175 5009 2358 5068 marg.
2394 4994 2530 5049 edit.
2566 4993 3184 5068 Ηοωησυναυλιξόμενος.

2033 5065 2052 5138 ίξ
2224 5065 2376 5138 βρεη
2408 5072 2753 5138 ἀκριϐέστερον
2783 5075 2852 5124 δέ.

2034 5135 2055 5169 9
2085 5135 2192 5207 Ms.
2226 5135 2367 5207 Ven.
2402 5135 2750 5206 secundum,
2783 5138 2909 5194 loco
2939 5139 3219 5207 secundo,
3249 5146 3490 5201 ἀνεδίδου.

2036 5206 2078 5283 li)
2108 5206 2216 5283 Ms.
2250 5206 2407 5283 1338.,
2439 5214 2490 5262 ἐν
2519 5217 2650 5279 αὔτῷ
2681 5219 3009 5280 μεμενηκέναι
3035 5219 3292 5283 γνωσθείη.

2246 5277 2406 5351 βᾶεη
2437 5277 2734 5351 ἀδιαιρέτως.

2109 5349 2216 5423 Ms.
2245 5349 2401 5417 38.8.,
2429 5357 2555 5413 ὅστις
2572 5349 2684 5423 ’τὴν-
2704 5360 2862 5423 φύσιν.

2035 5420 2078 5454 ¹³
2105 5420 2282 5476 Abest
2310 5429 2382 5476 ὅτι
2410 5438 2444 5476 a
2482 5437 2625 5478 mss.
2660 5420 2792 5478 Bas.
2828 5428 2884 5479 et
2911 5427 3054 5479 Ven.
3089 5420 3344 5479 secundo
3387 5422 3610 5477 utrobi-

1965 5506 2098 5564 que.

1965 5634 1978 5645 .
2038 5563 2080 5596 ¹⁴
2107 5562 2664 5645 Andjecimus'msoov
2687 5580 2723 5645 e
2751 5565 2918 5645 codd.
2962 5565 3092 5645 Bas.
3125 5566 3182 5618 et
3227 5559 3608 5645 fient-ambo-

1965 5634 2095 5690 bus.
2129 5630 2393 5690 Concinit
2448 5630 2638 5690 textus
2687 5635 2948 5704 Latinus,
2987 5636 3170 5691 Iesum
3220 5630 3495 5691 Christum
3546 5635 3610 5697 in

1963 5721 2146 5767 carne.
2179 5705 2242 5764 In
2273 5704 2457 5782 vulg.,
2486 5715 2689 5784 Χριστὸν
2719 5706 2847 5764 sine
2879 5714 3084 5780 Ἰησοῦν.
