3914 6226
9 435 188 527 8ιέ

1492 457 1872 525 EPISTOLA
1916 461 2044 524 LII.

3275 414 3480 528 .846

14 599 195 656 siam
227 591 597 667 scripsimus
644 589 1102 652 sollicitudinem
1146 592 1473 651 devotionis
1513 599 1717 652 vestra:
1746 596 1802 663 Α

1851 605 1993 654 λιτῶν
2038 605 2302 668 Ἐκκλησία
2315 606 2714 668 γεγσαφῆκαειεν,
2737 607 2823 663 τὴν
2846 607 3076 669 νοοντίδα
3093 609 3179 666 τῆ-
3200 609 3449 668 ὕειετέσας

15 688 42 743 l
55 691 234 744 atere
249 684 334 758 (a)
350 701 464 740 non
481 688 743 756 possent,
758 689 955 741 tamen
967 685 1146 740 etiam
1169 683 1522 756 specialibus
1545 683 1720 740 dilec-

17 777 285 832 tionem
312 778 571 829 vestram
599 772 813 830 litteris
843 774 1264 830 cohortandum
1295 789 1424 829 esse
1472 772 1720 828 credidi-

23 881 208 932 mus,
243 867 318 918 ut
339 879 635 918 memores
660 863 969 935 sanctae(b)
984 862 1365 935 professionis
1376 865 1584 918 vestrm
1598 877 1724 933 quae

19 951 294 1026 proprie
318 951 381 1006 in
403 951 518 1007 ﬁde
539 954 596 1007 et
616 951 899 1008 charitate
915 951 1206 1020 consistit,
1227 951 1426 1007 omnia
1443 949 1725 1006 scandala

21 1059 174 1114 qua
203 1043 422 1098 contra
448 1057 654 1112 pacem
687 1040 958 1097 Ecclesiae
989 1045 1116 1097 orta
1145 1044 1286 1096 sunt
1315 1057 1345 1095 a
1376 1040 1586 1096 vestris
1602 1055 1725 1096 cor-

21 1132 228 1187 dibus
249 1128 572 1202 repellatis,
593 1129 747 1186 beati
769 1128 1031 1202 Apostoli
1051 1129 1400 1186 sententiam
1419 1129 1516 1202 pia
1533 1133 1725 1185 mente

24 1219 381 1276 retinentes
402 1235 416 1274 :
446 1218 508 1274 Si
534 1221 658 1291 quis
669 1219 818 1276 vobis
829 1221 1291 1291 euangelizaverit
1298 1228 1504 1292 praeter
1516 1219 1570 1275 id
1581 1219 1725 1291 quod

23 1309 366 1381 accepistis,
397 1309 700 1364 anathema
727 1309 799 1364 sit
829 1307 970 1380 (Gal.
1005 1326 1046 1380 ι,
1076 1309 1170 1380 9);
1222 1313 1280 1364 et
1327 1309 1724 1364 custodientes

13 1396 594 1469 (cjunanimitatem
607 1414 743 1454 cum
756 1397 936 1454 fratre
965 1401 1166 1454 nostro
1199 1396 1473 1454 Flaviano
1505 1397 1727 1468 episco-

19 1504 111 1560 po
123 1503 343 1562 ,quem
360 1487 432 1543 ad
447 1490 683 1560 tempus
695 1486 980 1542 Dominus
994 1485 1261 1559 permisit
1275 1485 1593 1557 impiorum
1612 1485 1726 1541 fac-

21 1577 207 1634 tione
241 1576 482 1644 tentari,
500 1580 566 1631 ut
580 1576 892 1649 probatum
905 1575 1018 1632 sibi
1034 1575 1393 1632 sacerdotem
1412 1591 1586 1630 suum
1602 1591 1726 1646 per-

27 1666 400 1724 severantiae
416 1664 624 1721 merito
637 1665 1016 1722 faceret989
1031 1663 1357 1720 clariorem.
1383 1663 1514 1718 Haec
1526 1668 1722 1718 autem

31 1753 538 1828 perturbationes
570 1770 806 1810 necesse
835 1759 924 1810 est
944 1757 1028 1821 ut,
1053 1752 1369 1809 auxiliante
1391 1753 1490 1808 Dei
1511 1756 1720 1824 gratia,

25 1843 325 1901 celeriter
355 1844 760 1913 destruantur,
796 1843 872 1914 (d)
899 1846 957 1897 et
985 1858 1158 1898 omne
1189 1842 1346 1913 quod
1397 1842 1720 1913 reprobum

29 1937 132 1989 est
146 1933 226 1988 ab
241 1930 516 1988 Ecclesiae
530 1931 806 2003 puritate,
824 1948 952 2002 quas
967 1947 1074 1986 nec
1088 1928 1380 1986 maculam
1394 1946 1499 1986 nec
1511 1945 1718 2002 rugam

33 2020 268 2094 recipit
297 2020 516 2092 (Ephes.
543 2037 599 2087 v,
631 2020 746 2092 27),
781 2023 1130 2092 respuatur:
1173 2018 1428 2074 maxime
1472 2034 1610 2074 cum
1648 2018 1721 2073 ab

39 2110 274 2166 insana
299 2109 599 2182 imperitia
626 2109 686 2164 in
719 2108 827 2164 hoc
840 2125 1026 2181 usque
1040 2111 1386 2180 proruptum
1401 2106 1497 2174 sit,
1515 2111 1578 2162 ut
1589 2123 1722 2162 con-

37 2204 141 2254 tra
165 2201 612 2254 sacramentum
637 2196 847 2252 salutis
868 2197 1161 2266 humane,
1180 2195 1598 2252 incarnationis
1613 2197 1720 2252 Do-

38 2286 198 2342 mini
213 2286 407 2343 nostri
420 2287 558 2343 .Iesu
572 2285 786 2342 Christi
803 2286 1017 2341 veritas
1031 2286 1355 2358 denegetur
1367 2329 1380 2354 ,
1395 2285 1720 2357 etantiqute

49 2376 195 2432 ﬁdei
228 2375 581 2448 praedicator
610 2379 787 2447 atque
818 2375 1106 2442 defensor,
1141 2373 1282 2447 quia
1302 2390 1416 2429 non
1435 2372 1724 2446 acquievit

47 2463 455 2537 blasphemiis
472 2480 620 2536 quas
638 2462 778 2519 olim
799 2463 984 2520 sancti
1009 2463 1210 2519 Patres
1230 2461 1415 2518 nostri
1438 2461 1496 2516 in
1519 2461 1722 2517 multis

47 2553 354 2610 hareticis
385 2553 837 2621 damnaverunt,
859 2551 1210 2624 subjiciatur
1229 2551 1496 2623 injuriis;
1524 2551 1583 2606 in
1607 2567 1722 2622 quo

49 2640 264 2712 utique
294 2639 567 2697 omnium
596 2640 830 2696 Domini
873 2640 1248 2696 sacerdotum
1298 2639 1621 2695 reverentia
1650 2639 1720 2710 (e)

52 2729 326 2798 caeditur,
363 2734 420 2785 et
451 2729 725 2785 universa
749 2729 1012 2801 corporis
1041 2727 1258 2784 Christi
1290 2727 1560 2782 membra
1589 2726 1720 2799 pul-

56 2823 295 2875 santur.
327 2817 441 2876 Sed
476 2817 615 2890 quia
642 2816 968 2890 gloriosum
1000 2816 1169 2871 nobis
1195 2820 1288 2871 est
1317 2815 1566 2887 quiquid
1615 2831 1722 2871 nos

60 2906 189 2978 pati
201 2907 358 2963 Deus
368 2905 617 2963 voluerit
627 2922 733 2978 pro
745 2905 989 2961 veritate
1000 2904 1270 2971 tolerare,
1284 2903 1344 2959 in
1360 2904 1722 2960 consortium

59 3013 173 3052 vos
199 2994 494 3068 patientiae
525 2995 784 3069 paternis
809 2993 1316 3050 exhortationibus
1341 2993 1717 3062 advocemus,

61 3089 132 3140 ut
153 3101 248 3156 per
261 3083 636 3140 dilectionem
649 3087 902 3140 vestram
916 3083 1193 3139 omnibus
1205 3081 1321 3138 Deo
1336 3081 1723 3138 servientibus

58 3190 192 3246 quae
223 3173 576 3246 scripsimus
607 3172 996 3239 innotescant,
1028 3175 1084 3227 et
1121 3170 1380 3228 inimicis
1425 3170 1724 3244 Evangelii

65 3261 432 3330 resistentes,
495 3278 601 3317 nec
649 3261 905 3333 pastoris
949 3259 1129 3318 vestri
1173 3259 1566 3329 dilectionem,
1619 3278 1724 3318 nec

1855 694 2044 752 ἀγάπης
2081 693 2238 740 λαθεῖν
2269 695 2361 741 οὐκ
2397 696 2628 752 ἠδυνήθη,
2667 698 2803 755 ὅμως
2841 697 2923 744 καὶ
2957 699 3131 752 ὶδικοῖς
3178 699 3442 758 γράμμασι

1853 784 1938 838 τήν
1976 783 2166 840 ἀγάπην
2198 783 2336 830 ὐμῶν
2373 785 2741 846 προτρέὺατθαι
2783 785 3054 834 ἀκόλουθον
3086 779 3209 833 εἶναι
3252 789 3450 843 ἡγησά-

1855 878 1997 940 μεθα,
2035 878 2118 924 ἵνα
2162 879 2460 937 μεμνημένοι
2501 879 2586 936 τῆς
2629 881 2768 934 ἀνίας
2842 879 3149 942 (ἐπαγγελίας
3189 880 3377 940 ὕμῶν,)
3413 883 3444 938 ἦ

1852 981 1922 1020 τις
1959 964 2129 1020 ἶδικῶς
2167 966 2215 1013 ἐν
2267 965 2426 1014 πίστει
2471 967 2553 1014 καὶ
2593 967 2756 1028 ἀγίπη
2804 970 3120 1022 συνίσταται,
3171 969 3331 1016 πάντα
3381 971 3440 1018 τὰ

1852 1051 2099 1100 σκάνδαλα
2135 1051 2196 1102 τά
2238 1055 2492 1102 κατέναντι
2528 1056 2614 1112 τῆς
2655 1055 2919 1113 ἐκκλησίας
2963 1056 3289 1119 διεγερθέντα,
3340 1058 3440 1106 ἀπὸ

1851 1140 1937 1198 τῆς
1982 1139 2224 1202 ὐμετέρας
2271 1140 2473 1204 καρδίας
2508 1142 2844 1199 ἀποϐσὶλησθεο
2886 1148 2976 1192 τοῦ
3019 1144 3267 1204 μακαρίου
3317 1147 3438 1195 ἀποο

1851 1228 2030 1278 στόλου
2069 1229 2156 1282 τὰς
2187 1229 2458 1285 ἀπο-νίσεις
2495 1231 2686 1280 εὐσεϐεῖ
2723 1231 2895 1294 γνὼιιη
2945 1231 3349 1293 διακατέχοντεςο
3391 1233 3450 1284 Εἴ

1853 1334 1920 1373 τις
1949 1319 2078 1381 ὑμᾶς
2103 1317 2454 1380 εὐαγγελίζεται
2481 1320 2596 1384 παρ’
2624 1315 2650 1369 ὃ
2678 1321 2996 1386 παρελάϐετε.
3020 1319 3242 1378 ἀνάθεμα
3279 1321 3411 1371 ἔστω
3428 1339 3442 1352 ·

1851 1405 1934 1455 καὶ
1985 1405 2310 1468 φυλάττοντες
2369 1407 2646 1472 ὀμοψυχίαν
2710 1410 2835 1470 μετὰ
2886 1406 2976 1456 τοῦ
3035 1407 3246 1470 ἀδελφοῦ
3303 1412 3446 1470 ἡμῶν

1850 1495 2127 1544 Φλαϐιανοῦ
2162 1492 2250 1542 τοῖἱ
2294 1494 2588 1556 ἐπισκόπου,
2628 1499 2683 1547 ὄν
2708 1515 2814 1547 τινα
2847 1497 2971 1561 πρὸς
3007 1496 3179 1560 καιρὸν
3213 1500 3240 1547 ό
3274 1499 3448 1562 κύριος

1849 1583 2163 1648 συνεχώρησε
2226 1583 2323 1632 τῶν
2375 1584 2568 1633 ἀσεϐῶν
2635 1586 2740 1640 ταῖς
2789 1586 3068 1637 ἐπισκευαῖς
3129 1588 3442 1646 πειραθῆναι,

1847 1675 1924 1721 Iv:
1969 1671 2172 1734 δόκιμον
2216 1672 2377 1733 ἐαυτῷ
2425 1670 2509 1719 τὸν
2559 1670 2679 1722 ἴδιον
2727 1675 2979 1739 ἀρχιερέα,
3240 1677 3318 1725 διὰ
3361 1676 3447 1734 τῆς

1849 1761 2100 1820 ὕπομονῆς
2152 1761 2332 1822 ποιήσῃ
2381 1761 2748 1827 λαμπρότερον,
2805 1753 2950 1811 αὗται
3007 1763 3099 1824 γὰρ
3153 1761 3200 1808 αἱ
3236 1755 3444 1820 ταραχαὶ

1848 1850 2142 1911 ἀναγκαίως,
2198 1849 2478 1912 βοηθοὺσης
2531 1850 2618 1909 τῆς
2676 1856 2764 1899 τοῦ
2818 1849 2947 1901 θεοῦ
2993 1851 3219 1915 χάριτος,
3273 1847 3440 1907 τάχιον

1846 1937 2237 1998 διαλυθήσονται,
2283 1937 2364 1985 καὶ
2403 1943 2498 1986 πᾶν
2535 1938 2592 1986 τὸ
2635 1939 3050 2002 ἀποδοκιμασθὲν,
3097 1936 3194 1984 ἀπὸ
3227 1935 3334 2002 τῆς,
3359 1947 3426 1979 κα

1846 2027 2116 2091 θαρότητος
2153 2027 2239 2084 τῆς
2279 2026 2570 2084 ἐκκλησίας,
2604 2027 2710 2085 ἥτις
2744 2027 2858 2077 οὔτε
2900 2027 3071 2076 σπῖλον
3114 2025 3228 2074 οὔτε
3275 2020 3444 2085 ῥυτίδα

1846 2120 2130 2184 ἐπιδέχεται,
2173 2118 2590 2183 ἀποῤῥιφήσεται·
2643 2121 2851 2182 μάλιστα
2883 2121 2960 2170 ὅτι
3002 2118 3101 2168 ἀπὸ
3139 2118 3225 2174 τῆς
3264 2114 3440 2177 μανιώ-

1845 2209 1958 2263 δους
1993 2209 2150 2262 αἰτίας
2189 2207 2368 2271 [Forte
2416 2208 2643 2273 ἀμαθίας]
2680 2210 2747 2263 εἰς
2792 2207 3034 2259 τοσοῦτον
3074 2205 3310 2268 ἔφθασαν,
3359 2203 3442 2250 ἵνα

1844 2300 2099 2348 κατέναντι
2141 2301 2228 2344 τοῦ
2271 2296 2546 2360 μυστηρίου
2586 2298 2673 2356 τῆς
2710 2298 2958 2360 σωτηρίας
3005 2296 3103 2344 τῶν
3147 2291 3442 2356 ἀνθρώπων,

1844 2387 1873 2443 ἠ
1910 2385 1996 2445 τῆς
2047 2383 2401 2447 ἐνσαρκώσεως
2438 2383 2528 2434 τοῦ
2568 2386 2743 2450 κυρίου
2791 2386 2932 2450 ἡμῶν
2995 2381 3166 2442 Ἰησοῦ
3217 2384 3438 2446 Χριστοῦ

1844 2475 2040 2532 ἀλήθεια
2088 2472 2375 2536 ἀρνήσηται,
2423 2473 2506 2522 καὶ
2554 2477 2580 2524 ὁ
2630 2476 2716 2533 τῆς
2762 2475 2968 2540 ἀρχαίας
3017 2472 3229 2526 πίστεως
3290 2469 3442 2532 κῆρυξ

1844 2561 1926 2610 καὶ
1966 2559 2176 2624 ἔκδικος,
2231 2559 2392 2619 ἐπειδὴ
2449 2561 2506 2610 οὐ
2557 2563 2793 2612 συνέθετο
2842 2562 2947 2616 ταῖς
2991 2559 3338 2624 βλασφημίαις,
3386 2557 3444 2612 ἃς

1845 2666 1978 2704 τινας
2031 2649 2128 2714 πρὸ
2169 2647 2351 2698 πολλοῦ
2395 2651 2439 2697 ot
2487 2649 2618 2712 ἅγιοι
2664 2651 2870 2714 πατέρες
2922 2649 3064 2710 ἡμῶν
3120 2648 3187 2702 είς
3235 2646 3442 2702 πολλοὺς

1844 2737 2122 2801 αἱρετικοὺς
2171 2737 2751 2795 καθεῖλαν,”ὓπο6ληθείη
2801 2736 3031 2803 ὕϐρεσινο
3075 2736 3124 2784 ἐν
3167 2729 3207 2800 ᾧ
3253 2735 3437 2792 δηλαδὴ

1842 2825 2037 2874 πάντων
2077 2825 2175 2873 τῶν
2216 2829 2304 2874 τοῦ
2353 2825 2527 2890 κυρίου
2569 2827 2740 2890 ῑερέων
2784 2827 2814 2882 ἡ
2858 2825 3004 2879 αἰδὼς
3049 2822 3299 2872 τύπτεται.
3351 2819 3437 2870 καὶ

1843 2918 1932 2966 ὅλα
1989 2916 2052 2964 τὰ
2100 2917 2219 2979 μέλη
2259 2913 2348 2966 τοῦ
2396 2916 2632 2979 σώματος
2677 2913 2766 2965 τοῦ
2818 2913 3062 2978 Χριστοῦ.
3117 2912 3232 2964 Ἀλλ’
3275 2913 3436 2972 ἐπειδὴ

1843 3003 2032 3060 ἔνδοξον
2063 3004 2179 3067 ἡμῖν
2204 3004 2356 3062 ἐστιν,
2385 3003 2501 3052 εἴτι
2528 3002 2586 3054 ἂν
2615 3005 2746 3067 ἡμᾶς
2773 3004 2940 3052 παθεῖν
2971 3006 2998 3053 ό
3021 3002 3134 3058 θεὸς
3157 3002 3432 3065 βουληθείη,

1843 3092 1965 3157 [καὶ]
2007 3094 2130 3158 ὓπερ
2179 3092 2266 3151 τῆς
2307 3093 2530 3150 ἀληθείας
2565 3093 2850 3154 ὓπενέγκαι,
2891 3093 2961 3147 είς
2997 3090 3259 3140 κοινωνίαν
3296 3092 3436 3153 ἡμεῖς

1843 3181 1930 3240 τῆς
1998 3181 2252 3243 ὑπομονῆς
2316 3179 2580 3245 πατρικαῖς
2648 3181 2954 3246 προτροπαῖς
3027 3178 3432 3243 παρακλοῠμεθα·

1841 3271 1924 3318 ἵνα
1955 3269 2034 3318 διὰ
2063 3270 2151 3328 τῆς
2189 3269 2381 3330 ἀγάπης
2415 3270 2554 3333 ὑμῶν
2580 3270 2702 3320 πᾶσι
2735 3269 2838 3323 τοῖς
2865 3268 2936 3330 τῷ
2975 3267 3085 3329 Θεῷ
3119 3267 3433 3316 δουλεύουσιν

61 3352 138 3422 (f)
153 3351 432 3407 unitatem
447 3348 742 3407 catholicae
757 3348 891 3404 ﬁdei
903 3347 1499 3415 deseratis.Quoniam
1512 3365 1578 3405 ea
1591 3365 1720 3421 quas
1751 3334 1793 3403 C

1852 3359 1884 3407 ἃ
1923 3357 2206 3423 ἐγράψαμεν
2235 3359 2536 3422 φανερωθείη
2567 3359 2648 3408 ἵνα
2681 3357 2782 3412 τοῖς
2811 3355 3001 3421 ἐχθροῖς
3024 3351 3114 3403 τοῦ
3150 3354 3432 3416 εὖαγγελιου

69 3441 138 3495 in
168 3439 389 3512 Epheso
410 3454 600 3512 nuper
620 3443 820 3494 contra
824 3438 1119 3508 justitiam
1134 3437 1221 3493 vel
1239 3453 1530 3493 canonum
1553 3438 1724 3494 disci-

69 3528 290 3601 plinam
309 3519 414 3601 per
425 3528 604 3584 unius
617 3527 874 3583 hominis
888 3528 962 3598 (g)
980 3525 1385 3598 impotentiam
1404 3531 1569 3600 gesta
1586 3531 1726 3583 sunt

71 3615 235 3672 nulla
262 3615 561 3673 catholicae
589 3616 722 3672 ﬁdei
754 3614 900 3672 ratio
933 3619 1058 3671 rata
1086 3631 1215 3670 esse
1244 3615 1552 3686 permittit.
1581 3616 1727 3672 Data

68 3707 161 3778 (Ιι)
178 3705 367 3762 idibus
388 3705 678 3774 Octobris,
694 3705 930 3761 Asturio
948 3708 1007 3760 et
1025 3705 1347 3776 Protogene
1363 3703 1502 3760 viris
1525 3703 1725 3762 claris-

69 3795 240 3854 simis
269 3794 636 3854 consulibus.

1843 3447 2218 3504 ἀντεστηκότες,
2265 3447 2389 3509 μήτε
2443 3451 2531 3494 τοῦ
2585 3446 2816 3509 ποιμένος
2857 3444 3036 3507 (ὑμῶν)
3077 3444 3164 3500 τὴν
3216 3442 3426 3503 ἀγάπην,

1845 3537 1969 3597 μήτε
2022 3537 2110 3593 τὴν
2161 3535 2346 3598 μονάδα
2388 3536 2474 3594 τῆς
2516 3535 2781 3594 καθολικῆς
2823 3533 3035 3588 πίστεως
3084 3532 3427 3592 καταλείψητε.

1859 3623 2052 3682 Ἐπειδὴ
2084 3622 2246 3683 ἐκεῖνα
2272 3625 2333 3673 τὰ
2366 3622 2416 3674 ἐν
2458 3623 2651 3687 Ἐφέσῳ
2681 3622 2760 3672 ἐπὶ
2788 3620 2876 3672 τοῦ
2895 3621 3138 3687 παρόντος
3178 3620 3433 3670 κατέναντι

1843 3713 1929 3772 τῆς
1967 3711 2190 3770 ἀληθείας
2239 3710 2325 3761 καὶ
2359 3711 2458 3760 τῶν
2497 3711 2724 3762 κανόνων
2764 3710 2852 3769 τῆς
2898 3705 3169 3772 ἐπιστήμης
3212 3705 3272 3756 δι’
3325 3710 3433 3764 ἐνὸς

1843 3800 2103 3868 ἀνθρώπου
2160 3799 2376 3866 ἄμετρον
2435 3797 2728 3850 δυναστείαν
2775 3802 3123 3866 πεπραγμένα,
3180 3795 3294 3846 οὐδὲ
3345 3796 3431 3859 μία

1843 3889 1931 3949 τῆς
1957 3890 2220 3950 καθολικῆς
2245 3889 2458 3945 πίστεως
2497 3888 2764 3940 ἀκολουθία
2791 3887 2967 3938 δεκτέα
3006 3878 3134 3936 εἶναι
3164 3885 3426 3948 συγχωρεῖ.

1487 4007 1834 4066 EPISTULA
1852 4010 1916 4082 (i)
1939 4009 2052 4066 LII.

981 4106 1047 4178 (j)
1070 4120 1414 4160 THEODORITI
1443 4121 1702 4162 errscom
1731 4124 1862 4164 cvm
1891 4125 1963 4164 AD
1996 4124 2044 4164 s.
2081 4123 2307 4163 LEONEM
2345 4123 2560 4161 PAPAM.

71 4210 376 4279 Ξιοιιοιηςιε.Δ
394 4237 468 4279 -ᾼ
495 4204 539 4261 Ι.
575 4203 760 4279 Merito
789 4219 845 4260 se
871 4220 1154 4279 accurrere
1182 4203 1252 4279 ad
1281 4205 1633 4279 apostolicam
1661 4205 1858 4277 sedem,
1889 4209 1966 4279 tot
1983 4206 2364 4279 prwrogativis
2393 4221 2563 4279 supra
2604 4206 2827 4279 caeteras
2853 4201 3276 4279 eminentem:—
3307 4199 3374 4279 [Ι.
3408 4199 3474 4255 In

141 4279 321 4336 laudes
347 4277 406 4333 S.
441 4277 634 4334 Leonis
665 4277 934 4341 excurrit,
964 4271 1410 4346 commendatijue
1437 4277 1620 4332 zelum
1647 4279 1709 4334 in
1735 4271 2079 4344 Mam'chtéos,
2125 4271 2186 4334 εί
2221 4271 2506 4348 epistolam
2551 4274 2622 4330 ad
2667 4275 3012 4328 Havianum.
3064 4303 3131 4310 —
3178 4272 3266 4326 III.
3303 4271 3475 4339 Quam

77 4431 377 4487 lectionem
408 4425 630 4482 codicis
661 4424 1127 4497 Ratisponensis,
1151 4442 1278 4497 quae
1299 4425 1443 4497 dum
1469 4426 1723 4497 Magnum
1831 4428 2012 4484 Codd.
2045 4426 2268 4482 collect.
2286 4425 2557 4482 Chalced.
2578 4422 2928 4497 etyeneti_S_.
2950 4421 3130 4497 Marci

1831 4499 2002 4555 Solus
2034 4499 2212 4554 codex
2241 4497 2608 4553 Divionensis
2639 4493 2854 4566 Baluzii
2889 4493 3476 4566 habetimpotentiam,

1832 4571 1915 4626 ita
1945 4576 2140 4626 tamen
2168 4574 2232 4624 ut
2261 4568 2469 4623 litteris
2500 4569 2556 4622 in
2588 4565 2894 4637 afﬁxasint
2922 4569 3140 4637 puncta
3157 4583 3283 4637 qua:
3326 4565 3478 4622 indi-

1832 4641 2126 4720 cantillos
2146 4657 2274 4720 esse
2291 4639 2724 4720 expungendus.
2748 4636 2919 4720 Vocis
2933 4636 3276 4720 impotenti?
3296 4637 3342 4693 si
3350 4639 3483 4720 gni-

77 4509 123 4560 ct
152 4503 330 4557 Etiam
359 4498 600 4564 omittit,
628 4496 955 4552 Emmanuel
986 4496 1182 4552 autem
1226 4496 1476 4552 exhibet.
1527 4496 1724 4555 Graeca

78 4575 251 4629 etiam
293 4571 538 4642 antiqua
574 4569 837 4624 versione
867 4569 1273 4642 confirmatur,
1321 4569 1721 4642 probabilissi-

80 4639 1030 4714 momquedeinonstratQuesnelli
1049 4641 1447 4710 conjecturam
1467 4641 1724 4713 Magnum

80 4724 125 4773 et
156 4716 331 4771 Etiam
353 4729 457 4783 pro
488 4712 735 4768 Manueie
766 4727 1068 4783 perperam
1110 4710 1436 4783 irrepsisse.
1501 4781 1510 4783 _

79 4729 125 4773 ει
156 4729 331 4771 suam
353 4729 457 4773 [πο
488 4729 735 4768 manuete
766 4729 1068 4773 perperam
1110 4729 1436 4773 1rrepsxsse.

156 4729 331 4771 suam
353 4729 457 4786 pro
488 4729 735 4768 manuete
766 4729 1068 4784 perperam
1110 4729 1436 4782 irrepSisse.

147 4790 223 4857 (α)
269 4785 356 4857 Ita
415 4800 481 4838 ex
535 4799 682 4857 mss.
732 4783 1060 4857 Ratispzet
1097 4781 1320 4837 collect.
1377 4781 1723 4857 Chalcedon.

84 4853 247 4930 atque
267 4855 486 4930 Veneto
511 4853 736 4930 collect.
766 4857 857 4908 22.
892 4853 1064 4930 Editi,
1090 4869 1215 4930 _non
1253 4857 1496 4925 possunt.
1538 4856 1727 4912 Codex

85 4925 343 4985 Ottobon.
369 4925 595 4981 collect.
626 4926 716 4992 23,
749 4942 860 4980 non
886 4926 1118 4996 possint.

151 5001 222 5070 (b)
250 4997 388 5054 Cod.
421 4996 606 5052 Grim.
629 5001 686 5052 et
714 4995 1006 5064 Ottobon.,
1022 4995 1423 5067 promissionis.
1454 4996 1513 5050 In
1537 4995 1726 5053 Ratis-

91 5089 194 5144 pon
225 5072 384 5144 deest
410 5077 637 5144 sanctae.

156 5139 463 5212 (c)Vulga_ti
483 5141 777 5212 uni/atem.
797 5136 1103 5212 Przevaluit
1117 5136 1436 5212 auctoritas
1458 5154 1602 5212 mss.
1622 5139 1728 5212 Ra-

94 5208 220 5284 tis‘p.
251 5217 306 5268 et
329 5208 688 5284 collectionis
717 5209 1065 5284 Chalcedon.
1100 5223 1351 5284 nec__non
1369 5208 1573 5284 Veneti
1611 5210 1727 5265 col-

97 5278 219 5340 lect.
245 5285 332 5338 22.
369 5282 542 5338 Favet
561 5286 619 5337 et
649 5281 775 5336 cod.
808 5281 1106 5336 Otttobon.
1131 5278 1355 5334 collect.
1389 5280 1480 5342 23,
1504 5280 1561 5336 in
1589 5298 1726 5352 quo,

97 5357 509 5433 unanimique:
525 5369 654 5408 cum
672 5355 848 5433 fratre
863 5355 914 5407 et
929 5352 1239 5433 coepiscopo
1250 5353 1432 5433 nostro
1442 5353 1726 5433 Flaviano.

163 5426 327 5498 (ὠδὶς
341 5423 606 5498 plerique
622 5424 848 5498 codices
865 5422 1247 5498 a_c_editio_ne8_.
1263 5423 1632 5498 Quesnellus,
1645 5433 1727 5498 ut,

100 5493 262 5562 cuine,
291 5493 412 5552 Duo
443 5493 612 5552 codd.
649 5496 798 5552 Vatt.
831 5494 1054 5550 collect.
1104 5493 1476 5563 Chalcedon.,
1503 5503 1565 5551 ut
1589 5495 1730 5567 quod

103 5569 370 5642 reprobum
401 5571 500 5642 est.

168 5642 229 5708 (e)
256 5636 599 5707 Quesnellus
628 5636 849 5692 laeditur
875 5636 935 5691 in
969 5636 1254 5708 margine.

171 5642 229 5784 (eg
256 5642 599 5707 Quesnellus
628 5642 849 5720 laeditur
875 5642 935 5691 in
969 5642 1254 5762 margine.
1476 5708 1486 5718 .

171 5711 207 5785 (1
251 5712 403 5785 idem
457 5710 690 5785 Queen.
725 5726 786 5785 in
816 5724 1003 5780 marg.
1033 5725 1045 5763 :
1079 5713 1119 5763 Δ
1147 5725 1256 5775 ias,
1304 5708 1733 5763 unammitatem

115 5782 218 5845 Cod
235 5783 526 5847 Ottobon.,
557 5782 858 5836 veritatem.

172 5855 236 5940 (9)
261 5853 428 5931 Editi,
461 5851 879 5931 impudentiam.
899 5851 1038 5914 Cod.
1060 5850 1282 5932 Ratisp.
1299 5851 1529 5932 impatie
1595 5852 1728 5914 iam.

1755 4753 1802 4817 D

3152 4424 3474 4494 potentiam.

1834 4712 2024 4768 ﬁoatio
2056 4729 2160 4784 pro
2187 4708 2572 4784 immo—derata
2601 4708 2859 4784 potentia
2879 4708 3062 4784 _L_eoni
3091 4708 3398 4784 familiaris
3418 4710 3480 4768 in

1836 4779 2239 4863 superioribus
2277 4781 2564 4863 epistolis,
2602 4779 2724 4861 ubi
2765 4781 2843 4863 de“
2878 4779 3477 4863 Dioscoromloquitur2

1833 4851 2033 4928 ignota
2062 4853 2244 4928 fuisse
2273 4851 2502 4928 videtur
2531 4853 2602 4907 iis
2629 4851 2727 4928 qui
2759 4851 2861 4928 vel
2881 4856 3098 4928 puncta
3114 4851 3481 4928 amixere,vel

1834 4923 1903 4982 ex
1915 4926 2288 4998 impotentiam
2301 4941 2360 4980 sc
2367 4925 2411 4979 ri
2419 4941 2521 4998 pse
2526 4941 2588 4998 ru
2599 4928 2660 4978 nt
2675 4923 3152 4998 impudentia-mau
3163 4929 3182 4980 t
3194 4926 3484 4998 impatien-

1835 4993 2003 5054 tiam:
2020 4997 2397 5068 Impotentiam
2420 4993 2664 5068 quidem
2695 4993 2835 5068 legit
2863 4995 3037 5050 etiam
3057 4993 3290 5051 Graecus
3309 4997 3486 5053 inter-

1835 5087 1988 5151 pres,
2021 5066 2288 5194 θιὲὲιξὲὶιε
2307 5066 2572 5122 versione
2593 5066 2936 5122 immodicam
2943 5070 3245 5139 potentiam
3260 5068 3481 5126 Cotele-

1836 5158 1959 5194 rius
1992 5156 2052 5194 re
2137 5157 2152 5192 1
2202 5157 2214 5192 ι
2251 5179 2265 5193 .

1836 5139 1959 5196 rius
1992 5139 2265 5194 reddidit.

1907 5211 1982 5281 (h)
2011 5213 2095 5265 lta
2127 5227 2268 5266 mss.
2293 5207 2586 5281 Quesnelli
2612 5225 2745 5281 cum
2767 5209 2998 5264 duobus
3020 5209 3238 5265 Baluzii
3260 5214 3315 5265 et
3332 5226 3477 5281 qua-

1835 5279 1972 5337 tuor
1999 5283 2214 5337 nostris
2245 5281 2464 5337 collect.
2489 5279 2836 5336 Chalcedon.
2863 5297 2966 5335 nec
2989 5298 3102 5336 non
3123 5279 3480 5334 Veneto’col-

1837 5352 1970 5408 lect.
1993 5357 2064 5408 22
2089 5358 2147 5408 et
2177 5353 2447 5408 Ottobon.
2481 5351 2705 5407 collect.
2739 5352 2826 5405 23.
2852 5352 3029 5406 Codd.
3061 5351 3285 5406 Divion.
3313 5349 3484 5406 Baln-

1836 5425 1931 5490 7ii,
1966 5430 2024 5479 et
2052 5429 2249 5479 noster
2279 5423 2524 5494 Batisp.,
2548 5440 2610 5477 ιιι
2639 5423 2760 5478 idus
2788 5422 3050 5494 Octobris,
3084 5422 3228 5494 forte
3246 5419 3479 5486 melius,

1839 5501 1904 5550 ut
1927 5496 2120 5551 videre
2151 5500 2239 5550 est
2269 5511 2338 5550 ex
2366 5492 2565 5549 annot.
2603 5495 2670 5548 15
2700 5493 2828 5564 (col,
2861 5494 2966 5546 8i3
2989 5493 3061 5564 (g)
3084 5492 3140 5564 in
3160 5508 3251 5564 ep.
3272 5507 3483 5564 prisce.

1836 5566 2070 5632 Vulgati
2103 5565 2411 5632 Quesnello
2441 5562 2782 5630 anteriores,
2811 5579 2915 5618 vm
2947 5562 3068 5617 idus
3101 5562 3359 5616 Octobris.

1907 5633 1982 5710 (i7
2005 5637 2096 5692 Al.
2132 5643 2266 5710 post
2291 5638 2459 5710 epist.
2493 5637 2739 5710 47.9919
2762 5638 2956 5688 autem
2976 5637 3099 5687 erat
3117 5634 3206 5697 52,
3227 5633 3488 5690 nunc69.

1837 5706 2070 5780 Scripta
2097 5706 2208 5764 sub
2238 5706 2414 5780 finem
2442 5724 2536 5762 an.
2573 5706 2699 5760 449.

1909 5770 1985 5863 (ᾖ
1999 5781 2127 5836 Haec
2147 5779 2396 5863 epistola
2412 5781 2648 5904 sumsta
2662 5778 2835 5856 estex
2853 5771 3194 5855 Theodoreti
3207 5770 3491 5834 editione.

1909 5851 2532 5904 mmtafmtnostmsius
2583 5842 3491 5904 eoositioneminnseudosynodo

1841 5842 2072 5934 Scripta
2082 5842 2532 5929 fuitpostipsius
2543 5842 2962 5924 dispositionem
2976 5844 3034 5904 in
3045 5842 3498 5920 pseudosynodq
