3914 6226
150 335 273 417 849

1586 337 1971 407 EPISTOLA
2013 332 2140 404 ιιι.

3453 320 3579 399 850

148 444 435 540 sternam
462 494 532 540 ex
558 479 772 541 sterno
802 478 969 541 Patre
996 476 1285 559 Unigeniti
1318 475 1715 549 Divinitatem,
1747 480 1805 537 et

1953 487 2023 541 ιαὶ
2056 486 2143 548 τήν
2181 483 2237 538 ἐκ
2273 478 2554 554 σπέρματος
2598 478 2815 553 Ἀϐραὰμ
2853 479 2936 534 καὶ
2969 478 3119 534 Audit
3145 458 3524 544 ἂνθρωποτητα.

148 570 427 645 ejusdem
457 576 527 629 ex
562 571 808 630 Abrahaa
824 575 883 630 et
906 571 1086 631 David
1111 571 1333 631 semine
1356 569 1806 635 humanitatem,

146 678 219 720 ac
237 659 498 719 similem
524 679 632 735 per
648 663 846 720 omnia
858 663 1029 721 nobis
1052 663 1235 721 fuisse
1257 668 1618 735 assumptam
1639 665 1803 716 natu-

134 767 305 819 ram,
339 751 451 808 hoc
478 768 598 809 uno
627 751 977 810 dissimilem
1004 754 1159 826 quod
1191 753 1409 827 peccati
1427 768 1630 825 expers
1648 766 1808 805 man-

146 840 318 908 serit,
342 839 564 914 quippe
586 858 714 914 quae
749 859 866 898 non
892 858 962 899 ex
991 847 1222 911 natura,
1258 843 1359 899 sed
1398 859 1468 899 ex
1496 840 1681 897 libera
1706 855 1805 895 vo-

144 929 382 987 luntate
412 930 698 987 nascitur.
731 932 803 987 Et
830 931 941 988 hoc
969 936 1249 1005 praeterea
1283 931 1489 987 litterw
1542 929 1806 986 contine-

143 1020 318 1086 bant,
354 1035 540 1076 unum
569 1036 700 1077 esse
728 1021 1099 1095 unigenitum
1130 1021 1231 1077 Dei
1262 1017 1810 1091 Filium,etimpati-

145 1108 335 1166 bilem
365 1109 498 1181 ejus
530 1110 686 1166 940
714 1109 1113 1179 Divinitatem,
1145 1126 1273 1183 qua:
1305 1126 1410 1166 nec
1433 1109 1580 1164 verti
1609 1110 1804 1180 queat,

142 1215 257 1255 nec
289 1198 534 1265 mutari,
552 1198 706 1255 sicut
726 1199 893 1272 etqui
913 1199 1106 1272 ipsum
1130 1200 1530 1273 genuitPater,
1546 1202 1601 1254 et
1623 1196 1807 1269 Spiri-

140 1292 250 1345 tus
279 1291 547 1344 sanctus.
565 1287 818 1360 Ideoque
836 1288 1138 1361 patibilem
1160 1292 1431 1345 naturam
1457 1286 1804 1360 sumpsisse,

141 1377 296 1451 quia
315 1376 513 1433 divina
538 1381 749 1433 natura
772 1377 1107 1450 passionem
1120 1395 1235 1433 non
1250 1378 1594 1450 recipiebat:
1614 1381 1677 1433 ut
1707 1392 1808 1448 per

138 1466 351 1523 carnis
360 1466 613 1539 propria;
626 1466 959 1539 passionem
973 1467 1513 1540 impassibilitatem
1538 1465 1611 1522 iis
1624 1466 1723 1537 qui
1746 1465 1805 1521 in

138 1555 354 1629 ipsum
374 1556 683 1611 crederent
710 1554 1041 1630 largiretur.
1079 1557 1207 1613 Haec
1235 1562 1292 1613 et
1309 1556 1422 1612 alia
1441 1556 1536 1611 his
1560 1559 1809 1628 cognata

137 1643 368 1708 litteris
383 1643 860 1701 continebantur.
882 1645 999 1702 Nos
1034 1662 1168 1702 vero
1186 1644 1552 1718 spiritualem
1575 1647 1808 1716 sapien-

136 1733 297 1791 tiam
308 1737 477 1790 tuam
488 1733 785 1789 admirati.
801 1734 1058 1807 Spiritus
1077 1734 1264 1791 sancti
1278 1735 1524 1808 gratiam
1535 1778 1548 1803 ,
1563 1751 1690 1807 quae
1707 1750 1809 1806 per

137 1822 465 1881 voslocuta
493 1826 603 1891 est,
626 1821 903 1879 laudibus
942 1823 1281 1894 extulimus,
1313 1840 1730 1897 rogamusque,
1753 1827 1809 1878 et

138 1912 621 1979 obsecramus,et
632 1915 1021 1984 precamur,et
1036 1912 1333 1985 supplices
1345 1929 1584 1968 oramus
1597 1911 1810 1969 sancti-

139 2005 335 2058 tatem
348 2004 608 2071 tuam,ut
622 2003 971 2073 tempestate
983 2000 1221 2074 jactatis
1237 2001 1336 2058 Dei
1351 2001 1625 2058 Ecclesiis
1638 2017 1805 2073 opem

140 2091 324 2149 ferat.
761 2148 767 2155 ,

216 2182 360 2239 CAP.
376 2179 473 2236 ΙΙΙ.
492 2209 562 2221 -
582 2179 730 2235 Cum
751 2178 909 2236 enim
923 2180 1218 2253 (a)pereos
1234 2196 1383 2253 quos
1404 2180 1685 2237 sanctitas
1704 2182 1809 2235 tua

137 2269 450 2344 Ephesum
479 2266 641 2325 misit
658 2269 1025 2341 tempestatis
1053 2270 1273 2325 exitum
1313 2286 1704 2342 speraremus,
1747 2268 1807 2323 in

137 2360 478 2434 graviorem
517 2356 834 2431 procellam
865 2358 1088 2431 delapsi
1125 2376 1356 2415 sumus.
1388 2358 1806 2415 Alexandrino-
1837 2361 1852 2373 '

136 2465 281 2505 rum
299 2446 901 2521 quippejustissimus
932 2448 1179 2505 antistes
1193 2448 1651 2522 haudquaquam
1671 2465 1808 2504 con-

138 2540 351 2593 tentus
381 2535 496 2592 fuit
521 2535 727 2608 iniqua
765 2535 875 2592 hac
913 2540 971 2593 et
1006 2536 1405 2609 injustissima
1446 2536 1810 2610 depositione

144 2624 517 2683 sanctissimi
529 2625 765 2697 Deoque
775 2624 1110 2685 charissimi
1132 2626 1810 2699 Constantinopolitano-

148 2731 286 2771 rum
305 2712 566 2787 episcopi
590 2712 820 2770 Domini
838 2713 1117 2782 Flaviani,
1142 2715 1530 2788 nequeipsius
1552 2715 1809 2772 animam

147 2803 407 2877 explevit
417 2801 746 2859 consimilis
755 2806 982 2876 strages
993 2802 1243 2860 aliorum
1255 2804 1693 2877 episcoporum;
1709 2804 1810 2861 sed

149 2909 247 2950 me
259 2908 500 2965 quoque
515 2892 820 2948 absentem
832 2891 1059 2948 calamo
1072 2892 1344 2950 similiter
1358 2894 1670 2968 jugulavit,
1706 2909 1812 2950 nec

151 2982 215 3038 in
226 2984 333 3055 jus
354 2984 763 3049 vocatum,nec
784 2985 1130 3053 praesentem
1142 2987 1503 3051 accusatum,
1521 3000 1623 3040 nec
1640 2984 1816 3039 inter-

152 3076 431 3144 rogatum
447 3069 519 3127 de
536 3069 638 3127 Dei
651 3086 718 3126 ac
726 3068 1043 3127 Salvatoris
1056 3072 1234 3128 nostri
1250 3072 1651 3129 incarnatione
1670 3073 1811 3145 quid

154 3158 848 3218 sentiam.Ethomicidas
859 3160 1814 3234 quidem,acsepulcrorumeffrac-

153 3253 338 3314 tores.
368 3232 1623 3321 alienarumquenuptiaruminvasores,non
1646 3250 1809 3324 prius
1840 3232 1883 3299 (ἶ

152 3336 821 3409 condemnantjudices,
853 3354 1032 3410 quam
1053 3338 1145 3394 vel
1170 3339 1282 3411 ipsi
1307 3340 1535 3411 objecta
1563 3340 1813 3397 crimina

153 3427 528 3485 confessione
548 3442 659 3482 sua
674 3425 986 3493 ﬁrmarint,
1015 3428 1106 3484 vel
1128 3428 1202 3484 ab
1218 3427 1350 3485 aliis
1375 3433 1572 3501 aperte
1598 3429 1815 3485 fuerint

154 3514 433 3574 convicti.
466 3514 585 3572 Nos
600 3519 797 3572 autem
820 3514 915 3572 hic
936 3516 995 3572 in
1022 3516 1237 3573 divinis
1264 3516 1493 3590 legibus
1522 3519 1814 3575 enutritus

155 3606 233 3678 (ὸ)
254 3602 778 3678 trigintaquinque
798 3604 1205 3661 mansionibus
1224 3606 1509 3662 distantes
1535 3607 1813 3663 condem-

157 3693 321 3751 navit
332 3701 400 3751 ut
417 3690 827 3764 voluit.Neque
839 3709 996 3749 nunc
1010 3698 1242 3749 tantum
1259 3694 1369 3750 hoc
1386 3694 1646 3765 fecit,sed
1661 3712 1814 3752 anno

155 3783 341 3841 etiam
373 3779 695 3853 superiore,
725 3796 863 3836 cum
909 3798 976 3837 eo
1015 3783 1258 3854 profecti
1311 3788 1510 3840 essent
1552 3785 1667 3840 duo
1702 3784 1813 3840 viri

154 3869 971 3945 Apollinarismorboint‘ecti,
1003 3872 1158 3929 948
1188 3877 1245 3927 et
1264 3871 1592 3930 calumnias
1617 3872 1678 3929 in
1709 3891 1815 3929 nos

158 3959 509 4026 texuissent,
539 3975 901 4032 consurgens
933 3961 993 4016 in
1024 3961 1281 4018 Ecclesia
1309 3978 1418 4017 nos
1447 3962 1817 4019 anathemate

157 4047 405 4107 conﬁxit
427 4066 442 4116 ;
466 4046 644 4120 idque
671 4064 808 4104 cum
837 4048 910 4104 ad
940 4066 1077 4105 eum
1106 4048 1553 4122 scripsisissem,
1603 4055 1660 4107 et
1689 4068 1819 4123 quae

159 4137 447 4212 sentirem
480 4153 584 4209 per
610 4135 837 4193 litteras
857 4139 1281 4209 exposuissem.

231 4228 374 4284 CAP.
398 4224 491 4281 ιν.
528 4255 594 4266 -
624 4226 745 4298 Ego
774 4242 908 4282 vero
937 4226 1207 4283 Ecclesiae
1241 4246 1381 4286 sane
1411 4234 1816 4301 tempestatem

164 4316 371 4379 defleo,
404 4317 676 4370 caeterum
725 4315 908 4387 quieti
938 4317 1165 4372 studeo.
1197 4321 1305 4374 Sex
1334 4319 1490 4375 enim
1529 4324 1586 4375 et
1614 4320 1817 4392 viginti

167 4404 344 4461 annis
377 4402 757 4458 commissam
790 4402 935 4459 mihi
958 4405 1030 4459 ab
1062 4405 1468 4463 universorum
1497 4408 1614 4464 Deo
1636 4408 1821 4464 Eccle-

168 4492 321 4550 siam
346 4506 585 4563 precum
602 4494 927 4547 vestrarum
944 4493 1157 4550 auxilio
1178 4510 1310 4550 cum
1335 4496 1580 4553 rexerim
1598 4514 1611 4564 ;
1631 4513 1821 4569 neque

168 4581 283 4638 sub
308 4578 649 4637 beatissimo
692 4579 992 4637 Theodoto
1037 4582 1297 4639 antistite
1329 4583 1600 4652 Orientis,
1633 4602 1822 4656 neque
1854 4601 1900 4665 Ι)

169 4670 283 4729 sub
303 4668 381 4725 iis
401 4668 507 4741 qui
527 4667 613 4724 illi
634 4668 692 4724 in
713 4668 1248 4728 Anthiochenorum
1267 4672 1403 4729 sede
1414 4678 1826 4730 successerunt

169 4757 257 4816 vel
289 4756 603 4815 minimam
633 4758 1144 4830 reprehensionem
1176 4759 1433 4818 sustinui
1459 4779 1472 4831 ;
1505 4764 1607 4818 sed
1628 4763 1825 4819 divina

173 4847 321 4905 mihi
336 4849 683 4919 cooperante
692 4847 1089 4920 gratia,supra
1104 4848 1265 4909 mille
1278 4850 1505 4907 animas
1518 4851 1827 4907 Marcionis

175 4937 383 4993 morbo
402 4934 666 5002 liberavi,
702 4935 1040 5009 multasélue
1074 4937 1220 4995 alias
1244 4955 1312 4994 ex
1328 4939 1447 4994 Arii
1471 4944 1527 4995 et
1556 4940 1826 4996 Eunomii

174 5023 449 5100 partibus
476 5022 550 5079 ad
580 5023 878 5081 Christum
908 5024 1221 5082 Dominum
1245 5028 1510 5099 perduxi.
1544 5030 1615 5084 Et
1643 5029 1827 5085 octin-

175 5115 488 5188 gentarum
519 5110 909 5170 Ecclesiarum
940 5115 1292 5185 pastoralem
1343 5132 1546 5173 curam
1586 5117 1832 5174 sortitus

179 5204 428 5270 sum,tot
454 5199 615 5257 enim
636 5201 823 5274 Cyrus
839 5201 1013 5259 habet
1034 5204 1333 5275 parcecias,
1366 5205 1424 5261 in
1457 5206 1672 5279 quibus
1694 5224 1830 5279 pre-

251 5380 327 5453 (a)
358 5378 528 5462 Apud
548 5378 863 5461 Bai-ouium
888 5380 1221 5463 ad.an.449,
1245 5399 1407 5465 num.
1436 5382 1539 5440 H6
1563 5389 1619 5439 et
1648 5401 1837 5466 seqq,

182 5452 440 5531 hpcepis
448 5449 569 5531 t_ola
580 5450 779 5531 Latine
792 5451 1143 5531 describitur
1157 5470 1520 5531 _cx_versmne
1541 5456 1840 5531 _lj‘reder1c1

616 5537 688 5603 ue
738 5520 951 5603 linguae
1003 5524 1370 5596 peritissimi,
1422 5531 1486 5582 ut
1541 5526 1726 5598 liquet
1774 5543 1843 5583 ex

630 5598 682 5649 ic
735 5598 931 5650 autem
979 5612 1149 5652 voces
1205 5604 1283 5653 διὰ
1338 5608 1435 5653 τῶν
1464 5603 1843 5653 ἀποσταλέντων

185 5667 446 5727 neutrius
477 5664 1062 5740 generis_accipiens,
1096 5667 1368 5733 reddidit,
1414 5683 1515 5739 per
1560 5685 1621 5723 ea
1658 5684 1784 5740 qua:
1811 5686 1845 5723 α

154 5746 352 5802 ’Μήνα
380 5737 688 5797 sanctitate
716 5737 985 5810 Ephesum
1014 5740 1216 5812 scripta
1244 5743 1377 5795 sunt
1399 5737 1427 5802 ,⁵
1454 5755 1569 5811 qua
1590 5740 1650 5795 in
1668 5737 1846 5813 signi-

184 5523 337 5583 Metii
348 5522 533 5579 'utriu

183 5613 338 5654 num.
398 5595 528 5651 124.

1945 576 2042 628 Καὶ
2067 577 2142 627 ὅτι
2172 576 2301 627 κατὰ
2325 573 2485 626 πάντα
2510 560 2627 638 ἡμῖν
2660 574 2691 634 ἡ
2729 570 2969 637 ληφθεῖσα
2991 568 3133 636 φόσις
3162 565 3333 635 ιῷκει,
3378 564 3525 631 μόνον

1940 666 1993 717 δὲ
2030 666 2263 731 ἀνόμοιος
2299 659 2358 726 ἧν
2380 666 2452 730 τῷ
2498 666 2659 723 πάσης
2711 662 2955 730 ἁμαρτίας
3006 656 3231 724 ἀμύητος
3284 653 3532 720 διαμεῖναι

1941 755 2193 820 ιπειδήπερ
2220 755 2314 806 οῦκ
2374 754 2432 804 ἐκ
2482 754 2703 820 φύσεως.
2750 751 2849 803 ἀλλ’
2892 752 2949 801 ἐκ
3004 748 3341 815 προαιρέσεως
3400 736 3525 802 αὕτη

1942 844 2134 910 φύεται,
2171 836 2273 909 εἶχε
2317 842 2370 893 δὲ
2412 842 2496 893 καὶ
2533 840 2684 893 τοῦτο
2713 841 2776 891 τὰ
2803 838 3102 906 γράμματα,
3147 839 3215 892 ὣς
3252 827 3322 891 είς
3366 832 3454 897 μὶν
3501 834 3530 882 ὁ

2158 934 2424 996 μονογενὴς
2478 930 2568 982 τοῦ
2618 928 2748 981 Θεοῦ
2789 930 2912 987 Υίὸς,
2957 927 3147 984 ἀπαθὴς
3185 924 3238 974 δὲ
3290 922 3446 973 αὑτοῦ
3496 923 3527 979 ἡ

1942 1024 2133 1083 θεότης,
2175 1022 2257 1071 καὶ
2295 1020 2553 1087 ἄτρεπτος,
2593 1019 2678 1069 καὶ
2710 1019 3053 1076 ἀναλλοίωτος,
3088 1016 3308 1077 καθάπερ
3349 1015 3376 1061 ὁ
3415 1027 3525 1073 γεν-

1940 1113 2094 1172 νήσας
2134 1110 2282 1160 αὐτὸν
2326 1111 2507 1175 πατὴρ,
2550 1109 2631 1157 καὶ
2670 1108 2726 1156 τὸ
2761 1107 2998 1167 πανάγιον
3049 1101 3265 1167 πνεῦμα.
3312 1100 3408 1151 Καὶ
3446 1100 3529 1148 διὰ

1942 1199 2092 1251 τοῦτο
2116 1202 2205 1259 τὴν
2230 1202 2449 1257 παθητὴν
2490 1198 2630 1247 ἔλαϐε
2664 1196 2833 1260 φύσιν,
2877 1194 3135 1255 ἐπειδήπερ
3172 1195 3203 1249 ή
3241 1190 3346 1240 θεία
3386 1188 3531 1251 φύσις

1943 1290 2037 1339 οὐκ
2065 1290 2258 1354 ἐδέχετο
2292 1289 2471 1345 πάθος·
2513 1290 2597 1336 ἵνα
2641 1287 2712 1349 τῷ
2750 1285 2891 1334 πάθει
2930 1284 3017 1342 τῆς
3049 1282 3175 1335 ἰδίας
3213 1279 3398 1345 σαρκὸς
3439 1278 3527 1335 τήν

1944 1379 2174 1429 ἀπάθειαν
2211 1378 2312 1434 τοῖς
2346 1379 2412 1433 εἰς
2443 1375 2591 1426 αὑτὸν
2635 1372 2990 1424 πεπιστευκόσι
3031 1370 3313 1435 χαρίσηται.
3364 1370 3535 1416 Ταῦτα

1943 1467 2026 1516 καί
2070 1468 2167 1517 ὅσα
2204 1468 2399 1521 τούτοις
2443 1466 2548 1515 ἐστὶ
2596 1464 2826 1527 συγγενῆ,
2874 1460 3088 1525 περιεῖχε
3127 1459 3188 1506 τὰ
3233 1456 3528 1519 γφάμματα.

1959 1556 2130 1619 Ἥμεῖς
2157 1556 2317 1614 δὲτὴν
2348 1555 2683 1616 πνευματικήν
2714 1570 2806 1602 σου
2838 1552 3012 1613 σοφίαν
3042 1546 3403 1610 θαυμάσαντες,
3445 1545 3533 1601 τὴν

1944 1646 2005 1695 δι’
2034 1647 2173 1708 ὑμῶν
2207 1645 2533 1708 φθεγξαμένην
2566 1641 2655 1691 τοῦ
2690 1642 2831 1703 ἁγίου
2857 1638 3138 1701 πνεύματος
3174 1634 3529 1695 ἀνυμνήσαμεν

1944 1735 2083 1800 χάριν
2117 1734 2200 1782 καὶ
2227 1732 2629 1798 παρακαλοῦμεν,
2662 1732 2744 1779 καὶ
2774 1731 3144 1790 ἀντιϐολοῦμεν,
3183 1725 3267 1775 καὶ
3303 1724 3536 1785 δεόμεθα.

1946 1822 2031 1873 καὶ
2066 1824 2351 1882 ίκετέυομέν
2391 1839 2483 1871 σου
2514 1824 2599 1879 τήν
2632 1821 2933 1882 ἁγιωσόνην,
2962 1813 3244 1879 ἐπαμμῦναι
3282 1812 3393 1869 ταῖς
3447 1816 3537 1862 τοῦ

1948 1913 2075 1960 Θεοῦ
2100 1910 2785 1976 ἐκκλησίαις-χειμαζομένης.

2014 2096 2167 2147 Λύσιν
2201 2098 2294 2162 γὰρ
2325 2095 2522 2146 ἔσεσθαι
2559 2099 2646 2144 τοῦ
2699 2093 2949 2149 κλύδωνος
2972 2084 3419 2154 ¹προσδοκήσαντες
3458 2086 3539 2136 διὰ

1948 2188 2045 2236 τῶν
2070 2189 2201 2249 παρὰ
2231 2187 2317 2245 τῆς
2345 2187 2588 2248 ὑμετέρας
2624 2183 2903 2246 ἁγιωσύνης
2928 2182 2993 2235 είς
3025 2183 3113 2238 τὴν
3156 2180 3376 2241 ’Ἔφεσον
3418 2177 3541 2224 ἀπο-

1948 2278 2248 2338 σταλέντων,
2292 2275 2613 2342 χαλεπωτέρᾳ
2646 2272 3086 2337 περιπεπτώκαμεν
3137 2269 3274 2341 ζάλῃ.
3328 2266 3389 2314 ⁸0
3439 2266 3535 2328 γὰρ

1949 2368 2035 2426 τῆς
2086 2365 2433 2427 Ἀλεξανδρείας
2470 2362 2781 2417 δικαιότατος
2812 2360 3051 2427 πρόεδρος
3096 2358 3187 2408 οὐκ
3220 2357 3438 2421 ἠρκέσθη
3479 2360 3537 2417 τῇ

1949 2455 2119 2519 ἀνόμῳ
2156 2456 2309 2516 ταύτῃ
2357 2470 2441 2503 κα.
2481 2451 2763 2513 ἀδικωτάτη
2800 2450 3083 2511 καθαιρέσει
3120 2443 3209 2495 τοῦ
3252 2444 3535 2505 ἀγιιυτάτου

1949 2542 2031 2592 καὶ
2066 2542 2440 2605 θεοφιλεστάτου
2480 2540 2577 2587 τῶν
2618 2535 3211 2587 Κωνσταντινουπολιτῶν
3260 2532 3537 2582 ἐπισκόπου

1951 2633 2038 2683 τοῦ
2075 2635 2256 2698 Κυρίου
2295 2628 2591 2688 Φλαυιανοῦ,
2626 2628 2738 2677 οὐδὲ
2776 2630 3036 2685 ἐνέπλησεν
3075 2623 3230 2675 αὐτοῦ
3275 2624 3357 2674 τὸν
3386 2625 3542 2685 θυμὸν

1950 2724 2047 2772 τῶν
2087 2724 2237 2772 illum
2276 2721 2557 2771 ἐπισκόπων
2592 2722 2622 2776 ή
2662 2718 2981 2783 παραπλησία
3019 2717 3204 2778 σφαγή.
3241 2715 3370 2765 Ἀλλὰ
3415 2713 3544 2776 κᾶμὶ

1953 2818 2034 2865 τὸν
2076 2814 2264 2862 ἀπόντα
2301 2811 2485 2871 ὁμοίως
2535 2810 2743 2873 καλάμῳ
2789 2804 3122 2869 κατέσφαξεν,
3169 2804 3285 2853 οὔτε
3335 2804 3544 2860 καλέσας

1953 2901 2021 2953 είς
2051 2901 2325 2964 κριτήριον,
2359 2897 2475 2946 οὔτε
2509 2896 2731 2958 παρόντα
2779 2893 2961 2958 κρίνας,
3000 2891 3093 2940 οὐκ
3131 2891 3387 2952 ἐρωτήσας
3433 2891 3543 2937 τίνα

1952 2990 2115 3054 φρονῶ
2140 2987 2360 3053 περὶτῆς
2393 2990 2481 3033 τοῦ
2518 2986 2647 3033 Θεοῦ
2684 2981 2767 3031 καὶ
2805 2982 3037 3045 σωτῆρος
3058 2980 3199 3042 ἡμῶν
3234 2977 3544 3042 ένανθρωπή-

1951 3094 2093 3133 σεως.
2126 3077 2223 3125 Καὶ
2255 3075 2373 3127 τοὺς
2409 3073 2495 3136 μὲν
2523 3070 2872 3135 ἀνδροφόνους,
2914 3069 2996 3117 καὶ
3043 3066 3424 3131 τυμϐωρύχους,
3460 3063 3544 3113 καὶ

1952 3167 2068 3222 τοὺς
2102 3169 2187 3220 τὰς
2225 3163 2480 3228 ἀλλοτρίας
2520 3161 2833 3219 συλήσαντας
2869 3158 3025 3211 εὐνὰς.
3071 3158 3129 3206 οὐ
3176 3156 3417 3220 πρότερον
3454 3171 3545 3202 κα-

1953 3255 2253 3318 τακρίνοισιν
2278 3255 2323 3302 οἱ
2356 3251 2652 3306 δικάζοντες,
2682 3250 2777 3303 ἕως
2812 3245 2871 3297 ἂν
2898 3243 2930 3306 ἦ
2954 3244 3095 3294 αυτοὶ
3134 3246 3221 3298 τὰς
3245 3241 3545 3307 κατηγορίας

1952 3344 2059 3399 ταῖς
2085 3343 2367 3406 ὁμολογίαις
2402 3340 2716 3403 κυρώσωσιν,
2746 3333 2779 3397 ἢ
2809 3333 2922 3401 παρ’
2950 3336 3128 3399 ἐτέρων
3166 3332 3381 3396 ἐναργῶς
3407 3329 3545 3391 ἐλεγ-

1950 3433 2148 3496 χθῶσιν.
2218 3431 2381 3493 Ἧμᾶς
2425 3428 2528 3477 ὂὲό
2575 3433 2676 3482 τοῖς
2739 3425 2883 3479 θείοις
2933 3422 3103 3485 νόμοις
3160 3418 3545 3483 ἐντεθραμμένος

1950 3522 2090 3570 πέντε
2140 3519 2224 3569 καὶ
2274 3519 2541 3584 τριάκοντα
2588 3514 2826 3578 σταθμοῖς
2870 3512 3215 3577 ἀφεστηκότας
3256 3510 3543 3573 κατέκρινεν

1953 3610 2018 3664 ὡς
2036 3610 2260 3669 ἠθέλησε.
2290 3608 2386 3657 Καὶ
2415 3606 2564 3656 τοῦτο
2597 3606 2656 3654 οὗ
2682 3608 2765 3654 νῦν
2807 3601 2958 3666 μόνον
2987 3600 3274 3657 πεποίηκεν,
3306 3598 3424 3647 ἀλλὰ
3462 3597 3545 3646 καὶ

1951 3699 2123 3762 πέρυσι
2172 3699 2295 3761 μετὰ
2335 3697 2424 3745 δύο
2467 3696 2645 3759 ἄνδρας
2696 3693 2795 3742 τῶν
2842 3694 2928 3750 τήν
2997 3688 3327 3753 Ἆπολιναρίου
3387 3687 3539 3736 νόσον

1953 3775 2118 3841 947
2161 3786 2513 3847 είσδοξαμένων
2552 3784 2712 3833 ἐκεῖσε
2757 3780 3052 3847 δραμόντας,
3090 3778 3174 3826 καὶ
3216 3775 3545 3839 συκοφαντίας

1953 3874 2059 3925 καθ’
2090 3876 2233 3936 ἡμῶν
2272 3875 2570 3935 ὑφήναντας,
2611 3873 2827 3924 ἀναστὰς
2856 3868 2931 3917 ἐπ’
2962 3866 3225 3920 ἐκκλησίας
3263 3866 3395 3926 ἡμᾶς
3431 3861 3545 3911 ἀνε-

1953 3967 2200 4031 θεμάτισε.
2240 3968 2341 4016 Καὶ
2376 3965 2533 4015 ταῦτα
2583 3967 2705 4027 ἐμοῦ
2744 3963 3030 4027 γράψαντος
3066 3959 3188 4024 πρὸς
3236 3956 3409 4014 αὐτὸν,
3458 3953 3543 4003 καὶ

1952 4058 1984 4105 ἃ
2010 4058 2178 4121 φρονῶ
2201 4057 2280 4104 διὰ
2302 4056 2607 4121 γραμμάτων
2631 4052 2962 4110 δηλώσαντος.

2033 4153 2163 4214 Ἐγὼ
2187 4151 2239 4199 δὲ
2271 4150 2513 4215 ὀδύρομαι
2539 4148 2624 4210 μὲν
2661 4147 2747 4204 τῆς
2770 4144 3034 4200 ἐκκλησίας
3066 4141 3149 4190 τὸν
3183 4138 3428 4197 κλύδωνα,
3453 4137 3543 4197 τὴν

1951 4238 2004 4287 δὲ
2057 4240 2265 4302 ἡσυχίαν
2328 4238 2625 4295 ἀσπάζομαι.
2693 4234 2779 4288 “EE
2825 4234 2918 4295 γὰρ
2970 4229 3054 4279 καὶ
3115 4226 3275 4277 εἴκοσι
3322 4227 3407 4285 ἔτη
3455 4226 3543 4285 τήν

1953 4325 2333 4391 ἐγχειρισθεῖσοὶν
2376 4343 2458 4384 μοι
2491 4326 2624 4385 παρὰ
2660 4323 2757 4369 τῶν
2790 4322 2916 4369 ὅλων
2960 4316 3254 4374 Ἐκκλησίαν
3276 4316 3443 4371 ίθύνας
3463 4314 3545 4365 διὰ

1952 4419 2040 4474 τὰς
2069 4420 2307 4481 ὑμετέρας
2349 4418 2511 4480 εὐχὰς,
2548 4417 2641 4463 οὐκ
2678 4413 2755 4461 ἐπὶ
2799 4410 2887 4461 τοῦ
2933 4409 3317 4474 μακαριωτάτου
3363 4405 3543 4456 Θεοδό-

1952 4522 2042 4556 του
2071 4505 2160 4557 τοῦ
2196 4508 2281 4564 τῆς
2320 4505 2559 4560 ἀνατολῆς
2587 4501 2851 4565 προέδρου,
2885 4500 2978 4548 οὐκ
3009 4497 3086 4546 ἐπὶ
3115 4497 3213 4545 τῶν
3256 4496 3380 4558 μετὰ
3417 4495 3544 4545 ἐκεῖ·

1952 4611 2037 4644 νον
2067 4597 2151 4643 τὸν
2183 4596 2280 4642 τῶν
2326 4592 2607 4655 Ἀντιοχέων
2628 4590 2985 4651 διαδεξαμένων
3021 4586 3212 4651 θρόνον,
3246 4586 3334 4643 τὴν
3372 4590 3547 4650 τυχοῦ-

1953 4699 2045 4732 σαν
2118 4683 2300 4745 μέμψιν
2364 4681 2620 4740 ὑπέμεινα.
2698 4679 2815 4726 ἀλλὰ
2871 4677 2960 4735 τῆς
3011 4677 3139 4729 θείας
3203 4670 3286 4737 μοι
3346 4674 3549 4738 χάριτος

1952 4771 2321 4837 συνεργησάσης
2364 4771 2556 4822 πλείους
2610 4768 2695 4830 μὲν
2744 4764 2776 4826 ἢ
2823 4766 2977 4831 χιλίας
3029 4764 3193 4829 ψυχὰς
3231 4763 3549 4828 ἠλευθέρωσα

1954 4860 2042 4921 τῆς
2076 4859 2372 4924 Μαρκίωνος
2408 4857 2579 4913 νόσου,
2616 4856 2811 4911 πολλοῖς
2850 4855 2902 4903 δὲ
2937 4852 3097 4908 ἄλλοις
3121 4837 3305 4912 ἐκντῆς
3362 4852 3546 4916 Ἀρείου

1953 4948 2037 4997 καὶ
2081 4948 2331 5007 Εὖνομίου
2375 4944 2656 5009 συμμορίας
2704 4946 3024 5008 προσήγαγον
3063 4943 3135 5004 τῷ
3174 4941 3388 5003 δεσπότῃ
3427 4944 3551 5007 Χρι-

2112 5038 2210 5089 Rei
2246 5037 2295 5086 ιν
2337 5038 2656 5091 ὀκτακοσίαις
2697 5036 2977 5094 ἐκκλησίαις
3021 5035 3193 5099 ἔλαχον
3240 5033 3546 5095 ποιμαίνειν·

1956 5128 2202 5181 τοσαύτας
2237 5128 2329 5195 γὰρ
2367 5128 2395 5175 ό
2429 5126 2626 5192 Κύρῤος
2660 5126 2922 5192 παροικίας
2956 5124 3077 5191 ἔχει,
3135 5124 3186 5173 έν
3226 5115 3303 5178 αίς
3347 5122 3455 5172 οὐδέ
3494 5124 3547 5172 ἓν

1948 5381 2217 5437 ﬁcatione
2247 5377 2649 5451 intelligendas
2682 5378 2881 5451 essent
2934 5372 3136 5427 litterae
3162 5437 3174 5449 .
3194 5367 3264 5451 ad
3304 5366 3596 5451 sinodum

1949 5454 2342 5526 Ephesinum,
2360 5452 2415 5505 id
2435 5437 2539 5505 Est
2563 5448 2733 5520 epist.
2757 5447 2845 5510 33,
2880 5437 3597 5526 quamnquidcmz‘heedo-

1951 5506 2449 5594 rirtuniscccpisse
2500 5506 2617 5574 una
2666 5534 2797 5594 cum
2833 5506 3036 5594 "epist:
3062 5506 3129 5594 28
3152 5506 3598 5594 adﬁlavianum

2230 5575 2383 5665 οἶος]
2396 5575 2599 5665 aedem
2632 5590 2802 5665 epist.
2969 5582 3041 5636 ad
3070 5575 3430 5665 Anatolium:

2310 5648 2620 5738 Quesnellu
2632 5648 2712 5738 nia
2722 5656 2956 5735 triginta
2974 5648 3372 5707 mansionibus.
3385 5651 3595 5708 Vocem

1954 5728 2194 5811 quin'qué
2222 5754 2289 5794 ex
2320 5728 2514 5792 Graeco
2546 5728 2965 5801 supplevimus.
