3914 6226
44 404 190 502 τρυε

1495 403 1882 474 EPISTOLA
1922 403 2158 475 LXXV.

3414 414 3536 481 90!

80 559 238 611 rum,
264 557 416 599 cum
457 540 902 616 mquanimitate
931 536 1303 600 tolerandum
1336 547 1422 600 est
1448 560 1462 600 :
1492 545 1771 617 quoniam
1800 547 1853 612 Α
1885 544 2495 619 amplectens,alloqui
2517 543 2888 604 dilectionem
2905 550 3160 606 vestram
3190 549 3532 606 sacerdotali

81 633 180 689 ubi
211 632 456 690 veritas
509 637 600 690 est
641 633 945 706 magistra,
978 648 1304 705 numquam
1335 633 1549 689 desunt
1578 633 1775 689 divina

80 720 318 788 solatia,
344 721 580 778 fratres
603 720 1247 784 charissimi.0uamvis
1278 736 1414 794 ergo
1445 737 1661 794 magna
1685 721 1771 778 lo-

82 828 288 868 corum
322 809 655 868 intervalla
694 828 802 868 nos
840 810 1124 882 dividant,
1152 810 1377 866 unitate
1405 813 1604 867 tamen
1636 810 1770 867 fidei

80 897 402 956 vobiscum
441 916 519 955 su
533 917 685 970 mus,
704 904 762 956 et
780 903 901 955 toto
924 899 1096 956 corde
1115 899 1320 955 Jesum
1343 899 1641 955 Christum
1664 899 1775 956 Do-

86 988 317 1044 minum
353 992 650 1044 nostrum
683 1005 885 1045 verum
929 987 1116 1045 Deum
1147 991 1204 1044 et
1229 1004 1435 1044 verum
1474 987 1775 1044 hominem

84 1077 480 1148 conﬁtentes,
521 1077 686 1134 nulla
716 1077 775 1132 in
805 1077 971 1134 vobis
1010 1077 1361 1134 detrimenta
1389 1077 1772 1150 perpetimur,

90 1183 218 1224 cum
249 1165 325 1223 de
358 1169 587 1224 vestras
635 1165 1017 1241 professionis
1057 1166 1370 1224 concordia
1405 1165 1727 1239 gloriamur
1759 1183 1773 1224 :

86 1259 321 1311 tantum
357 1260 435 1312 ut
480 1255 566 1312 sit
603 1254 922 1312 auxiliante
952 1253 1202 1311 Domino
1230 1255 1557 1312 constantia
1586 1269 1779 1328 perse-

87 1360 318 1412 verens,
345 1344 601 1401 dicente
625 1343 910 1418 Apostolo
936 1362 948 1400 :
973 1345 1174 1402 I021
1218 1344 1370 1401 Vobis
1398 1345 1550 1399 enim
1581 1343 1658 1416 (a)
1687 1343 1776 1399 do-

89 1438 280 1488 natum
311 1437 396 1490 est
423 1449 544 1507 pro
574 1433 806 1502 Christo,
839 1449 950 1490 non
978 1434 1158 1491 solum
1184 1436 1246 1489 ut
1275 1436 1337 1490 in
1364 1449 1489 1490 eum
1515 1432 1772 1502 credatis,

94 1522 179 1578 sed
209 1523 387 1579 etiam
418 1526 490 1578 ut
527 1539 632 1595 pro
665 1523 763 1580 illo
792 1523 866 1595 (b)
901 1525 1208 1595 patiamini
1236 1523 1464 1596 (Philip.
1488 1539 1530 1592 ι,
1552 1522 1666 1592 29).
1689 1522 1776 1580 Ad

96 1628 266 1684 quam
301 1611 736 1670 fortitudinem
769 1616 1110 1668 sanctarum
1159 1611 1447 1668 mentium
1497 1611 1778 1668 roboran-

97 1701 246 1769 dam,
270 1700 502 1757 fratres
537 1705 772 1757 nostros
794 1705 972 1774 atque
994 1700 1392 1774 legatos,quos
1413 1717 1517 1773 pro
1539 1705 1778 1774 aposto-

99 1789 215 1845 lica
245 1788 388 1846 ﬁdei
423 1788 708 1847 libertate
737 1789 1080 1858 direximus,
1103 1793 1160 1846 et
1184 1805 1334 1862 quos
1364 1790 1589 1845 dudum
1623 1789 1776 1862 apud

98 1892 191 1934 vos
214 1894 347 1935 esse
381 1877 774 1947 conﬁdimus,
799 1877 1123 1952 plurimum
1161 1877 1458 1935 credimus
1504 1879 1777 1952 profutu~
1809 1920 1857 1985 B

102 1982 189 2023 ros
212 1981 226 2022 :
252 1983 394 2024 cum
418 1967 617 2024 totius
639 1967 888 2025 actionis
904 1971 1118 2024 nostra:
1136 1966 1457 2024 didiceritis
1479 1967 1774 2037 allectum,

102 2059 152 2110 et
165 2071 368 2112 curam
389 2060 665 2113 vestram
683 2060 860 2130 atque
879 2056 1192 2113 consilium
1209 2056 1278 2129 (ε)
1292 2056 1385 2129 pio
1402 2055 1559 2129 operi
1571 2055 1778 2127 junxe-

107 2143 341 2201 ritis.De
359 2161 486 2217 qua
510 2161 577 2202 re
601 2161 717 2201 non
741 2161 981 2202 necesse
1003 2149 1092 2202 est
1117 2162 1275 2201 nunc
1299 2144 1476 2201 latius
1499 2145 1774 2210 scribere,

108 2248 230 2288 cum
254 2234 385 2306 jam
419 2250 534 2307 per
566 2234 942 2306 supradictas
978 2233 1338 2290 sufficientes
1379 2233 1454 2305 ((l)
1495 2234 1776 2306 epistolas

111 2319 466 2392 miserimus,
487 2323 715 2396 quibus
744 2323 1252 2380 abundantissime
1273 2323 1466 2379 omnis
1490 2321 1777 2379 catholica

111 2409 444 2468 fraternitas
478 2413 838 2468 instruatur.
862 2411 1078 2468 Divina:
1109 2411 1218 2468 erit
1245 2411 1478 2470 virtutis
1498 2415 1555 2468 et
1574 2411 1774 2484 gratiae

113 2502 172 2554 ut
187 2498 286 2555 Dei
309 2498 524 2569 Filius,
556 2501 658 2573 qui
683 2505 955 2557 naturam
979 2499 1222 2557 humani
1245 2499 1476 2574 generis
1507 2517 1676 2556 suam
1698 2499 1776 2556 fe-

116 2587 204 2653 cit,
219 2588 480 2662 amplius
501 2606 684 2662 quam
701 2589 773 2661 (e)
784 2589 1054 2646 videmus
1071 2593 1174 2644 aut
1190 2588 1475 2661 sapimus,
1491 2603 1773 2661 magnum

116 2674 338 2746 pietatis
356 2695 481 2734 suae
502 2683 734 2734 asserat
751 2682 1186 2734 sacramentum
1200 2677 1246 2746 (Ι
1260 2678 1484 2742 Tinam,
1501 2676 1774 2749 16),quod

121 2763 619 2837 impiatemeritas
636 2766 746 2822 sibi
766 2765 1004 2839 quidem
1024 2765 1332 2837 fraudavit,
1347 2765 1448 2821 sed
1466 2765 1639 2821 rectis
1657 2781 1779 2820 eor-

119 2851 276 2910 dibus
298 2856 540 2913 auferre
562 2871 679 2911 non
703 2854 1063 2928 potuit.Data
1084 2853 1150 2925 (n
1172 2853 1370 2910 idibus
1391 2853 1772 2928 Septembris,

121 2938 522 3002 Valentiniano
557 2947 616 3000 et
644 2943 860 2999 Avieno
891 2960 946 2998 v.
979 2959 1028 2999 c.
1060 2941 1425 2999 consulibus.

603 3031 950 3088 EPISTULA
981 3031 1058 3102 (g)
1090 3031 1297 3086 Lxxv.

251 3119 324 3194 (h)
354 3138 430 3177 AD
463 3136 744 3178 “verum
775 3137 842 3176 Br
874 3136 1183 3176 MARTINUM
1217 3136 1631 3177 passswsaos.

129 3205 408 3266 Svsorsxs.
430 3242 505 3253 —
529 3210 577 3266 Ι.
609 3210 962 3266 Intolerabile
990 3225 1101 3265 esse
1127 3211 1317 3265 scribit
1340 3208 1776 3266 Occidentalibus

1883 633 2185 689 affectione
2213 651 2326 688 non
2358 635 2561 692 desino
2587 653 2599 691 :
2629 640 2693 692 ut
2721 653 2790 693 ex
2817 636 2946 709 ipsa
2967 638 3294 710 frequentia
3313 638 3534 693 littera-

1882 739 2014 776 rum
2063 722 2300 794 possitis
2331 739 2646 796 agnoscere
2690 730 2969 796 quantam
3021 743 3223 782 curam
3268 726 3535 782 Ecclesia

1883 810 2232 867 universalis
2261 811 2605 882 habeamus,
2632 831 2734 886 pro
2765 815 2934 886 cujus
2968 815 3236 887 piissimo.
3260 815 3374 870 ﬁde
3405 819 3532 870 stu-

1886 898 2109 954 diosius
2166 899 2529 956 defendenda
2582 905 2836 958 vestram
2888 920 3120 976 quoque
3169 903 3536 961 devotionem

1884 983 2887 1058 oportetlaborumnostrorum‘esse
2919 996 3267 1047 consortem.
3299 993 3446 1048 Nam
3478 997 3538 1049 et

1884 1091 1989 1146 per
2017 1075 2227 1132 fratres
2274 1081 2507 1134 nostros
2555 1079 2858 1152 episcopos
2913 1084 3088 1152 atque
3144 1082 3534 1154 presbyteros,

1884 1179 2033 1235 quos
2056 1181 2160 1237 pro
2181 1164 2526 1222 Christianae
2548 1166 2847 1240 religionis
2870 1171 3026 1224 statu
3058 1169 3535 1242 misimus,quos-

1885 1269 1998 1325 que
2027 1254 2251 1310 dudum
2280 1255 2584 1312 vobiscum
2628 1273 2756 1312 esse
2799 1257 3174 1323 confidimus,
3197 1257 3536 1330 plenissime

1883 1359 1952 1398 ex
1981 1343 2140 1398 omni
2186 1344 2574 1402 instructione
2605 1363 2781 1418 quam
2817 1347 3089 1403 dedimus
3129 1347 3405 1420 potuistis
3431 1349 3537 1404 ad-

1883 1435 2106 1488 vertere
2145 1450 2323 1505 quam
2381 1433 2746 1490 intolerabile
2791 1434 3042 1491 habetur
3089 1436 3244 1508 quod
3295 1441 3538 1494 cunctos

1887 1525 2217 1577 nostrarum
2250 1522 2506 1594 partium
2551 1524 2903 1592 sacerdotes,
2932 1525 3085 1596 quod
3117 1525 3364 1598 profana
3392 1542 3538 1598 quo-

1885 1610 2158 1666 rumdam
2176 1610 2516 1684 insipientia
2528 1617 2729 1668 contra
2741 1619 3176 1670 sacramentum
3195 1615 3540 1688 redemptio-

1886 1699 1978 1754 nis
2008 1699 2281 1756 humanze
2328 1701 2538 1756 inferre
2572 1701 2774 1757 molita
2801 1706 2907 1758 est.
2934 1703 3003 1758 Et
3031 1720 3188 1758 nunc
3217 1720 3319 1776 per
3347 1702 3536 1760 filium

1887 1791 2155 1845 nostrum
2174 1789 2556 1846 Maximinum
2576 1790 2850 1846 comitem
2870 1791 3260 1847 continuatim
3275 1808 3377 1849 vos
3393 1791 3537 1848 allo-

1888 1876 2044 1950 quiis
2073 1876 2546 1948 cohortamur,ut
2577 1879 2715 1950 quia
2743 1879 2991 1952 propitio
3014 1881 3084 1952 (j)
3111 1880 3352 1936 Domino
3384 1882 3537 1938 mui-

1889 1969 2016 2022 tum
2047 1965 2468 2022 catholicorum
2499 1971 2587 2023 est
2618 1972 2790 2024 aucta
2828 1967 3087 2038 libertas,
3112 1969 3187 2042 (k)
3219 1970 3537 2027 assumatis

1887 2055 2278 2112 constantiam
2298 2055 2620 2128 spiritalem
2640 2061 2840 2112 contra
2852 2057 3195 2114 Antichristi
3216 2075 3536 2130 praecurso-

1885 2160 2000 2212 res,
2025 2144 2252 2200 dicente
2278 2145 2445 2200 beato
2465 2144 2690 2202 Joanne
2715 2163 2728 2201 :
2756 2145 2945 2202 Omnis
2969 2146 3032 2218 (l)
3052 2148 3281 2218 spiritus
3303 2150 3400 2221 qui
3415 2164 3538 2205 con-

1881 2234 2068 2304 ﬁtetur
2094 2235 2274 2290 Iesum
2305 2232 2582 2288 Christum
2611 2236 2670 2289 in
2703 2250 2868 2289 came
2891 2237 3101 2290 venisse
3121 2252 3190 2290 ea:
3218 2237 3322 2293 Deo
3349 2247 3461 2306 est;
3488 2246 3542 2295 et

1883 2323 2062 2378 omnis
2088 2325 2314 2395 spiritus
2341 2324 2440 2395 qui
2466 2324 2627 2380 solvit
2661 2325 2846 2380 Iesum
2886 2325 3166 2380 Christum
3193 2341 3262 2380 ex
3291 2331 3400 2383 Deo
3429 2343 3539 2384 non

1883 2415 1982 2478 est,
2014 2419 2064 2466 et
2089 2412 2178 2466 hic
2207 2415 2282 2466 est
2310 2413 2679 2468 Antichristus
2708 2413 2755 2482 (l
2784 2415 2941 2469 Joan.
2976 2429 3054 2480 1v,
3073 2416 3126 2481 2,
3151 2413 3226 2485 3).

1954 2499 2088 2554 CAP.
2114 2499 2183 2554 II.
2207 2531 2276 2540 —
2296 2499 2401 2556 Cui
2433 2501 2736 2556 Nestorius
2766 2505 2822 2556 et
2854 2500 3141 2570 Eutyches
3171 2501 3285 2558 sub
3310 2503 3540 2561 diversa

1885 2588 2126 2660 quidem
2153 2587 2367 2644 erroris
2388 2589 2602 2662 specie,
2623 2589 2725 2646 sed
2759 2590 2869 2645 sub
2899 2590 3100 2645 eodem
3135 2591 3344 2662 spiritu
3375 2592 3537 2649 falsi-

1881 2676 2020 2732 tatis
2044 2675 2298 2732 militare
2318 2675 2645 2743 voluerunt,
2662 2693 2796 2732 cum
2830 2677 3119 2733 catholica
3139 2678 3285 2735 ﬁdes
3305 2685 3536 2752 aposto-

1882 2765 2121 2837 1icis(m)
2132 2769 2309 2837 atque
2325 2765 2675 2840 evangelicis
2696 2767 2902 2822 inbuta
2919 2766 3201 2822 doctrinis
3222 2771 3537 2842 utrumque

1885 2853 2547 2926 detestetur,utrumque
2568 2855 2948 2922 condemnet;
2971 2871 3096 2926 quae
3118 2871 3188 2910 ex
3203 2871 3318 2927 quo
3336 2857 3416 2928 (η)
3439 2875 3535 2914 θο-

1884 2945 2165 2998 aeternum
2206 2942 2361 2998 Patri
2399 2943 2576 2999 Verbo
2622 2958 2749 2999 caro
2795 2944 3005 3014 factum
3052 2951 3128 2998 est
3149 2945 3326 3011 (Joan.
3351 2962 3390 3016 ι,
3422 2947 3533 3020 14),

1886 3045 2060 3104 quem
2078 3030 2263 3086 credit
2281 3030 2492 3086 Filium
2511 3030 2920 3100 Dei,eumdem
2943 3030 3119 3088 etiam
3141 3031 3326 3088 ﬁlium
3346 3033 3534 3091 homi-

1884 3120 1978 3175 nis
2004 3119 2341 3188 conﬁtetur;
2373 3122 2431 3176 et
2459 3119 2518 3174 in
2550 3137 2666 3176 uno
2695 3135 2828 3176 vero
2882 3120 2998 3176 Deo
3049 3136 3115 3176 ac
3164 3123 3369 3179 1028
3399 3140 3534 3180 vero

1885 3208 2122 3264 homine
2155 3191 2396 3264 Domino
2439 3208 2578 3265 Jesu
2611 3208 2839 3265 Christo
2870 3226 2988 3266 non
3018 3226 3198 3265 unam
3237 3215 3532 3280 naturam,

191 3281 905 3405 π.²³ἱ⁴ἰ.⁷ἰέῑινῗξιῗ,ἀ,έῗίῖἔέἓῗιὲ
932 3279 1765 3405 ἳὲῗτῖνιῧεεξῗτῗένηαῗιῗᾶῗηθὲξλιῐ

1936 3298 1990 3353 ad
2021 3313 2200 3352 unam
2233 3314 2295 3353 se
2331 3298 2637 3370 proﬁtetur
2682 3299 2924 3354 adorare
2966 3315 3296 3370 personam.
3329 3301 3391 3356 In
3423 3301 3533 3359 hac

243 3393 254 3405 .
284 3351 628 3410 Antichristo
659 3351 905 3408 militare
936 3361 1050 3407 tam
1077 3351 1383 3425 Nestorium
1414 3369 1579 3423 quam
1605 3354 1774 3425 Euty-

191 3422 346 3496 chen;
377 3433 580 3482 contra
608 3441 740 3496 quos
769 3425 1009 3496 Ecclesia
1034 3423 1321 3496 proﬁtetur
1340 3422 1450 3480 nou
1474 3441 1646 3479 unam
1673 3422 1774 3479 na-

197 3495 386 3563 turam,
418 3497 516 3552 sed
552 3495 723 3551 unum
750 3512 806 3552 se
833 3495 1065 3551 adorare
1088 3511 1398 3568 personam.

135 3578 328 3639 1023
359 3585 476 3642 Ι.εο
509 3584 740 3641 ΡΑυετο
763 3588 823 3656 et
843 3585 1109 3656 Mamurio
1138 3583 1490 3656 presbyteris
1511 3583 1573 3656 (ἢ
1598 3587 1652 3639 et
1683 3601 1774 3639 ar-

736 3654 1166 3711 chimandritis’.

545 3746 654 3801 Per
681 3745 1036 3800 MAXIMINUM
1066 3745 1343 3801 comitem.

189 3827 314 3886 CAP.
348 3833 391 3889 Ι.
425 3865 497 3877 -
534 3832 752 3889 Omnes
807 3831 1100 3889 scribendi
1150 3831 1484 3889 occasiones
1527 3831 1775 3890 libenter

131 3979 375 4099 ~52):th
406 4002 562 4044 mss.
596 3988 653 4041 et
683 3983 1052 4051 Quesnellus.
1085 3983 1312 4040 Caetera
1345 3983 1650 4053 editiones,
1672 3983 1769 4039 da-

148 4062 228 4103 um
254 4061 345 4110 est.

283 4123 408 4204 Haec
430 4125 658 4204 scripta
670 4131 818 4204 sunt
837 4145 881 4204 θ1
895 4127 1107 4204 Leone,
1133 4127 1275 4204 dum
1303 4125 1564 4182 nondum
1589 4125 1772 4182 Theo-

131 4185 276 4271 dosii,
304 4197 401 4271 qui
434 4185 821 4271 Euti'chianis
855 4185 1106 4266 favebat,
1128 4201 1388 4271 mortem
1430 4203 1764 4270 acceperat;

136 4261 265 4350 unde
284 4261 606 4350 catholicos
633 4270 827 4350 adhuc
850 4261 1442 4350 vexatoslprtssﬁumit.

161 4332 456 4414 .(c)_Codd.
490 4340 721 4397 collect.
757 4344 824 4396 12
871 4358 1004 4414 cum
1042 4332 1218 4414 editis
1247 4338 1556 4414 Quesnello
1603 4344 1768 4414 antef

135 4406 360 4525 mribus
406 4411 690 4485 ignorant
728 4415 840 4485 pio.
878 4413 991 4469 Iste
1038 4412 1097 4467 in
1150 4411 1416 4485 margine
1464 4427 1570 4484 pro
1614 4413 1770 4483 aperi

204 4490 454 4525 {mann-9,

186 4489 262 4531 1&3
285 4493 438 4538 onere
447 4524 461 4538 .

195 4496 467 4687 @3513
499 4551 809 4635 epistolam
839 4555 931 4609 71.

217 4631 243 4670 ε
292 4619 374 4678 Ita
397 4630 586 4682 nostri
617 4625 787 4681 codd.
812 4641 931 4681 cur:

217 4625 260 4670 ci
293 4625 374 4670 Ita
397 4625 583 4670 nngtri

141 4695 317 4764 9‘19}!!!
344 4697 726 4764 praeuidemus.

200 4755 260 4826 (Γ)
277 4755 398 4835 ῌῶθ
419 4768 565 4835 dies,
587 4765 830 4832 mensis,
855 4769 912 4821 et
942 4763 1252 4821 consulum
1276 4764 1496 4820 notatio
1519 4765 1682 4822 deest
1704 4765 1765 4822 in

145 4832 438 4912 glahﬂrim.
463 4832 702 4912 Legitur
731 4836 1020 4912 autemin
1053 4836 1268 4912 nostris
1301 4853 1443 4912 mss.
1473 4835 1618 4912 et_in
1649 4837 1767 4894 edi-

145 4894 226 4984 ξῐξ.
247 4898 433 4984 ξοΙιιω
465 4894 598 4984 post
616 4926 824 4984 vocem
855 4908 1238 4984 Valentiniano
1261 4907 1658 4984 supplendum
1680 4925 1766 4964 es-

146 4970 218 5053 ξςὶ
243 4972 368 5053 Aug.
389 4970 485 5036 νιπῖ
507 4981 749 5053 Utrique
778 4980 1008 5053 codices
1043 4978 1266 5053 collect.
1293 4970 1598 5053 12fstatim
1634 4985 1766 5053 post

149 5046 479 5121 ﬁqnsularem
521 5046 720 5109 nota-m
765 5051 1011 5114 addunt,
1039 5067 1141 5121 per
1173 5050 1479 5106 Carterium
1510 5055 1562 5106 et
1590 5046 1766 5106 A3cle-

147 5109 336 5194 {ﬁdem
371 5121 677 5194 diaconos
711 5109 1412 5194 constantiuopolitanum;
1471 5127 1762 5194 corrupte.

151 5174 275 5278 9t?!
296 5174 862 5278 εηίεῖᾇρἰὲιὸιρῗβδζ
875 5174 1345 5278 arsisses
1358 5174 1761 5278 arcessi;

157 5244 1333 5346 53{satisegisseegisseseseg
1366 5244 1600 5346 ascia;
1615 5244 1762 5346 ess:

157 5321 638 5409 ξξῧηξίῐιοροιίὶὲήί.
656 5321 974 5409 legendum
998 5335 1130 5409 cred
1140 5321 1294 5409 imus
1311 5351 1410 5409 per
1432 5323 1613 5409 Carter
1624 5337 1761 5404 ium,

159 5401 245 5481 ﬁt
271 5396 550 5481 Casilinum
580 5396 980 5481 presbyterum,
1003 5409 1056 5462 et
1073 5396 1765 5481 Asclepiademﬂiaconum

59 5546 64 5552 η
161 5455 796 5553 ξῇζιξεαηζίηοροιίῖαηαῖῗι.
830 5455 980 5536 Cum,
1021 5493 1193 5553 porro
1221 5455 1310 5553 riu
1355 5477 1565 5533 iisdem
1614 5494 1760 5553 mss.

163 5497 470 5541 "‘".'““Wm0
506 5497 796 5537 outanum.
830 5497 973 5536 Cum
1021 5497 1193 5550 porro
1246 5497 1304 5532 1n
1355 5497 1565 5533 usaem
1614 5497 1760 5535 mss.

161 5497 536 5630 ξξξξῖξρὶειοῖεθ
568 5551 926 5630 subjiciatur
972 5547 1221 5630 epistola
1244 5550 1336 5630 28,
1363 5565 1490 5630 quas
1521 5565 1624 5621 per
1643 5547 1762 5630 .hos

166 5595 443 5694 gustulum
471 5605 526 5677 et
551 5595 953 5694 Ksclbpiadem
981 5595 1555 5694 C‘onsiantinh—polini'
1579 5619 1762 5694 missa

165 5666 414 5767 ﬁliifjpno
441 5666 948 5767 εθᾳιῇξᾶιῖνὶᾀὶὺυθ
991 5691 1228 5767 Aprilis,
1252 5666 1561 5767 censemus
1607 5690 1761 5750 hanc

167 5746 491 5825 notationem
509 5746 1228 5843 id'esmdemﬂepislolaai
1253 5763 1325 5824 78
1355 5760 1550 5842 potius
1579 5746 1759 5844 queui

1886 3387 2000 3442 fide
2049 3385 2357 3442 nobiscum
2401 3386 2870 3459 inseparabiliter
2916 3391 3091 3460 atque
3139 3388 3536 3447 indifferenter

1885 3476 2055 3545 uniti,
2072 3479 2221 3532 state
2244 3477 2317 3547 (ο)
2339 3479 2674 3532 constanter
2694 3480 2751 3532 et
2769 3475 3016 3532 viriliter
3036 3477 3218 3550 agite;
3243 3495 3309 3534 ac
3332 3479 3382 3534 si
3405 3495 3532 3552 quae

1885 3569 2024 3621 sunt
2053 3581 2226 3620 mora:
2253 3565 2324 3620 de
2367 3565 2464 3621 his
2512 3581 2638 3637 quae
2687 3565 2985 3638 poscimus
3035 3566 3396 3636 ordinandis,
3430 3584 3534 3642 per

1883 3653 2218 3710 occasiones
2249 3658 2633 3726 tamen,quas
2656 3653 2803 3710 ﬁdas
2833 3655 3022 3728 gratia
3043 3655 3240 3711 divina
3264 3657 3531 3728 provide-

1883 3744 1975 3811 rit,
2008 3742 2218 3799 litteris
2259 3760 2365 3799 nos
2421 3748 2624 3799 vestrae
2678 3743 3010 3800 dilectionis
3059 3744 3352 3801 instruite.
3387 3747 3534 3812 Quia

1883 3830 2141 3889 multum
2182 3831 2376 3888 solatii
2424 3837 2532 3905 est,
2567 3834 2774 3890 1024
2821 3849 2956 3890 cum
3000 3832 3266 3889 sollicitis
3316 3836 3532 3893 animis

1877 3983 1950 4066 ad
1982 3987 2328 4066 praesentem
2370 3999 2498 4040 esse
2521 3984 2901 4066 referendam
2938 4001 2951 4039 :
2986 3999 3174 4066 neque
3226 3983 3382 4066 enim
3429 4001 3532 4042 eos

1877 4054 2117 4126 clericos
2145 4054 2235 4110 bis
2263 4055 2688 4126 transmisisse
2718 4060 2775 4110 et
2804 4055 2912 4126 hoc
2955 4059 3012 4110 et
3058 4055 3324 4126 sequenti
3374 4072 3530 4114 anno

1877 4125 2066 4181 ullum
2098 4125 2400 4194 indicium,
2427 4125 2548 4181 ulla
2575 4125 2960 4197 probabilitas
2989 4130 3098 4180 est.

1947 4197 2023 4269 (g)
2055 4197 2141 4252 Al.
2174 4199 2264 4252 56.
2289 4200 2424 4263 Quae
2456 4195 2651 4252 autem
2683 4202 2809 4251 erat
2836 4199 2926 4263 75,
2956 4213 3112 4252 nunc
3140 4195 3228 4251 95.
3254 4195 3356 4253 Die
3375 4196 3410 4250 8
3437 4197 3529 4255 vel

1873 4267 1909 4321 9
1938 4267 2079 4323 Nev.
2114 4286 2210 4324 an.
2243 4270 2367 4323 450.

1946 4339 2024 4411 (h)
2044 4339 2214 4396 Edita
2235 4340 2347 4394 fuit
2368 4357 2401 4394 a
2422 4336 2730 4411 Quesnello
2748 4355 2817 4394 ex
2834 4337 3283 4411 msCrimanico
3300 4338 3525 4411 collect.

1872 4408 2104 4536 ~1|8.th3
2134 4411 2399 4467 eamdem
2424 4409 2783 4466 contulimus
2813 4426 2946 4465 cum
2981 4410 3392 4482 Ratisponensi
3415 4411 3527 4468 col-

1896 4498 1960 4536 ec
1993 4523 2006 4536 .
2111 4523 2124 4536 .

1896 4486 2006 4537 ect.
2037 4486 2124 4536 19.

1945 4555 2010 4624 (ἰ)
2032 4557 2214 4608 Voces
2246 4561 2296 4607 et
2327 4551 2777 4624 archz'maudritis
2808 4551 3131 4622 adjecimus
3161 4569 3229 4607 ex
3257 4553 3385 4608 cod.
3417 4553 3529 4610 Ra-

292 4619 374 4678 Ita
397 4619 586 4682 nostri
617 4625 787 4681 codd.
812 4641 947 4681 cum
987 4623 1162 4681 editis
1191 4627 1327 4680 ante
1349 4624 1587 4690 Quesn.,
1612 4623 1766 4696 apud
1796 4625 1843 4690 D
1875 4619 2012 4696 tis'p'.
2037 4624 2383 4690 Quesnellus
2417 4623 2662 4696 addidit,
2687 4641 2720 4678 a
2745 4619 2897 4696 pari,
2920 4624 3075 4696 quod
3121 4627 3320 4696 noster
3349 4626 3531 4684 codex

1874 4693 2124 4768 ignorat,
2149 4701 2205 4768 et
2236 4699 2538 4768 contextus
2566 4693 2816 4768 pluralis
2847 4693 3072 4750 numeri
3106 4695 3380 4768 excludit.

1946 4768 2012 4838 (ἰ)
2044 4765 2286 4891 ἢθὶῖθῗρ
2312 4767 2435 4822 Deo.
2461 4765 2680 4846 Idcirco
2719 4771 2917 4848 autem
2962 4769 3196 4849 multum
3236 4767 3529 4851 catholico-

1947 4855 2000 4891 m
2019 4841 2180 4891 aucta
2229 4838 2428 4891 ibertas
2448 4837 2830 4891 dlCltUPJlllla
2857 4838 3186 4891 Marcuanus
3207 4857 3391 4891 novus
3414 4857 3528 4891 1m-

1874 4837 2000 4891 rum
2019 4841 2180 4920 aucta
2200 4837 2428 4920 libertas
2448 4837 2830 4920 dicitur,quia
2857 4837 3186 4920 Marcianus
3207 4857 3391 4920 novus
3414 4841 3528 4896 im-

1874 4912 2107 4982 perator
2125 4907 2427 4982 catholicis
2451 4908 2695 4982 favebat.
2710 4907 2832 4964 Hoc
2855 4910 3111 4982 primum
3135 4911 3414 4966 indicium
3433 4918 3528 4969 est

1875 4977 2174 5065 electionis
2207 4980 2504 5065 Marciani,
2531 4977 2978 5064 quamquidem
3012 4982 3393 5065 Maximinum
3427 4999 3524 5039 co-

1875 5052 2078 5106 mitem
2100 5052 2364 5122 ejusdem
2398 5052 2766 5123 imperatoris
2791 5053 3128 5108 ministrum
3151 5055 3436 5119 attulisse,
3457 5060 3525 5110 ut

1875 5138 1908 5176 a
1944 5121 2347 5178 Valentiniano
2379 5124 2818 5180 annrobaretur.
2844 5125 2988 5180 satis
3018 5125 3292 5180 credibile
3322 5129 3427 5179 est.

1875 5138 1908 5176 a
1949 5138 2347 5178 valenumano
2379 5138 2818 5194 approoaretur,
2844 5138 2988 5180 satis
3018 5138 3292 5180 credibile
3322 5138 3427 5179 est.

1945 5193 2020 5275 (lc)
2053 5193 2400 5260 Quesnellus
2432 5211 2500 5250 ex
2529 5194 2884 5266 Grimanico,
2906 5199 3154 5252 sumatis.
3181 5195 3366 5266 Magis
3395 5192 3523 5265 pla-

1875 5269 1994 5319 cu1t
2022 5264 2192 5319 lectio
2226 5266 2445 5319 Ratisn.

1873 5266 1994 5319 cuit
2022 5266 2192 5321 lectio
2226 5266 2445 5348 Ratisp.
2476 5337 2486 5348 .
3481 5336 3491 5346 .

1943 5335 2007 5408 (l)
2041 5337 2265 5410 Ratisp.
2298 5342 2518 5394 omittit
2545 5340 2794 5410 spiritus,
2827 5343 2884 5394 et
2916 5336 3170 5394 secundo
3201 5334 3325 5389 loco
3359 5333 3524 5390 Chri-

1869 5409 2038 5463 stum.
2220 5409 2223 5410 ⁷
2570 5409 2577 5410 “

1945 5479 2040 5564 (ni)
2058 5478 2123 5564 in
2141 5480 2343 5564 eodem
2363 5480 2563 5564 codice
2577 5481 2791 5564 desunt
2809 5495 2977 5564 voces
2993 5474 3516 5564 atqugeygngeiifis.

1943 5543 2150 5635 (n)'nSic
2181 5559 2380 5635 noster
2410 5553 2630 5624 Ratisp.
2660 5547 3004 5614 Quesnellus
3036 5543 3103 5601 ex
3124 5543 3330 5608 Grim.,
3353 5552 3517 5601 aster-

1868 5637 2000 5675 num
2031 5623 2233 5678 Patris.
2580 5623 2589 5624 ί

1878 5761 1883 5762 ί
1941 5692 2016 5762 (0)
2047 5693 2229 5750 Grim.
2281 5711 2393 5750 ms.
2426 5698 2482 5752 et
2529 5687 2891 5760 Quesnellus,
2924 5685 3270 5761 conﬁdenter.
3305 5683 3516 5753 Melius

1871 5761 1933 5822 in
1950 5761 2398 5842 'Ratisponensi.
