  <div class='ocr_page' id='page_1' title='image "/cluster/home/n/w/nwhite01/storage/ocr_20150623/54/uva.x000827097/484.png"; bbox 0 0 3914 6226; ppageno 0'>
   <div class='ocr_carea' id='block_1_1' title="bbox 63 355 1741 428">
    <p class='ocr_par' dir='ltr' id='par_1_1' title="bbox 63 357 1741 424">
     <span class='ocr_line' id='line_1_1' title="bbox 63 357 1741 424; baseline -0.002 0"><span class='ocrx_word' id='word_1_1' title='bbox 63 358 199 424; x_wconf 64' lang='lat' dir='ltr'><strong>953i</strong></span> <span class='ocrx_word' id='word_1_2' title='bbox 1423 381 1426 384; x_wconf 70' lang='lat'><strong>‘</strong></span> <span class='ocrx_word' id='word_1_3' title='bbox 1448 357 1741 423; x_wconf 80' lang='lat' dir='ltr'><strong>EPISTO]</strong></span> 
     </span>
    </p>
   </div>
   <div class='ocr_carea' id='block_1_2' title="bbox 1894 355 3513 428">
    <p class='ocr_par' dir='ltr' id='par_1_2' title="bbox 1894 355 3513 428">
     <span class='ocr_line' id='line_1_2' title="bbox 1894 355 3513 428; baseline 0.002 -4"><span class='ocrx_word' id='word_1_4' title='bbox 1894 355 2139 424; x_wconf 65' lang='lat' dir='ltr'><strong>(CVIII.</strong></span> <span class='ocrx_word' id='word_1_5' title='bbox 3379 364 3513 428; x_wconf 72' lang='grc'><strong>954³</strong></span> 
     </span>
    </p>
   </div>
   <div class='ocr_carea' id='block_1_3' title="bbox 59 490 1741 588">
    <p class='ocr_par' dir='ltr' id='par_1_3' title="bbox 59 513 1741 588">
     <span class='ocr_line' id='line_1_3' title="bbox 59 513 1741 588; baseline -0.002 -14"><span class='ocrx_word' id='word_1_6' title='bbox 59 513 501 574; x_wconf 81' lang='lat' dir='ltr'><strong>decentissime</strong></span> <span class='ocrx_word' id='word_1_7' title='bbox 515 513 930 588; x_wconf 77' lang='lat' dir='ltr'><strong>praesidebant,</strong></span> <span class='ocrx_word' id='word_1_8' title='bbox 947 513 1098 572; x_wconf 84' lang='lat' dir='ltr'><strong>sicut</strong></span> <span class='ocrx_word' id='word_1_9' title='bbox 1110 514 1186 588; x_wconf 86' lang='grc' dir='ltr'>(α)</span> <span class='ocrx_word' id='word_1_10' title='bbox 1203 514 1519 572; x_wconf 88' lang='lat' dir='ltr'><strong>Zorobabel</strong></span> <span class='ocrx_word' id='word_1_11' title='bbox 1535 515 1566 571; x_wconf 93' lang='lat' dir='ltr'><strong>J</strong></span> <span class='ocrx_word' id='word_1_12' title='bbox 1570 531 1671 571; x_wconf 91' lang='lat' dir='ltr'><strong>esu</strong></span> <span class='ocrx_word' id='word_1_13' title='bbox 1697 513 1741 586; x_wconf 93' lang='grc' dir='ltr'><strong>(Ι</strong></span> 
     </span>
    </p>
   </div>
   <div class='ocr_carea' id='block_1_4' title="bbox 1894 490 3472 588">
    <p class='ocr_par' dir='ltr' id='par_1_4' title="bbox 1894 499 3472 576">
     <span class='ocr_line' id='line_1_4' title="bbox 1894 499 3472 576; baseline -0.01 -12"><span class='ocrx_word' id='word_1_14' title='bbox 1894 513 1989 576; x_wconf 83' lang='grc' dir='ltr'>,ἡμ,</span> <span class='ocrx_word' id='word_1_15' title='bbox 2033 512 2120 570; x_wconf 86' lang='grc' dir='ltr'><strong>τὴν</strong></span> <span class='ocrx_word' id='word_1_16' title='bbox 2160 505 2210 560; x_wconf 71' lang='grc' dir='ltr'>ἐν</span> <span class='ocrx_word' id='word_1_17' title='bbox 2257 507 2362 564; x_wconf 82' lang='grc' dir='ltr'>τοῖς</span> <span class='ocrx_word' id='word_1_18' title='bbox 2392 503 2630 570; x_wconf 88' lang='grc' dir='ltr'>δόγμασιν</span> <span class='ocrx_word' id='word_1_19' title='bbox 2669 502 2958 567; x_wconf 73' lang='grc' dir='ltr'>οἰκοδομίαν</span> <span class='ocrx_word' id='word_1_20' title='bbox 3003 500 3239 553; x_wconf 74' lang='grc' dir='ltr'>ἀνανεοῦν</span> <span class='ocrx_word' id='word_1_21' title='bbox 3282 499 3472 566; x_wconf 79' lang='grc' dir='ltr'>προθυ-</span> 
     </span>
    </p>
   </div>
   <div class='ocr_carea' id='block_1_5' title="bbox 59 588 1741 677">
    <p class='ocr_par' dir='ltr' id='par_1_5' title="bbox 59 603 1741 677">
     <span class='ocr_line' id='line_1_5' title="bbox 59 603 1741 677; baseline -0.002 -14"><span class='ocrx_word' id='word_1_22' title='bbox 59 607 213 663; x_wconf 81' lang='lat' dir='ltr'><strong>Esdr.</strong></span> <span class='ocrx_word' id='word_1_23' title='bbox 249 623 342 671; x_wconf 76' lang='grc' dir='ltr'>ιιι,</span> <span class='ocrx_word' id='word_1_24' title='bbox 377 605 1100 677; x_wconf 71' lang='lat' dir='ltr'><strong>2),Ecclesiae,tamquam</strong></span> <span class='ocrx_word' id='word_1_25' title='bbox 1114 603 1460 672; x_wconf 75' lang='lat' dir='ltr'><strong>Jerusalem,</strong></span> <span class='ocrx_word' id='word_1_26' title='bbox 1494 604 1741 659; x_wconf 66' lang='lat' dir='ltr'><strong>aediﬁca-</strong></span> 
     </span>
    </p>
   </div>
   <div class='ocr_carea' id='block_1_6' title="bbox 1894 588 3476 677">
    <p class='ocr_par' dir='ltr' id='par_1_6' title="bbox 1894 588 3476 662">
     <span class='ocr_line' id='line_1_6' title="bbox 1894 588 3476 662; baseline -0.01 -9"><span class='ocrx_word' id='word_1_27' title='bbox 1894 605 2138 653; x_wconf 70' lang='grc' dir='ltr'>ιούαενοι.</span> <span class='ocrx_word' id='word_1_28' title='bbox 2204 596 2302 649; x_wconf 78' lang='grc' dir='ltr'>Καὶ</span> <span class='ocrx_word' id='word_1_29' title='bbox 2346 591 2405 658; x_wconf 75' lang='grc' dir='ltr'>ἦν</span> <span class='ocrx_word' id='word_1_30' title='bbox 2451 594 2507 646; x_wconf 83' lang='grc' dir='ltr'>ἄν</span> <span class='ocrx_word' id='word_1_31' title='bbox 2548 598 2574 646; x_wconf 82' lang='grc'>6</span> <span class='ocrx_word' id='word_1_32' title='bbox 2626 594 2960 656; x_wconf 77' lang='grc' dir='ltr'><strong>ἀντικείμενος</strong></span> <span class='ocrx_word' id='word_1_33' title='bbox 2999 595 3064 647; x_wconf 84' lang='grc' dir='ltr'>ὡς</span> <span class='ocrx_word' id='word_1_34' title='bbox 3113 593 3200 655; x_wconf 81' lang='grc' dir='ltr'><strong>θήρ</strong></span> <span class='ocrx_word' id='word_1_35' title='bbox 3242 589 3330 662; x_wconf 76' lang='grc' dir='ltr'><strong>ἔξω</strong></span> <span class='ocrx_word' id='word_1_36' title='bbox 3387 588 3476 648; x_wconf 78' lang='grc' dir='ltr'>τῆς</span> 
     </span>
    </p>
   </div>
   <div class='ocr_carea' id='block_1_7' title="bbox 58 676 1741 766">
    <p class='ocr_par' dir='ltr' id='par_1_7' title="bbox 58 676 1576 766">
     <span class='ocr_line' id='line_1_7' title="bbox 58 676 1576 766; baseline -0.003 -14"><span class='ocrx_word' id='word_1_37' title='bbox 58 698 280 753; x_wconf 87' lang='lat' dir='ltr'><strong>tionem</strong></span> <span class='ocrx_word' id='word_1_38' title='bbox 309 710 617 751; x_wconf 74' lang='lat' dir='ltr'><strong>renovare</strong></span> <span class='ocrx_word' id='word_1_39' title='bbox 647 695 802 750; x_wconf 89' lang='lat' dir='ltr'><strong>circa</strong></span> <span class='ocrx_word' id='word_1_40' title='bbox 831 676 1107 766; x_wconf 83' lang='lat' dir='ltr'><strong>dogmata</strong></span> <span class='ocrx_word' id='word_1_41' title='bbox 1135 695 1210 766; x_wconf 76' lang='grc' dir='ltr'><strong>(ὁ)</strong></span> <span class='ocrx_word' id='word_1_42' title='bbox 1243 694 1576 749; x_wconf 88' lang='lat' dir='ltr'><strong>invitantes.</strong></span> 
     </span>
    </p>
   </div>
   <div class='ocr_carea' id='block_1_8' title="bbox 1894 676 3475 766">
    <p class='ocr_par' dir='ltr' id='par_1_8' title="bbox 1894 676 3475 754">
     <span class='ocr_line' id='line_1_8' title="bbox 1894 676 3475 754; baseline -0.009 -13"><span class='ocrx_word' id='word_1_43' title='bbox 1894 694 2092 754; x_wconf 71' lang='grc' dir='ltr'>ιάνῦρας</span> <span class='ocrx_word' id='word_1_44' title='bbox 2127 688 2234 738; x_wconf 80' lang='grc' dir='ltr'>καθ’</span> <span class='ocrx_word' id='word_1_45' title='bbox 2273 686 2446 738; x_wconf 81' lang='grc' dir='ltr'>ἑαυτὸν</span> <span class='ocrx_word' id='word_1_46' title='bbox 2485 683 2796 751; x_wconf 83' lang='grc' dir='ltr'>ὡρυόμενος,</span> <span class='ocrx_word' id='word_1_47' title='bbox 2836 682 3011 732; x_wconf 74' lang='grc' dir='ltr'>οὐδένα</span> <span class='ocrx_word' id='word_1_48' title='bbox 3047 682 3170 745; x_wconf 69' lang='grc' dir='ltr'>ἔχων</span> <span class='ocrx_word' id='word_1_49' title='bbox 3206 679 3387 739; x_wconf 77' lang='grc' dir='ltr'>λαϐεῖν,</span> <span class='ocrx_word' id='word_1_50' title='bbox 3429 676 3475 727; x_wconf 82' lang='grc' dir='ltr'>εῑ</span> 
     </span>
    </p>
   </div>
   <div class='ocr_carea' id='block_1_9' title="bbox 128 769 1741 856">
    <p class='ocr_par' dir='ltr' id='par_1_9' title="bbox 128 783 1741 856">
     <span class='ocr_line' id='line_1_9' title="bbox 128 783 1741 856; baseline -0.002 -15"><span class='ocrx_word' id='word_1_51' title='bbox 128 786 269 842; x_wconf 77' lang='lat' dir='ltr'><strong>CAP.</strong></span> <span class='ocrx_word' id='word_1_52' title='bbox 299 785 379 840; x_wconf 84' lang='lat' dir='ltr'><strong>Il.</strong></span> <span class='ocrx_word' id='word_1_53' title='bbox 415 816 492 825; x_wconf 92' lang='lat'><strong>——-</strong></span> <span class='ocrx_word' id='word_1_54' title='bbox 532 784 604 838; x_wconf 83' lang='lat' dir='ltr'><strong>Et</strong></span> <span class='ocrx_word' id='word_1_55' title='bbox 619 784 807 839; x_wconf 80' lang='lat' dir='ltr'><strong>fuerat</strong></span> <span class='ocrx_word' id='word_1_56' title='bbox 829 784 1030 856; x_wconf 86' lang='lat' dir='ltr'><strong>utique</strong></span> <span class='ocrx_word' id='word_1_57' title='bbox 1051 783 1424 839; x_wconf 88' lang='lat' dir='ltr'><strong>adversarius</strong></span> <span class='ocrx_word' id='word_1_58' title='bbox 1439 787 1741 855; x_wconf 82' lang='lat' dir='ltr'>tamquam</span> 
     </span>
    </p>
   </div>
   <div class='ocr_carea' id='block_1_10' title="bbox 1894 769 3472 856">
    <p class='ocr_par' dir='ltr' id='par_1_10' title="bbox 1894 769 3472 843">
     <span class='ocr_line' id='line_1_10' title="bbox 1894 769 3472 843; baseline -0.01 -13"><span class='ocrx_word' id='word_1_59' title='bbox 1894 787 1942 838; x_wconf 73' lang='grc' dir='ltr'>ιή</span> <span class='ocrx_word' id='word_1_60' title='bbox 1974 781 2147 831; x_wconf 77' lang='grc' dir='ltr'>ἑαυτὸν</span> <span class='ocrx_word' id='word_1_61' title='bbox 2177 779 2311 841; x_wconf 79' lang='grc' dir='ltr'>αὐτῷ</span> <span class='ocrx_word' id='word_1_62' title='bbox 2335 777 2456 843; x_wconf 86' lang='grc' dir='ltr'>πρὸς</span> <span class='ocrx_word' id='word_1_63' title='bbox 2487 777 2638 840; x_wconf 77' lang='grc' dir='ltr'>θήραν</span> <span class='ocrx_word' id='word_1_64' title='bbox 2672 776 2697 821; x_wconf 82' lang='grc' dir='ltr'><strong>ό</strong></span> <span class='ocrx_word' id='word_1_65' title='bbox 2718 775 2804 832; x_wconf 86' lang='grc' dir='ltr'>τῆς</span> <span class='ocrx_word' id='word_1_66' title='bbox 2849 771 3189 833; x_wconf 76' lang='grc' dir='ltr'><strong>Ἀλεξανδρέων</strong></span> <span class='ocrx_word' id='word_1_67' title='bbox 3214 769 3362 818; x_wconf 81' lang='grc' dir='ltr'>πάλαι</span> <span class='ocrx_word' id='word_1_68' title='bbox 3386 783 3472 830; x_wconf 79' lang='grc' dir='ltr'><strong>γι-</strong></span> 
     </span>
    </p>
   </div>
   <div class='ocr_carea' id='block_1_11' title="bbox 68 857 1741 946">
    <p class='ocr_par' dir='ltr' id='par_1_11' title="bbox 68 871 1741 946">
     <span class='ocr_line' id='line_1_11' title="bbox 68 871 1741 946; baseline -0.002 -17"><span class='ocrx_word' id='word_1_69' title='bbox 68 874 259 930; x_wconf 88' lang='lat' dir='ltr'><strong>bestia</strong></span> <span class='ocrx_word' id='word_1_70' title='bbox 271 879 450 929; x_wconf 77' lang='lat' dir='ltr'><strong>extra</strong></span> <span class='ocrx_word' id='word_1_71' title='bbox 462 871 671 928; x_wconf 85' lang='lat' dir='ltr'><strong>caulas</strong></span> <span class='ocrx_word' id='word_1_72' title='bbox 685 873 834 944; x_wconf 89' lang='lat' dir='ltr'><strong>apud</strong></span> <span class='ocrx_word' id='word_1_73' title='bbox 852 873 1230 946; x_wconf 85' lang='lat' dir='ltr'><strong>semetipsum</strong></span> <span class='ocrx_word' id='word_1_74' title='bbox 1248 872 1741 944; x_wconf 85' lang='lat' dir='ltr'><strong>rugiens,nullum</strong></span> 
     </span>
    </p>
   </div>
   <div class='ocr_carea' id='block_1_12' title="bbox 1894 857 3475 946">
    <p class='ocr_par' dir='ltr' id='par_1_12' title="bbox 1894 857 3475 935">
     <span class='ocr_line' id='line_1_12' title="bbox 1894 857 3475 935; baseline -0.011 -14"><span class='ocrx_word' id='word_1_75' title='bbox 1894 874 2078 935; x_wconf 63' lang='grc' dir='ltr'>’άμενος</span> <span class='ocrx_word' id='word_1_76' title='bbox 2117 869 2345 934; x_wconf 70' lang='grc' dir='ltr'>ἐπέρριψε</span> <span class='ocrx_word' id='word_1_77' title='bbox 2373 866 2634 932; x_wconf 84' lang='grc' dir='ltr'>πρόεδρος·</span> <span class='ocrx_word' id='word_1_78' title='bbox 2671 861 2723 918; x_wconf 85' lang='grc' dir='ltr'><strong>δς</strong></span> <span class='ocrx_word' id='word_1_79' title='bbox 2751 863 2902 912; x_wconf 83' lang='grc' dir='ltr'>πο)λά</span> <span class='ocrx_word' id='word_1_80' title='bbox 2924 861 3165 925; x_wconf 83' lang='grc' dir='ltr'>πρότερον</span> <span class='ocrx_word' id='word_1_81' title='bbox 3202 857 3475 923; x_wconf 71' lang='grc' dir='ltr'>εἰργασμέ-</span> 
     </span>
    </p>
   </div>
   <div class='ocr_carea' id='block_1_13' title="bbox 73 948 1741 1036">
    <p class='ocr_par' dir='ltr' id='par_1_13' title="bbox 73 961 1741 1036">
     <span class='ocr_line' id='line_1_13' title="bbox 73 961 1741 1036; baseline -0.002 -17"><span class='ocrx_word' id='word_1_82' title='bbox 73 963 402 1036; x_wconf 65' lang='lat' dir='ltr'><strong>praevalens</strong></span> <span class='ocrx_word' id='word_1_83' title='bbox 420 979 654 1034; x_wconf 81' lang='lat' dir='ltr'><strong>capere,</strong></span> <span class='ocrx_word' id='word_1_84' title='bbox 672 963 784 1016; x_wconf 86' lang='lat' dir='ltr'><strong>nisi</strong></span> <span class='ocrx_word' id='word_1_85' title='bbox 809 963 1193 1034; x_wconf 81' lang='lat' dir='ltr'><strong>semetipsum</strong></span> <span class='ocrx_word' id='word_1_86' title='bbox 1218 961 1268 1017; x_wconf 93' lang='lat' dir='ltr'><strong>ei</strong></span> <span class='ocrx_word' id='word_1_87' title='bbox 1287 963 1358 1017; x_wconf 85' lang='lat' dir='ltr'><strong>ad</strong></span> <span class='ocrx_word' id='word_1_88' title='bbox 1389 963 1741 1033; x_wconf 91' lang='lat' dir='ltr'><strong>capiendum</strong></span> 
     </span>
    </p>
   </div>
   <div class='ocr_carea' id='block_1_14' title="bbox 1894 948 3473 1036">
    <p class='ocr_par' dir='ltr' id='par_1_14' title="bbox 1894 948 3473 1024">
     <span class='ocr_line' id='line_1_14' title="bbox 1894 948 3473 1024; baseline -0.008 -15"><span class='ocrx_word' id='word_1_89' title='bbox 1894 981 1960 1018; x_wconf 73' lang='grc' dir='ltr'>νος</span> <span class='ocrx_word' id='word_1_90' title='bbox 1989 963 2140 1021; x_wconf 83' lang='grc' dir='ltr'>δεινὰ,</span> <span class='ocrx_word' id='word_1_91' title='bbox 2161 959 2415 1024; x_wconf 75' lang='grc' dir='ltr'><strong>ἀπέκρυψε</strong></span> <span class='ocrx_word' id='word_1_92' title='bbox 2443 956 2547 1011; x_wconf 87' lang='grc' dir='ltr'>τοῖς</span> <span class='ocrx_word' id='word_1_93' title='bbox 2576 955 2820 1016; x_wconf 79' lang='grc' dir='ltr'>δευτέροις</span> <span class='ocrx_word' id='word_1_94' title='bbox 2842 953 2902 1001; x_wconf 84' lang='grc' dir='ltr'>τὰ</span> <span class='ocrx_word' id='word_1_95' title='bbox 2931 950 3175 1016; x_wconf 62' lang='grc' dir='ltr'>πρότερον</span> <span class='ocrx_word' id='word_1_96' title='bbox 3208 948 3349 998; x_wconf 80' lang='grc' dir='ltr'>τόντε</span> <span class='ocrx_word' id='word_1_97' title='bbox 3379 949 3473 1013; x_wconf 82' lang='grc' dir='ltr'><strong>γὰρ</strong></span> 
     </span>
    </p>
   </div>
   <div class='ocr_carea' id='block_1_15' title="bbox 74 1037 1741 1124">
    <p class='ocr_par' dir='ltr' id='par_1_15' title="bbox 74 1050 1741 1124">
     <span class='ocr_line' id='line_1_15' title="bbox 74 1050 1741 1124; baseline -0.001 -17"><span class='ocrx_word' id='word_1_98' title='bbox 74 1052 382 1124; x_wconf 79' lang='lat' dir='ltr'><strong>injecisset</strong></span> <span class='ocrx_word' id='word_1_99' title='bbox 405 1052 460 1107; x_wconf 92' lang='lat' dir='ltr'><strong>is</strong></span> <span class='ocrx_word' id='word_1_100' title='bbox 497 1050 1136 1123; x_wconf 84' lang='lat' dir='ltr'><strong>quiAlexandrinorum</strong></span> <span class='ocrx_word' id='word_1_101' title='bbox 1165 1052 1465 1123; x_wconf 92' lang='lat' dir='ltr'><strong>quondam</strong></span> <span class='ocrx_word' id='word_1_102' title='bbox 1485 1051 1741 1122; x_wconf 83' lang='lat' dir='ltr'><strong>pontifex</strong></span> 
     </span>
    </p>
   </div>
   <div class='ocr_carea' id='block_1_16' title="bbox 1894 1037 3476 1124">
    <p class='ocr_par' dir='ltr' id='par_1_16' title="bbox 1898 1037 3476 1104">
     <span class='ocr_line' id='line_1_16' title="bbox 1898 1037 3476 1104; baseline -0.008 -8"><span class='ocrx_word' id='word_1_103' title='bbox 1898 1053 2120 1100; x_wconf 75' lang='grc' dir='ltr'>ιοικάοιον</span> <span class='ocrx_word' id='word_1_104' title='bbox 2148 1045 2368 1098; x_wconf 81' lang='grc' dir='ltr'>ἔκεῖνον¹</span> <span class='ocrx_word' id='word_1_105' title='bbox 2405 1046 2488 1093; x_wconf 79' lang='grc' dir='ltr'><strong>τὸν</strong></span> <span class='ocrx_word' id='word_1_106' title='bbox 2518 1046 2566 1092; x_wconf 87' lang='grc' dir='ltr'>ἐν</span> <span class='ocrx_word' id='word_1_107' title='bbox 2593 1044 2749 1104; x_wconf 76' lang='grc' dir='ltr'>ἁγίοις.</span> <span class='ocrx_word' id='word_1_108' title='bbox 2772 1042 2858 1100; x_wconf 80' lang='grc' dir='ltr'>τῆς</span> <span class='ocrx_word' id='word_1_109' title='bbox 2899 1037 3476 1092; x_wconf 80' lang='grc' dir='ltr'>Κωνσταντινουπόλεως</span> 
     </span>
    </p>
   </div>
   <div class='ocr_carea' id='block_1_17' title="bbox 80 1125 1741 1212">
    <p class='ocr_par' dir='ltr' id='par_1_17' title="bbox 80 1139 1741 1212">
     <span class='ocr_line' id='line_1_17' title="bbox 80 1139 1741 1212; baseline -0.003 -14"><span class='ocrx_word' id='word_1_110' title='bbox 80 1141 203 1198; x_wconf 79' lang='lat' dir='ltr'><strong>fuit.</strong></span> <span class='ocrx_word' id='word_1_111' title='bbox 218 1141 331 1205; x_wconf 85' lang='lat' dir='ltr'><strong>Qui</strong></span> <span class='ocrx_word' id='word_1_112' title='bbox 352 1140 558 1195; x_wconf 85' lang='lat' dir='ltr'><strong>multa</strong></span> <span class='ocrx_word' id='word_1_113' title='bbox 571 1139 733 1211; x_wconf 88' lang='lat' dir='ltr'><strong>prius</strong></span> <span class='ocrx_word' id='word_1_114' title='bbox 757 1141 825 1211; x_wconf 81' lang='grc' dir='ltr'>(ε)</span> <span class='ocrx_word' id='word_1_115' title='bbox 839 1139 1094 1211; x_wconf 88' lang='lat' dir='ltr'><strong>pessima</strong></span> <span class='ocrx_word' id='word_1_116' title='bbox 1108 1145 1402 1212; x_wconf 85' lang='lat' dir='ltr'><strong>operatus,</strong></span> <span class='ocrx_word' id='word_1_117' title='bbox 1419 1140 1741 1212; x_wconf 89' lang='lat' dir='ltr'><strong>supervidit</strong></span> 
     </span>
    </p>
   </div>
   <div class='ocr_carea' id='block_1_18' title="bbox 1894 1125 3474 1212">
    <p class='ocr_par' dir='ltr' id='par_1_18' title="bbox 1894 1125 3474 1200">
     <span class='ocr_line' id='line_1_18' title="bbox 1894 1125 3474 1200; baseline -0.009 -12"><span class='ocrx_word' id='word_1_118' title='bbox 2128 1137 2336 1200; x_wconf 87' lang='grc' dir='ltr'>ποιμένα</span> <span class='ocrx_word' id='word_1_119' title='bbox 2379 1134 2674 1187; x_wconf 71' lang='grc' dir='ltr'>ψ’·αυιανὸν,</span> <span class='ocrx_word' id='word_1_120' title='bbox 2719 1133 2805 1189; x_wconf 84' lang='grc' dir='ltr'><strong>τήν</strong></span> <span class='ocrx_word' id='word_1_121' title='bbox 2853 1130 3198 1186; x_wconf 78' lang='grc' dir='ltr'>Ἂποστολικήν</span> <span class='ocrx_word' id='word_1_122' title='bbox 3239 1125 3474 1192; x_wconf 77' lang='grc' dir='ltr'>προϊσχόο</span> 
     </span>
    </p>
   </div>
   <div class='ocr_carea' id='block_1_19' title="bbox 79 1216 1741 1303">
    <p class='ocr_par' dir='ltr' id='par_1_19' title="bbox 79 1228 1741 1303">
     <span class='ocr_line' id='line_1_19' title="bbox 79 1228 1741 1303; baseline -0.001 -17"><span class='ocrx_word' id='word_1_123' title='bbox 79 1231 272 1303; x_wconf 83' lang='lat' dir='ltr'><strong>priora</strong></span> <span class='ocrx_word' id='word_1_124' title='bbox 304 1229 730 1301; x_wconf 76' lang='lat' dir='ltr'><strong>sequentibus.</strong></span> <span class='ocrx_word' id='word_1_125' title='bbox 744 1229 890 1283; x_wconf 89' lang='lat' dir='ltr'><strong>Nam</strong></span> <span class='ocrx_word' id='word_1_126' title='bbox 907 1231 1141 1284; x_wconf 90' lang='lat' dir='ltr'><strong>beatum</strong></span> <span class='ocrx_word' id='word_1_127' title='bbox 1155 1228 1323 1284; x_wconf 90' lang='lat' dir='ltr'><strong>illum</strong></span> <span class='ocrx_word' id='word_1_128' title='bbox 1338 1229 1490 1283; x_wconf 89' lang='lat' dir='ltr'><strong>inter</strong></span> <span class='ocrx_word' id='word_1_129' title='bbox 1508 1233 1741 1284; x_wconf 90' lang='lat' dir='ltr'><strong>sanctos</strong></span> 
     </span>
    </p>
   </div>
   <div class='ocr_carea' id='block_1_20' title="bbox 1894 1216 3471 1303">
    <p class='ocr_par' dir='ltr' id='par_1_20' title="bbox 1894 1216 3471 1284">
     <span class='ocr_line' id='line_1_20' title="bbox 1894 1216 3471 1284; baseline -0.009 -6"><span class='ocrx_word' id='word_1_130' title='bbox 1894 1250 2025 1282; x_wconf 73' lang='grc' dir='ltr'>ιενον</span> <span class='ocrx_word' id='word_1_131' title='bbox 2068 1229 2246 1284; x_wconf 84' lang='grc' dir='ltr'>πίστιν,</span> <span class='ocrx_word' id='word_1_132' title='bbox 2296 1225 2378 1274; x_wconf 87' lang='grc' dir='ltr'>καὶ</span> <span class='ocrx_word' id='word_1_133' title='bbox 2434 1223 2516 1270; x_wconf 82' lang='grc' dir='ltr'>τὸν</span> <span class='ocrx_word' id='word_1_134' title='bbox 2559 1220 2946 1283; x_wconf 74' lang='grc' dir='ltr'>Θεοφιλέστατον</span> <span class='ocrx_word' id='word_1_135' title='bbox 2993 1217 3262 1266; x_wconf 75' lang='grc' dir='ltr'>ἐπίσκοπον</span> <span class='ocrx_word' id='word_1_136' title='bbox 3313 1216 3471 1264; x_wconf 78' lang='grc' dir='ltr'>Εὐσέ-</span> 
     </span>
    </p>
   </div>
   <div class='ocr_carea' id='block_1_21' title="bbox 80 1316 1750 1389">
    <p class='ocr_par' dir='ltr' id='par_1_21' title="bbox 80 1316 1750 1389">
     <span class='ocr_line' id='line_1_21' title="bbox 80 1316 1750 1389; baseline -0.002 -13"><span class='ocrx_word' id='word_1_137' title='bbox 80 1316 631 1389; x_wconf 85' lang='lat' dir='ltr'><strong>Constantinopolis</strong></span> <span class='ocrx_word' id='word_1_138' title='bbox 662 1321 956 1389; x_wconf 83' lang='lat' dir='ltr'><strong>pastorem</strong></span> <span class='ocrx_word' id='word_1_139' title='bbox 987 1317 1347 1383; x_wconf 85' lang='lat' dir='ltr'><strong>Flavianum,</strong></span> <span class='ocrx_word' id='word_1_140' title='bbox 1373 1319 1473 1372; x_wconf 81' lang='grc' dir='ltr'><strong>ιθ</strong></span> <span class='ocrx_word' id='word_1_141' title='bbox 1492 1318 1710 1389; x_wconf 74' lang='lat' dir='ltr'><strong>92apo</strong></span> <span class='ocrx_word' id='word_1_142' title='bbox 1729 1349 1750 1358; x_wconf 94' lang='lat'><em>-</em></span> 
     </span>
    </p>
   </div>
   <div class='ocr_carea' id='block_1_22' title="bbox 84 1406 1746 1478">
    <p class='ocr_par' dir='ltr' id='par_1_22' title="bbox 84 1406 1746 1478">
     <span class='ocr_line' id='line_1_22' title="bbox 84 1406 1746 1478; baseline -0.002 -15"><span class='ocrx_word' id='word_1_143' title='bbox 84 1407 348 1464; x_wconf 89' lang='lat' dir='ltr'><strong>stolicam</strong></span> <span class='ocrx_word' id='word_1_144' title='bbox 368 1406 774 1478; x_wconf 79' lang='lat' dir='ltr'><strong>proferentem</strong></span> <span class='ocrx_word' id='word_1_145' title='bbox 796 1406 995 1471; x_wconf 86' lang='lat' dir='ltr'><strong>fidem,</strong></span> <span class='ocrx_word' id='word_1_146' title='bbox 1019 1409 1075 1461; x_wconf 87' lang='lat' dir='ltr'><strong>et</strong></span> <span class='ocrx_word' id='word_1_147' title='bbox 1095 1406 1170 1477; x_wconf 87' lang='lat' dir='ltr'><strong>(d)</strong></span> <span class='ocrx_word' id='word_1_148' title='bbox 1190 1407 1298 1461; x_wconf 95' lang='lat' dir='ltr'><strong>Deo</strong></span> <span class='ocrx_word' id='word_1_149' title='bbox 1314 1406 1746 1462; x_wconf 90' lang='lat' dir='ltr'><strong>amicissimum</strong></span> 
     </span>
    </p>
   </div>
   <div class='ocr_carea' id='block_1_23' title="bbox 84 1494 1750 1570">
    <p class='ocr_par' dir='ltr' id='par_1_23' title="bbox 84 1494 1750 1570">
     <span class='ocr_line' id='line_1_23' title="bbox 84 1494 1750 1570; baseline -0.001 -18"><span class='ocrx_word' id='word_1_150' title='bbox 84 1496 428 1569; x_wconf 87' lang='lat' dir='ltr'><strong>episcopum</strong></span> <span class='ocrx_word' id='word_1_151' title='bbox 451 1494 802 1570; x_wconf 84' lang='lat' dir='ltr'><strong>Eusebium,</strong></span> <span class='ocrx_word' id='word_1_152' title='bbox 825 1500 1032 1566; x_wconf 82' lang='lat' dir='ltr'><strong>praeter</strong></span> <span class='ocrx_word' id='word_1_153' title='bbox 1051 1511 1284 1550; x_wconf 91' lang='lat' dir='ltr'><strong>omnem</strong></span> <span class='ocrx_word' id='word_1_154' title='bbox 1303 1511 1597 1550; x_wconf 89' lang='lat' dir='ltr'><strong>canonum</strong></span> <span class='ocrx_word' id='word_1_155' title='bbox 1614 1512 1750 1550; x_wconf 88' lang='lat' dir='ltr'><strong>con-</strong></span> 
     </span>
    </p>
   </div>
   <div class='ocr_carea' id='block_1_24' title="bbox 87 1583 1746 1657">
    <p class='ocr_par' dir='ltr' id='par_1_24' title="bbox 87 1583 1746 1657">
     <span class='ocr_line' id='line_1_24' title="bbox 87 1583 1746 1657; baseline -0.002 -16"><span class='ocrx_word' id='word_1_156' title='bbox 87 1584 350 1657; x_wconf 86' lang='lat' dir='ltr'><strong>sequenti</strong></span> <span class='ocrx_word' id='word_1_157' title='bbox 359 1601 460 1639; x_wconf 88' lang='lat' dir='ltr'><strong>am</strong></span> <span class='ocrx_word' id='word_1_158' title='bbox 479 1583 755 1656; x_wconf 89' lang='lat' dir='ltr'><strong>deposuit</strong></span> <span class='ocrx_word' id='word_1_159' title='bbox 767 1588 941 1656; x_wconf 89' lang='lat' dir='ltr'><strong>atque</strong></span> <span class='ocrx_word' id='word_1_160' title='bbox 957 1584 1256 1639; x_wconf 87' lang='lat' dir='ltr'><strong>damnavit</strong></span> <span class='ocrx_word' id='word_1_161' title='bbox 1273 1602 1285 1649; x_wconf 91' lang='lat'><strong>;</strong></span> <span class='ocrx_word' id='word_1_162' title='bbox 1302 1584 1372 1655; x_wconf 88' lang='lat' dir='ltr'><strong>(e)</strong></span> <span class='ocrx_word' id='word_1_163' title='bbox 1392 1584 1746 1656; x_wconf 82' lang='lat' dir='ltr'><strong>etEutychen</strong></span> 
     </span>
    </p>
   </div>
   <div class='ocr_carea' id='block_1_25' title="bbox 86 1672 1750 1755">
    <p class='ocr_par' dir='ltr' id='par_1_25' title="bbox 86 1672 1750 1755">
     <span class='ocr_line' id='line_1_25' title="bbox 86 1672 1750 1755; baseline -0.001 -27"><span class='ocrx_word' id='word_1_164' title='bbox 86 1691 183 1746; x_wconf 90' lang='lat' dir='ltr'><strong>pro</strong></span> <span class='ocrx_word' id='word_1_165' title='bbox 199 1673 519 1745; x_wconf 87' lang='lat' dir='ltr'><strong>impietate</strong></span> <span class='ocrx_word' id='word_1_166' title='bbox 541 1673 887 1755; x_wconf 75' lang='lat' dir='ltr'><strong>damnatum</strong></span> <span class='ocrx_word' id='word_1_167' title='bbox 912 1689 1029 1728; x_wconf 68' lang='lat' dir='ltr'><strong>suae</strong></span> <span class='ocrx_word' id='word_1_168' title='bbox 1052 1672 1376 1744; x_wconf 79' lang='lat' dir='ltr'><strong>tyrannidis</strong></span> <span class='ocrx_word' id='word_1_169' title='bbox 1397 1673 1643 1727; x_wconf 86' lang='lat' dir='ltr'><strong>decretis</strong></span> <span class='ocrx_word' id='word_1_170' title='bbox 1667 1672 1750 1726; x_wconf 81' lang='lat' dir='ltr'><strong>in-</strong></span> 
     </span>
    </p>
   </div>
   <div class='ocr_carea' id='block_1_26' title="bbox 93 1759 1745 1833">
    <p class='ocr_par' dir='ltr' id='par_1_26' title="bbox 93 1759 1745 1833">
     <span class='ocr_line' id='line_1_26' title="bbox 93 1759 1745 1833; baseline -0.002 -15"><span class='ocrx_word' id='word_1_171' title='bbox 93 1762 322 1819; x_wconf 82' lang='lat' dir='ltr'><strong>noxium</strong></span> <span class='ocrx_word' id='word_1_172' title='bbox 336 1761 578 1828; x_wconf 82' lang='lat' dir='ltr'><strong>statuit,</strong></span> <span class='ocrx_word' id='word_1_173' title='bbox 597 1759 1004 1832; x_wconf 86' lang='lat' dir='ltr'><strong>etdignitatem</strong></span> <span class='ocrx_word' id='word_1_174' title='bbox 1029 1778 1155 1833; x_wconf 70' lang='lat' dir='ltr'><strong>quae</strong></span> <span class='ocrx_word' id='word_1_175' title='bbox 1179 1779 1212 1816; x_wconf 89' lang='lat' dir='ltr'><strong>a</strong></span> <span class='ocrx_word' id='word_1_176' title='bbox 1232 1765 1424 1816; x_wconf 87' lang='lat' dir='ltr'><strong>vestra</strong></span> <span class='ocrx_word' id='word_1_177' title='bbox 1443 1760 1528 1815; x_wconf 83' lang='lat' dir='ltr'><strong>illi</strong></span> <span class='ocrx_word' id='word_1_178' title='bbox 1551 1761 1745 1816; x_wconf 82' lang='lat' dir='ltr'><strong>ablata</strong></span> 
     </span>
    </p>
   </div>
   <div class='ocr_carea' id='block_1_27' title="bbox 90 1850 1829 1925">
    <p class='ocr_par' dir='ltr' id='par_1_27' title="bbox 90 1850 1829 1925">
     <span class='ocr_line' id='line_1_27' title="bbox 90 1850 1829 1925; baseline -0.002 -18"><span class='ocrx_word' id='word_1_179' title='bbox 90 1853 270 1907; x_wconf 79' lang='lat' dir='ltr'><strong>fuerat</strong></span> <span class='ocrx_word' id='word_1_180' title='bbox 299 1850 625 1906; x_wconf 87' lang='lat' dir='ltr'><strong>sanctitate</strong></span> <span class='ocrx_word' id='word_1_181' title='bbox 644 1851 882 1921; x_wconf 91' lang='lat' dir='ltr'><strong>(quippe</strong></span> <span class='ocrx_word' id='word_1_182' title='bbox 897 1850 1048 1904; x_wconf 88' lang='lat' dir='ltr'><strong>utab</strong></span> <span class='ocrx_word' id='word_1_183' title='bbox 1072 1867 1136 1904; x_wconf 92' lang='lat' dir='ltr'><strong>eo</strong></span> <span class='ocrx_word' id='word_1_184' title='bbox 1161 1850 1259 1922; x_wconf 86' lang='lat' dir='ltr'><strong>qui</strong></span> <span class='ocrx_word' id='word_1_185' title='bbox 1283 1850 1391 1905; x_wconf 87' lang='lat' dir='ltr'><strong>hac</strong></span> <span class='ocrx_word' id='word_1_186' title='bbox 1415 1851 1606 1920; x_wconf 87' lang='lat' dir='ltr'><strong>gratia</strong></span> <span class='ocrx_word' id='word_1_187' title='bbox 1627 1854 1752 1906; x_wconf 91' lang='lat' dir='ltr'><strong>erat</strong></span> <span class='ocrx_word' id='word_1_188' title='bbox 1781 1859 1829 1925; x_wconf 79' lang='grc' dir='ltr'><strong>Β</strong></span> 
     </span>
    </p>
   </div>
   <div class='ocr_carea' id='block_1_28' title="bbox 95 1927 1749 2013">
    <p class='ocr_par' dir='ltr' id='par_1_28' title="bbox 95 1927 1749 2013">
     <span class='ocr_line' id='line_1_28' title="bbox 95 1927 1749 2013; baseline 0.001 -19"><span class='ocrx_word' id='word_1_189' title='bbox 95 1940 388 2013; x_wconf 83' lang='lat' dir='ltr'><strong>indignus)</strong></span> <span class='ocrx_word' id='word_1_190' title='bbox 402 1938 508 1995; x_wconf 93' lang='lat' dir='ltr'><strong>ille</strong></span> <span class='ocrx_word' id='word_1_191' title='bbox 524 1939 802 2003; x_wconf 88' lang='lat' dir='ltr'><strong>restituit,</strong></span> <span class='ocrx_word' id='word_1_192' title='bbox 821 1943 877 1994; x_wconf 89' lang='lat' dir='ltr'><strong>et</strong></span> <span class='ocrx_word' id='word_1_193' title='bbox 896 1939 954 1992; x_wconf 91' lang='lat' dir='ltr'><strong>in</strong></span> <span class='ocrx_word' id='word_1_194' title='bbox 978 1956 1231 2005; x_wconf 90' lang='lat' dir='ltr'><strong>summa,</strong></span> <span class='ocrx_word' id='word_1_195' title='bbox 1256 1939 1408 1995; x_wconf 89' lang='lat' dir='ltr'><strong>sicut</strong></span> <span class='ocrx_word' id='word_1_196' title='bbox 1430 1927 1749 2011; x_wconf 81' lang='lat' dir='ltr'><strong>singularis</strong></span> 
     </span>
    </p>
   </div>
   <div class='ocr_carea' id='block_1_29' title="bbox 95 2027 1750 2100">
    <p class='ocr_par' dir='ltr' id='par_1_29' title="bbox 95 2027 1750 2100">
     <span class='ocr_line' id='line_1_29' title="bbox 95 2027 1750 2100; baseline -0.001 -17"><span class='ocrx_word' id='word_1_197' title='bbox 95 2029 262 2095; x_wconf 88' lang='lat' dir='ltr'><strong>ferus,</strong></span> <span class='ocrx_word' id='word_1_198' title='bbox 293 2027 356 2084; x_wconf 92' lang='lat' dir='ltr'><strong>in</strong></span> <span class='ocrx_word' id='word_1_199' title='bbox 389 2029 631 2083; x_wconf 89' lang='lat' dir='ltr'><strong>vineam</strong></span> <span class='ocrx_word' id='word_1_200' title='bbox 662 2027 918 2092; x_wconf 88' lang='lat' dir='ltr'><strong>irruens,</strong></span> <span class='ocrx_word' id='word_1_201' title='bbox 938 2029 1204 2099; x_wconf 46' lang='lat' dir='ltr'><strong>quam”)</strong></span> <span class='ocrx_word' id='word_1_202' title='bbox 1227 2028 1511 2099; x_wconf 90' lang='lat' dir='ltr'><strong>optimam</strong></span> <span class='ocrx_word' id='word_1_203' title='bbox 1534 2029 1750 2100; x_wconf 87' lang='lat' dir='ltr'><strong>reperit</strong></span> 
     </span>
    </p>
   </div>
   <div class='ocr_carea' id='block_1_30' title="bbox 102 2116 1746 2190">
    <p class='ocr_par' dir='ltr' id='par_1_30' title="bbox 102 2116 1746 2190">
     <span class='ocr_line' id='line_1_30' title="bbox 102 2116 1746 2190; baseline 0.001 -19"><span class='ocrx_word' id='word_1_204' title='bbox 102 2117 543 2190; x_wconf 87' lang='lat' dir='ltr'><strong>plantationem,</strong></span> <span class='ocrx_word' id='word_1_205' title='bbox 578 2116 782 2172; x_wconf 88' lang='lat' dir='ltr'><strong>evertit</strong></span> <span class='ocrx_word' id='word_1_206' title='bbox 803 2118 915 2187; x_wconf 90' lang='lat' dir='ltr'><strong>(Ps.</strong></span> <span class='ocrx_word' id='word_1_207' title='bbox 943 2133 1128 2184; x_wconf 77' lang='lat' dir='ltr'><strong>LXXIX,</strong></span> <span class='ocrx_word' id='word_1_208' title='bbox 1152 2118 1238 2187; x_wconf 86' lang='grc'>14)</span> <span class='ocrx_word' id='word_1_209' title='bbox 1265 2135 1276 2184; x_wconf 93' lang='grc'>;</span> <span class='ocrx_word' id='word_1_210' title='bbox 1303 2117 1374 2187; x_wconf 82' lang='lat' dir='ltr'><strong>(g)</strong></span> <span class='ocrx_word' id='word_1_211' title='bbox 1400 2134 1575 2189; x_wconf 87' lang='lat' dir='ltr'><strong>quam</strong></span> <span class='ocrx_word' id='word_1_212' title='bbox 1591 2135 1746 2185; x_wconf 90' lang='lat' dir='ltr'><strong>vero,</strong></span> 
     </span>
    </p>
   </div>
   <div class='ocr_carea' id='block_1_31' title="bbox 102 2205 1746 2278">
    <p class='ocr_par' dir='ltr' id='par_1_31' title="bbox 102 2205 1746 2278">
     <span class='ocr_line' id='line_1_31' title="bbox 102 2205 1746 2278; baseline 0.001 -19"><span class='ocrx_word' id='word_1_213' title='bbox 102 2206 306 2278; x_wconf 88' lang='lat' dir='ltr'><strong>quippe</strong></span> <span class='ocrx_word' id='word_1_214' title='bbox 319 2210 386 2261; x_wconf 90' lang='lat' dir='ltr'><strong>ut</strong></span> <span class='ocrx_word' id='word_1_215' title='bbox 401 2206 866 2270; x_wconf 82' lang='lat' dir='ltr'><strong>infructuosam,</strong></span> <span class='ocrx_word' id='word_1_216' title='bbox 883 2205 1472 2273; x_wconf 88' lang='lat' dir='ltr'><strong>eradicatam,rursus</strong></span> <span class='ocrx_word' id='word_1_217' title='bbox 1487 2205 1746 2275; x_wconf 85' lang='lat' dir='ltr'><strong>induxit;</strong></span> 
     </span>
    </p>
   </div>
   <div class='ocr_carea' id='block_1_32' title="bbox 105 2294 1751 2366">
    <p class='ocr_par' dir='ltr' id='par_1_32' title="bbox 105 2294 1751 2366">
     <span class='ocr_line' id='line_1_32' title="bbox 105 2294 1751 2366; baseline 0.001 -17"><span class='ocrx_word' id='word_1_218' title='bbox 105 2300 254 2350; x_wconf 87' lang='lat' dir='ltr'><strong>eteos</strong></span> <span class='ocrx_word' id='word_1_219' title='bbox 267 2311 402 2350; x_wconf 84' lang='lat' dir='ltr'><strong>vero</strong></span> <span class='ocrx_word' id='word_1_220' title='bbox 418 2294 670 2366; x_wconf 90' lang='lat' dir='ltr'><strong>quidem</strong></span> <span class='ocrx_word' id='word_1_221' title='bbox 686 2295 784 2366; x_wconf 86' lang='lat' dir='ltr'><strong>qui</strong></span> <span class='ocrx_word' id='word_1_222' title='bbox 801 2312 869 2350; x_wconf 90' lang='lat' dir='ltr'><strong>ea</strong></span> <span class='ocrx_word' id='word_1_223' title='bbox 881 2312 1009 2366; x_wconf 61' lang='lat' dir='ltr'><strong>qua</strong></span> <span class='ocrx_word' id='word_1_224' title='bbox 1025 2299 1326 2366; x_wconf 86' lang='lat' dir='ltr'><strong>pastorum</strong></span> <span class='ocrx_word' id='word_1_225' title='bbox 1354 2298 1492 2350; x_wconf 83' lang='lat' dir='ltr'><strong>sunt</strong></span> <span class='ocrx_word' id='word_1_226' title='bbox 1513 2295 1751 2366; x_wconf 91' lang='lat' dir='ltr'><strong>sapiunt</strong></span> 
     </span>
    </p>
   </div>
   <div class='ocr_carea' id='block_1_33' title="bbox 106 2382 1752 2456">
    <p class='ocr_par' dir='ltr' id='par_1_33' title="bbox 106 2382 1752 2456">
     <span class='ocr_line' id='line_1_33' title="bbox 106 2382 1752 2456; baseline 0.002 -20"><span class='ocrx_word' id='word_1_227' title='bbox 106 2383 340 2438; x_wconf 87' lang='lat' dir='ltr'><strong>abscidit</strong></span> <span class='ocrx_word' id='word_1_228' title='bbox 363 2401 377 2451; x_wconf 92' lang='lat'><strong>;</strong></span> <span class='ocrx_word' id='word_1_229' title='bbox 411 2401 517 2440; x_wconf 91' lang='lat' dir='ltr'><strong>eos</strong></span> <span class='ocrx_word' id='word_1_230' title='bbox 528 2399 669 2438; x_wconf 91' lang='lat' dir='ltr'><strong>vero</strong></span> <span class='ocrx_word' id='word_1_231' title='bbox 683 2383 780 2455; x_wconf 89' lang='lat' dir='ltr'><strong>qui</strong></span> <span class='ocrx_word' id='word_1_232' title='bbox 797 2382 916 2455; x_wconf 90' lang='lat' dir='ltr'><strong>lupi</strong></span> <span class='ocrx_word' id='word_1_233' title='bbox 934 2383 1012 2454; x_wconf 88' lang='lat' dir='ltr'><strong>(h)</strong></span> <span class='ocrx_word' id='word_1_234' title='bbox 1026 2383 1409 2438; x_wconf 86' lang='lat' dir='ltr'><strong>demonstrati</strong></span> <span class='ocrx_word' id='word_1_235' title='bbox 1425 2388 1564 2438; x_wconf 88' lang='lat' dir='ltr'><strong>sunt</strong></span> <span class='ocrx_word' id='word_1_236' title='bbox 1576 2401 1752 2456; x_wconf 89' lang='lat' dir='ltr'><strong>super</strong></span> 
     </span>
    </p>
   </div>
   <div class='ocr_carea' id='block_1_34' title="bbox 106 2471 1752 2544">
    <p class='ocr_par' dir='ltr' id='par_1_34' title="bbox 106 2471 1752 2544">
     <span class='ocr_line' id='line_1_34' title="bbox 106 2471 1752 2544; baseline 0.002 -19"><span class='ocrx_word' id='word_1_237' title='bbox 106 2487 226 2526; x_wconf 82' lang='lat' dir='ltr'><strong>oves</strong></span> <span class='ocrx_word' id='word_1_238' title='bbox 255 2471 568 2544; x_wconf 89' lang='lat' dir='ltr'><strong>imposuit.</strong></span> <span class='ocrx_word' id='word_1_239' title='bbox 585 2473 655 2526; x_wconf 90' lang='lat' dir='ltr'><strong>Et</strong></span> <span class='ocrx_word' id='word_1_240' title='bbox 678 2477 809 2543; x_wconf 90' lang='lat' dir='ltr'><strong>post</strong></span> <span class='ocrx_word' id='word_1_241' title='bbox 831 2473 950 2526; x_wconf 66' lang='lat' dir='ltr'><strong>haec</strong></span> <span class='ocrx_word' id='word_1_242' title='bbox 970 2472 1187 2539; x_wconf 89' lang='lat' dir='ltr'><strong>omnia,</strong></span> <span class='ocrx_word' id='word_1_243' title='bbox 1215 2472 1456 2544; x_wconf 90' lang='lat' dir='ltr'><strong>insuper</strong></span> <span class='ocrx_word' id='word_1_244' title='bbox 1472 2477 1529 2528; x_wconf 88' lang='lat' dir='ltr'><strong>et</strong></span> <span class='ocrx_word' id='word_1_245' title='bbox 1550 2478 1752 2528; x_wconf 83' lang='lat' dir='ltr'><strong>contra</strong></span> 
     </span>
    </p>
   </div>
   <div class='ocr_carea' id='block_1_35' title="bbox 109 2559 1748 2631">
    <p class='ocr_par' dir='ltr' id='par_1_35' title="bbox 109 2559 1748 2631">
     <span class='ocr_line' id='line_1_35' title="bbox 109 2559 1748 2631; baseline 0.002 -18"><span class='ocrx_word' id='word_1_246' title='bbox 109 2559 308 2631; x_wconf 89' lang='lat' dir='ltr'><strong>ipsum,</strong></span> <span class='ocrx_word' id='word_1_247' title='bbox 337 2561 432 2616; x_wconf 91' lang='lat' dir='ltr'><strong>cui</strong></span> <span class='ocrx_word' id='word_1_248' title='bbox 453 2561 644 2617; x_wconf 71' lang='lat' dir='ltr'><strong>vineae</strong></span> <span class='ocrx_word' id='word_1_249' title='bbox 667 2560 976 2616; x_wconf 90' lang='lat' dir='ltr'><strong>custodiaa</strong></span> <span class='ocrx_word' id='word_1_250' title='bbox 999 2559 1292 2616; x_wconf 77' lang='lat' dir='ltr'><strong>Salvatore</strong></span> <span class='ocrx_word' id='word_1_251' title='bbox 1307 2561 1618 2616; x_wconf 89' lang='lat' dir='ltr'><strong>commissa</strong></span> <span class='ocrx_word' id='word_1_252' title='bbox 1639 2567 1748 2629; x_wconf 90' lang='lat' dir='ltr'><strong>est,</strong></span> 
     </span>
    </p>
   </div>
   <div class='ocr_carea' id='block_1_36' title="bbox 109 2649 1749 2722">
    <p class='ocr_par' dir='ltr' id='par_1_36' title="bbox 109 2649 1749 2722">
     <span class='ocr_line' id='line_1_36' title="bbox 109 2649 1749 2722; baseline 0.001 -20"><span class='ocrx_word' id='word_1_253' title='bbox 109 2649 348 2704; x_wconf 81' lang='lat' dir='ltr'><strong>extendit</strong></span> <span class='ocrx_word' id='word_1_254' title='bbox 363 2649 672 2705; x_wconf 88' lang='lat' dir='ltr'><strong>insaniam</strong></span> <span class='ocrx_word' id='word_1_255' title='bbox 684 2695 697 2717; x_wconf 94' lang='lat'><strong>,</strong></span> <span class='ocrx_word' id='word_1_256' title='bbox 709 2649 765 2703; x_wconf 92' lang='lat' dir='ltr'><strong>id</strong></span> <span class='ocrx_word' id='word_1_257' title='bbox 782 2655 868 2704; x_wconf 91' lang='lat' dir='ltr'><strong>est</strong></span> <span class='ocrx_word' id='word_1_258' title='bbox 881 2653 1080 2704; x_wconf 86' lang='lat' dir='ltr'><strong>contra</strong></span> <span class='ocrx_word' id='word_1_259' title='bbox 1091 2653 1254 2704; x_wconf 89' lang='lat' dir='ltr'><strong>tuam</strong></span> <span class='ocrx_word' id='word_1_260' title='bbox 1269 2666 1498 2722; x_wconf 91' lang='lat' dir='ltr'><strong>quoque</strong></span> <span class='ocrx_word' id='word_1_261' title='bbox 1523 2650 1586 2721; x_wconf 87' lang='lat' dir='ltr'><strong>(i)</strong></span> <span class='ocrx_word' id='word_1_262' title='bbox 1606 2650 1749 2706; x_wconf 89' lang='lat' dir='ltr'><strong>dici-</strong></span> 
     </span>
    </p>
   </div>
   <div class='ocr_carea' id='block_1_37' title="bbox 113 2738 1751 2804">
    <p class='ocr_par' dir='ltr' id='par_1_37' title="bbox 113 2738 1751 2804">
     <span class='ocr_line' id='line_1_37' title="bbox 113 2738 1751 2804; baseline 0.003 -15"><span class='ocrx_word' id='word_1_263' title='bbox 113 2751 230 2791; x_wconf 88' lang='lat' dir='ltr'><strong>mus</strong></span> <span class='ocrx_word' id='word_1_264' title='bbox 250 2739 629 2794; x_wconf 89' lang='lat' dir='ltr'><strong>sanctitatem</strong></span> <span class='ocrx_word' id='word_1_265' title='bbox 651 2742 737 2804; x_wconf 91' lang='lat' dir='ltr'><strong>;et</strong></span> <span class='ocrx_word' id='word_1_266' title='bbox 757 2738 1419 2793; x_wconf 86' lang='lat' dir='ltr'><strong>excommunicationem</strong></span> <span class='ocrx_word' id='word_1_267' title='bbox 1435 2739 1751 2795; x_wconf 87' lang='lat' dir='ltr'><strong>meditatus</strong></span> 
     </span>
    </p>
   </div>
   <div class='ocr_carea' id='block_1_38' title="bbox 117 2826 1754 2898">
    <p class='ocr_par' dir='ltr' id='par_1_38' title="bbox 117 2826 1754 2898">
     <span class='ocr_line' id='line_1_38' title="bbox 117 2826 1754 2898; baseline 0.003 -20"><span class='ocrx_word' id='word_1_268' title='bbox 117 2829 193 2878; x_wconf 87' lang='lat' dir='ltr'><strong>est</strong></span> <span class='ocrx_word' id='word_1_269' title='bbox 220 2831 416 2882; x_wconf 88' lang='lat' dir='ltr'><strong>contra</strong></span> <span class='ocrx_word' id='word_1_270' title='bbox 447 2831 528 2895; x_wconf 88' lang='lat' dir='ltr'><strong>te,</strong></span> <span class='ocrx_word' id='word_1_271' title='bbox 568 2827 668 2898; x_wconf 87' lang='lat' dir='ltr'><strong>qui</strong></span> <span class='ocrx_word' id='word_1_272' title='bbox 690 2843 901 2898; x_wconf 89' lang='lat' dir='ltr'><strong>corpus</strong></span> <span class='ocrx_word' id='word_1_273' title='bbox 923 2826 1192 2882; x_wconf 61' lang='lat' dir='ltr'><strong>Ecclesiae</strong></span> <span class='ocrx_word' id='word_1_274' title='bbox 1215 2827 1382 2882; x_wconf 91' lang='lat' dir='ltr'><strong>unire</strong></span> <span class='ocrx_word' id='word_1_275' title='bbox 1405 2828 1664 2883; x_wconf 80' lang='lat' dir='ltr'><strong>festinas.</strong></span> <span class='ocrx_word' id='word_1_276' title='bbox 1687 2829 1754 2883; x_wconf 87' lang='lat' dir='ltr'><strong>Et</strong></span> 
     </span>
    </p>
   </div>
   <div class='ocr_carea' id='block_1_39' title="bbox 116 2913 1751 2988">
    <p class='ocr_par' dir='ltr' id='par_1_39' title="bbox 116 2913 1751 2988">
     <span class='ocr_line' id='line_1_39' title="bbox 116 2913 1751 2988; baseline 0.003 -22"><span class='ocrx_word' id='word_1_277' title='bbox 116 2913 237 2968; x_wconf 90' lang='lat' dir='ltr'><strong>dum</strong></span> <span class='ocrx_word' id='word_1_278' title='bbox 267 2915 336 2971; x_wconf 92' lang='lat' dir='ltr'><strong>de</strong></span> <span class='ocrx_word' id='word_1_279' title='bbox 359 2916 591 2972; x_wconf 88' lang='lat' dir='ltr'><strong>talibus</strong></span> <span class='ocrx_word' id='word_1_280' title='bbox 622 2917 899 2988; x_wconf 66' lang='lat' dir='ltr'><strong>poenitere</strong></span> <span class='ocrx_word' id='word_1_281' title='bbox 916 2932 1049 2971; x_wconf 91' lang='lat' dir='ltr'><strong>eum</strong></span> <span class='ocrx_word' id='word_1_282' title='bbox 1066 2916 1584 2988; x_wconf 68' lang='lat' dir='ltr'><strong>potiuSOporteret,</strong></span> <span class='ocrx_word' id='word_1_283' title='bbox 1608 2917 1751 2972; x_wconf 91' lang='lat' dir='ltr'><strong>dum</strong></span> 
     </span>
    </p>
   </div>
   <div class='ocr_carea' id='block_1_40' title="bbox 1882 1304 3476 1382">
    <p class='ocr_par' dir='ltr' id='par_1_40' title="bbox 1882 1304 3476 1382">
     <span class='ocr_line' id='line_1_40' title="bbox 1882 1304 3476 1382; baseline -0.011 -15"><span class='ocrx_word' id='word_1_284' title='bbox 1882 1324 2008 1372; x_wconf 67' lang='grc' dir='ltr'>ὄιον,</span> <span class='ocrx_word' id='word_1_285' title='bbox 2032 1317 2166 1382; x_wconf 83' lang='grc' dir='ltr'><strong>παρά</strong></span> <span class='ocrx_word' id='word_1_286' title='bbox 2192 1323 2353 1366; x_wconf 84' lang='grc' dir='ltr'>πᾶσαν</span> <span class='ocrx_word' id='word_1_287' title='bbox 2396 1315 2483 1370; x_wconf 78' lang='grc' dir='ltr'><strong>τήν</strong></span> <span class='ocrx_word' id='word_1_288' title='bbox 2524 1313 2621 1360; x_wconf 86' lang='grc' dir='ltr'><strong>τῶν</strong></span> <span class='ocrx_word' id='word_1_289' title='bbox 2662 1309 2883 1359; x_wconf 76' lang='grc' dir='ltr'>κανόνων</span> <span class='ocrx_word' id='word_1_290' title='bbox 2920 1305 3218 1356; x_wconf 71' lang='grc' dir='ltr'>ἀκολουθίαν</span> <span class='ocrx_word' id='word_1_291' title='bbox 3254 1304 3476 1354; x_wconf 78' lang='grc' dir='ltr'>καθεῖλεο</span> 
     </span>
    </p>
   </div>
   <div class='ocr_carea' id='block_1_41' title="bbox 1883 1393 3478 1466">
    <p class='ocr_par' dir='ltr' id='par_1_41' title="bbox 1883 1393 3478 1466">
     <span class='ocr_line' id='line_1_41' title="bbox 1883 1393 3478 1466; baseline -0.011 -8"><span class='ocrx_word' id='word_1_292' title='bbox 1883 1410 1966 1458; x_wconf 78' lang='grc' dir='ltr'>καὶ</span> <span class='ocrx_word' id='word_1_293' title='bbox 1999 1408 2084 1455; x_wconf 87' lang='grc' dir='ltr'>τὸν</span> <span class='ocrx_word' id='word_1_294' title='bbox 2121 1406 2197 1455; x_wconf 77' lang='grc' dir='ltr'><strong>ἐπὶ</strong></span> <span class='ocrx_word' id='word_1_295' title='bbox 2234 1403 2495 1466; x_wconf 82' lang='grc' dir='ltr'>δυσσεϐείᾳ</span> <span class='ocrx_word' id='word_1_296' title='bbox 2525 1397 2946 1461; x_wconf 80' lang='grc' dir='ltr'>κατακεκριμένον</span> <span class='ocrx_word' id='word_1_297' title='bbox 2988 1395 3209 1459; x_wconf 81' lang='grc' dir='ltr'><strong>Εὐτυχῆ,</strong></span> <span class='ocrx_word' id='word_1_298' title='bbox 3249 1393 3354 1448; x_wconf 88' lang='grc' dir='ltr'>ταῖς</span> <span class='ocrx_word' id='word_1_299' title='bbox 3392 1393 3478 1452; x_wconf 82' lang='grc' dir='ltr'><strong>τῆς</strong></span> 
     </span>
    </p>
   </div>
   <div class='ocr_carea' id='block_1_42' title="bbox 1881 1482 3480 1559">
    <p class='ocr_par' dir='ltr' id='par_1_42' title="bbox 1881 1482 3480 1559">
     <span class='ocr_line' id='line_1_42' title="bbox 1881 1482 3480 1559; baseline -0.011 -12"><span class='ocrx_word' id='word_1_300' title='bbox 1881 1496 2162 1559; x_wconf 74' lang='grc' dir='ltr'>τυραννίδος</span> <span class='ocrx_word' id='word_1_301' title='bbox 2215 1495 2369 1544; x_wconf 78' lang='grc' dir='ltr'>αὐτοῦ</span> <span class='ocrx_word' id='word_1_302' title='bbox 2430 1492 2610 1553; x_wconf 60' lang='grc' dir='ltr'>ψῆφοις</span> <span class='ocrx_word' id='word_1_303' title='bbox 2660 1489 2900 1550; x_wconf 79' lang='grc' dir='ltr'>ἠθὼωσε,</span> <span class='ocrx_word' id='word_1_304' title='bbox 2956 1483 3040 1534; x_wconf 79' lang='grc' dir='ltr'><strong>καὶ</strong></span> <span class='ocrx_word' id='word_1_305' title='bbox 3083 1485 3170 1542; x_wconf 79' lang='grc' dir='ltr'><strong>τὴν</strong></span> <span class='ocrx_word' id='word_1_306' title='bbox 3215 1483 3350 1548; x_wconf 87' lang='grc' dir='ltr'><strong>παρά</strong></span> <span class='ocrx_word' id='word_1_307' title='bbox 3393 1482 3480 1538; x_wconf 78' lang='grc' dir='ltr'><strong>τῆς</strong></span> 
     </span>
    </p>
   </div>
   <div class='ocr_carea' id='block_1_43' title="bbox 1880 1571 3478 1648">
    <p class='ocr_par' dir='ltr' id='par_1_43' title="bbox 1880 1571 3478 1648">
     <span class='ocr_line' id='line_1_43' title="bbox 1880 1571 3478 1648; baseline -0.011 -12"><span class='ocrx_word' id='word_1_308' title='bbox 1880 1589 2018 1648; x_wconf 80' lang='grc' dir='ltr'>ὑμῶν</span> <span class='ocrx_word' id='word_1_309' title='bbox 2053 1585 2332 1644; x_wconf 82' lang='grc' dir='ltr'>ὁσιότητος,</span> <span class='ocrx_word' id='word_1_310' title='bbox 2359 1579 2380 1613; x_wconf 76' lang='grc'><em>³</em></span> <span class='ocrx_word' id='word_1_311' title='bbox 2415 1583 2480 1628; x_wconf 74' lang='grc' dir='ltr'>ὼε</span> <span class='ocrx_word' id='word_1_312' title='bbox 2511 1578 2628 1640; x_wconf 83' lang='grc' dir='ltr'>παρ’</span> <span class='ocrx_word' id='word_1_313' title='bbox 2665 1577 2865 1631; x_wconf 80' lang='grc' dir='ltr'>ἀναξίου</span> <span class='ocrx_word' id='word_1_314' title='bbox 2900 1575 2988 1633; x_wconf 80' lang='grc' dir='ltr'>τῆς</span> <span class='ocrx_word' id='word_1_315' title='bbox 3020 1575 3239 1638; x_wconf 84' lang='grc' dir='ltr'>χάριτος,</span> <span class='ocrx_word' id='word_1_316' title='bbox 3273 1571 3478 1636; x_wconf 84' lang='grc' dir='ltr'>ἀφαιρε-</span> 
     </span>
    </p>
   </div>
   <div class='ocr_carea' id='block_1_44' title="bbox 1882 1659 3480 1730">
    <p class='ocr_par' dir='ltr' id='par_1_44' title="bbox 1882 1659 3480 1730">
     <span class='ocr_line' id='line_1_44' title="bbox 1882 1659 3480 1730; baseline -0.01 -6"><span class='ocrx_word' id='word_1_317' title='bbox 1882 1678 2034 1726; x_wconf 80' lang='grc' dir='ltr'>θεῖσαι</span> <span class='ocrx_word' id='word_1_318' title='bbox 2076 1674 2209 1730; x_wconf 77' lang='grc' dir='ltr'>ἀξίαν</span> <span class='ocrx_word' id='word_1_319' title='bbox 2259 1671 2511 1720; x_wconf 72' lang='grc' dir='ltr'>ἀπέδωκῖο</span> <span class='ocrx_word' id='word_1_320' title='bbox 2546 1667 2628 1714; x_wconf 85' lang='grc' dir='ltr'>καὶ</span> <span class='ocrx_word' id='word_1_321' title='bbox 2674 1667 2740 1720; x_wconf 84' lang='grc' dir='ltr'>ὡς</span> <span class='ocrx_word' id='word_1_322' title='bbox 2789 1665 2956 1727; x_wconf 88' lang='grc' dir='ltr'>μονιὸς</span> <span class='ocrx_word' id='word_1_323' title='bbox 2999 1663 3125 1717; x_wconf 81' lang='grc' dir='ltr'>ἅπαξ</span> <span class='ocrx_word' id='word_1_324' title='bbox 3163 1660 3330 1725; x_wconf 81' lang='grc' dir='ltr'>ἄγριος</span> <span class='ocrx_word' id='word_1_325' title='bbox 3375 1659 3480 1708; x_wconf 79' lang='grc' dir='ltr'>ἐπι-</span> 
     </span>
    </p>
   </div>
   <div class='ocr_carea' id='block_1_45' title="bbox 1882 1744 3477 1831">
    <p class='ocr_par' dir='ltr' id='par_1_45' title="bbox 1882 1744 3477 1831">
     <span class='ocr_line' id='line_1_45' title="bbox 1882 1744 3477 1831; baseline -0.009 -18"><span class='ocrx_word' id='word_1_326' title='bbox 1882 1767 2042 1815; x_wconf 84' lang='grc' dir='ltr'>πεσὼν</span> <span class='ocrx_word' id='word_1_327' title='bbox 2080 1765 2141 1831; x_wconf 73' lang='grc' dir='ltr'><strong>τῇ</strong></span> <span class='ocrx_word' id='word_1_328' title='bbox 2173 1763 2395 1825; x_wconf 81' lang='grc' dir='ltr'><strong>ἀμπέλῳ,</strong></span> <span class='ocrx_word' id='word_1_329' title='bbox 2421 1756 2477 1818; x_wconf 74' lang='grc' dir='ltr'><strong>ἣν</strong></span> <span class='ocrx_word' id='word_1_330' title='bbox 2513 1757 2598 1818; x_wconf 82' lang='grc' dir='ltr'>μὲν</span> <span class='ocrx_word' id='word_1_331' title='bbox 2641 1756 2844 1820; x_wconf 87' lang='grc' dir='ltr'>ἀρίστην</span> <span class='ocrx_word' id='word_1_332' title='bbox 2886 1744 2998 1819; x_wconf 81' lang='grc' dir='ltr'>εὗρε</span> <span class='ocrx_word' id='word_1_333' title='bbox 3029 1751 3245 1816; x_wconf 80' lang='grc' dir='ltr'>φυτείαν,</span> <span class='ocrx_word' id='word_1_334' title='bbox 3285 1749 3477 1815; x_wconf 82' lang='grc' dir='ltr'>ἀνέτρε-</span> 
     </span>
    </p>
   </div>
   <div class='ocr_carea' id='block_1_46' title="bbox 1883 1837 3481 1915">
    <p class='ocr_par' dir='ltr' id='par_1_46' title="bbox 1883 1837 3481 1915">
     <span class='ocr_line' id='line_1_46' title="bbox 1883 1837 3481 1915; baseline -0.011 -12"><span class='ocrx_word' id='word_1_335' title='bbox 1883 1857 1971 1915; x_wconf 73' lang='grc' dir='ltr'><strong>ψεν</strong></span> <span class='ocrx_word' id='word_1_336' title='bbox 1992 1870 2004 1882; x_wconf 92' lang='grc'><strong>·</strong></span> <span class='ocrx_word' id='word_1_337' title='bbox 2042 1851 2099 1914; x_wconf 86' lang='grc' dir='ltr'><strong>ἢν</strong></span> <span class='ocrx_word' id='word_1_338' title='bbox 2144 1852 2196 1901; x_wconf 76' lang='grc' dir='ltr'>δὲ</span> <span class='ocrx_word' id='word_1_339' title='bbox 2223 1853 2288 1906; x_wconf 87' lang='grc' dir='ltr'><strong>ὡς</strong></span> <span class='ocrx_word' id='word_1_340' title='bbox 2326 1847 2568 1913; x_wconf 76' lang='grc' dir='ltr'>ἄκαρπον,</span> <span class='ocrx_word' id='word_1_341' title='bbox 2602 1844 2920 1911; x_wconf 74' lang='grc' dir='ltr'>ἐρριμμένην,</span> <span class='ocrx_word' id='word_1_342' title='bbox 2956 1841 3216 1902; x_wconf 71' lang='grc' dir='ltr'>εἰσήγαγε·</span> <span class='ocrx_word' id='word_1_343' title='bbox 3247 1837 3331 1890; x_wconf 84' lang='grc' dir='ltr'><strong>καὶ</strong></span> <span class='ocrx_word' id='word_1_344' title='bbox 3363 1837 3481 1894; x_wconf 78' lang='grc' dir='ltr'>τοὺς</span> 
     </span>
    </p>
   </div>
   <div class='ocr_carea' id='block_1_47' title="bbox 1886 1927 3477 2004">
    <p class='ocr_par' dir='ltr' id='par_1_47' title="bbox 1886 1927 3477 2004">
     <span class='ocr_line' id='line_1_47' title="bbox 1886 1927 3477 2004; baseline -0.01 -14"><span class='ocrx_word' id='word_1_345' title='bbox 1886 1943 1969 2004; x_wconf 82' lang='grc' dir='ltr'>μὲν</span> <span class='ocrx_word' id='word_1_346' title='bbox 2015 1944 2076 1992; x_wconf 88' lang='grc' dir='ltr'><strong>τά</strong></span> <span class='ocrx_word' id='word_1_347' title='bbox 2117 1940 2362 2004; x_wconf 81' lang='grc' dir='ltr'><strong>ποιμένων</strong></span> <span class='ocrx_word' id='word_1_348' title='bbox 2395 1934 2697 2002; x_wconf 73' lang='grc' dir='ltr'>φρονοῦντας</span> <span class='ocrx_word' id='word_1_349' title='bbox 2743 1933 2986 1994; x_wconf 75' lang='grc' dir='ltr'><strong>ἀπέτεμε,</strong></span> <span class='ocrx_word' id='word_1_350' title='bbox 3028 1929 3144 1984; x_wconf 84' lang='grc' dir='ltr'>τοὺς</span> <span class='ocrx_word' id='word_1_351' title='bbox 3185 1927 3238 1977; x_wconf 81' lang='grc' dir='ltr'>δὲ</span> <span class='ocrx_word' id='word_1_352' title='bbox 3275 1927 3477 1988; x_wconf 77' lang='grc' dir='ltr'>λύκους,</span> 
     </span>
    </p>
   </div>
   <div class='ocr_carea' id='block_1_48' title="bbox 1886 2014 3479 2095">
    <p class='ocr_par' dir='ltr' id='par_1_48' title="bbox 1886 2014 3479 2095">
     <span class='ocr_line' id='line_1_48' title="bbox 1886 2014 3479 2095; baseline -0.012 -13"><span class='ocrx_word' id='word_1_353' title='bbox 1886 2031 2325 2095; x_wconf 78' lang='grc' dir='ltr'>ἀποδεδειγμένους</span> <span class='ocrx_word' id='word_1_354' title='bbox 2361 2027 2460 2081; x_wconf 87' lang='grc' dir='ltr'>τοῖς</span> <span class='ocrx_word' id='word_1_355' title='bbox 2495 2025 2762 2089; x_wconf 82' lang='grc' dir='ltr'>προϐάτοις</span> <span class='ocrx_word' id='word_1_356' title='bbox 2801 2021 3068 2078; x_wconf 82' lang='grc' dir='ltr'>ἐπέστησε·</span> <span class='ocrx_word' id='word_1_357' title='bbox 3109 2017 3192 2067; x_wconf 83' lang='grc' dir='ltr'>καὶ</span> <span class='ocrx_word' id='word_1_358' title='bbox 3223 2017 3344 2082; x_wconf 83' lang='grc' dir='ltr'>πρὸς</span> <span class='ocrx_word' id='word_1_359' title='bbox 3363 2014 3479 2066; x_wconf 85' lang='grc' dir='ltr'>τού-</span> 
     </span>
    </p>
   </div>
   <div class='ocr_carea' id='block_1_49' title="bbox 1895 2105 3480 2180">
    <p class='ocr_par' dir='ltr' id='par_1_49' title="bbox 1895 2105 3480 2180">
     <span class='ocr_line' id='line_1_49' title="bbox 1895 2105 3480 2180; baseline -0.013 -7"><span class='ocrx_word' id='word_1_360' title='bbox 1895 2141 1996 2177; x_wconf 83' lang='grc' dir='ltr'>τοις</span> <span class='ocrx_word' id='word_1_361' title='bbox 2021 2122 2217 2180; x_wconf 81' lang='grc' dir='ltr'>ἅπασιν,</span> <span class='ocrx_word' id='word_1_362' title='bbox 2249 2118 2320 2168; x_wconf 81' lang='grc' dir='ltr'>ἔτι</span> <span class='ocrx_word' id='word_1_363' title='bbox 2343 2117 2425 2165; x_wconf 80' lang='grc' dir='ltr'>καὶ</span> <span class='ocrx_word' id='word_1_364' title='bbox 2459 2118 2519 2164; x_wconf 83' lang='grc' dir='ltr'>τὰ</span> <span class='ocrx_word' id='word_1_365' title='bbox 2553 2113 2662 2162; x_wconf 87' lang='grc' dir='ltr'>κατ’</span> <span class='ocrx_word' id='word_1_366' title='bbox 2698 2109 2854 2162; x_wconf 75' lang='grc' dir='ltr'>αὐτοῦ</span> <span class='ocrx_word' id='word_1_367' title='bbox 2893 2107 2982 2158; x_wconf 71' lang='grc' dir='ltr'>τοῖ’)</span> <span class='ocrx_word' id='word_1_368' title='bbox 3024 2109 3112 2168; x_wconf 80' lang='grc' dir='ltr'>τῆς</span> <span class='ocrx_word' id='word_1_369' title='bbox 3134 2106 3352 2168; x_wconf 77' lang='grc' dir='ltr'>ἀμπέλου</span> <span class='ocrx_word' id='word_1_370' title='bbox 3391 2105 3480 2163; x_wconf 79' lang='grc' dir='ltr'><strong>τὴν</strong></span> 
     </span>
    </p>
   </div>
   <div class='ocr_carea' id='block_1_50' title="bbox 1886 2193 3478 2274">
    <p class='ocr_par' dir='ltr' id='par_1_50' title="bbox 1886 2193 3478 2274">
     <span class='ocr_line' id='line_1_50' title="bbox 1886 2193 3478 2274; baseline -0.012 -13"><span class='ocrx_word' id='word_1_371' title='bbox 1886 2212 2103 2272; x_wconf 64' lang='grc' dir='ltr'>φυλακὴν</span> <span class='ocrx_word' id='word_1_372' title='bbox 2140 2209 2275 2274; x_wconf 89' lang='grc' dir='ltr'><strong>παρά</strong></span> <span class='ocrx_word' id='word_1_373' title='bbox 2317 2211 2405 2256; x_wconf 83' lang='grc' dir='ltr'>τοῦ</span> <span class='ocrx_word' id='word_1_374' title='bbox 2447 2205 2676 2266; x_wconf 73' lang='grc' dir='ltr'>Σωτῆρος</span> <span class='ocrx_word' id='word_1_375' title='bbox 2715 2197 3134 2262; x_wconf 71' lang='grc' dir='ltr'>ἐπιτετραμμένον</span> <span class='ocrx_word' id='word_1_376' title='bbox 3176 2195 3263 2252; x_wconf 79' lang='grc' dir='ltr'><strong>τήν</strong></span> <span class='ocrx_word' id='word_1_377' title='bbox 3305 2193 3478 2258; x_wconf 87' lang='grc' dir='ltr'>μανίαν</span> 
     </span>
    </p>
   </div>
   <div class='ocr_carea' id='block_1_51' title="bbox 1886 2283 3480 2361">
    <p class='ocr_par' dir='ltr' id='par_1_51' title="bbox 1886 2283 3480 2361">
     <span class='ocr_line' id='line_1_51' title="bbox 1886 2283 3480 2361; baseline -0.013 -11"><span class='ocrx_word' id='word_1_378' title='bbox 1886 2303 2084 2350; x_wconf 76' lang='grc' dir='ltr'>ἐξέτεινε</span> <span class='ocrx_word' id='word_1_379' title='bbox 2101 2315 2114 2328; x_wconf 76' lang='grc' dir='ltr'><strong>ο</strong></span> <span class='ocrx_word' id='word_1_380' title='bbox 2143 2300 2255 2360; x_wconf 90' lang='grc' dir='ltr'>λέγο</span> <span class='ocrx_word' id='word_1_381' title='bbox 2268 2314 2354 2361; x_wconf 84' lang='grc' dir='ltr'><strong>μεν</strong></span> <span class='ocrx_word' id='word_1_382' title='bbox 2384 2296 2441 2353; x_wconf 84' lang='grc' dir='ltr'><strong>δὴ</strong></span> <span class='ocrx_word' id='word_1_383' title='bbox 2475 2295 2561 2352; x_wconf 80' lang='grc' dir='ltr'>τῆς</span> <span class='ocrx_word' id='word_1_384' title='bbox 2583 2293 2672 2350; x_wconf 73' lang='grc' dir='ltr'>σῆς</span> <span class='ocrx_word' id='word_1_385' title='bbox 2695 2290 2982 2347; x_wconf 82' lang='grc' dir='ltr'>ὁσιότητος⁶</span> <span class='ocrx_word' id='word_1_386' title='bbox 3014 2286 3098 2334; x_wconf 79' lang='grc' dir='ltr'><strong>καὶ</strong></span> <span class='ocrx_word' id='word_1_387' title='bbox 3121 2283 3480 2342; x_wconf 81' lang='grc' dir='ltr'>ἀκοινωνησίαν</span> 
     </span>
    </p>
   </div>
   <div class='ocr_carea' id='block_1_52' title="bbox 1885 2371 3481 2447">
    <p class='ocr_par' dir='ltr' id='par_1_52' title="bbox 1885 2371 3481 2447">
     <span class='ocr_line' id='line_1_52' title="bbox 1885 2371 3481 2447; baseline -0.011 -11"><span class='ocrx_word' id='word_1_388' title='bbox 1885 2392 2010 2437; x_wconf 78' lang='grc' dir='ltr'>κατὰ</span> <span class='ocrx_word' id='word_1_389' title='bbox 2059 2385 2149 2437; x_wconf 74' lang='grc' dir='ltr'><strong>τοῦ</strong></span> <span class='ocrx_word' id='word_1_390' title='bbox 2189 2385 2245 2434; x_wconf 86' lang='grc' dir='ltr'>τὸ</span> <span class='ocrx_word' id='word_1_391' title='bbox 2298 2385 2447 2447; x_wconf 85' lang='grc' dir='ltr'>σῶμα</span> <span class='ocrx_word' id='word_1_392' title='bbox 2485 2383 2572 2440; x_wconf 78' lang='grc' dir='ltr'><strong>τῆς</strong></span> <span class='ocrx_word' id='word_1_393' title='bbox 2618 2379 2880 2438; x_wconf 77' lang='grc' dir='ltr'>ἐκκλησίας</span> <span class='ocrx_word' id='word_1_394' title='bbox 2928 2373 3066 2426; x_wconf 74' lang='grc' dir='ltr'>ἑνοῦν</span> <span class='ocrx_word' id='word_1_395' title='bbox 3121 2371 3481 2428; x_wconf 81' lang='grc' dir='ltr'>σπουδάζοντος</span> 
     </span>
    </p>
   </div>
   <div class='ocr_carea' id='block_1_53' title="bbox 1888 2461 3479 2538">
    <p class='ocr_par' dir='ltr' id='par_1_53' title="bbox 1888 2461 3479 2538">
     <span class='ocr_line' id='line_1_53' title="bbox 1888 2461 3479 2538; baseline -0.011 -12"><span class='ocrx_word' id='word_1_396' title='bbox 1888 2479 2171 2538; x_wconf 82' lang='grc' dir='ltr'>ἐμελέτησε.</span> <span class='ocrx_word' id='word_1_397' title='bbox 2211 2475 2312 2524; x_wconf 83' lang='grc' dir='ltr'>Καὶ</span> <span class='ocrx_word' id='word_1_398' title='bbox 2345 2474 2455 2521; x_wconf 86' lang='grc' dir='ltr'>δέον</span> <span class='ocrx_word' id='word_1_399' title='bbox 2485 2472 2560 2520; x_wconf 80' lang='grc' dir='ltr'>ἐπὶ</span> <span class='ocrx_word' id='word_1_400' title='bbox 2595 2469 2790 2523; x_wconf 83' lang='grc' dir='ltr'>τούτοις</span> <span class='ocrx_word' id='word_1_401' title='bbox 2813 2465 3130 2530; x_wconf 79' lang='grc' dir='ltr'>μετανοῆσαι,</span> <span class='ocrx_word' id='word_1_402' title='bbox 3161 2463 3270 2512; x_wconf 89' lang='grc' dir='ltr'>δέον</span> <span class='ocrx_word' id='word_1_403' title='bbox 3295 2461 3479 2525; x_wconf 81' lang='grc' dir='ltr'>δάκρυ-</span> 
     </span>
    </p>
   </div>
   <div class='ocr_carea' id='block_1_54' title="bbox 1887 2548 3478 2623">
    <p class='ocr_par' dir='ltr' id='par_1_54' title="bbox 1887 2548 3478 2623">
     <span class='ocr_line' id='line_1_54' title="bbox 1887 2548 3478 2623; baseline -0.011 -8"><span class='ocrx_word' id='word_1_404' title='bbox 1887 2584 1960 2616; x_wconf 88' lang='grc' dir='ltr'><strong>σιν</strong></span> <span class='ocrx_word' id='word_1_405' title='bbox 1997 2565 2200 2623; x_wconf 77' lang='grc' dir='ltr'>αἰτῆσαι</span> <span class='ocrx_word' id='word_1_406' title='bbox 2232 2563 2314 2611; x_wconf 80' lang='grc' dir='ltr'><strong>τὸν</strong></span> <span class='ocrx_word' id='word_1_407' title='bbox 2346 2561 2500 2618; x_wconf 87' lang='grc' dir='ltr'>ἔλεον,</span> <span class='ocrx_word' id='word_1_408' title='bbox 2540 2563 2604 2612; x_wconf 82' lang='grc' dir='ltr'>ὥς</span> <span class='ocrx_word' id='word_1_409' title='bbox 2643 2558 2719 2607; x_wconf 80' lang='grc' dir='ltr'>ἐπὶ</span> <span class='ocrx_word' id='word_1_410' title='bbox 2757 2555 2954 2617; x_wconf 81' lang='grc' dir='ltr'>σεμνοῖς</span> <span class='ocrx_word' id='word_1_411' title='bbox 2997 2548 3354 2614; x_wconf 78' lang='grc' dir='ltr'>ἐπηγάλλετο,³</span> <span class='ocrx_word' id='word_1_412' title='bbox 3389 2551 3478 2608; x_wconf 77' lang='grc' dir='ltr'><strong>τὴν</strong></span> 
     </span>
    </p>
   </div>
   <div class='ocr_carea' id='block_1_55' title="bbox 1892 2639 3481 2717">
    <p class='ocr_par' dir='ltr' id='par_1_55' title="bbox 1892 2639 3481 2717">
     <span class='ocr_line' id='line_1_55' title="bbox 1892 2639 3481 2717; baseline -0.009 -15"><span class='ocrx_word' id='word_1_413' title='bbox 1892 2657 1977 2717; x_wconf 76' lang='grc' dir='ltr'>μὲν</span> <span class='ocrx_word' id='word_1_414' title='bbox 2008 2655 2268 2710; x_wconf 79' lang='grc' dir='ltr'>ἐπιστολὴν</span> <span class='ocrx_word' id='word_1_415' title='bbox 2305 2651 2390 2708; x_wconf 75' lang='grc' dir='ltr'><strong>τῆς</strong></span> <span class='ocrx_word' id='word_1_416' title='bbox 2415 2652 2504 2708; x_wconf 80' lang='grc' dir='ltr'><strong>σῆς</strong></span> <span class='ocrx_word' id='word_1_417' title='bbox 2544 2649 2801 2704; x_wconf 84' lang='grc' dir='ltr'>ὁσιότητος</span> <span class='ocrx_word' id='word_1_418' title='bbox 2835 2643 3103 2699; x_wconf 87' lang='grc' dir='ltr'>διαπτύων,</span> <span class='ocrx_word' id='word_1_419' title='bbox 3139 2646 3260 2690; x_wconf 83' lang='grc' dir='ltr'>πᾶσι</span> <span class='ocrx_word' id='word_1_420' title='bbox 3291 2639 3344 2689; x_wconf 83' lang='grc' dir='ltr'>δὲ</span> <span class='ocrx_word' id='word_1_421' title='bbox 3376 2639 3481 2694; x_wconf 85' lang='grc' dir='ltr'>τοῖς</span> 
     </span>
    </p>
   </div>
   <div class='ocr_carea' id='block_1_56' title="bbox 1893 2729 3479 2803">
    <p class='ocr_par' dir='ltr' id='par_1_56' title="bbox 1893 2729 3479 2803">
     <span class='ocr_line' id='line_1_56' title="bbox 1893 2729 3479 2803; baseline -0.008 -13"><span class='ocrx_word' id='word_1_422' title='bbox 1893 2747 1978 2803; x_wconf 77' lang='grc' dir='ltr'>τῆς</span> <span class='ocrx_word' id='word_1_423' title='bbox 2011 2743 2233 2801; x_wconf 78' lang='grc' dir='ltr'>ἀληθείας</span> <span class='ocrx_word' id='word_1_424' title='bbox 2273 2741 2509 2802; x_wconf 81' lang='grc' dir='ltr'>δόγμασιν</span> <span class='ocrx_word' id='word_1_425' title='bbox 2546 2735 2912 2798; x_wconf 81' lang='grc' dir='ltr'>ἀνθιστάμενος.</span> <span class='ocrx_word' id='word_1_426' title='bbox 2947 2731 3042 2782; x_wconf 80' lang='grc' dir='ltr'><strong>Καὶ</strong></span> <span class='ocrx_word' id='word_1_427' title='bbox 3077 2731 3172 2779; x_wconf 78' lang='grc' dir='ltr'>ἔδει</span> <span class='ocrx_word' id='word_1_428' title='bbox 3207 2729 3292 2793; x_wconf 80' lang='grc' dir='ltr'>μὲν</span> <span class='ocrx_word' id='word_1_429' title='bbox 3327 2729 3479 2778; x_wconf 79' lang='grc' dir='ltr'>αὐτὸν</span> 
     </span>
    </p>
   </div>
   <div class='ocr_carea' id='block_1_57' title="bbox 1895 2817 3536 2895">
    <p class='ocr_par' dir='ltr' id='par_1_57' title="bbox 1895 2817 3536 2895">
     <span class='ocr_line' id='line_1_57' title="bbox 1895 2817 3536 2895; baseline -0.012 -13"><span class='ocrx_word' id='word_1_430' title='bbox 1895 2832 2036 2887; x_wconf 78' lang='grc' dir='ltr'>εὐθὺς</span> <span class='ocrx_word' id='word_1_431' title='bbox 2072 2829 2144 2895; x_wconf 83' lang='grc' dir='ltr'><strong>ἐφ’</strong></span> <span class='ocrx_word' id='word_1_432' title='bbox 2195 2821 2253 2888; x_wconf 76' lang='grc' dir='ltr'><strong>ἧς</strong></span> <span class='ocrx_word' id='word_1_433' title='bbox 2284 2828 2457 2877; x_wconf 80' lang='grc' dir='ltr'>ἑαυτὸν</span> <span class='ocrx_word' id='word_1_434' title='bbox 2493 2826 2646 2879; x_wconf 77' lang='grc' dir='ltr'>ἔταξε,</span> <span class='ocrx_word' id='word_1_435' title='bbox 2692 2821 2981 2883; x_wconf 82' lang='grc' dir='ltr'>καταλεῖψαι</span> <span class='ocrx_word' id='word_1_436' title='bbox 3012 2819 3224 2882; x_wconf 77' lang='grc' dir='ltr'>μερίδος.</span> <span class='ocrx_word' id='word_1_437' title='bbox 3281 2817 3474 2877; x_wconf 81' lang='grc' dir='ltr'>Ἐπειδή</span> <span class='ocrx_word' id='word_1_438' title='bbox 3533 2829 3536 2831; x_wconf 73' lang='lat'><strong>‘</strong></span> 
     </span>
    </p>
   </div>
   <div class='ocr_carea' id='block_1_58' title="bbox 1890 2901 3478 2982">
    <p class='ocr_par' dir='ltr' id='par_1_58' title="bbox 1890 2901 3478 2982">
     <span class='ocr_line' id='line_1_58' title="bbox 1890 2901 3478 2982; baseline -0.011 -14"><span class='ocrx_word' id='word_1_439' title='bbox 1890 2920 1914 2968; x_wconf 82' lang='grc' dir='ltr'><strong>δ</strong></span> <span class='ocrx_word' id='word_1_440' title='bbox 1943 2919 2056 2969; x_wconf 78' lang='grc' dir='ltr'><strong>ὲτοῦ</strong></span> <span class='ocrx_word' id='word_1_441' title='bbox 2096 2919 2327 2982; x_wconf 81' lang='grc' dir='ltr'>Σωτῆρος</span> <span class='ocrx_word' id='word_1_442' title='bbox 2361 2917 2446 2972; x_wconf 85' lang='grc' dir='ltr'><strong>τήν</strong></span> <span class='ocrx_word' id='word_1_443' title='bbox 2487 2913 2749 2976; x_wconf 79' lang='grc' dir='ltr'>μαθητείαν</span> <span class='ocrx_word' id='word_1_444' title='bbox 2776 2909 2797 2943; x_wconf 75' lang='grc'><strong><em>⁵</em></strong></span> <span class='ocrx_word' id='word_1_445' title='bbox 2821 2906 3233 2971; x_wconf 77' lang='grc' dir='ltr'>ἐπαγγελλόμεθα,</span> <span class='ocrx_word' id='word_1_446' title='bbox 3275 2901 3328 2960; x_wconf 83' lang='grc' dir='ltr'>ὃς</span> <span class='ocrx_word' id='word_1_447' title='bbox 3361 2904 3478 2953; x_wconf 79' lang='grc' dir='ltr'>πάν-</span> 
     </span>
    </p>
   </div>
   <div class='ocr_carea' id='block_1_59' title="bbox 116 3001 1751 3077">
    <p class='ocr_par' dir='ltr' id='par_1_59' title="bbox 116 3001 1751 3077">
     <span class='ocr_line' id='line_1_59' title="bbox 116 3001 1751 3077; baseline 0.004 -23"><span class='ocrx_word' id='word_1_448' title='bbox 116 3001 325 3058; x_wconf 89' lang='lat' dir='ltr'><strong>deberet</strong></span> <span class='ocrx_word' id='word_1_449' title='bbox 337 3003 810 3060; x_wconf 89' lang='lat' dir='ltr'><strong>misericordiam</strong></span> <span class='ocrx_word' id='word_1_450' title='bbox 829 3003 1102 3076; x_wconf 79' lang='lat' dir='ltr'><strong>lacrymis</strong></span> <span class='ocrx_word' id='word_1_451' title='bbox 1118 3004 1432 3075; x_wconf 89' lang='lat' dir='ltr'><strong>postulare,</strong></span> <span class='ocrx_word' id='word_1_452' title='bbox 1449 3009 1751 3077; x_wconf 88' lang='lat' dir='ltr'><strong>tamquam</strong></span> 
     </span>
    </p>
   </div>
   <div class='ocr_carea' id='block_1_60' title="bbox 119 3090 1751 3165">
    <p class='ocr_par' dir='ltr' id='par_1_60' title="bbox 119 3090 1751 3165">
     <span class='ocr_line' id='line_1_60' title="bbox 119 3090 1751 3165; baseline 0.002 -21"><span class='ocrx_word' id='word_1_453' title='bbox 119 3090 174 3159; x_wconf 90' lang='lat' dir='ltr'><strong>(j)</strong></span> <span class='ocrx_word' id='word_1_454' title='bbox 202 3091 266 3145; x_wconf 90' lang='lat' dir='ltr'><strong>de</strong></span> <span class='ocrx_word' id='word_1_455' title='bbox 281 3091 448 3148; x_wconf 85' lang='lat' dir='ltr'><strong>factis</strong></span> <span class='ocrx_word' id='word_1_456' title='bbox 462 3091 687 3149; x_wconf 91' lang='lat' dir='ltr'><strong>sobriis</strong></span> <span class='ocrx_word' id='word_1_457' title='bbox 700 3092 1046 3160; x_wconf 85' lang='lat' dir='ltr'><strong>exsultabat,</strong></span> <span class='ocrx_word' id='word_1_458' title='bbox 1065 3093 1370 3165; x_wconf 88' lang='lat' dir='ltr'><strong>epistolam</strong></span> <span class='ocrx_word' id='word_1_459' title='bbox 1389 3093 1751 3164; x_wconf 69' lang='lat' dir='ltr'><strong>quidemtum</strong></span> 
     </span>
    </p>
   </div>
   <div class='ocr_carea' id='block_1_61' title="bbox 121 3179 1752 3254">
    <p class='ocr_par' dir='ltr' id='par_1_61' title="bbox 121 3179 1752 3254">
     <span class='ocr_line' id='line_1_61' title="bbox 121 3179 1752 3254; baseline 0.004 -25"><span class='ocrx_word' id='word_1_460' title='bbox 121 3193 381 3249; x_wconf 89' lang='lat' dir='ltr'><strong>respuens</strong></span> <span class='ocrx_word' id='word_1_461' title='bbox 405 3179 767 3250; x_wconf 82' lang='lat' dir='ltr'><strong>sanctitatis,</strong></span> <span class='ocrx_word' id='word_1_462' title='bbox 787 3181 1060 3237; x_wconf 91' lang='lat' dir='ltr'><strong>omnibus</strong></span> <span class='ocrx_word' id='word_1_463' title='bbox 1083 3198 1218 3237; x_wconf 86' lang='lat' dir='ltr'><strong>vero</strong></span> <span class='ocrx_word' id='word_1_464' title='bbox 1230 3181 1600 3254; x_wconf 83' lang='lat' dir='ltr'><strong>dogmatibus</strong></span> <span class='ocrx_word' id='word_1_465' title='bbox 1615 3183 1752 3238; x_wconf 81' lang='lat' dir='ltr'><strong>veri-</strong></span> 
     </span>
    </p>
   </div>
   <div class='ocr_carea' id='block_1_62' title="bbox 122 3266 610 3325">
    <p class='ocr_par' dir='ltr' id='par_1_62' title="bbox 122 3266 610 3325">
     <span class='ocr_line' id='line_1_62' title="bbox 122 3266 610 3325; baseline 0.01 -7"><span class='ocrx_word' id='word_1_466' title='bbox 122 3266 244 3322; x_wconf 83' lang='lat' dir='ltr'><strong>tatis</strong></span> <span class='ocrx_word' id='word_1_467' title='bbox 264 3268 610 3325; x_wconf 88' lang='lat' dir='ltr'><strong>adversans.</strong></span> 
     </span>
    </p>
   </div>
   <div class='ocr_carea' id='block_1_63' title="bbox 184 3353 1760 3431">
    <p class='ocr_par' dir='ltr' id='par_1_63' title="bbox 184 3353 1760 3431">
     <span class='ocr_line' id='line_1_63' title="bbox 184 3353 1760 3431; baseline 0.004 -21"><span class='ocrx_word' id='word_1_468' title='bbox 184 3353 305 3411; x_wconf 73' lang='lat' dir='ltr'><strong>CAP.</strong></span> <span class='ocrx_word' id='word_1_469' title='bbox 337 3358 435 3414; x_wconf 89' lang='lat' dir='ltr'><strong>III.</strong></span> <span class='ocrx_word' id='word_1_470' title='bbox 466 3391 539 3398; x_wconf 93' lang='lat'><strong>—</strong></span> <span class='ocrx_word' id='word_1_471' title='bbox 570 3359 640 3413; x_wconf 89' lang='lat' dir='ltr'><strong>Et</strong></span> <span class='ocrx_word' id='word_1_472' title='bbox 672 3357 906 3429; x_wconf 90' lang='lat' dir='ltr'><strong>quidem</strong></span> <span class='ocrx_word' id='word_1_473' title='bbox 938 3360 1240 3431; x_wconf 88' lang='lat' dir='ltr'><strong>oportebat</strong></span> <span class='ocrx_word' id='word_1_474' title='bbox 1267 3376 1400 3416; x_wconf 92' lang='lat' dir='ltr'><strong>eum</strong></span> <span class='ocrx_word' id='word_1_475' title='bbox 1425 3377 1558 3415; x_wconf 80' lang='lat' dir='ltr'><strong>mox</strong></span> <span class='ocrx_word' id='word_1_476' title='bbox 1607 3361 1760 3416; x_wconf 90' lang='lat' dir='ltr'><strong>inter</strong></span> 
     </span>
    </p>
   </div>
   <div class='ocr_carea' id='block_1_64' title="bbox 127 3439 1754 3521">
    <p class='ocr_par' dir='ltr' id='par_1_64' title="bbox 127 3439 1754 3521">
     <span class='ocr_line' id='line_1_64' title="bbox 127 3439 1754 3521; baseline 0.007 -27"><span class='ocrx_word' id='word_1_477' title='bbox 127 3439 240 3499; x_wconf 89' lang='lat' dir='ltr'><strong>illos</strong></span> <span class='ocrx_word' id='word_1_478' title='bbox 269 3445 339 3517; x_wconf 80' lang='lat' dir='ltr'><strong>(k)</strong></span> <span class='ocrx_word' id='word_1_479' title='bbox 371 3447 430 3502; x_wconf 91' lang='lat' dir='ltr'><strong>in</strong></span> <span class='ocrx_word' id='word_1_480' title='bbox 463 3463 726 3519; x_wconf 89' lang='lat' dir='ltr'><strong>quorum</strong></span> <span class='ocrx_word' id='word_1_481' title='bbox 745 3463 806 3502; x_wconf 90' lang='lat' dir='ltr'><strong>se</strong></span> <span class='ocrx_word' id='word_1_482' title='bbox 825 3447 950 3520; x_wconf 92' lang='lat' dir='ltr'><strong>ipse</strong></span> <span class='ocrx_word' id='word_1_483' title='bbox 973 3448 1180 3503; x_wconf 89' lang='lat' dir='ltr'><strong>statuit</strong></span> <span class='ocrx_word' id='word_1_484' title='bbox 1199 3453 1382 3521; x_wconf 88' lang='lat' dir='ltr'><strong>parte,</strong></span> <span class='ocrx_word' id='word_1_485' title='bbox 1403 3448 1754 3521; x_wconf 89' lang='lat' dir='ltr'><strong>relinquere.</strong></span> 
     </span>
    </p>
   </div>
   <div class='ocr_carea' id='block_1_65' title="bbox 127 3529 1757 3609">
    <p class='ocr_par' dir='ltr' id='par_1_65' title="bbox 127 3529 1757 3609">
     <span class='ocr_line' id='line_1_65' title="bbox 127 3529 1757 3609; baseline 0.006 -25"><span class='ocrx_word' id='word_1_486' title='bbox 127 3529 386 3592; x_wconf 87' lang='lat' dir='ltr'><strong>Quoniam</strong></span> <span class='ocrx_word' id='word_1_487' title='bbox 412 3553 552 3593; x_wconf 90' lang='lat' dir='ltr'><strong>vero</strong></span> <span class='ocrx_word' id='word_1_488' title='bbox 589 3535 902 3591; x_wconf 87' lang='lat' dir='ltr'><strong>Salvatoris</strong></span> <span class='ocrx_word' id='word_1_489' title='bbox 925 3537 1268 3609; x_wconf 83' lang='lat' dir='ltr'><strong>profitemur</strong></span> <span class='ocrx_word' id='word_1_490' title='bbox 1297 3555 1403 3593; x_wconf 91' lang='lat' dir='ltr'><strong>nos</strong></span> <span class='ocrx_word' id='word_1_491' title='bbox 1426 3555 1555 3593; x_wconf 90' lang='lat' dir='ltr'><strong>esse</strong></span> <span class='ocrx_word' id='word_1_492' title='bbox 1575 3538 1757 3593; x_wconf 86' lang='lat' dir='ltr'><strong>disci-</strong></span> 
     </span>
    </p>
   </div>
   <div class='ocr_carea' id='block_1_66' title="bbox 125 3619 1814 3701">
    <p class='ocr_par' dir='ltr' id='par_1_66' title="bbox 125 3619 1814 3701">
     <span class='ocr_line' id='line_1_66' title="bbox 125 3619 1814 3701; baseline 0.007 -29"><span class='ocrx_word' id='word_1_493' title='bbox 125 3619 292 3688; x_wconf 88' lang='lat' dir='ltr'><strong>pulos,</strong></span> <span class='ocrx_word' id='word_1_494' title='bbox 325 3626 418 3696; x_wconf 88' lang='lat' dir='ltr'><strong>qui</strong></span> <span class='ocrx_word' id='word_1_495' title='bbox 446 3641 642 3681; x_wconf 84' lang='lat' dir='ltr'><strong>omnes</strong></span> <span class='ocrx_word' id='word_1_496' title='bbox 663 3625 906 3681; x_wconf 78' lang='lat' dir='ltr'><strong>homines</strong></span> <span class='ocrx_word' id='word_1_497' title='bbox 926 3627 1101 3682; x_wconf 85' lang='lat' dir='ltr'><strong>salvos</strong></span> <span class='ocrx_word' id='word_1_498' title='bbox 1121 3627 1246 3696; x_wconf 83' lang='lat' dir='ltr'><strong>ﬁeri</strong></span> <span class='ocrx_word' id='word_1_499' title='bbox 1265 3627 1398 3694; x_wconf 80' lang='lat' dir='ltr'><strong>vult,</strong></span> <span class='ocrx_word' id='word_1_500' title='bbox 1420 3627 1482 3698; x_wconf 79' lang='grc' dir='ltr'>(ι)</span> <span class='ocrx_word' id='word_1_501' title='bbox 1503 3635 1554 3682; x_wconf 85' lang='lat' dir='ltr'><strong>et</strong></span> <span class='ocrx_word' id='word_1_502' title='bbox 1573 3627 1642 3682; x_wconf 88' lang='lat' dir='ltr'><strong>ad</strong></span> <span class='ocrx_word' id='word_1_503' title='bbox 1662 3644 1756 3683; x_wconf 89' lang='lat' dir='ltr'><strong>co-</strong></span> <span class='ocrx_word' id='word_1_504' title='bbox 1809 3697 1814 3701; x_wconf 23' lang='grc' dir='ltr'>η</span> 
     </span>
    </p>
   </div>
   <div class='ocr_carea' id='block_1_67' title="bbox 123 3709 1756 3785">
    <p class='ocr_par' dir='ltr' id='par_1_67' title="bbox 123 3709 1756 3785">
     <span class='ocr_line' id='line_1_67' title="bbox 123 3709 1756 3785; baseline 0.006 -26"><span class='ocrx_word' id='word_1_505' title='bbox 123 3709 396 3773; x_wconf 82' lang='lat' dir='ltr'><strong>gnitionem</strong></span> <span class='ocrx_word' id='word_1_506' title='bbox 420 3713 675 3768; x_wconf 76' lang='lat' dir='ltr'><strong>veritatis</strong></span> <span class='ocrx_word' id='word_1_507' title='bbox 705 3712 953 3768; x_wconf 79' lang='lat' dir='ltr'><strong>accedere</strong></span> <span class='ocrx_word' id='word_1_508' title='bbox 983 3713 1030 3784; x_wconf 92' lang='grc' dir='ltr'><strong>(Ι</strong></span> <span class='ocrx_word' id='word_1_509' title='bbox 1061 3714 1269 3780; x_wconf 69' lang='lat' dir='ltr'><strong>Timr],</strong></span> <span class='ocrx_word' id='word_1_510' title='bbox 1296 3715 1348 3783; x_wconf 88' lang='grc'>4)</span> <span class='ocrx_word' id='word_1_511' title='bbox 1374 3730 1387 3780; x_wconf 89' lang='grc'><strong>;</strong></span> <span class='ocrx_word' id='word_1_512' title='bbox 1415 3730 1586 3785; x_wconf 90' lang='lat' dir='ltr'><strong>opere</strong></span> <span class='ocrx_word' id='word_1_513' title='bbox 1603 3712 1756 3769; x_wconf 85' lang='lat' dir='ltr'><strong>hanc</strong></span> 
     </span>
    </p>
   </div>
   <div class='ocr_carea' id='block_1_68' title="bbox 122 3792 1755 3866">
    <p class='ocr_par' dir='ltr' id='par_1_68' title="bbox 122 3792 1755 3866">
     <span class='ocr_line' id='line_1_68' title="bbox 122 3792 1755 3866; baseline 0.007 -21"><span class='ocrx_word' id='word_1_514' title='bbox 122 3792 170 3847; x_wconf 91' lang='lat' dir='ltr'><strong>in</strong></span> <span class='ocrx_word' id='word_1_515' title='bbox 184 3811 242 3850; x_wconf 91' lang='lat' dir='ltr'><strong>eo</strong></span> <span class='ocrx_word' id='word_1_516' title='bbox 257 3798 724 3857; x_wconf 87' lang='lat' dir='ltr'><strong>misericordiam</strong></span> <span class='ocrx_word' id='word_1_517' title='bbox 742 3801 1148 3856; x_wconf 84' lang='lat' dir='ltr'><strong>festinavimus</strong></span> <span class='ocrx_word' id='word_1_518' title='bbox 1162 3802 1529 3866; x_wconf 83' lang='lat' dir='ltr'><strong>confirmare,</strong></span> <span class='ocrx_word' id='word_1_519' title='bbox 1550 3806 1607 3857; x_wconf 91' lang='lat' dir='ltr'><strong>et</strong></span> <span class='ocrx_word' id='word_1_520' title='bbox 1620 3817 1755 3857; x_wconf 91' lang='lat' dir='ltr'><strong>eum</strong></span> 
     </span>
    </p>
   </div>
   <div class='ocr_carea' id='block_1_69' title="bbox 121 3885 1753 3961">
    <p class='ocr_par' dir='ltr' id='par_1_69' title="bbox 121 3885 1753 3961">
     <span class='ocr_line' id='line_1_69' title="bbox 121 3885 1753 3961; baseline 0.007 -28"><span class='ocrx_word' id='word_1_521' title='bbox 121 3895 236 3938; x_wconf 92' lang='lat' dir='ltr'><strong>cum</strong></span> <span class='ocrx_word' id='word_1_522' title='bbox 249 3885 496 3945; x_wconf 84' lang='lat' dir='ltr'><strong>fraterna</strong></span> <span class='ocrx_word' id='word_1_523' title='bbox 513 3890 974 3945; x_wconf 85' lang='lat' dir='ltr'><strong>mansuetudine</strong></span> <span class='ocrx_word' id='word_1_524' title='bbox 987 3891 1056 3945; x_wconf 89' lang='lat' dir='ltr'><strong>ad</strong></span> <span class='ocrx_word' id='word_1_525' title='bbox 1065 3889 1361 3961; x_wconf 88' lang='lat' dir='ltr'><strong>judicium</strong></span> <span class='ocrx_word' id='word_1_526' title='bbox 1376 3891 1753 3946; x_wconf 85' lang='lat' dir='ltr'><strong>vocabamus.</strong></span> 
     </span>
    </p>
   </div>
   <div class='ocr_carea' id='block_1_70' title="bbox 121 3978 1752 4046">
    <p class='ocr_par' dir='ltr' id='par_1_70' title="bbox 121 3978 1752 4046">
     <span class='ocr_line' id='line_1_70' title="bbox 121 3978 1752 4046; baseline 0.005 -20"><span class='ocrx_word' id='word_1_527' title='bbox 121 3984 217 4026; x_wconf 87' lang='lat' dir='ltr'><strong>non</strong></span> <span class='ocrx_word' id='word_1_528' title='bbox 245 3978 404 4046; x_wconf 88' lang='lat' dir='ltr'><strong>quasi</strong></span> <span class='ocrx_word' id='word_1_529' title='bbox 425 3981 724 4034; x_wconf 87' lang='lat' dir='ltr'><strong>tentantes</strong></span> <span class='ocrx_word' id='word_1_530' title='bbox 756 3978 1119 4045; x_wconf 87' lang='lat' dir='ltr'><strong>abscindere,</strong></span> <span class='ocrx_word' id='word_1_531' title='bbox 1163 3981 1360 4034; x_wconf 76' lang='lat'><strong>1094</strong></span> <span class='ocrx_word' id='word_1_532' title='bbox 1387 3979 1486 4034; x_wconf 91' lang='lat' dir='ltr'><strong>sed</strong></span> <span class='ocrx_word' id='word_1_533' title='bbox 1514 3995 1752 4034; x_wconf 85' lang='lat' dir='ltr'><strong>excusa-</strong></span> 
     </span>
    </p>
   </div>
   <div class='ocr_carea' id='block_1_71' title="bbox 198 4123 1740 4202">
    <p class='ocr_par' dir='ltr' id='par_1_71' title="bbox 198 4123 1740 4202">
     <span class='ocr_line' id='line_1_71' title="bbox 198 4123 1740 4202; baseline 0.005 -25"><span class='ocrx_word' id='word_1_534' title='bbox 198 4123 246 4202; x_wconf 74' lang='grc' dir='ltr'><strong>ᾳ)</strong></span> <span class='ocrx_word' id='word_1_535' title='bbox 268 4124 864 4202; x_wconf 14' lang='grc' dir='ltr'>[ιο-νοωηοεοοάίοοε.</span> <span class='ocrx_word' id='word_1_536' title='bbox 897 4127 1152 4202; x_wconf 86' lang='lat' dir='ltr'><strong>Vulgati,</strong></span> <span class='ocrx_word' id='word_1_537' title='bbox 1186 4128 1477 4202; x_wconf 10' lang='lat' dir='ltr'><strong>Zoroﬁbaibet</strong></span> <span class='ocrx_word' id='word_1_538' title='bbox 1505 4133 1556 4183; x_wconf 85' lang='lat' dir='ltr'><strong>et</strong></span> <span class='ocrx_word' id='word_1_539' title='bbox 1595 4131 1740 4202; x_wconf 79' lang='lat' dir='ltr'><strong>Jesu.</strong></span> 
     </span>
    </p>
   </div>
   <div class='ocr_carea' id='block_1_72' title="bbox 127 4191 1743 4310">
    <p class='ocr_par' dir='ltr' id='par_1_72' title="bbox 127 4191 1743 4310">
     <span class='ocr_line' id='line_1_72' title="bbox 127 4191 1743 4310; baseline 0.002 -59"><span class='ocrx_word' id='word_1_540' title='bbox 127 4191 434 4310; x_wconf 45' lang='lat' dir='ltr'><strong>sumgditi,</strong></span> <span class='ocrx_word' id='word_1_541' title='bbox 466 4201 803 4255; x_wconf 80' lang='lat' dir='ltr'><strong>annitentes.</strong></span> <span class='ocrx_word' id='word_1_542' title='bbox 839 4203 913 4255; x_wconf 80' lang='lat' dir='ltr'><strong>Et</strong></span> <span class='ocrx_word' id='word_1_543' title='bbox 935 4191 1054 4256; x_wconf 55' lang='lat' dir='ltr'><strong>erit</strong></span> <span class='ocrx_word' id='word_1_544' title='bbox 1070 4191 1277 4272; x_wconf 84' lang='lat' dir='ltr'><strong>utique.</strong></span> <span class='ocrx_word' id='word_1_545' title='bbox 1296 4201 1536 4256; x_wconf 87' lang='lat' dir='ltr'><strong>Codices</strong></span> <span class='ocrx_word' id='word_1_546' title='bbox 1559 4200 1743 4255; x_wconf 88' lang='lat' dir='ltr'><strong>secuti</strong></span> 
     </span>
    </p>
   </div>
   <div class='ocr_carea' id='block_1_73' title="bbox 153 4275 325 4319">
    <p class='ocr_par' dir='ltr' id='par_1_73' title="bbox 153 4275 325 4319">
     <span class='ocr_line' id='line_1_73' title="bbox 153 4275 325 4319; baseline 0.041 -7"><span class='ocrx_word' id='word_1_547' title='bbox 153 4275 325 4319; x_wconf 88' lang='lat' dir='ltr'><strong>umus.</strong></span> 
     </span>
    </p>
   </div>
   <div class='ocr_carea' id='block_1_74' title="bbox 184 4331 1742 4414">
    <p class='ocr_par' dir='ltr' id='par_1_74' title="bbox 184 4331 1742 4414">
     <span class='ocr_line' id='line_1_74' title="bbox 184 4331 1742 4414; baseline 0.004 -24"><span class='ocrx_word' id='word_1_548' title='bbox 184 4331 244 4414; x_wconf 73' lang='grc' dir='ltr'>(ε)</span> <span class='ocrx_word' id='word_1_549' title='bbox 261 4335 348 4392; x_wconf 90' lang='lat' dir='ltr'><strong>Sic</strong></span> <span class='ocrx_word' id='word_1_550' title='bbox 368 4355 509 4414; x_wconf 87' lang='lat' dir='ltr'><strong>mss.</strong></span> <span class='ocrx_word' id='word_1_551' title='bbox 539 4341 838 4397; x_wconf 84' lang='lat' dir='ltr'><strong>Editiones</strong></span> <span class='ocrx_word' id='word_1_552' title='bbox 853 4347 982 4414; x_wconf 91' lang='lat' dir='ltr'><strong>post</strong></span> <span class='ocrx_word' id='word_1_553' title='bbox 1005 4343 1350 4408; x_wconf 80' lang='lat' dir='ltr'><strong>Romanam,</strong></span> <span class='ocrx_word' id='word_1_554' title='bbox 1368 4343 1604 4414; x_wconf 77' lang='lat' dir='ltr'><strong>pessime</strong></span> <span class='ocrx_word' id='word_1_555' title='bbox 1615 4357 1742 4414; x_wconf 82' lang='lat' dir='ltr'><strong>ope-</strong></span> 
     </span>
    </p>
   </div>
   <div class='ocr_carea' id='block_1_75' title="bbox 126 4406 1743 4484">
    <p class='ocr_par' dir='ltr' id='par_1_75' title="bbox 126 4406 1743 4484">
     <span class='ocr_line' id='line_1_75' title="bbox 126 4406 1743 4484; baseline -0.002 -14"><span class='ocrx_word' id='word_1_556' title='bbox 126 4406 273 4484; x_wconf 58' lang='grc' dir='ltr'><strong>ταίὲιδ,</strong></span> <span class='ocrx_word' id='word_1_557' title='bbox 299 4411 484 4484; x_wconf 54' lang='lat' dir='ltr'><strong>priora</strong></span> <span class='ocrx_word' id='word_1_558' title='bbox 510 4406 869 4483; x_wconf 68' lang='lat' dir='ltr'><strong>sequentibus</strong></span> <span class='ocrx_word' id='word_1_559' title='bbox 894 4415 1189 4484; x_wconf 80' lang='lat' dir='ltr'><strong>superavit.</strong></span> <span class='ocrx_word' id='word_1_560' title='bbox 1240 4413 1300 4467; x_wconf 89' lang='lat' dir='ltr'><strong>In</strong></span> <span class='ocrx_word' id='word_1_561' title='bbox 1337 4406 1743 4467; x_wconf 38' lang='lat' dir='ltr'><strong>&#39;anterioribus</strong></span> 
     </span>
    </p>
   </div>
   <div class='ocr_carea' id='block_1_76' title="bbox 130 4475 1743 4555">
    <p class='ocr_par' dir='ltr' id='par_1_76' title="bbox 130 4475 1743 4555">
     <span class='ocr_line' id='line_1_76' title="bbox 130 4475 1743 4555; baseline 0.009 -31"><span class='ocrx_word' id='word_1_562' title='bbox 130 4475 685 4555; x_wconf 53' lang='lat' dir='ltr'><strong>autem&#39;editionibus,</strong></span> <span class='ocrx_word' id='word_1_563' title='bbox 699 4486 926 4555; x_wconf 79' lang='lat' dir='ltr'><strong>pessime</strong></span> <span class='ocrx_word' id='word_1_564' title='bbox 937 4475 1188 4555; x_wconf 75' lang='lat' dir='ltr'><strong>operatus</strong></span> <span class='ocrx_word' id='word_1_565' title='bbox 1202 4485 1501 4555; x_wconf 79' lang='lat' dir='ltr'><strong>supervicit</strong></span> <span class='ocrx_word' id='word_1_566' title='bbox 1525 4501 1541 4548; x_wconf 88' lang='lat'><strong>_:</strong></span> <span class='ocrx_word' id='word_1_567' title='bbox 1552 4485 1743 4554; x_wconf 80' lang='lat' dir='ltr'><strong>priora</strong></span> 
     </span>
    </p>
   </div>
   <div class='ocr_carea' id='block_1_77' title="bbox 128 4552 1740 4628">
    <p class='ocr_par' dir='ltr' id='par_1_77' title="bbox 128 4552 1740 4628">
     <span class='ocr_line' id='line_1_77' title="bbox 128 4552 1740 4628; baseline 0.001 -21"><span class='ocrx_word' id='word_1_568' title='bbox 128 4552 442 4628; x_wconf 56' lang='grc' dir='ltr'><strong>ξβςῑιςνξιίόιιις</strong></span> <span class='ocrx_word' id='word_1_569' title='bbox 453 4552 766 4628; x_wconf 79' lang='lat' dir='ltr'><strong>superavit;</strong></span> <span class='ocrx_word' id='word_1_570' title='bbox 779 4555 878 4628; x_wconf 81' lang='lat' dir='ltr'><strong>ubi</strong></span> <span class='ocrx_word' id='word_1_571' title='bbox 899 4552 1007 4610; x_wconf 49' lang='lat' dir='ltr'><strong>vo&#39;x</strong></span> <span class='ocrx_word' id='word_1_572' title='bbox 1029 4552 1306 4628; x_wconf 70' lang='lat' dir='ltr'><strong>superavit</strong></span> <span class='ocrx_word' id='word_1_573' title='bbox 1326 4552 1620 4628; x_wconf 82' lang='lat' dir='ltr'><strong>glossema</strong></span> <span class='ocrx_word' id='word_1_574' title='bbox 1633 4560 1740 4628; x_wconf 71' lang='lat' dir='ltr'><strong>est,</strong></span> 
     </span>
    </p>
   </div>
   <div class='ocr_carea' id='block_1_78' title="bbox 129 4616 1743 4735">
    <p class='ocr_par' dir='ltr' id='par_1_78' title="bbox 129 4616 1743 4735">
     <span class='ocr_line' id='line_1_78' title="bbox 129 4616 1743 4735; baseline 0.004 -61"><span class='ocrx_word' id='word_1_575' title='bbox 129 4616 340 4735; x_wconf 50' lang='grc' dir='ltr'><strong>ἴξέιῑῗὲείο</strong></span> <span class='ocrx_word' id='word_1_576' title='bbox 367 4616 588 4680; x_wconf 70' lang='grc' dir='ltr'>ιθχιιὶω</span> <span class='ocrx_word' id='word_1_577' title='bbox 620 4625 874 4698; x_wconf 85' lang='lat' dir='ltr'><strong>irrepsit,</strong></span> <span class='ocrx_word' id='word_1_578' title='bbox 909 4630 972 4681; x_wconf 89' lang='lat' dir='ltr'><strong>ut</strong></span> <span class='ocrx_word' id='word_1_579' title='bbox 1002 4616 1179 4699; x_wconf 82' lang='lat' dir='ltr'><strong>probe</strong></span> <span class='ocrx_word' id='word_1_580' title='bbox 1209 4616 1622 4681; x_wconf 71' lang='lat' dir='ltr'><strong>animadvertit</strong></span> <span class='ocrx_word' id='word_1_581' title='bbox 1638 4616 1743 4680; x_wconf 51' lang='lat' dir='ltr'><strong>Ba;</strong></span> 
     </span>
    </p>
   </div>
   <div class='ocr_carea' id='block_1_79' title="bbox 208 4701 308 4741">
    <p class='ocr_par' dir='ltr' id='par_1_79' title="bbox 208 4701 308 4741">
     <span class='ocr_line' id='line_1_79' title="bbox 208 4701 308 4741; baseline 0.05 -5"><span class='ocrx_word' id='word_1_582' title='bbox 208 4701 308 4741; x_wconf 74' lang='lat' dir='ltr'><strong>IIIS.</strong></span> 
     </span>
    </p>
   </div>
   <div class='ocr_carea' id='block_1_80' title="bbox 187 4754 1627 4831">
    <p class='ocr_par' dir='ltr' id='par_1_80' title="bbox 187 4754 1627 4831">
     <span class='ocr_line' id='line_1_80' title="bbox 187 4754 1627 4831; baseline 0.006 -19"><span class='ocrx_word' id='word_1_583' title='bbox 187 4754 252 4831; x_wconf 87' lang='lat' dir='ltr'><strong>(d)</strong></span> <span class='ocrx_word' id='word_1_584' title='bbox 281 4758 362 4814; x_wconf 85' lang='lat' dir='ltr'><strong>Ita</strong></span> <span class='ocrx_word' id='word_1_585' title='bbox 387 4770 610 4822; x_wconf 88' lang='lat' dir='ltr'><strong>veteres</strong></span> <span class='ocrx_word' id='word_1_586' title='bbox 638 4766 792 4822; x_wconf 91' lang='lat' dir='ltr'><strong>libri.</strong></span> <span class='ocrx_word' id='word_1_587' title='bbox 826 4768 998 4831; x_wconf 89' lang='lat' dir='ltr'><strong>Editi,</strong></span> <span class='ocrx_word' id='word_1_588' title='bbox 1030 4769 1136 4825; x_wconf 91' lang='lat' dir='ltr'><strong>Deo</strong></span> <span class='ocrx_word' id='word_1_589' title='bbox 1162 4769 1627 4823; x_wconf 75' lang='lat' dir='ltr'><strong>amantissimum.</strong></span> 
     </span>
    </p>
   </div>
   <div class='ocr_carea' id='block_1_81' title="bbox 189 4830 1738 4920">
    <p class='ocr_par' dir='ltr' id='par_1_81' title="bbox 189 4830 1738 4920">
     <span class='ocr_line' id='line_1_81' title="bbox 189 4830 1738 4920; baseline 0.006 -37"><span class='ocrx_word' id='word_1_590' title='bbox 265 4833 821 4920; x_wconf 71' lang='lat' dir='ltr'><strong>Gonjunctionemet,</strong></span> <span class='ocrx_word' id='word_1_591' title='bbox 846 4857 972 4920; x_wconf 69' lang='lat' dir='ltr'><strong>qua:</strong></span> <span class='ocrx_word' id='word_1_592' title='bbox 1073 4857 1221 4920; x_wconf 41' lang='lat' dir='ltr'><strong>.mss.</strong></span> <span class='ocrx_word' id='word_1_593' title='bbox 1246 4837 1468 4920; x_wconf 66' lang='lat' dir='ltr'><strong>Baluzii</strong></span> <span class='ocrx_word' id='word_1_594' title='bbox 1481 4843 1656 4920; x_wconf 76' lang='lat' dir='ltr'><strong>atque</strong></span> <span class='ocrx_word' id='word_1_595' title='bbox 1678 4836 1738 4893; x_wconf 88' lang='lat' dir='ltr'><strong>in</strong></span> 
     </span>
    </p>
   </div>
   <div class='ocr_carea' id='block_1_82' title="bbox 201 4909 1737 4981">
    <p class='ocr_par' dir='ltr' id='par_1_82' title="bbox 201 4909 1737 4981">
     <span class='ocr_line' id='line_1_82' title="bbox 201 4909 1737 4981; baseline -0.002 -15"><span class='ocrx_word' id='word_1_596' title='bbox 201 4910 268 4972; x_wconf 64' lang='grc' dir='ltr'><strong>ξε.</strong></span> <span class='ocrx_word' id='word_1_597' title='bbox 297 4917 398 4981; x_wconf 66' lang='grc' dir='ltr'>μου</span> <span class='ocrx_word' id='word_1_598' title='bbox 422 4923 534 4964; x_wconf 87' lang='lat' dir='ltr'><strong>non</strong></span> <span class='ocrx_word' id='word_1_599' title='bbox 567 4910 623 4963; x_wconf 92' lang='lat' dir='ltr'><strong>in</strong></span> <span class='ocrx_word' id='word_1_600' title='bbox 660 4909 915 4981; x_wconf 81' lang='lat' dir='ltr'><strong>antiquis</strong></span> <span class='ocrx_word' id='word_1_601' title='bbox 947 4910 1305 4966; x_wconf 88' lang='lat' dir='ltr'><strong>editionibus</strong></span> <span class='ocrx_word' id='word_1_602' title='bbox 1348 4909 1737 4981; x_wconf 67' lang='lat' dir='ltr'><strong>desideratur,</strong></span> 
     </span>
    </p>
   </div>
   <div class='ocr_carea' id='block_1_83' title="bbox 131 4967 1736 5054">
    <p class='ocr_par' dir='ltr' id='par_1_83' title="bbox 131 4967 1736 5054">
     <span class='ocr_line' id='line_1_83' title="bbox 131 4967 1736 5054; baseline 0.003 -24"><span class='ocrx_word' id='word_1_603' title='bbox 131 4967 465 5054; x_wconf 51' lang='grc' dir='ltr'><strong>ξξξξςξιιὶξζωε,</strong></span> <span class='ocrx_word' id='word_1_604' title='bbox 481 4995 546 5054; x_wconf 83' lang='lat' dir='ltr'><strong>eo</strong></span> <span class='ocrx_word' id='word_1_605' title='bbox 565 4981 717 5054; x_wconf 90' lang='lat' dir='ltr'><strong>quod</strong></span> <span class='ocrx_word' id='word_1_606' title='bbox 741 4967 955 5054; x_wconf 50' lang='lat' dir='ltr'><strong>legitur</strong></span> <span class='ocrx_word' id='word_1_607' title='bbox 973 4981 1033 5037; x_wconf 89' lang='lat' dir='ltr'><strong>in</strong></span> <span class='ocrx_word' id='word_1_608' title='bbox 1053 4982 1343 5039; x_wconf 88' lang='lat' dir='ltr'><strong>Veronen.</strong></span> <span class='ocrx_word' id='word_1_609' title='bbox 1357 4986 1416 5037; x_wconf 90' lang='lat' dir='ltr'><strong>et</strong></span> <span class='ocrx_word' id='word_1_610' title='bbox 1439 4967 1736 5046; x_wconf 65' lang='lat' dir='ltr'><strong>Vaticano,</strong></span> 
     </span>
    </p>
   </div>
   <div class='ocr_carea' id='block_1_84' title="bbox 135 5041 784 5107">
    <p class='ocr_par' dir='ltr' id='par_1_84' title="bbox 135 5041 784 5107">
     <span class='ocr_line' id='line_1_84' title="bbox 135 5041 784 5107; baseline 0.029 -21"><span class='ocrx_word' id='word_1_611' title='bbox 135 5041 261 5107; x_wconf 71' lang='lat' dir='ltr'><strong>alcut</strong></span> <span class='ocrx_word' id='word_1_612' title='bbox 287 5041 537 5106; x_wconf 81' lang='lat' dir='ltr'><strong>etiamin</strong></span> <span class='ocrx_word' id='word_1_613' title='bbox 570 5041 784 5107; x_wconf 74' lang='lat' dir='ltr'><strong>Graeco.</strong></span> 
     </span>
    </p>
   </div>
   <div class='ocr_carea' id='block_1_85' title="bbox 206 5106 1739 5196">
    <p class='ocr_par' dir='ltr' id='par_1_85' title="bbox 206 5106 1739 5196">
     <span class='ocr_line' id='line_1_85' title="bbox 206 5106 1739 5196; baseline 0.001 -23"><span class='ocrx_word' id='word_1_614' title='bbox 206 5106 474 5196; x_wconf 53' lang='lat' dir='ltr'><strong>[ll/etans</strong></span> <span class='ocrx_word' id='word_1_615' title='bbox 487 5106 996 5196; x_wconf 26' lang='lat' dir='ltr'><strong>editionies,optime</strong></span> <span class='ocrx_word' id='word_1_616' title='bbox 1011 5126 1213 5196; x_wconf 81' lang='lat' dir='ltr'><strong>reperit</strong></span> <span class='ocrx_word' id='word_1_617' title='bbox 1228 5119 1739 5196; x_wconf 71' lang='lat' dir='ltr'><strong>plantatam.Ques-</strong></span> 
     </span>
    </p>
   </div>
   <div class='ocr_carea' id='block_1_86' title="bbox 137 5175 1738 5266">
    <p class='ocr_par' dir='ltr' id='par_1_86' title="bbox 137 5175 1738 5266">
     <span class='ocr_line' id='line_1_86' title="bbox 137 5175 1738 5266; baseline 0.003 -25"><span class='ocrx_word' id='word_1_618' title='bbox 137 5175 297 5266; x_wconf 52' lang='grc' dir='ltr'>ξξξῃιιε</span> <span class='ocrx_word' id='word_1_619' title='bbox 320 5175 1259 5266; x_wconf 28' lang='grc' dir='ltr'><strong>εχ,ειαίιῑοιιέιιδίέλςέιῖει’,’δι;ῖί;ιέᾱνῑι</strong></span> <span class='ocrx_word' id='word_1_620' title='bbox 1289 5175 1491 5266; x_wconf 42' lang='lat' dir='ltr'><strong>em</strong></span> <span class='ocrx_word' id='word_1_621' title='bbox 1519 5175 1738 5262; x_wconf 71' lang='grc' dir='ltr'>ριξιηια-</span> 
     </span>
    </p>
   </div>
   <div class='ocr_carea' id='block_1_87' title="bbox 139 5245 1739 5338">
    <p class='ocr_par' dir='ltr' id='par_1_87' title="bbox 139 5245 1739 5338">
     <span class='ocr_line' id='line_1_87' title="bbox 139 5245 1739 5338; baseline 0.003 -22"><span class='ocrx_word' id='word_1_622' title='bbox 139 5245 323 5338; x_wconf 57' lang='grc' dir='ltr'><strong>ξῖρζξξτη,</strong></span> <span class='ocrx_word' id='word_1_623' title='bbox 353 5261 407 5310; x_wconf 86' lang='lat' dir='ltr'><strong>et</strong></span> <span class='ocrx_word' id='word_1_624' title='bbox 430 5260 501 5338; x_wconf 79' lang='lat' dir='ltr'><strong>_iu_</strong></span> <span class='ocrx_word' id='word_1_625' title='bbox 515 5266 784 5338; x_wconf 81' lang='lat' dir='ltr'><strong>margine</strong></span> <span class='ocrx_word' id='word_1_626' title='bbox 809 5245 1081 5337; x_wconf 54' lang='lat' dir='ltr'><strong>plantaria,</strong></span> <span class='ocrx_word' id='word_1_627' title='bbox 1116 5283 1293 5338; x_wconf 87' lang='lat' dir='ltr'><strong>quam</strong></span> <span class='ocrx_word' id='word_1_628' title='bbox 1316 5245 1622 5322; x_wconf 57' lang='lat' dir='ltr'><strong>lectionem</strong></span> <span class='ocrx_word' id='word_1_629' title='bbox 1671 5282 1739 5320; x_wconf 86' lang='lat' dir='ltr'><strong>ex</strong></span> 
     </span>
    </p>
   </div>
   <div class='ocr_carea' id='block_1_88' title="bbox 141 5315 686 5390">
    <p class='ocr_par' dir='ltr' id='par_1_88' title="bbox 141 5315 686 5390">
     <span class='ocr_line' id='line_1_88' title="bbox 141 5315 686 5390; baseline 0.002 0"><span class='ocrx_word' id='word_1_630' title='bbox 141 5315 283 5390; x_wconf 62' lang='lat' dir='ltr'><strong>cofid-</strong></span> <span class='ocrx_word' id='word_1_631' title='bbox 312 5315 686 5390; x_wconf 53' lang='lat' dir='ltr'><strong>malum;</strong></span> 
     </span>
    </p>
   </div>
   <div class='ocr_carea' id='block_1_89' title="bbox 171 5384 1739 5501">
    <p class='ocr_par' dir='ltr' id='par_1_89' title="bbox 171 5384 1739 5501">
     <span class='ocr_line' id='line_1_89' title="bbox 171 5384 1739 5501; baseline 0.009 -50"><span class='ocrx_word' id='word_1_632' title='bbox 171 5384 268 5501; x_wconf 50' lang='grc' dir='ltr'><strong>ε(ξὲ</strong></span> <span class='ocrx_word' id='word_1_633' title='bbox 725 5424 845 5465; x_wconf 82' lang='lat' dir='ltr'><strong>vero</strong></span> <span class='ocrx_word' id='word_1_634' title='bbox 879 5412 1293 5481; x_wconf 76' lang='lat' dir='ltr'><strong>infructuosam.</strong></span> <span class='ocrx_word' id='word_1_635' title='bbox 1325 5409 1508 5467; x_wconf 87' lang='lat' dir='ltr'><strong>Voces</strong></span> <span class='ocrx_word' id='word_1_636' title='bbox 1539 5410 1739 5481; x_wconf 82' lang='lat' dir='ltr'><strong>quippe</strong></span> 
     </span>
    </p>
   </div>
   <div class='ocr_carea' id='block_1_90' title="bbox 142 5463 827 5548">
    <p class='ocr_par' dir='ltr' id='par_1_90' title="bbox 142 5463 827 5548">
     <span class='ocr_line' id='line_1_90' title="bbox 142 5463 827 5548; baseline -0.023 2"><span class='ocrx_word' id='word_1_637' title='bbox 142 5463 271 5548; x_wconf 45' lang='grc' dir='ltr'><strong>ωκῗδ</strong></span> <span class='ocrx_word' id='word_1_638' title='bbox 292 5463 451 5548; x_wconf 41' lang='lat'><strong>9.0.9.3-</strong></span> <span class='ocrx_word' id='word_1_639' title='bbox 485 5463 726 5547; x_wconf 38' lang='lat' dir='ltr'><strong>adiiecim</strong></span> <span class='ocrx_word' id='word_1_640' title='bbox 738 5463 827 5535; x_wconf 84' lang='lat' dir='ltr'><strong>us.</strong></span> 
     </span>
    </p>
   </div>
   <div class='ocr_carea' id='block_1_91' title="bbox 199 5523 1643 5622">
    <p class='ocr_par' dir='ltr' id='par_1_91' title="bbox 199 5523 1643 5622">
     <span class='ocr_line' id='line_1_91' title="bbox 199 5523 1643 5622; baseline 0.009 -27"><span class='ocrx_word' id='word_1_641' title='bbox 199 5523 538 5622; x_wconf 45' lang='grc' dir='ltr'>ίῳὲξᾙίοτθε</span> <span class='ocrx_word' id='word_1_642' title='bbox 550 5523 808 5622; x_wconf 65' lang='lat' dir='ltr'><strong>dRomani</strong></span> <span class='ocrx_word' id='word_1_643' title='bbox 841 5566 907 5604; x_wconf 84' lang='lat' dir='ltr'><strong>ex</strong></span> <span class='ocrx_word' id='word_1_644' title='bbox 935 5550 1130 5608; x_wconf 68' lang='lat' dir='ltr'><strong>Greece</strong></span> <span class='ocrx_word' id='word_1_645' title='bbox 1162 5555 1444 5622; x_wconf 80' lang='lat' dir='ltr'><strong>manifesti</strong></span> <span class='ocrx_word' id='word_1_646' title='bbox 1464 5558 1643 5610; x_wconf 83' lang='lat' dir='ltr'><strong>erant.</strong></span> 
     </span>
    </p>
   </div>
   <div class='ocr_carea' id='block_1_92' title="bbox 146 5597 1738 5712">
    <p class='ocr_par' dir='ltr' id='par_1_92' title="bbox 146 5597 1738 5712">
     <span class='ocr_line' id='line_1_92' title="bbox 146 5597 1738 5712; baseline -0.016 1"><span class='ocrx_word' id='word_1_647' title='bbox 146 5597 257 5712; x_wconf 69' lang='grc' dir='ltr'><strong>πηξξέ</strong></span> <span class='ocrx_word' id='word_1_648' title='bbox 283 5601 549 5712; x_wconf 49' lang='lat' dir='ltr'><strong>mirio</strong></span> <span class='ocrx_word' id='word_1_649' title='bbox 580 5620 995 5712; x_wconf 57' lang='grc' dir='ltr'><strong>νοίξοέίίευηυτες</strong></span> <span class='ocrx_word' id='word_1_650' title='bbox 1029 5640 1208 5694; x_wconf 80' lang='lat' dir='ltr'><strong>quam</strong></span> <span class='ocrx_word' id='word_1_651' title='bbox 1231 5641 1298 5680; x_wconf 78' lang='lat' dir='ltr'><strong>ex</strong></span> <span class='ocrx_word' id='word_1_652' title='bbox 1318 5597 1464 5694; x_wconf 82' lang='lat' dir='ltr'><strong>&#39;mss.</strong></span> <span class='ocrx_word' id='word_1_653' title='bbox 1486 5625 1738 5682; x_wconf 65' lang='lat' dir='ltr'><strong>inserui-</strong></span> 
     </span>
    </p>
   </div>
   <div class='ocr_carea' id='block_1_93' title="bbox 199 5672 896 5762">
    <p class='ocr_par' dir='ltr' id='par_1_93' title="bbox 199 5672 896 5762">
     <span class='ocr_line' id='line_1_93' title="bbox 199 5672 896 5762; baseline 0.029 -34"><span class='ocrx_word' id='word_1_654' title='bbox 199 5678 276 5734; x_wconf 73' lang='lat' dir='ltr'><strong>“S,</strong></span> <span class='ocrx_word' id='word_1_655' title='bbox 303 5672 504 5741; x_wconf 72' lang='lat' dir='ltr'><strong>habent</strong></span> <span class='ocrx_word' id='word_1_656' title='bbox 531 5672 896 5762; x_wconf 56' lang='grc' dir='ltr'><em>αρόεὶόιέέᾶὴὶζ</em></span> 
     </span>
    </p>
   </div>
   <div class='ocr_carea' id='block_1_94' title="bbox 1775 4663 1822 4726">
    <p class='ocr_par' dir='ltr' id='par_1_94' title="bbox 1775 4663 1822 4726">
     <span class='ocr_line' id='line_1_94' title="bbox 1775 4663 1822 4726; baseline 0 0"><span class='ocrx_word' id='word_1_657' title='bbox 1775 4663 1822 4726; x_wconf 93' lang='lat' dir='ltr'><strong>D</strong></span> 
     </span>
    </p>
   </div>
   <div class='ocr_carea' id='block_1_95' title="bbox 1897 2991 3479 3070">
    <p class='ocr_par' dir='ltr' id='par_1_95' title="bbox 1897 2991 3479 3070">
     <span class='ocr_line' id='line_1_95' title="bbox 1897 2991 3479 3070; baseline -0.01 -14"><span class='ocrx_word' id='word_1_658' title='bbox 1897 3025 1983 3063; x_wconf 89' lang='grc' dir='ltr'><strong>τας</strong></span> <span class='ocrx_word' id='word_1_659' title='bbox 2022 3007 2311 3070; x_wconf 76' lang='grc' dir='ltr'>ἀνθρώπους</span> <span class='ocrx_word' id='word_1_660' title='bbox 2339 3003 2461 3052; x_wconf 85' lang='grc' dir='ltr'>θέλει</span> <span class='ocrx_word' id='word_1_661' title='bbox 2489 3002 2724 3060; x_wconf 71' lang='grc' dir='ltr'>σωθῆναι,</span> <span class='ocrx_word' id='word_1_662' title='bbox 2758 2999 2841 3047; x_wconf 77' lang='grc' dir='ltr'>καὶ</span> <span class='ocrx_word' id='word_1_663' title='bbox 2876 2999 2943 3053; x_wconf 75' lang='grc' dir='ltr'>εἷς</span> <span class='ocrx_word' id='word_1_664' title='bbox 2977 2996 3234 3054; x_wconf 72' lang='grc' dir='ltr'>ἐπίγνωσιν</span> <span class='ocrx_word' id='word_1_665' title='bbox 3258 2991 3479 3050; x_wconf 82' lang='grc' dir='ltr'>ἀληθείας</span> 
     </span>
    </p>
   </div>
   <div class='ocr_carea' id='block_1_96' title="bbox 1897 3084 3479 3161">
    <p class='ocr_par' dir='ltr' id='par_1_96' title="bbox 1897 3084 3479 3161">
     <span class='ocr_line' id='line_1_96' title="bbox 1897 3084 3479 3161; baseline -0.01 -16"><span class='ocrx_word' id='word_1_666' title='bbox 1897 3096 2068 3155; x_wconf 80' lang='grc' dir='ltr'>ἐλθεῖν,</span> <span class='ocrx_word' id='word_1_667' title='bbox 2118 3097 2245 3161; x_wconf 78' lang='grc' dir='ltr'>ἔργῳ</span> <span class='ocrx_word' id='word_1_668' title='bbox 2284 3092 2466 3150; x_wconf 89' lang='grc' dir='ltr'>ταύτην</span> <span class='ocrx_word' id='word_1_669' title='bbox 2514 3089 2588 3140; x_wconf 82' lang='grc' dir='ltr'><strong>ἐπ’</strong></span> <span class='ocrx_word' id='word_1_670' title='bbox 2642 3089 2776 3150; x_wconf 78' lang='grc' dir='ltr'>αὐτῷ</span> <span class='ocrx_word' id='word_1_671' title='bbox 2816 3087 3040 3154; x_wconf 84' lang='grc' dir='ltr'>κυρῶσαι</span> <span class='ocrx_word' id='word_1_672' title='bbox 3080 3086 3168 3142; x_wconf 76' lang='grc' dir='ltr'><strong>τὴν</strong></span> <span class='ocrx_word' id='word_1_673' title='bbox 3213 3084 3479 3147; x_wconf 82' lang='grc' dir='ltr'>φιλανθρω-</span> 
     </span>
    </p>
   </div>
   <div class='ocr_carea' id='block_1_97' title="bbox 1898 3171 3480 3247">
    <p class='ocr_par' dir='ltr' id='par_1_97' title="bbox 1898 3171 3480 3247">
     <span class='ocr_line' id='line_1_97' title="bbox 1898 3171 3480 3247; baseline -0.009 -14"><span class='ocrx_word' id='word_1_674' title='bbox 1898 3187 2011 3236; x_wconf 82' lang='grc' dir='ltr'>πίαν</span> <span class='ocrx_word' id='word_1_675' title='bbox 2065 3183 2401 3247; x_wconf 80' lang='grc' dir='ltr'>ἔσπεύσαμεν’</span> <span class='ocrx_word' id='word_1_676' title='bbox 2471 3178 2598 3229; x_wconf 81' lang='grc' dir='ltr'>καὶ⁵</span> <span class='ocrx_word' id='word_1_677' title='bbox 2642 3178 2765 3242; x_wconf 83' lang='grc' dir='ltr'>πρὸς</span> <span class='ocrx_word' id='word_1_678' title='bbox 2816 3177 2974 3242; x_wconf 84' lang='grc' dir='ltr'>κρίσιν</span> <span class='ocrx_word' id='word_1_679' title='bbox 3042 3173 3312 3237; x_wconf 61' lang='grc' dir='ltr'>ἀδελφικῶς</span> <span class='ocrx_word' id='word_1_680' title='bbox 3367 3171 3480 3220; x_wconf 81' lang='grc' dir='ltr'>ἐκα-</span> 
     </span>
    </p>
   </div>
   <div class='ocr_carea' id='block_1_98' title="bbox 1894 3261 3480 3338">
    <p class='ocr_par' dir='ltr' id='par_1_98' title="bbox 1894 3261 3480 3338">
     <span class='ocr_line' id='line_1_98' title="bbox 1894 3261 3480 3338; baseline -0.007 -16"><span class='ocrx_word' id='word_1_681' title='bbox 1894 3279 2103 3337; x_wconf 72' lang='grc' dir='ltr'>λοῦμεν,</span> <span class='ocrx_word' id='word_1_682' title='bbox 2148 3274 2241 3338; x_wconf 78' lang='grc' dir='ltr'>οὐχ</span> <span class='ocrx_word' id='word_1_683' title='bbox 2283 3265 2349 3326; x_wconf 70' lang='grc' dir='ltr'>ὣς</span> <span class='ocrx_word' id='word_1_684' title='bbox 2385 3269 2674 3331; x_wconf 85' lang='grc' dir='ltr'>ἀποτέμνειν</span> <span class='ocrx_word' id='word_1_685' title='bbox 2715 3266 3037 3330; x_wconf 83' lang='grc' dir='ltr'>πειρώμενοι,</span> <span class='ocrx_word' id='word_1_686' title='bbox 3076 3261 3173 3311; x_wconf 83' lang='grc' dir='ltr'>ἀλλ’</span> <span class='ocrx_word' id='word_1_687' title='bbox 3217 3263 3480 3324; x_wconf 83' lang='grc' dir='ltr'>ἀπολογίας</span> 
     </span>
    </p>
   </div>
   <div class='ocr_carea' id='block_1_99' title="bbox 1892 3350 3476 3426">
    <p class='ocr_par' dir='ltr' id='par_1_99' title="bbox 1892 3350 3476 3426">
     <span class='ocr_line' id='line_1_99' title="bbox 1892 3350 3476 3426; baseline -0.007 -17"><span class='ocrx_word' id='word_1_688' title='bbox 1892 3363 2028 3419; x_wconf 64' lang='grc' dir='ltr'><strong>οὐτῶ</strong></span> <span class='ocrx_word' id='word_1_689' title='bbox 2075 3362 2240 3425; x_wconf 80' lang='grc' dir='ltr'>χώραν</span> <span class='ocrx_word' id='word_1_690' title='bbox 2283 3358 2409 3426; x_wconf 87' lang='grc' dir='ltr'>πρὸς</span> <span class='ocrx_word' id='word_1_691' title='bbox 2448 3357 2663 3422; x_wconf 74' lang='grc' dir='ltr'>ἰατρείαν</span> <span class='ocrx_word' id='word_1_692' title='bbox 2709 3355 3023 3420; x_wconf 82' lang='grc' dir='ltr'>παρέχοντες.</span> <span class='ocrx_word' id='word_1_693' title='bbox 3073 3351 3169 3401; x_wconf 82' lang='grc' dir='ltr'><strong>Καὶ</strong></span> <span class='ocrx_word' id='word_1_694' title='bbox 3206 3350 3476 3415; x_wconf 80' lang='grc' dir='ltr'>ηὐχόμεθα,</span> 
     </span>
    </p>
   </div>
   <div class='ocr_carea' id='block_1_100' title="bbox 1894 3438 3480 3514">
    <p class='ocr_par' dir='ltr' id='par_1_100' title="bbox 1894 3438 3480 3514">
     <span class='ocr_line' id='line_1_100' title="bbox 1894 3438 3480 3514; baseline -0.006 -14"><span class='ocrx_word' id='word_1_695' title='bbox 2148 3449 2409 3514; x_wconf 88' lang='grc' dir='ltr'>κρείττονα</span> <span class='ocrx_word' id='word_1_696' title='bbox 2450 3446 2659 3510; x_wconf 75' lang='grc' dir='ltr'>φανῆναι</span> <span class='ocrx_word' id='word_1_697' title='bbox 2691 3446 2788 3493; x_wconf 84' lang='grc' dir='ltr'><strong>τῶν</strong></span> <span class='ocrx_word' id='word_1_698' title='bbox 2825 3443 3063 3496; x_wconf 88' lang='grc' dir='ltr'>ποικίλαις</span> <span class='ocrx_word' id='word_1_699' title='bbox 3105 3441 3254 3489; x_wconf 73' lang='grc' dir='ltr'>αὐτὸν</span> <span class='ocrx_word' id='word_1_700' title='bbox 3289 3443 3480 3506; x_wconf 74' lang='grc' dir='ltr'>γραψα-</span> 
     </span>
    </p>
   </div>
   <div class='ocr_carea' id='block_1_101' title="bbox 1896 3529 3476 3599">
    <p class='ocr_par' dir='ltr' id='par_1_101' title="bbox 1896 3529 3476 3599">
     <span class='ocr_line' id='line_1_101' title="bbox 1896 3529 3476 3599; baseline -0.005 -13"><span class='ocrx_word' id='word_1_701' title='bbox 1896 3540 2052 3599; x_wconf 81' lang='grc' dir='ltr'>μένων</span> <span class='ocrx_word' id='word_1_702' title='bbox 2112 3539 2411 3594; x_wconf 80' lang='grc' dir='ltr'>αἶτιάσεσιν,</span> <span class='ocrx_word' id='word_1_703' title='bbox 2469 3536 2552 3583; x_wconf 77' lang='grc' dir='ltr'>ἵνα</span> <span class='ocrx_word' id='word_1_704' title='bbox 2599 3531 2792 3599; x_wconf 77' lang='grc' dir='ltr'>φαιδροὶ</span> <span class='ocrx_word' id='word_1_705' title='bbox 2842 3531 3055 3596; x_wconf 84' lang='grc' dir='ltr'>φαιδρῶς</span> <span class='ocrx_word' id='word_1_706' title='bbox 3107 3529 3189 3578; x_wconf 86' lang='grc' dir='ltr'><strong>τὸν</strong></span> <span class='ocrx_word' id='word_1_707' title='bbox 3241 3529 3476 3593; x_wconf 89' lang='grc' dir='ltr'>σύλλογον</span> 
     </span>
    </p>
   </div>
   <div class='ocr_carea' id='block_1_102' title="bbox 1895 3616 3475 3688">
    <p class='ocr_par' dir='ltr' id='par_1_102' title="bbox 1895 3616 3475 3688">
     <span class='ocr_line' id='line_1_102' title="bbox 1895 3616 3475 3688; baseline -0.004 -14"><span class='ocrx_word' id='word_1_708' title='bbox 1895 3628 2222 3686; x_wconf 80' lang='grc' dir='ltr'>διαλύσαντες,</span> <span class='ocrx_word' id='word_1_709' title='bbox 2255 3627 2303 3678; x_wconf 83' lang='grc' dir='ltr'>ἐν</span> <span class='ocrx_word' id='word_1_710' title='bbox 2339 3621 2505 3688; x_wconf 82' lang='grc' dir='ltr'>μηδενὶ</span> <span class='ocrx_word' id='word_1_711' title='bbox 2531 3621 2964 3683; x_wconf 76' lang='grc' dir='ltr'>πλεονεκτηθῶμεν</span> <span class='ocrx_word' id='word_1_712' title='bbox 3004 3621 3100 3668; x_wconf 74' lang='grc' dir='ltr'><strong>ὑπὸ</strong></span> <span class='ocrx_word' id='word_1_713' title='bbox 3137 3616 3226 3668; x_wconf 70' lang='grc' dir='ltr'><strong>τοῦ</strong></span> <span class='ocrx_word' id='word_1_714' title='bbox 3265 3621 3475 3668; x_wconf 88' lang='grc' dir='ltr'>Σατανᾶ.</span> 
     </span>
    </p>
   </div>
   <div class='ocr_carea' id='block_1_103' title="bbox 1894 3706 3476 3778">
    <p class='ocr_par' dir='ltr' id='par_1_103' title="bbox 1894 3706 3476 3778">
     <span class='ocr_line' id='line_1_103' title="bbox 1894 3706 3476 3778; baseline -0.006 -12"><span class='ocrx_word' id='word_1_715' title='bbox 1894 3713 1914 3747; x_wconf 77' lang='grc'>⁸</span> <span class='ocrx_word' id='word_1_716' title='bbox 1957 3716 2070 3766; x_wconf 70' lang='grc' dir='ltr'>Ἀλλ’</span> <span class='ocrx_word' id='word_1_717' title='bbox 2097 3706 2241 3771; x_wconf 78' lang='grc' dir='ltr'>οὗτος</span> <span class='ocrx_word' id='word_1_718' title='bbox 2271 3714 2515 3778; x_wconf 78' lang='grc' dir='ltr'>ἔγγραφον</span> <span class='ocrx_word' id='word_1_719' title='bbox 2548 3711 2597 3759; x_wconf 78' lang='grc' dir='ltr'>ἐν</span> <span class='ocrx_word' id='word_1_720' title='bbox 2630 3711 2790 3773; x_wconf 78' lang='grc' dir='ltr'>ἑαυτῷ</span> <span class='ocrx_word' id='word_1_721' title='bbox 2811 3708 2900 3760; x_wconf 70' lang='grc' dir='ltr'><strong>τοῦ</strong></span> <span class='ocrx_word' id='word_1_722' title='bbox 2933 3707 3212 3763; x_wconf 84' lang='grc' dir='ltr'>συνειδότος</span> <span class='ocrx_word' id='word_1_723' title='bbox 3239 3706 3363 3771; x_wconf 86' lang='grc' dir='ltr'>ἔχων</span> <span class='ocrx_word' id='word_1_724' title='bbox 3391 3707 3476 3756; x_wconf 82' lang='grc' dir='ltr'>τὸν</span> 
     </span>
    </p>
   </div>
   <div class='ocr_carea' id='block_1_104' title="bbox 1898 3797 3480 3869">
    <p class='ocr_par' dir='ltr' id='par_1_104' title="bbox 1898 3797 3480 3869">
     <span class='ocr_line' id='line_1_104' title="bbox 1898 3797 3480 3869; baseline -0.005 -16"><span class='ocrx_word' id='word_1_725' title='bbox 1898 3809 2116 3869; x_wconf 72' lang='grc' dir='ltr'>ἔλεγχον,</span> <span class='ocrx_word' id='word_1_726' title='bbox 2169 3811 2226 3868; x_wconf 83' lang='grc' dir='ltr'><strong>τῇ</strong></span> <span class='ocrx_word' id='word_1_727' title='bbox 2281 3802 2573 3867; x_wconf 78' lang='grc' dir='ltr'>παραιτήσει</span> <span class='ocrx_word' id='word_1_728' title='bbox 2617 3801 2704 3860; x_wconf 72' lang='grc' dir='ltr'>τῆς</span> <span class='ocrx_word' id='word_1_729' title='bbox 2749 3800 2959 3866; x_wconf 87' lang='grc' dir='ltr'>κρίσεως</span> <span class='ocrx_word' id='word_1_730' title='bbox 3009 3799 3113 3854; x_wconf 88' lang='grc' dir='ltr'>ταῖς</span> <span class='ocrx_word' id='word_1_731' title='bbox 3164 3797 3480 3860; x_wconf 83' lang='grc' dir='ltr'>κατηγορίαις</span> 
     </span>
    </p>
   </div>
   <div class='ocr_carea' id='block_1_105' title="bbox 1898 3883 3480 3953">
    <p class='ocr_par' dir='ltr' id='par_1_105' title="bbox 1898 3883 3480 3953">
     <span class='ocr_line' id='line_1_105' title="bbox 1898 3883 3480 3953; baseline -0.004 -15"><span class='ocrx_word' id='word_1_732' title='bbox 1898 3892 2146 3949; x_wconf 67' lang='grc' dir='ltr'>συνέθετο,</span> <span class='ocrx_word' id='word_1_733' title='bbox 2199 3891 2280 3940; x_wconf 89' lang='grc' dir='ltr'><strong>καὶ</strong></span> <span class='ocrx_word' id='word_1_734' title='bbox 2335 3893 2419 3946; x_wconf 84' lang='grc' dir='ltr'>τὰς</span> <span class='ocrx_word' id='word_1_735' title='bbox 2453 3887 2720 3951; x_wconf 82' lang='grc' dir='ltr'>ἐνθέσμους</span> <span class='ocrx_word' id='word_1_736' title='bbox 2764 3888 2892 3953; x_wconf 82' lang='grc' dir='ltr'>τρεῖς</span> <span class='ocrx_word' id='word_1_737' title='bbox 2916 3883 2988 3935; x_wconf 81' lang='grc' dir='ltr'><strong>ἐπ’</strong></span> <span class='ocrx_word' id='word_1_738' title='bbox 3033 3885 3169 3948; x_wconf 85' lang='grc' dir='ltr'>αύτῷ</span> <span class='ocrx_word' id='word_1_739' title='bbox 3211 3885 3480 3946; x_wconf 84' lang='grc' dir='ltr'>γενομένας</span> 
     </span>
    </p>
   </div>
   <div class='ocr_carea' id='block_1_106' title="bbox 1901 3972 3478 4043">
    <p class='ocr_par' dir='ltr' id='par_1_106' title="bbox 1901 3972 3478 4043">
     <span class='ocr_line' id='line_1_106' title="bbox 1901 3972 3478 4043; baseline -0.007 -13"><span class='ocrx_word' id='word_1_740' title='bbox 1901 3986 2090 4038; x_wconf 67' lang='grc' dir='ltr'>κλήσεις</span> <span class='ocrx_word' id='word_1_741' title='bbox 2125 3983 2422 4043; x_wconf 56' lang='grc' dir='ltr'>παρώσατω</span> <span class='ocrx_word' id='word_1_742' title='bbox 2461 3980 2538 4028; x_wconf 81' lang='grc' dir='ltr'><strong>διὰ</strong></span> <span class='ocrx_word' id='word_1_743' title='bbox 2572 3975 2730 4027; x_wconf 75' lang='grc' dir='ltr'>ταῦτα</span> <span class='ocrx_word' id='word_1_744' title='bbox 2770 3973 3054 4040; x_wconf 74' lang='grc' dir='ltr'>τοιγαροῦν,</span> <span class='ocrx_word' id='word_1_745' title='bbox 3091 3972 3150 4033; x_wconf 83' lang='grc' dir='ltr'>ἣν</span> <span class='ocrx_word' id='word_1_746' title='bbox 3185 3972 3332 4026; x_wconf 79' lang='grc' dir='ltr'>αὐτὸς</span> <span class='ocrx_word' id='word_1_747' title='bbox 3369 3973 3478 4020; x_wconf 86' lang='grc' dir='ltr'>καθ’</span> 
     </span>
    </p>
   </div>
   <div class='ocr_carea' id='block_1_107' title="bbox 1925 4123 3500 4252">
    <p class='ocr_par' dir='ltr' id='par_1_107' title="bbox 1925 4123 3500 4252">
     <span class='ocr_line' id='line_1_107' title="bbox 1925 4123 3500 4252; baseline -0.005 -66"><span class='ocrx_word' id='word_1_748' title='bbox 1925 4129 1992 4252; x_wconf 61' lang='lat' dir='ltr'><strong>(Ii)</strong></span> <span class='ocrx_word' id='word_1_749' title='bbox 2026 4130 2194 4213; x_wconf 66' lang='lat' dir='ltr'><strong>Editi,</strong></span> <span class='ocrx_word' id='word_1_750' title='bbox 2217 4131 2600 4212; x_wconf 70' lang='lat' dir='ltr'><strong>debonismale</strong></span> <span class='ocrx_word' id='word_1_751' title='bbox 2613 4129 2824 4212; x_wconf 71' lang='lat' dir='ltr'><strong>sobrius</strong></span> <span class='ocrx_word' id='word_1_752' title='bbox 2836 4127 3164 4209; x_wconf 56' lang='lat' dir='ltr'><strong>eassultalgat.</strong></span> <span class='ocrx_word' id='word_1_753' title='bbox 3188 4123 3365 4180; x_wconf 87' lang='lat' dir='ltr'><strong>Codd.</strong></span> <span class='ocrx_word' id='word_1_754' title='bbox 3384 4123 3500 4178; x_wconf 90' lang='lat' dir='ltr'><strong>duo</strong></span> 
     </span>
     <span class='ocr_line' id='line_1_108' title="bbox 1925 4194 3498 4252; baseline 0 0"><span class='ocrx_word' id='word_1_755' title='bbox 1925 4221 1933 4252; x_wconf 71' lang='grc' dir='ltr'><strong>ι</strong></span> <span class='ocrx_word' id='word_1_756' title='bbox 1964 4217 2073 4252; x_wconf 85' lang='lat' dir='ltr'><strong>uzn</strong></span> <span class='ocrx_word' id='word_1_757' title='bbox 2103 4207 2161 4252; x_wconf 85' lang='lat' dir='ltr'><strong>et</strong></span> <span class='ocrx_word' id='word_1_758' title='bbox 2190 4203 2431 4252; x_wconf 78' lang='lat' dir='ltr'><strong>totidem</strong></span> <span class='ocrx_word' id='word_1_759' title='bbox 2464 4199 2910 4252; x_wconf 79' lang='lat' dir='ltr'><strong>nostr1.defeetzs</strong></span> <span class='ocrx_word' id='word_1_760' title='bbox 2930 4197 3128 4252; x_wconf 71' lang='lat' dir='ltr'><strong>sobriis</strong></span> <span class='ocrx_word' id='word_1_761' title='bbox 3148 4194 3498 4252; x_wconf 70' lang='lat' dir='ltr'><strong>exsultabat:</strong></span> 
     </span>
    </p>
   </div>
   <div class='ocr_carea' id='block_1_108' title="bbox 1855 4194 3498 4269">
    <p class='ocr_par' dir='ltr' id='par_1_108' title="bbox 1855 4194 3498 4269">
     <span class='ocr_line' id='line_1_109' title="bbox 1855 4194 3498 4269; baseline -0.003 -15"><span class='ocrx_word' id='word_1_762' title='bbox 1855 4194 2073 4255; x_wconf 87' lang='lat' dir='ltr'><strong>Baluzii</strong></span> <span class='ocrx_word' id='word_1_763' title='bbox 2103 4207 2161 4256; x_wconf 89' lang='lat' dir='ltr'><strong>et</strong></span> <span class='ocrx_word' id='word_1_764' title='bbox 2190 4202 2431 4257; x_wconf 90' lang='lat' dir='ltr'><strong>totidem</strong></span> <span class='ocrx_word' id='word_1_765' title='bbox 2464 4199 2910 4269; x_wconf 81' lang='lat' dir='ltr'><strong>nostri,defeetis</strong></span> <span class='ocrx_word' id='word_1_766' title='bbox 2930 4194 3458 4269; x_wconf 59' lang='lat' dir='ltr'><strong>sobriisemsultapat</strong></span> <span class='ocrx_word' id='word_1_767' title='bbox 3477 4212 3498 4256; x_wconf 76' lang='grc' dir='ltr'>,ο</span> 
     </span>
    </p>
   </div>
   <div class='ocr_carea' id='block_1_109' title="bbox 1855 4265 3495 4343">
    <p class='ocr_par' dir='ltr' id='par_1_109' title="bbox 1855 4265 3495 4343">
     <span class='ocr_line' id='line_1_110' title="bbox 1855 4265 3495 4343; baseline -0.003 -18"><span class='ocrx_word' id='word_1_768' title='bbox 1855 4270 1954 4325; x_wconf 90' lang='lat' dir='ltr'><strong>ubi</strong></span> <span class='ocrx_word' id='word_1_769' title='bbox 1987 4270 2146 4328; x_wconf 87' lang='lat' dir='ltr'><strong>haud</strong></span> <span class='ocrx_word' id='word_1_770' title='bbox 2174 4273 2348 4328; x_wconf 91' lang='lat' dir='ltr'><strong>dubie</strong></span> <span class='ocrx_word' id='word_1_771' title='bbox 2379 4273 2443 4328; x_wconf 88' lang='lat' dir='ltr'><strong>de</strong></span> <span class='ocrx_word' id='word_1_772' title='bbox 2461 4273 2623 4343; x_wconf 78' lang='lat' dir='ltr'><strong>factis</strong></span> <span class='ocrx_word' id='word_1_773' title='bbox 2643 4265 2957 4342; x_wconf 85' lang='lat' dir='ltr'><strong>legendum</strong></span> <span class='ocrx_word' id='word_1_774' title='bbox 2981 4284 3085 4339; x_wconf 91' lang='lat' dir='ltr'><strong>pro</strong></span> <span class='ocrx_word' id='word_1_775' title='bbox 3106 4267 3341 4337; x_wconf 77' lang='lat' dir='ltr'><strong>defectis.</strong></span> <span class='ocrx_word' id='word_1_776' title='bbox 3369 4265 3495 4320; x_wconf 87' lang='lat' dir='ltr'><strong>Vat.</strong></span> 
     </span>
    </p>
   </div>
   <div class='ocr_carea' id='block_1_110' title="bbox 1856 4343 2600 4414">
    <p class='ocr_par' dir='ltr' id='par_1_110' title="bbox 1856 4343 2600 4414">
     <span class='ocr_line' id='line_1_111' title="bbox 1856 4343 2600 4414; baseline 0 -18"><span class='ocrx_word' id='word_1_777' title='bbox 1856 4343 2017 4414; x_wconf 78' lang='grc'>1323,</span> <span class='ocrx_word' id='word_1_778' title='bbox 2051 4345 2114 4399; x_wconf 85' lang='lat' dir='ltr'><strong>de</strong></span> <span class='ocrx_word' id='word_1_779' title='bbox 2142 4345 2314 4414; x_wconf 81' lang='lat' dir='ltr'><strong>factis</strong></span> <span class='ocrx_word' id='word_1_780' title='bbox 2340 4344 2600 4414; x_wconf 76' lang='lat' dir='ltr'><strong>propriis.</strong></span> 
     </span>
    </p>
   </div>
   <div class='ocr_carea' id='block_1_111' title="bbox 1928 4412 3495 4482">
    <p class='ocr_par' dir='ltr' id='par_1_111' title="bbox 1928 4412 3495 4482">
     <span class='ocr_line' id='line_1_112' title="bbox 1928 4412 3495 4482; baseline -0.002 -16"><span class='ocrx_word' id='word_1_781' title='bbox 1928 4412 2007 4482; x_wconf 68' lang='lat' dir='ltr'><strong>(Ic)</strong></span> <span class='ocrx_word' id='word_1_782' title='bbox 2038 4412 2160 4470; x_wconf 89' lang='lat' dir='ltr'><strong>Duo</strong></span> <span class='ocrx_word' id='word_1_783' title='bbox 2192 4412 2360 4469; x_wconf 40' lang='lat' dir='ltr'><strong>codd‘.</strong></span> <span class='ocrx_word' id='word_1_784' title='bbox 2397 4412 2614 4468; x_wconf 82' lang='lat' dir='ltr'><strong>Baluzii</strong></span> <span class='ocrx_word' id='word_1_785' title='bbox 2646 4415 2704 4466; x_wconf 89' lang='lat' dir='ltr'><strong>et</strong></span> <span class='ocrx_word' id='word_1_786' title='bbox 2735 4427 2889 4465; x_wconf 90' lang='lat' dir='ltr'><strong>unus</strong></span> <span class='ocrx_word' id='word_1_787' title='bbox 2910 4413 3136 4482; x_wconf 70' lang='lat' dir='ltr'><strong>noster,</strong></span> <span class='ocrx_word' id='word_1_788' title='bbox 3163 4416 3223 4482; x_wconf 72' lang='lat' dir='ltr'><strong>ut</strong></span> <span class='ocrx_word' id='word_1_789' title='bbox 3243 4423 3495 4478; x_wconf 83' lang='lat' dir='ltr'><strong>quorum.</strong></span> 
     </span>
    </p>
   </div>
   <div class='ocr_carea' id='block_1_112' title="bbox 1851 4480 3500 4554">
    <p class='ocr_par' dir='ltr' id='par_1_112' title="bbox 1851 4480 3500 4554">
     <span class='ocr_line' id='line_1_113' title="bbox 1851 4480 3500 4554; baseline -0.002 -17"><span class='ocrx_word' id='word_1_790' title='bbox 1851 4480 2423 4549; x_wconf 77' lang='lat' dir='ltr'><strong>Vetereseditiones,</strong></span> <span class='ocrx_word' id='word_1_791' title='bbox 2454 4488 2516 4539; x_wconf 86' lang='lat' dir='ltr'><strong>ut</strong></span> <span class='ocrx_word' id='word_1_792' title='bbox 2538 4486 2594 4538; x_wconf 85' lang='lat' dir='ltr'><strong>in</strong></span> <span class='ocrx_word' id='word_1_793' title='bbox 2618 4498 2868 4554; x_wconf 87' lang='lat' dir='ltr'><strong>quorum.</strong></span> <span class='ocrx_word' id='word_1_794' title='bbox 2905 4481 3034 4535; x_wconf 90' lang='lat' dir='ltr'><strong>Vat.</strong></span> <span class='ocrx_word' id='word_1_795' title='bbox 3073 4480 3233 4543; x_wconf 80' lang='lat'><strong>1323,</strong></span> <span class='ocrx_word' id='word_1_796' title='bbox 3272 4495 3340 4534; x_wconf 76' lang='lat' dir='ltr'><strong>ea:</strong></span> <span class='ocrx_word' id='word_1_797' title='bbox 3373 4496 3500 4550; x_wconf 86' lang='lat' dir='ltr'><strong>quo-</strong></span> 
     </span>
    </p>
   </div>
   <div class='ocr_carea' id='block_1_113' title="bbox 1855 4555 2788 4622">
    <p class='ocr_par' dir='ltr' id='par_1_113' title="bbox 1855 4555 2788 4622">
     <span class='ocr_line' id='line_1_114' title="bbox 1855 4555 2788 4622; baseline -0.008 -9"><span class='ocrx_word' id='word_1_798' title='bbox 1855 4571 2000 4613; x_wconf 76' lang='lat' dir='ltr'><strong>rum.</strong></span> <span class='ocrx_word' id='word_1_799' title='bbox 2037 4557 2146 4622; x_wconf 85' lang='lat' dir='ltr'><strong>Ms.</strong></span> <span class='ocrx_word' id='word_1_800' title='bbox 2180 4557 2384 4611; x_wconf 89' lang='lat' dir='ltr'><strong>Veron.</strong></span> <span class='ocrx_word' id='word_1_801' title='bbox 2420 4561 2484 4610; x_wconf 89' lang='lat' dir='ltr'><strong>ut</strong></span> <span class='ocrx_word' id='word_1_802' title='bbox 2513 4555 2573 4608; x_wconf 92' lang='lat' dir='ltr'><strong>in</strong></span> <span class='ocrx_word' id='word_1_803' title='bbox 2605 4557 2788 4608; x_wconf 84' lang='lat' dir='ltr'><strong>textu.</strong></span> 
     </span>
    </p>
   </div>
   <div class='ocr_carea' id='block_1_114' title="bbox 1927 4619 3499 4698">
    <p class='ocr_par' dir='ltr' id='par_1_114' title="bbox 1927 4619 3499 4698">
     <span class='ocr_line' id='line_1_115' title="bbox 1927 4619 3499 4698; baseline -0.003 -19"><span class='ocrx_word' id='word_1_804' title='bbox 1927 4625 1991 4698; x_wconf 87' lang='grc' dir='ltr'>(ι)</span> <span class='ocrx_word' id='word_1_805' title='bbox 2025 4619 2108 4683; x_wconf 82' lang='lat' dir='ltr'><strong>lta</strong></span> <span class='ocrx_word' id='word_1_806' title='bbox 2129 4628 2359 4682; x_wconf 88' lang='lat' dir='ltr'><strong>codices</strong></span> <span class='ocrx_word' id='word_1_807' title='bbox 2389 4631 2446 4682; x_wconf 88' lang='lat' dir='ltr'><strong>et</strong></span> <span class='ocrx_word' id='word_1_808' title='bbox 2464 4624 2750 4682; x_wconf 89' lang='lat' dir='ltr'><strong>editiones</strong></span> <span class='ocrx_word' id='word_1_809' title='bbox 2772 4621 3042 4694; x_wconf 65' lang='lat' dir='ltr'><strong>antiquae.</strong></span> <span class='ocrx_word' id='word_1_810' title='bbox 3070 4619 3337 4687; x_wconf 85' lang='lat' dir='ltr'><strong>Romani,</strong></span> <span class='ocrx_word' id='word_1_811' title='bbox 3358 4626 3409 4677; x_wconf 79' lang='lat' dir='ltr'><strong>et</strong></span> <span class='ocrx_word' id='word_1_812' title='bbox 3428 4622 3499 4676; x_wconf 87' lang='lat' dir='ltr'><strong>ad</strong></span> 
     </span>
    </p>
   </div>
   <div class='ocr_carea' id='block_1_115' title="bbox 1852 4708 2926 4840">
    <p class='ocr_par' dir='ltr' id='par_1_115' title="bbox 1852 4708 2926 4840">
     <span class='ocr_line' id='line_1_116' title="bbox 1852 4708 2209 4771; baseline -0.006 -17"><span class='ocrx_word' id='word_1_813' title='bbox 1852 4708 2209 4771; x_wconf 77' lang='lat' dir='ltr'><strong>agnitionem.</strong></span> 
     </span>
     <span class='ocr_line' id='line_1_117' title="bbox 1926 4768 2926 4840; baseline -0.005 -15"><span class='ocrx_word' id='word_1_814' title='bbox 1926 4768 1941 4800; x_wconf 83' lang='lat'>‘</span> <span class='ocrx_word' id='word_1_815' title='bbox 1978 4771 2085 4825; x_wconf 90' lang='lat' dir='ltr'><strong>Ms.</strong></span> <span class='ocrx_word' id='word_1_816' title='bbox 2115 4769 2258 4824; x_wconf 88' lang='lat' dir='ltr'><strong>Ven.</strong></span> <span class='ocrx_word' id='word_1_817' title='bbox 2291 4768 2539 4840; x_wconf 88' lang='lat' dir='ltr'><strong>primus,</strong></span> <span class='ocrx_word' id='word_1_818' title='bbox 2571 4777 2652 4822; x_wconf 76' lang='grc' dir='ltr'>καὶ</span> <span class='ocrx_word' id='word_1_819' title='bbox 2682 4773 2732 4821; x_wconf 82' lang='grc' dir='ltr'>ἐν</span> <span class='ocrx_word' id='word_1_820' title='bbox 2760 4772 2926 4835; x_wconf 78' lang='grc' dir='ltr'>ἁγίοις.</span> 
     </span>
    </p>
   </div>
   <div class='ocr_carea' id='block_1_116' title="bbox 1917 4835 3502 4912">
    <p class='ocr_par' dir='ltr' id='par_1_116' title="bbox 1917 4835 3502 4912">
     <span class='ocr_line' id='line_1_118' title="bbox 1917 4835 3502 4912; baseline -0.004 -15"><span class='ocrx_word' id='word_1_821' title='bbox 1917 4846 1938 4879; x_wconf 82' lang='grc'>²</span> <span class='ocrx_word' id='word_1_822' title='bbox 1969 4841 2258 4912; x_wconf 85' lang='lat' dir='ltr'><strong>Italegere</strong></span> <span class='ocrx_word' id='word_1_823' title='bbox 2275 4835 2493 4912; x_wconf 80' lang='lat' dir='ltr'><strong>placuit</strong></span> <span class='ocrx_word' id='word_1_824' title='bbox 2514 4835 2648 4912; x_wconf 81' lang='lat' dir='ltr'><strong>cum</strong></span> <span class='ocrx_word' id='word_1_825' title='bbox 2670 4843 2918 4912; x_wconf 82' lang='lat' dir='ltr'><strong>utroque</strong></span> <span class='ocrx_word' id='word_1_826' title='bbox 2938 4852 3042 4890; x_wconf 84' lang='lat' dir='ltr'><strong>ms.</strong></span> <span class='ocrx_word' id='word_1_827' title='bbox 3067 4835 3233 4912; x_wconf 81' lang='lat' dir='ltr'><strong>Ven.,</strong></span> <span class='ocrx_word' id='word_1_828' title='bbox 3251 4851 3502 4912; x_wconf 87' lang='lat' dir='ltr'><strong>consen-</strong></span> 
     </span>
    </p>
   </div>
   <div class='ocr_carea' id='block_1_117' title="bbox 1847 4906 3499 4979">
    <p class='ocr_par' dir='ltr' id='par_1_117' title="bbox 1847 4906 3499 4979">
     <span class='ocr_line' id='line_1_119' title="bbox 1847 4906 3499 4979; baseline -0.004 -10"><span class='ocrx_word' id='word_1_829' title='bbox 1847 4914 2030 4970; x_wconf 89' lang='lat' dir='ltr'><strong>tiente</strong></span> <span class='ocrx_word' id='word_1_830' title='bbox 2041 4913 2111 4967; x_wconf 89' lang='lat' dir='ltr'><strong>ad</strong></span> <span class='ocrx_word' id='word_1_831' title='bbox 2126 4906 2412 4966; x_wconf 72' lang='lat' dir='ltr'><strong>amussim</strong></span> <span class='ocrx_word' id='word_1_832' title='bbox 2429 4909 2631 4965; x_wconf 89' lang='lat' dir='ltr'><strong>Latina</strong></span> <span class='ocrx_word' id='word_1_833' title='bbox 2643 4906 2924 4973; x_wconf 88' lang='lat' dir='ltr'><strong>versione,</strong></span> <span class='ocrx_word' id='word_1_834' title='bbox 2940 4923 3068 4978; x_wconf 71' lang='lat' dir='ltr'><strong>quae</strong></span> <span class='ocrx_word' id='word_1_835' title='bbox 3093 4906 3285 4979; x_wconf 82' lang='lat' dir='ltr'><strong>habet,</strong></span> <span class='ocrx_word' id='word_1_836' title='bbox 3299 4909 3499 4979; x_wconf 83' lang='lat' dir='ltr'><strong>quippe</strong></span> 
     </span>
    </p>
   </div>
   <div class='ocr_carea' id='block_1_118' title="bbox 1846 4977 3496 5055">
    <p class='ocr_par' dir='ltr' id='par_1_118' title="bbox 1846 4977 3496 5055">
     <span class='ocr_line' id='line_1_120' title="bbox 1846 4977 3496 5055; baseline -0.001 -17"><span class='ocrx_word' id='word_1_837' title='bbox 1846 4990 1907 5040; x_wconf 85' lang='lat' dir='ltr'><strong>ut</strong></span> <span class='ocrx_word' id='word_1_838' title='bbox 1935 4988 2003 5042; x_wconf 86' lang='lat' dir='ltr'><strong>ab</strong></span> <span class='ocrx_word' id='word_1_839' title='bbox 2033 5000 2093 5039; x_wconf 91' lang='lat' dir='ltr'><strong>eo</strong></span> <span class='ocrx_word' id='word_1_840' title='bbox 2123 4985 2216 5055; x_wconf 87' lang='lat' dir='ltr'><strong>qui</strong></span> <span class='ocrx_word' id='word_1_841' title='bbox 2243 4983 2344 5038; x_wconf 87' lang='lat' dir='ltr'><strong>hac</strong></span> <span class='ocrx_word' id='word_1_842' title='bbox 2372 4981 2551 5052; x_wconf 79' lang='lat' dir='ltr'><strong>gratia</strong></span> <span class='ocrx_word' id='word_1_843' title='bbox 2581 4984 2699 5036; x_wconf 78' lang='lat' dir='ltr'><strong>erat</strong></span> <span class='ocrx_word' id='word_1_844' title='bbox 2719 4977 3000 5048; x_wconf 83' lang='lat' dir='ltr'><strong>indignus.</strong></span> <span class='ocrx_word' id='word_1_845' title='bbox 3021 4979 3094 5038; x_wconf 87' lang='lat' dir='ltr'><strong>.In</strong></span> <span class='ocrx_word' id='word_1_846' title='bbox 3125 4977 3496 5052; x_wconf 62' lang='grc' dir='ltr'>νυιεηῧστέερ</span> 
     </span>
    </p>
   </div>
   <div class='ocr_carea' id='block_1_119' title="bbox 1846 5064 2062 5112">
    <p class='ocr_par' dir='ltr' id='par_1_119' title="bbox 1846 5064 2062 5112">
     <span class='ocr_line' id='line_1_121' title="bbox 1846 5064 2062 5112; baseline -0.005 0"><span class='ocrx_word' id='word_1_847' title='bbox 1846 5064 2062 5112; x_wconf 72' lang='grc' dir='ltr'>ἀναξίου.</span> 
     </span>
    </p>
   </div>
   <div class='ocr_carea' id='block_1_120' title="bbox 1916 5066 3206 5192">
    <p class='ocr_par' dir='ltr' id='par_1_120' title="bbox 1916 5066 3206 5192">
     <span class='ocr_line' id='line_1_122' title="bbox 1916 5066 3206 5192; baseline -0.005 -11"><span class='ocrx_word' id='word_1_848' title='bbox 1916 5066 2150 5181; x_wconf 49' lang='grc' dir='ltr'><strong>ἔιξέἒῖὺο</strong></span> <span class='ocrx_word' id='word_1_849' title='bbox 2183 5142 2323 5180; x_wconf 89' lang='lat' dir='ltr'><strong>mss.</strong></span> <span class='ocrx_word' id='word_1_850' title='bbox 2356 5123 2523 5189; x_wconf 91' lang='lat' dir='ltr'><strong>Ven.,</strong></span> <span class='ocrx_word' id='word_1_851' title='bbox 2556 5133 2642 5190; x_wconf 74' lang='grc' dir='ltr'>τῆς</span> <span class='ocrx_word' id='word_1_852' title='bbox 2674 5133 2762 5192; x_wconf 86' lang='grc' dir='ltr'>μὲν</span> <span class='ocrx_word' id='word_1_853' title='bbox 2792 5129 3066 5188; x_wconf 81' lang='grc' dir='ltr'>ἐπιστολῆς,</span> <span class='ocrx_word' id='word_1_854' title='bbox 3099 5125 3206 5176; x_wconf 85' lang='lat' dir='ltr'><strong>etc.</strong></span> 
     </span>
    </p>
   </div>
   <div class='ocr_carea' id='block_1_121' title="bbox 1916 5197 3312 5267">
    <p class='ocr_par' dir='ltr' id='par_1_121' title="bbox 1916 5197 3312 5267">
     <span class='ocr_line' id='line_1_123' title="bbox 1916 5197 3312 5267; baseline -0.006 -15"><span class='ocrx_word' id='word_1_855' title='bbox 1916 5201 1937 5233; x_wconf 72' lang='grc'><strong>⁴</strong></span> <span class='ocrx_word' id='word_1_856' title='bbox 1970 5197 2115 5252; x_wconf 81' lang='lat' dir='ltr'><strong>Male</strong></span> <span class='ocrx_word' id='word_1_857' title='bbox 2141 5197 2196 5251; x_wconf 90' lang='lat' dir='ltr'><strong>in</strong></span> <span class='ocrx_word' id='word_1_858' title='bbox 2235 5201 2480 5267; x_wconf 90' lang='lat' dir='ltr'><strong>utroque</strong></span> <span class='ocrx_word' id='word_1_859' title='bbox 2512 5212 2621 5248; x_wconf 86' lang='lat' dir='ltr'><strong>ms.</strong></span> <span class='ocrx_word' id='word_1_860' title='bbox 2671 5198 2838 5259; x_wconf 89' lang='lat' dir='ltr'><strong>Ven.,</strong></span> <span class='ocrx_word' id='word_1_861' title='bbox 2876 5199 3312 5264; x_wconf 81' lang='grc' dir='ltr'>ἐπαγγελλόμενος.</span> 
     </span>
    </p>
   </div>
   <div class='ocr_carea' id='block_1_122' title="bbox 1918 5268 2877 5337">
    <p class='ocr_par' dir='ltr' id='par_1_122' title="bbox 1918 5268 2877 5337">
     <span class='ocr_line' id='line_1_124' title="bbox 1918 5268 2877 5337; baseline -0.006 -12"><span class='ocrx_word' id='word_1_862' title='bbox 1918 5271 1938 5304; x_wconf 79' lang='grc'><strong>⁵</strong></span> <span class='ocrx_word' id='word_1_863' title='bbox 1974 5271 2110 5325; x_wconf 86' lang='lat' dir='ltr'><strong>MSS.</strong></span> <span class='ocrx_word' id='word_1_864' title='bbox 2142 5269 2284 5323; x_wconf 83' lang='lat' dir='ltr'><strong>Ven.</strong></span> <span class='ocrx_word' id='word_1_865' title='bbox 2315 5268 2508 5334; x_wconf 90' lang='lat' dir='ltr'><strong>ambo,</strong></span> <span class='ocrx_word' id='word_1_866' title='bbox 2539 5275 2656 5337; x_wconf 89' lang='grc' dir='ltr'>πρὸς</span> <span class='ocrx_word' id='word_1_867' title='bbox 2684 5272 2877 5331; x_wconf 76' lang='grc' dir='ltr'>κλῆσιν.</span> 
     </span>
    </p>
   </div>
   <div class='ocr_carea' id='block_1_123' title="bbox 1915 5331 3493 5404">
    <p class='ocr_par' dir='ltr' id='par_1_123' title="bbox 1915 5331 3493 5404">
     <span class='ocr_line' id='line_1_125' title="bbox 1915 5331 3493 5404; baseline -0.009 -8"><span class='ocrx_word' id='word_1_868' title='bbox 1915 5342 1936 5376; x_wconf 74' lang='grc'><strong>⁸</strong></span> <span class='ocrx_word' id='word_1_869' title='bbox 1968 5341 2061 5396; x_wconf 90' lang='lat' dir='ltr'><strong>Sic</strong></span> <span class='ocrx_word' id='word_1_870' title='bbox 2091 5331 2531 5395; x_wconf 77' lang='lat' dir='ltr'><strong>emendavimus</strong></span> <span class='ocrx_word' id='word_1_871' title='bbox 2562 5331 2630 5390; x_wconf 84' lang='lat' dir='ltr'><strong>ex</strong></span> <span class='ocrx_word' id='word_1_872' title='bbox 2661 5342 2906 5404; x_wconf 88' lang='lat' dir='ltr'><strong>utroque</strong></span> <span class='ocrx_word' id='word_1_873' title='bbox 2934 5331 3245 5404; x_wconf 10' lang='lat' dir='ltr'><strong>ms.rVen.,</strong></span> <span class='ocrx_word' id='word_1_874' title='bbox 3271 5345 3493 5404; x_wconf 80' lang='lat' dir='ltr'><strong>nonre-</strong></span> 
     </span>
    </p>
   </div>
   <div class='ocr_carea' id='block_1_124' title="bbox 1846 5401 3492 5467">
    <p class='ocr_par' dir='ltr' id='par_1_124' title="bbox 1846 5401 3492 5467">
     <span class='ocr_line' id='line_1_126' title="bbox 1846 5401 3492 5467; baseline -0.009 -2"><span class='ocrx_word' id='word_1_875' title='bbox 1846 5415 2063 5467; x_wconf 87' lang='lat' dir='ltr'><strong>nuente</strong></span> <span class='ocrx_word' id='word_1_876' title='bbox 2093 5412 2296 5465; x_wconf 89' lang='lat' dir='ltr'><strong>Latina</strong></span> <span class='ocrx_word' id='word_1_877' title='bbox 2309 5411 2594 5465; x_wconf 86' lang='lat' dir='ltr'><strong>versione.</strong></span> <span class='ocrx_word' id='word_1_878' title='bbox 2609 5407 2706 5460; x_wconf 89' lang='lat' dir='ltr'><strong>ubi</strong></span> <span class='ocrx_word' id='word_1_879' title='bbox 2726 5401 2970 5459; x_wconf 85' lang='lat' dir='ltr'><strong>habetur</strong></span> <span class='ocrx_word' id='word_1_880' title='bbox 2990 5420 3002 5456; x_wconf 92' lang='lat'>:</span> <span class='ocrx_word' id='word_1_881' title='bbox 3023 5403 3120 5456; x_wconf 84' lang='lat' dir='ltr'><strong>Ille</strong></span> <span class='ocrx_word' id='word_1_882' title='bbox 3132 5403 3189 5455; x_wconf 82' lang='lat' dir='ltr'><strong>in</strong></span> <span class='ocrx_word' id='word_1_883' title='bbox 3211 5401 3492 5467; x_wconf 82' lang='lat' dir='ltr'><strong>semetipso</strong></span> 
     </span>
    </p>
   </div>
   <div class='ocr_carea' id='block_1_125' title="bbox 1846 5468 3490 5554">
    <p class='ocr_par' dir='ltr' id='par_1_125' title="bbox 1846 5468 3490 5554">
     <span class='ocr_line' id='line_1_127' title="bbox 1846 5468 3490 5554; baseline -0.011 -17"><span class='ocrx_word' id='word_1_884' title='bbox 1846 5484 2170 5554; x_wconf 83' lang='lat' dir='ltr'><strong>inscriptam</strong></span> <span class='ocrx_word' id='word_1_885' title='bbox 2195 5484 2584 5536; x_wconf 81' lang='lat' dir='ltr'><strong>convictionem</strong></span> <span class='ocrx_word' id='word_1_886' title='bbox 2612 5477 2958 5554; x_wconf 61' lang='lat' dir='ltr'><strong>conscientiae</strong></span> <span class='ocrx_word' id='word_1_887' title='bbox 2977 5472 3197 5554; x_wconf 63' lang='lat' dir='ltr'><strong>habens.</strong></span> <span class='ocrx_word' id='word_1_888' title='bbox 3225 5475 3286 5554; x_wconf 61' lang='lat' dir='ltr'><strong>lg</strong></span> <span class='ocrx_word' id='word_1_889' title='bbox 3311 5468 3490 5546; x_wconf 79' lang='lat' dir='ltr'><strong>vulg.,</strong></span> 
     </span>
    </p>
   </div>
   <div class='ocr_carea' id='block_1_126' title="bbox 1847 5541 3491 5622">
    <p class='ocr_par' dir='ltr' id='par_1_126' title="bbox 1847 5541 3491 5622">
     <span class='ocr_line' id='line_1_128' title="bbox 1847 5541 3491 5622; baseline -0.012 -12"><span class='ocrx_word' id='word_1_890' title='bbox 1847 5561 1983 5610; x_wconf 83' lang='grc' dir='ltr'>Ἀλλ’</span> <span class='ocrx_word' id='word_1_891' title='bbox 2012 5541 2148 5616; x_wconf 77' lang='grc' dir='ltr'>οὗτος</span> <span class='ocrx_word' id='word_1_892' title='bbox 2178 5561 2228 5608; x_wconf 77' lang='grc' dir='ltr'>ἐν</span> <span class='ocrx_word' id='word_1_893' title='bbox 2259 5561 2415 5622; x_wconf 82' lang='grc' dir='ltr'>ἑαυτῷ</span> <span class='ocrx_word' id='word_1_894' title='bbox 2444 5561 2656 5622; x_wconf 73' lang='grc' dir='ltr'>ἄκρατον</span> <span class='ocrx_word' id='word_1_895' title='bbox 2684 5557 2771 5602; x_wconf 85' lang='grc' dir='ltr'>τοῦ</span> <span class='ocrx_word' id='word_1_896' title='bbox 2802 5550 3090 5622; x_wconf 63' lang='grc' dir='ltr'>συνειδότος,</span> <span class='ocrx_word' id='word_1_897' title='bbox 3102 5547 3226 5622; x_wconf 52' lang='grc' dir='ltr'>ξω.</span> <span class='ocrx_word' id='word_1_898' title='bbox 3248 5541 3288 5593; x_wconf 84' lang='grc' dir='ltr'>Ε</span> <span class='ocrx_word' id='word_1_899' title='bbox 3310 5541 3491 5606; x_wconf 85' lang='lat' dir='ltr'><strong>regio-</strong></span> 
     </span>
    </p>
   </div>
   <div class='ocr_carea' id='block_1_127' title="bbox 1846 5610 3488 5693">
    <p class='ocr_par' dir='ltr' id='par_1_127' title="bbox 1846 5610 3488 5693">
     <span class='ocr_line' id='line_1_129' title="bbox 1846 5610 3488 5693; baseline -0.013 -12"><span class='ocrx_word' id='word_1_900' title='bbox 1846 5641 1918 5680; x_wconf 91' lang='lat' dir='ltr'><strong>ne</strong></span> <span class='ocrx_word' id='word_1_901' title='bbox 1948 5610 2148 5681; x_wconf 77' lang='lat' dir='ltr'><strong>autem</strong></span> <span class='ocrx_word' id='word_1_902' title='bbox 2173 5624 2331 5680; x_wconf 89' lang='lat' dir='ltr'><strong>verbi</strong></span> <span class='ocrx_word' id='word_1_903' title='bbox 2362 5610 2584 5693; x_wconf 54' lang='grc' dir='ltr'>ἄκρατον</span> <span class='ocrx_word' id='word_1_904' title='bbox 2621 5619 2680 5673; x_wconf 88' lang='lat' dir='ltr'><strong>in</strong></span> <span class='ocrx_word' id='word_1_905' title='bbox 2712 5631 2896 5685; x_wconf 84' lang='lat' dir='ltr'><strong>marg.</strong></span> <span class='ocrx_word' id='word_1_906' title='bbox 2929 5611 3065 5666; x_wconf 90' lang='lat' dir='ltr'><strong>edit.</strong></span> <span class='ocrx_word' id='word_1_907' title='bbox 3099 5610 3266 5665; x_wconf 81' lang='lat' dir='ltr'><strong>Rom.</strong></span> <span class='ocrx_word' id='word_1_908' title='bbox 3309 5623 3488 5662; x_wconf 87' lang='lat' dir='ltr'><strong>anno-</strong></span> 
     </span>
    </p>
   </div>
   <div class='ocr_carea' id='block_1_128' title="bbox 1844 5699 2346 5769">
    <p class='ocr_par' dir='ltr' id='par_1_128' title="bbox 1844 5699 2346 5769">
     <span class='ocr_line' id='line_1_130' title="bbox 1844 5699 2346 5769; baseline -0.002 -17"><span class='ocrx_word' id='word_1_909' title='bbox 1844 5699 2023 5766; x_wconf 86' lang='lat' dir='ltr'><strong>tatur,</strong></span> <span class='ocrx_word' id='word_1_910' title='bbox 2057 5705 2346 5769; x_wconf 71' lang='grc' dir='ltr'>ἔγγραπτον.</span> 
     </span>
    </p>
   </div>
  </div>
