3914 6226
411 310 530 375 sae
1542 309 1608 374 s.
1652 310 1931 375 LEONIS
1974 310 2226 376 MAGNl
2266 313 2694 380 EPISTOLzE.
3470 279 3478 282 ’λ
3705 327 3790 396 am

408 449 654 518 mentes,
686 445 828 505 dum
857 440 1192 502 noverimus
1213 437 1352 518 quia
1367 439 1656 517 quidquid
1681 441 2036 502 rectudinisz

2196 457 2340 524 τίραν
2369 454 2386 490 ¹
2411 459 2496 507 καὶ
2524 457 2620 507 τῶν
2647 454 2762 524 παρ’
2787 455 2930 524 ἡμῶν
2949 455 3330 526 «augendam-sv
3355 454 3618 522 βισᾳίῳσῖν
3638 469 3687 508 τι
3707 456 3769 506 si

409 537 548 594 ﬁliis
579 538 665 604 ﬁt,
695 537 767 592 ad
801 539 993 608 patres
1022 534 1287 601 recurrit,
1303 533 1580 590 facientes
1609 533 1720 590 hoc
1749 534 2036 607 proprium

2195 551 2568 598 cuvv~""'=vv.

410 626 542 683 sibi.
578 627 873 698 Rogamus
905 623 1102 695 igitur,
1132 625 1189 678 et
1217 623 1337 679 tuis
1364 623 1610 679 decretis
1667 627 1934 678 nostrum
1992 623 2215 681 honora
2254 625 2578 698 judicium;
2610 632 2668 684 et
2712 628 2865 687 sicut
2921 648 3027 688 nos
3083 633 3276 706 capiti
3313 633 3379 690 in
3420 635 3591 694 bonis
3637 641 3788 702 ιιοο

411 716 485 786 (a)
516 714 840 785 adjecimus
893 711 1472 802 consonantiam,_sic
1496 715 1553 767 et
1583 713 1896 768 summitas
1927 716 2028 768 tua
2059 712 2196 772 ﬁliis
2226 717 2382 787 quod
2413 717 2577 773 decet
2621 719 2956 793 adimpleat.
2991 723 3085 778 Sic
3115 723 3291 778 enim
3328 727 3392 780 et
3424 724 3506 798 pii
3546 727 3783 802 principes

409 803 875 876 complacebunt,
909 801 1010 873 qui
1036 804 1338 872 tamquam
1371 800 1558 873 legem
1593 805 1704 856 tuae
1746 801 2073 857 sanctitatis
2095 802 2389 873 judicium
2421 803 2820 878 ﬁrmaverunt,
2851 813 2906 865 et
2935 809 3612 884 Constantinopolitana
3660 800 3782 874 sedes

409 892 689 965 suscipiet
742 891 1072 964 praemium.
1108 907 1236 960 qua?
1295 907 1468 946 omne
1525 907 1758 962 semper
1815 891 2077 946 studium
2134 891 2298 950 vobis
2330 895 2402 949 ad
2437 911 2677 952 causam
2706 898 2978 970 explevit,
3009 904 3066 956 et
3095 901 3510 975 semetipsam
3557 906 3700 962 vobis
3737 910 3784 964 ad

407 980 778 1038 concordiam
803 979 1004 1035 eodem
1037 978 1157 1034 zelo
1189 980 1506 1050 conjunxit.
1541 979 1613 1035 Ut
1643 983 1837 1035 autem
1860 981 2224 1052 cognoscatis
2255 983 2395 1055 quia
2426 982 2568 1040 nihil
2600 986 2675 1059 (ὁ)
2701 987 2944 1044 cuilibet
2987 990 3277 1046 donando
3332 1008 3444 1064 per
3475 993 3701 1065 gratiam
3728 997 3785 1050 {e-

406 1071 616 1136 cimus,
649 1073 750 1126 aut
777 1085 880 1141 per
907 1067 1245 1123 inimicitias
1277 1069 1658 1135 adversando,
1679 1068 1747 1140 (c)
1780 1069 1878 1124 sed
1913 1072 1978 1122 ut
2015 1073 2161 1125 nutu
2191 1071 2500 1144 gubernati
2534 1074 2999 1142 divino,omnem
3028 1079 3199 1134 vobis
3225 1083 3551 1152 gestorum
3571 1081 3673 1138 vim
3689 1084 3789 1140 insi-

406 1158 734 1222 nuavimus,
768 1157 840 1211 ad
872 1155 1403 1227 comprobationem
1438 1155 1649 1212 nostra:
1681 1155 2126 1225 sinceritatis,et
2154 1159 2224 1214 ad
2253 1175 2456 1218 eorum
2491 1180 2618 1236 quae
2649 1182 2684 1221 a
2712 1165 2882 1222 nobis
2912 1170 3078 1242 gesta
3106 1172 3262 1223 sunt
3297 1168 3382 1239 (d)
3419 1169 3731 1227 ﬁrmitatem
3751 1181 3787 1227 et

405 1246 870 1305 consonantiam.

849 1351 1176 1408 EJUSDEM
1215 1351 1600 1407 EPISTOLIE.

875 1468 1002 1524 Alia
1032 1469 1327 1540 antiquior
1361 1469 1569 1524 versio.

401 1586 697 1653 Exemplar
708 1585 990 1640 relationis
1004 1583 1290 1656 archetypi
1299 1591 1504 1641 sanctae
1527 1600 1745 1654 magna?
1755 1589 1807 1641 et
1822 1587 2044 1641 univer-

468 1657 602 1712 salis
643 1656 859 1727 synodi,
893 1671 1018 1727 quae
1029 1658 1086 1711 in
1103 1657 1522 1712 Chalcedonensi
1536 1658 1805 1728 netropoli
1823 1673 2044 1728 congre-

468 1736 598 1798 gata
625 1731 722 1796 est,
757 1728 826 1782 ad
836 1736 1042 1785 sancta:
1060 1730 1345 1785 memoriae
1353 1745 1559 1800 papam
1584 1729 1828 1784 Leonem.

397 1845 610 1900 Sancta
640 1847 697 1898 et
713 1860 926 1914 magna
946 1847 1001 1899 et
1022 1843 1369 1899 universalis
1389 1844 1798 1914 synodus,qua3
1831 1860 2044 1898 secun—

467 1915 607 1970 dum
635 1916 730 1970 Dei
762 1915 1043 1988 gratiam,
1064 1915 1510 1988 etqsanctionem
1562 1915 1963 1988 plissimorum
1989 1919 2045 1971 et

466 1990 568 2046 Dei
600 1985 935 2060 amatorum
954 1986 1292 2060 principum
1324 1985 1577 2060 collecta
1593 1989 1681 2041 est
1712 1987 1769 2041 in
1799 1985 2043 2060 Chalce-

467 2063 620 2117 done
658 2057 1275 2130 metropoli'Bitbyniae
1306 2057 1632 2128 provinciae,
1667 2057 2042 2114 sanctissimo

467 2149 533 2188 ac
565 2131 904 2188 beatissimo
936 2130 1134 2184 Laesa.

465 2251 599 2306 CAP.
625 2248 665 2302 Ι.
691 2279 757 2288 —-
780 2246 1060 2317 Repletum
1085 2252 1162 2300 est
1182 2243 1380 2314 gaudio
1406 2260 1462 2299 os
1481 2248 1729 2300 nostrum
1769 2252 1821 2300 et
1845 2246 2040 2316 lingua

393 2343 582 2395 nostra
615 2337 976 2393 exsultatione
1005 2335 1115 2406 (Ps.
1147 2351 1312 2400 cxxv,
1343 2333 1418 2403 2),
1452 2335 1606 2406 quod
1629 2333 1780 2388 hanc
1810 2337 1875 2388 ut
1902 2351 2041 2406 pro-

396 2428 584 2502 priam
618 2426 788 2482 nobis
819 2425 1070 2497 gratiam
1120 2422 1487 2496 prophetiam
1539 2422 1775 2494 aptavit,
1825 2423 2040 2494 quibus

393 2516 627 2589 pietatis
657 2515 1068 2570 conﬁrmatum
1101 2517 1191 2569 est
1217 2515 1436 2567 votum.
1461 2512 1607 2578 Quid
1637 2512 1796 2566 enim
1822 2513 1937 2568 ﬁne
1966 2513 2039 2568 ad

392 2605 652 2663 laetitiam
675 2602 947 2676 superius
966 2603 994 2657 ?
1013 2601 1159 2666 Quid
1193 2600 1488 2656 dominica
1518 2600 1813 2672 agnitione
1844 2602 1916 2656 ad
1949 2617 2041 2656 ex-

2078 1351 2136 1419 Α
2163 1355 2321 1430 cipes
2351 1363 2546 1416 autem
2576 1360 2777 1418 ﬁdeles
2805 1362 2879 1418 ad
2911 1365 3184 1419 ornatum
3219 1363 3648 1436 praesidebant,
3675 1364 3786 1420 sicut

2156 1448 2494 1516 Zorobabel,
2513 1452 2708 1506 ποι
2747 1450 2825 1522 (h)
2857 1450 3122 1508 Ecclesiae
3151 1451 3378 1507 Jesum
3399 1452 3448 1524 (Ι
3471 1453 3619 1510 Esdr.
3647 1456 3784 1522 111.2},

2156 1538 2657 1609 quemadmodum
2687 1540 3076 1608 Hierusalem,
3100 1541 3582 1600 aediﬁcationem
3599 1542 3784 1615 dogma-

2156 1630 2282 1682 tum
2315 1643 2590 1684 renovare
2617 1628 2986 1688 festinantes.

2225 1735 2359 1790 CAP.
2391 1735 2457 1790 lI.
2490 1766 2558 1776 —
2591 1735 2661 1792 Et
2709 1739 2834 1791 erat
2857 1735 3239 1794 adversarius
3282 1740 3602 1810 tamquam
3641 1735 3781 1792 bestia

2154 1824 2295 1879 foris
2325 1841 2360 1879 a
2408 1825 2608 1896 septis,
2653 1841 2853 1891 secum
2899 1825 3180 1892 fremens,
3238 1826 3560 1883 neminem
3606 1826 3778 1881 habens

2152 1928 2329 1984 quem
2359 1913 2573 1984 capiat,
2605 1913 2719 1969 nisi
2752 1930 2816 1970 se
2841 1913 3037 1985 ipsum
3085 1914 3138 1970 ei
3169 1915 3249 1971 ad
3290 1915 3562 1987 pandam
3586 1913 3778 1970 Alexan-

2151 2000 2330 2057 drinae
2353 2001 2517 2058 urbis
2539 2002 2727 2058 factus
2749 2002 2888 2060 olim
2941 2003 3152 2075 praesul
3181 2004 3514 2076 objioeret;
3547 2003 3640 2075 qui
3673 2003 3776 2057 dum

2151 2090 2338 2147 multa
2366 2089 2530 2162 prius
2559 2089 2715 2146 mala
2743 2089 2996 2158 fecisset,
3039 2091 3332 2147 secundis
3365 2091 3564 2164 priora
3590 2088 3768 2148 celavit.

2150 2179 2393 2233 Beatum
2422 2178 2581 2234 enim
2611 2178 2779 2236 illum
2823 2183 2884 2235 et
2912 2179 2974 2236 in
3001 2181 3232 2237 sanctis
3264 2178 3771 2237 connumerandum

2149 2265 2804 2339 Constantinopolitanm
2828 2268 2992 2324 urbis
3005 2273 3316 2341 pastonezn
3332 2268 3664 2326 Flavianum
3675 2281 3770 2336 apo

2150 2354 2417 2411 stolicam
2451 2355 2853 2427 praferentem
2875 2356 3074 2426 ﬁdem,
3096 2361 3154 2413 et
3202 2357 3313 2413 Dei
3343 2359 3658 2413 amatorem
3681 2352 3768 2423 epi-

2149 2460 2391 2516 scopum
2421 2445 2740 2500 Eusebium
2753 2448 2956 2502 oontra
2975 2462 3218 2502 omnem
3239 2461 3548 2502 canonum
3564 2439 3769 2512 discipli-

2150 2548 2287 2587 nam
2309 2533 2665 2605 deposuit,et
2693 2533 2995 2606 impietate
3025 2535 3500 2590 condemnatum
3523 2529 3763 2601 Eutychen

2147 2620 2467 2689 tyrannicis
2487 2621 2738 2678 decretis
2758 2623 2884 2678 suis
2906 2622 3186 2690 restituit,
3225 2627 3289 2685 et
3311 2639 3348 2678 a
3376 2624 3566 2678 vestra
3591 2615 3763 2675 sancti-

391 2694 767 2784 sultationem
800 2690 1372 2784 οιανίυετᾳξιεω-ξρεθ
1387 2689 1640 2784 ἀθεμρςτ
1665 2689 2038 2784 pobisselve-
2071 2718 2118 2783 Β
2146 2712 2284 2776 tate,
2319 2713 2518 2782 utopte
2546 2710 2620 2766 ab
2649 2709 2944 2767 immerito
2987 2689 3197 2784 gratia,
3258 2710 3524 2768 ablatam
3561 2703 3762 2764 reddidit

390 2789 482 2841 tor
529 2783 600 2840 ad
633 2782 882 2838 salutem
912 2779 1155 2835 tradidit
1200 2779 1438 2835 dicens:
1473 2777 1833 2842 Ambulantes
1861 2778 2041 2834 docete

390 2890 572 2929 mnues
592 2880 796 2942 gentes,
831 2871 1165 2942 baptizantes
1179 2883 1267 2924 eos
1280 2870 1349 2922 ‘in
1366 2870 1592 2923 nomine
1619 2869 1886 2932 Patris,et
1906 2868 2039 2924 Filii

389 2967 441 3019 et
467 2963 707 3034 Spiritus
722 2961 924 3026 sancti,
951 2958 1195 3013 docentes
1224 2974 1311 3013 eos
1339 2973 1559 3012 servare
1577 2973 1764 3012 omnia
1789 2957 1859 3027 (e)
1889 2971 2037 3028 qua:-

389 3067 617 3122 eumque
646 3048 906 3104 mandavi
935 3044 1434 3117 vobis.Quamipse
1459 3051 1762 3117 tamquam
1797 3061 2035 3100 auream

390 3138 720 3197 catenulam
752 3139 1036 3210 praecepto
1066 3134 1422 3206 imponentis
1470 3135 1780 3190 deductam
1837 3134 1896 3188 in
1929 3150 2037 3189 nos

390 3227 766 3294 conservasti,
815 3224 976 3282 vocis
1023 3223 1176 3280 beati
1225 3223 1378 3278 Petri
1419 3223 1694 3278 omnibus
1745 3223 2036 3295 interpres

389 3315 666 3381 existens,
693 3318 752 3370 et
771 3314 930 3370 illius
961 3312 1094 3368 ﬁdei
1114 3311 1389 3368 omnibus
1409 3310 1830 3366 beatitudinem
1858 3314 2036 3365 attra-

388 3404 554 3460 hens.
590 3403 754 3458 Unde
791 3405 848 3456 et
867 3418 974 3457 nos
990 3405 1293 3471 tamquam
1316 3398 1564 3470 principi
1581 3398 1686 3453 tibi
1707 3397 1885 3470 hujus
1898 3399 2036 3454 boni

387 3494 458 3550 ad
493 3491 801 3547 utilitatem
833 3489 947 3559 usi,
1002 3488 1262 3544 veritatis
1321 3487 1458 3542 ﬁliis
1514 3486 1779 3543 Ecclesia
1818 3491 2034 3544 sortem

385 3580 777 3644 ostendimus,
813 3595 928 3633 non
961 3593 1064 3648 per
1094 3575 1360 3647 singulos
1391 3573 1607 3646 singuli
1637 3577 1944 3647 tamquam
1974 3575 2035 3632 in

384 3672 605 3726 secreto
637 3665 962 3723 doctrinam
992 3663 1292 3724 facientes.
1339 3663 1439 3718 sed
1471 3663 1767 3718 communi
1801 3664 2035 3736 spiritu,

383 3776 501 3816 uno
547 3772 837 3813 consensu
886 3757 944 3809 et
989 3751 1303 3808 concordia
1323 3751 1458 3806 ﬁdei
1483 3752 1908 3809 confessionem
1940 3770 2034 3810 co-

381 3843 1057 3922 gnoscentes.Etfuimus
1079 3839 1136 3894 in
1152 3840 1451 3895 communi
1469 3839 1854 3914 exsultatione
1867 3843 2037 3914 spiri-

385 3937 606 3994 talibus
630 3938 934 4006 tamquam
963 3927 1370 4001 imperialibus
1393 3929 2034 4002 cmnis,epulationibus

380 4027 439 4082 in
471 4025 615 4081 cibis
646 4040 763 4096 qua
793 4038 893 4094 per
923 4024 1055 4075 tuas
1085 4017 1310 4073 litteras
1340 4017 1609 4074 Christus
1658 4019 2032 4091 epulantibus

2147 2797 2494 2872 dignitatem
2520 2816 2534 2866 ;
2565 2802 2625 2854 et
2652 2802 2720 2854 ut
2743 2799 2986 2856 omnino
3019 2800 3178 2856 ferox
3225 2797 3555 2872 singularis
3581 2796 3762 2852 incum-

2145 2886 2292 2942 bens
2319 2886 2520 2953 vineas,
2539 2903 2718 2958 quam
2736 2887 2949 2943 bonam
2971 2888 3194 2945 invenit
3207 2887 3626 2962 plentationem
3639 2895 3758 2938 ever-

2145 2975 2218 3031 tit
2238 2976 2352 3047 (Ps.
2375 2993 2566 3041 LxxIx,
2585 2976 2698 3046 44),
2729 2976 3152 3034 infructuosam
3184 2982 3396 3034 autem
3427 2979 3490 3032 et
3507 2976 3575 3046 (ι)
3593 2966 3763 3028 dereli-

2145 3063 2655 3130 ctamintroduxit,
2689 3067 2747 3119 et
2766 3064 3118 3137 pastoralem
3141 3065 3436 3122 habentes
3461 3057 3756 3135 sapientiam

2145 3152 2488 3224 amputavit,
2512 3151 2687 3224 lupos
2700 3154 3390 3226 autemU)manifestatos
3405 3152 3602 3212 ovibus
3621 3148 3758 3203 intro-

2145 3241 2330 3297 duxit.
2359 3241 2549 3313 Super
2567 3234 2693 3298 haec
2710 3243 2910 3299 omnia
2933 3242 3114 3300 etiam
3161 3248 3375 3301 contra
3403 3256 3534 3298 eum
3564 3235 3650 3309 qui
3676 3249 3753 3288 cu-

2145 3330 2397 3387 stodiam
2419 3330 2600 3387 vineae
2622 3331 2962 3389 aSalvatore
2977 3333 3597 3404 susceperat,furorem
3612 3334 3751 3380 suum

2145 3419 2408 3475 extendit
2435 3419 2713 3488 (dicimus
2742 3423 2941 3477 autem
2983 3421 3055 3477 de
3105 3422 3422 3478 sanctitate
3467 3413 3672 3480 νοοίης).
3708 3410 3749 3462 θί

2143 3509 2807 3565 excommunicationem
2831 3513 3030 3566 contra
3039 3525 3108 3566 eu
3119 3527 3177 3566 m
3191 3509 3299 3582 qui
3316 3521 3524 3580 corpus
3534 3494 3748 3560 Εοοιοεὶω

2145 3596 2219 3668 (lc)
2250 3597 2512 3652 adunare
2531 3597 2846 3665 festinavit,
2877 3597 3169 3670 cogitavit.
3185 3599 3258 3656 Et
3284 3614 3421 3656 cum
3450 3586 3748 3666 oportuisset

2144 3702 2280 3741 eum
2310 3702 2414 3757 pro
2462 3685 2555 3744 his
2607 3685 2907 3758 paenitere,
2937 3690 2996 3742 et
3043 3687 3353 3744 debuisset
3396 3677 3646 3752 lam'ymis
3665 3688 3745 3744 Ρο·

2145 3773 2367 3830 stulare
2396 3773 2882 3842 misericordiam,
2915 3778 3220 3848 tamquam
3256 3791 3365 3850 pro
3412 3765 3651 3829 honestis
3669 3760 3744 3815 le-

2143 3862 2715 3934 tabatur,epistolam
2737 3863 2977 3935 quidem
3005 3869 3208 3922 vestrae
3241 3858 3558 3922 sanctitatis
3583 3863 3740 3924 aspel“

2143 3951 2595 4018 nens,omnibus
2606 3954 2802 4008 autem
2822 3952 3081 4010 veritatis
3096 3953 3477 4031 dogmatibus“
3490 3941 3739 4031 resistens-

2215 4041 2348 4096 CAP.
2373 4040 2472 4096 IlI.
2495 4071 2566 4080 —
2595 4041 2666 4096 Et
2683 4044 3023 4113 oportuerat
3045 4025 3288 4114 quidem
3299 4055 3432 4098 eum
3454 4025 3638 4094 moxin
3652 4025 3734 4114 hac

379 4112 700 4188 apparavit.
719 4112 790 4167 Et
817 4109 1106 4165 cmlestem
1157 4107 1449 4178 Sponsum
1478 4105 1631 4162 inter
1658 4123 1766 4163 nos
1797 4124 2032 4165 cernere
2062 4085 2105 4153 (ἶ
2142 4127 2201 4182 in
2225 4144 2344 4200 qua
2363 4145 2426 4184 se
2450 4129 2647 4201 ipsum
2666 4085 2957 4186 “amavit
2971 4085 3134 4202 ρεξτε
3154 4113 3736 4203 ιιθιίηειυθιδθ.ουοῠίιω

379 4203 792 4278 (nvidebamus
819 4197 1172 4271 epulantem.
1208 4195 1268 4251 Si
1299 4195 1456 4251 enim
1488 4195 1589 4250 ubi
1619 4200 1757 4251 sunt
1785 4197 1900 4252 duo
1931 4202 2034 4253 aut

377 4300 497 4350 tres
526 4290 860 4364 congregati
913 4288 971 4342 in
1002 4284 1239 4342 nomine
1260 4283 1470 4356 ipsius,
1498 4283 1578 4338 ibi
1609 4285 1689 4340 ait
1720 4301 1782 4340 se
1812 4302 1939 4345 esse
1970 4287 2030 4342 in

381 4381 574 4438 medio
596 4395 796 4435 eorum
829 4375 1034 4448 (Matth.
1067 4391 1229 4442 XVIII,
1255 4374 1347 4444 20)
1373 4375 1681 4444 ;quantam
1697 4373 1850 4430 circa
1866 4374 2033 4445 quin-

380 4472 587 4543 gentos
634 4465 839 4538 viginti
887 4462 1217 4519 sacerdotes
1265 4459 1721 4517 familiaritatem
1752 4462 1827 4534 (g)
1859 4479 2029 4519 mon-

382 4555 726 4625 strabit,qui
757 4557 813 4608 et
843 4551 1041 4623 patriae
1071 4554 1126 4605 et
1152 4549 1340 4604 labori
1372 4549 1527 4605 circa
1555 4564 1690 4605 eum
1721 4550 2028 4608 scientiam

382 4641 766 4701 confessionis
797 4637 1486 4712 praeposuerunt,quibus
1516 4641 1580 4693 ut
1610 4643 1910 4712 tamquam
1941 4657 2030 4696 ca-

382 4736 488 4807 put
514 4729 794 4787 membris
817 4727 1164 4800 przepositus
1193 4743 1323 4782 eras
1345 4743 1448 4798 per
1463 4743 1562 4783 eos
1589 4727 1688 4799 qui
1706 4733 1868 4785 tuam
1899 4747 2032 4786 con-

380 4823 569 4878 tinent
596 4819 1035 4886 vicem,rectum
1058 4814 1369 4870 consilium
1388 4815 1800 4874 demenstrans
1819 4819 1848 4874 ?
1869 4819 2033 4875 Prin-

454 4990 532 5061 (a)
551 4989 632 5044 Ex
653 4987 846 5062 Graeco
869 4982 1235 5062 impendimus
1255 5001 1278 5048 ,ο
1309 4986 1366 5038 et
1386 5000 1542 5055 mox,
1560 4987 1672 5056 piis
1691 4989 2032 5062 principibus

382 5059 604 5132 gratum
631 5061 756 5125 erit,
785 5059 899 5128 qui,
922 5062 1030 5132 etc.
1151 5063 1202 5132 __'

453 5133 528 5205 (ὁ)
552 5131 636 5186 Ita
656 5124 860 5186 omnes
881 5124 1346 5205 codices..\_7ul_g.,
1380 5126 1554 5205 alicui
1569 5127 1849 5205 donando.

453 5135 528 5275 (b3
552 5135 636 5186 Ita
656 5147 860 5186 omnes
881 5135 1129 5212 codices.
1159 5135 1346 5250 Vulg,
1380 5135 1553 5180 alicui
1580 5135 1849 5186 donando.

453 5210 504 5271 (ο
547 5208 633 5258 Ita
681 5219 813 5259 cum
847 5202 1020 5258 editis
1046 5197 1217 5275 codd.
1299 5213 1458 5275 eron_.
1485 5197 1696 5275 etAVat.
1729 5201 1854 5259 Duo
1885 5222 2027 5264 mss.

381 5268 599 5332 Baluzii
622 5291 757 5331 cum
782 5279 980 5331 nostro
1001 5270 1314 5339 Chigiano:
1342 5268 1447 5325 Sed
1468 5270 1664 5340 quippe
1688 5276 1751 5326 ut
1781 5277 1840 5329 in
1867 5287 2026 5336 nutu.

452 5348 634 5420 ((1)1139:
663 5349 880 5413 Graeco,
919 5341 1577 5420 corzﬁnnationematque
1601 5350 2026 5408 consensionem.

476 5412 524 5489 ε)
571 5418 696 5474 Vat.
735 5421 891 5483 13-22,
926 5412 1052 5488 quae
1078 5412 1423 5489 demandavi.

476 5423 524 5489 e)
572 5423 696 5474 Vat.
735 5423 891 5483 1322,
926 5431 1052 5488 quae
1078 5423 1423 5473 demandavi.

455 5423 519 5564 (f)
542 5491 714 5564 Editi,
730 5490 1068 5564 videbamur.
1090 5483 1463 5564 correximus
1475 5501 1543 5540 ex
1558 5483 1796 5545 laudato
1813 5493 2031 5552 codice.

454 5556 532 5702 (ag
564 5561 719 5617 Idem
749 5563 946 5630 codex,
979 5556 1337 5618 monstrabat.

451 5633 510 5700 (h
541 5631 623 5688 [ta
642 5650 776 5691 cum
797 5633 1158 5692 editishabet
1181 5634 1337 5692 etian

2141 4222 2335 4273 autem
2358 4217 2673 4274 Salvatoris
2699 4217 3073 4291 disciplinam
3097 4219 3459 4291 proﬁtemur,
3479 4209 3568 4283 qui
3587 4211 3732 4294 amnth

2139 4306 2384 4363 homines
2399 4308 2578 4363 salvos
2591 4323 2704 4364 esse
2722 4308 2837 4364 vult
2866 4311 2916 4363 et
2945 4309 3131 4364 venire
3157 4308 3230 4363 ad
3257 4302 3731 4384 cognitionemwf‘

2139 4397 2267 4451 tatis
2291 4396 2338 4468 (ι
2363 4396 2495 4451 Tim.
2520 4412 2582 4462 II,
2617 4396 2696 4463 4),
2725 4394 2880 4455 hanc
2910 4411 3082 4468 opere
3111 4395 3168 4451 in
3200 4413 3269 4452 eo
3300 4396 3522 4451 ﬁrmare
3545 4382 3726 4442 ωίεθη·

2137 4484 2271 4539 cord
2280 4483 2396 4540 iam
2410 4483 2901 4550 festinavimus,et
2917 4483 2978 4540 in
3001 4484 3294 4556 judicium
3319 4472 3608 4543 fraterne“)
3623 4478 3726 4556 0°“:

2136 4570 2491 4635 vocavimus,
2544 4588 2659 4628 non
2707 4574 3011 4645 tamquam
3044 4588 3306 4630 resecare
3336 4568 3617 4628 tentantes.
3643 4547 3720 4607 εδδ

2137 4657 2557 4714 satisfactionis
2602 4655 2654 4713 ei
2699 4656 2894 4715 locum
2943 4659 3013 4716 ad
3046 4660 3396 4717 medicinam
3423 4649 3720 4730 prebenlesi

2137 4751 2196 4803 et
2214 4747 2531 4802 orabamus
2546 4746 2908 4818 superiorem
2926 4749 3413 4822 eum(m)existere
3432 4732 3722 4822 variisincu-

2138 4835 2465 4892 sationibus
2488 4816 2918 4908 quae—adversus
2939 4816 3134 4909 ipsum
3147 4816 3383 4912 scripta;
3404 4830 3545 4896 sunt,
3563 4816 3721 4894 qua“?

2140 5008 2204 5060 ut
2235 5001 2591 5076 in_margine
2612 5001 2851 5072 Baluzii,
2884 5008 2936 5060 et
2965 5005 3136 5060 Deum
3165 5007 3362 5063 Iesum.

2210 5075 2275 5146 (ἰ)
2295 5073 2424 5146 Vat.
2436 5115 2450 5139 ,
2462 5073 2765 5146 'abjectam.

2244 5145 2275 5216 ἱ)
2305 5145 2444 5217 Cod.
2478 5145 2734 5217 Reginae,
2763 5148 3102 5217 manifestos.

2244 5149 2275 5216 ')
2305 5149 2444 5226 Cod.
2478 5149 2734 5270 Reginae,
2763 5149 3102 5217 manifestos.
3689 5213 3707 5226 _

2211 5149 2302 5298 ὃς).
2335 5217 2433 5298 ξιιο
2459 5233 2528 5272 ex
2598 5221 2675 5273 at.
2699 5217 2846 5274 Edit.
2879 5217 3120 5287 Concil.,
3151 5219 3397 5284 adunire,
3435 5209 3558 5269 forte
3581 5202 3685 5268 typo

2139 5287 2245 5362 gra
2274 5287 2348 5342 bi
2378 5303 2591 5343 errore.

2212 5306 2283 5432 (ις
2319 5359 2458 5432 Cod.
2494 5358 2746 5432 Reginae,
2773 5359 3212 5417 convocabamus.

2154 5361 2161 5362 ⁷
2235 5361 2275 5432 ι)
2319 5361 2458 5415 Cod.
2494 5361 2746 5431 Reginae,
2773 5361 3029 5416 convocat:

2062 5453 2109 5520 ι)
2211 5361 2730 5537 insessas

2259 5471 2353 5557 S’ic
2385 5501 2557 5576 ambo
2590 5471 2733 5576 mss’.
2764 5500 2931 5572 Ven.,
2952 5471 3319 5576 astipulante
3364 5481 3700 5576 Latinoulflte}:

2141 5543 2457 5647 prete,vqui
2488 5543 3452 5647 νθιιιὶιξθονίιῖθᾳδὲἕἴδῖὼωρεδω
3491 5556 3612 5616 εαηί·
3651 5543 3695 5597 ιη

541 5631 623 5688 [ta
642 5650 776 5691 cum
797 5633 1158 5692 editishabet
1181 5634 1358 5692 etiam
1380 5635 1535 5693 idem
1555 5635 1708 5707 Vat.,
1733 5647 1848 5690 non
1895 5655 2032 5696 vero

2150 5631 2404 5717 ἱνιιιείκοῖἱ
2429 5653 2528 5701 τῶν
2555 5631 2910 5719 πεπραγμὲνων
2934 5631 3190 5704 tantum.
