3878 6222
95 326 246 396 ⁷973

1614 336 1998 401 EPISTULA
2039 337 2108 397 Ο.

3431 345 3552 407 9⁸74

112 470 320 543 igitur
345 469 636 528 sanctitas
666 474 770 528 tua
798 486 979 545 super
998 470 1242 528 victoria
1279 472 1478 529 1118
1512 472 1668 543 ﬁdei,
1701 490 1797 529 cu-

1943 477 2100 545 ἁργία.
2136 479 2365 545 Χαιρέτω
2399 478 2564 530 τοίνυν
2598 483 2631 540 ἦ
2661 479 2725 540 σή
2761 479 3014 544 ἁγιωσύνη
3063 480 3140 532 δπὶ
3185 484 3245 547 τῇ
3286 480 3398 545 νίκῃ
3440 481 3529 542 τῆς

108 560 235 630 jus
269 576 490 618 corona
513 560 898 634 omnipotenti
918 561 1144 618 Christo
1168 562 1498 628 referenda;
1533 561 1627 617 hic
1644 563 1800 618 enim

115 649 305 705 dedit
337 654 544 706 contra
581 649 851 706 inﬁdeles
893 650 1216 708 victoriam.
1250 653 1321 706 Et
1363 650 1490 705 ideo
1534 669 1640 708 nos
1690 652 1802 725 ipsi

115 739 350 795 adesse
372 744 589 796 sanctae
621 741 842 812 synodo
865 741 1293 808 festinavimus,
1314 755 1672 816 quamquam
1697 764 1802 802 nos

115 828 193 884 in
225 828 364 884 aliis
390 829 538 887 locis
559 834 617 888 et
643 831 1043 904 expeditiones
1072 837 1130 889 et
1156 833 1403 907 publica
1421 835 1804 893 necessitates

119 917 494 974 detinerent.
1149 967 1162 980 .

95 1005 103 1018 '
207 1005 354 1063 CAP.
388 1008 457 1064 II.
484 1039 558 1066 .—
579 1009 730 1083 Ergo
753 1010 951 1068 omnia
972 1013 1298 1070 secundum
1320 1019 1453 1071 vota
1474 1014 1805 1071 sanctitatis

120 1100 280 1166 tum,
306 1113 438 1170 qua:
464 1099 600 1154 ﬁdei
623 1105 965 1168 consonant,
989 1102 1232 1158 deﬁnita
1249 1108 1404 1171 sunt,
1424 1105 1605 1161 totius
1622 1103 1802 1173 orbis,

125 1189 245 1262 qui
264 1191 382 1246 sub
405 1193 604 1246 nostro
631 1189 878 1262 imperio
894 1196 1010 1262 est,
1026 1191 1311 1264 piissimis
1333 1193 1621 1265 episcopis
1636 1192 1802 1248 Chal-

123 1279 368 1335 cedone
388 1279 745 1346 convocatis,
763 1283 822 1335 et
841 1280 1256 1337 deliberatione
1273 1281 1491 1350 habita,
1507 1287 1640 1355 post
1657 1281 1806 1338 mul-

120 1369 232 1424 tas
267 1367 675 1424 contentiones
694 1385 830 1424 vera
845 1369 991 1425 ﬁdes
1013 1370 1289 1439 obtinuit,
1313 1375 1369 1426 et
1390 1372 1560 1442 juxta
1579 1371 1805 1428 litteras

125 1456 480 1514 sanctitatis
499 1461 613 1513 tuae
635 1474 840 1514 omnes
860 1464 1244 1516 assenserunt
1263 1460 1630 1532 expositioni,
1651 1461 1808 1517 sicut

122 1546 361 1603 veritas
380 1545 719 1619 postulavit;
738 1546 1003 1619 nihilque
1017 1547 1373 1620 ambigimus
1387 1548 1567 1621 hujus
1581 1551 1661 1606 rei
1680 1566 1808 1623 gra-

124 1637 289 1691 tiam
325 1634 498 1692 nobis
532 1640 588 1690 et
609 1635 904 1691 sanctitati
935 1640 1046 1691 tuae
1079 1652 1454 1693 communem
1485 1655 1636 1706 esse,
1660 1645 1716 1695 et
1737 1656 1806 1696 ex

125 1740 312 1796 aequo
337 1723 519 1778 laetari
547 1740 696 1796 quos
721 1724 915 1796 palam
933 1729 1020 1781 est
1042 1725 1251 1798 aequali
1277 1727 1471 1782 studio
1493 1743 1690 1783 amare
1711 1745 1803 1784 ve-

126 1809 406 1866 ritatem.
439 1815 718 1911 Superest
747 1816 812 1868 ut
841 1812 1118 1913 omnibus
1139 1814 1312 1886 juxta
1338 1814 1684 1917 catholicam
1734 1816 1802 1870 ﬁ-
1832 1853 1879 1917 Β

127 1901 276 1956 dem
301 1903 361 1956 et
388 1900 694 1956 veritatem
718 1901 1081 1974 compositis,
1106 1907 1164 1958 et
1184 1919 1323 1975 pace
1343 1903 1617 1961 Ecclesiis
1639 1905 1804 1962 resti-

128 1993 296 2055 tuta,
329 1989 479 2045 votis
509 1989 776 2045 omnium
797 1989 858 2045 in
889 1991 1205 2062 perniciem
1237 1992 1499 2049 hostium
1521 1994 1803 2052 sanctitas

128 2082 243 2134 tua
273 2077 540 2134 divinam
571 2081 843 2150 provocet
872 2079 1194 2151 potentiam
1223 2096 1236 2135 :
1290 2083 1446 2154 quod
1497 2087 1553 2139 te
1582 2087 1637 2140 ct
1668 2089 1803 2140 ante

131 2170 388 2224 nostras
416 2165 641 2223 litteras
675 2168 862 2224 facere
894 2169 952 2224 in
979 2171 1246 2226 confesso
1274 2175 1382 2227 est.

208 2255 354 2312 CAP.
390 2255 488 2312 III.
520 2287 589 2297 —
611 2257 900 2324 Quoniam
922 2274 1054 2314 vero
1075 2262 1133 2314 et
1153 2258 1261 2315 hoc
1280 2260 1667 2317 constitutum
1694 2265 1802 2333 est,

132 2348 208 2400 ut
225 2360 298 2400 ea
321 2359 454 2416 qua
472 2361 508 2399 a
523 2348 756 2399 centum
783 2346 1212 2419 quinquaginta
1228 2348 1516 2421 episcopis
1533 2351 1642 2406 sub
1658 2351 1805 2407 diva:

133 2433 449 2489 memorias
483 2433 702 2504 Majore
726 2433 1050 2491 Theodosio
1074 2435 1311 2492 honoris
1328 2439 1519 2510 gratia
1549 2455 1689 2511 erga
1707 2455 1804 2496 ve-

127 2520 469 2578 nerabilem
500 2521 1207 2595 Constantinopolitanam
1236 2527 1551 2586 Ecclesiam
1585 2537 1806 2590 statuta

133 2613 307 2679 sunt,
343 2625 590 2683 quisque
639 2627 794 2667 nunc
825 2629 859 2668 a
903 2617 1107 2669 sancta
1155 2617 1375 2688 synodo
1408 2618 1478 2674 de
1509 2621 1712 2676 eadem
1744 2639 1806 2679 re

137 2703 289 2754 sunt
321 2699 570 2769 sancite,
595 2700 767 2756 ﬁrma
785 2706 1109 2771 serventur,
1132 2701 1402 2761 videlicet
1422 2711 1487 2762 ut
1514 2715 1648 2780 post
1666 2727 1802 2782 apo-

137 2787 419 2845 stolicam
437 2789 637 2845 sedem
660 2788 1340 2863 Constantinopolitanus
1361 2797 1559 2852 statim
1583 2799 1806 2870 episco-

139 2895 259 2950 pus
277 2878 605 2934 secundum
622 2878 838 2935 habeat
852 2878 1283 2946 locum,lI20
1305 2884 1582 2955 quoniam
1608 2887 1801 2959 splen-

141 2966 466 3023 didissima
495 2968 638 3023 urbs
679 2967 883 3038 junior
912 2969 1098 3025 Roma
1127 2971 1478 3043 appellatur,
1531 2976 1806 3048 dignetur

142 3055 433 3112 sanctitas
453 3059 554 3112 tua
577 3056 754 3111 etiam
772 3056 908 3112 huic
929 3058 1078 3129 parti
1103 3076 1414 3117 assensum
1435 3064 1712 3134 praebere;
1734 3065 1804 3122 li-

144 3149 242 3202 eet
263 3145 740 3202 reverendissimi
761 3145 1039 3219 episcopi,
1055 3149 1153 3220 qui
1177 3149 1300 3206 loco
1322 3155 1434 3206 tua:
1454 3152 1514 3208 in
1537 3157 1651 3210 Deo
1673 3154 1807 3212 cha-

142 3234 346 3291 ritatis
355 3234 430 3290 ad
443 3238 709 3290 sanctam
723 3236 1011 3308 synodum
1025 3219 1804 3310 convenerunt,contradixe-
1833 3219 1876 3288 (ἶ

145 3322 299 3379 rint:
332 3322 848 3381 vehementissime
877 3324 1032 3381 enim
1065 3327 1456 3398 prohibebant
1501 3331 1571 3388 de
1601 3333 1804 3390 eadem

143 3411 467 3468 venerabili
516 3411 772 3470 Ecclesia
815 3414 1139 3487 quidquam
1189 3416 1249 3471 in
1298 3420 1520 3490 synodo
1551 3421 1801 3479 decerni.

144 3505 472 3572 Speramus
505 3505 703 3556 autem
732 3503 888 3573 quod
920 3504 1422 3564 consentientibus
1445 3509 1626 3566 totius
1647 3510 1805 3569 orbis

147 3589 579 3658 sacerdotibus,
609 3607 735 3662 quae
758 3591 1040 3649 Romanis
1059 3593 1235 3650 rebus
1253 3595 1421 3652 utilia
1436 3603 1595 3666 sunt,
1610 3599 1807 3657 divina

147 3678 520 3752 providentia
563 3683 836 3751 praestare
884 3681 1243 3754 dignabitur.
1297 3685 1658 3760 Quapropter
1702 3705 1808 3761 per

148 3769 476 3825 Lucianum
495 3767 596 3824 Dei
613 3769 1095 3827 amantissimum
1107 3773 1447 3846 episcopum
1461 3777 1806 3835 etBasilium

149 3861 470 3916 diaconum
485 3863 552 3914 ut
564 3859 763 3916 omnia
775 3860 943 3917 vobis
957 3862 1808 3934 signiﬁcarenturdecrevimus

150 3965 472 4022 rogamusq
483 3964 551 4004 ue
564 3952 630 4003 ut
653 3965 778 4020 quae
795 3967 828 4005 a
850 3955 1052 4007 sancta
1063 3954 1284 4024 synodo
1309 3956 1629 4013 constituta
1645 3963 1804 4025 sunt,

149 4039 332 4094 etiam
364 4041 468 4093 tua
497 4038 557 4093 in
595 4041 775 4093 Deum
807 4039 996 4110 pietas
1042 4040 1102 4096 in
1134 4047 1482 4114 perpetuum
1513 4046 1807 4103 observari

149 4127 472 4201 praecipiat.
497 4126 706 4182 Divina
730 4131 786 4183 te
815 4129 1180 4199 providentia
1209 4137 1397 4188 servet
1426 4134 1630 4190 multis
1659 4141 1806 4193 tem-

151 4217 416 4290 poribus,
438 4216 809 4272 sanctissime
831 4222 888 4274 et
910 4219 1011 4274 Dei
1033 4221 1440 4283 amantissime
1461 4229 1644 4296 pater.
1665 4227 1810 4282 Data

151 4309 290 4361 ante
318 4303 474 4361 diem
508 4305 808 4361 decimum
841 4307 1114 4378 quintum
1137 4309 1369 4366 kalend.
1396 4312 1636 4370 Januar.
1661 4318 1806 4371 Con-

150 4395 555 4469 stantinopoli,
582 4394 888 4451 consulatu
905 4397 1127 4453 domini
1150 4401 1334 4456 nostri
1356 4401 1634 4461 Marciani
1655 4421 1806 4463 sem-

153 4499 258 4559 per
284 4484 563 4561 Augusti,
591 4487 650 4542 et
678 4485 806 4558 ejus
837 4485 936 4560 qui
967 4487 1142 4546 fuerit
1162 4489 1488 4550 nuntiatus.

222 5054 242 5132 ξ
267 5054 349 5132 ita
379 5054 565 5132 etiam
596 5069 712 5112 ms.
736 5052 888 5130 Vat.,
923 5061 1022 5117 sed
1053 5059 1365 5132 legendum
1396 5067 1452 5132 ἦς
1481 5087 1624 5130 τινος.

222 5076 236 5088 ·
268 5076 349 5110 ita
379 5076 565 5110 etiam
596 5076 712 5112 ms.
746 5076 888 5130 ναι,
923 5076 1022 5117 sed
1054 5076 1104 5117 1e
1149 5076 1365 5118 enaum
1396 5076 1452 5132 ἦς
1481 5087 1624 5130 τινος.

193 5126 242 5210 ,³
271 5127 359 5210 ita
386 5126 646 5198 legimus
667 5143 801 5186 cum
832 5150 943 5189 ms.
968 5077 1273 5190 Vatfiiale
1304 5132 1362 5190 in
1393 5136 1805 5210 vulgatismapd

135 5223 138 5227 -
159 5197 248 5243 τῶν
273 5195 512 5246 ἀπίσταῖν.

225 5259 246 5292 ⁸
275 5259 368 5344 Ita
389 5265 448 5315 et
479 5276 594 5340 ms.
615 5264 770 5344 ναις,
804 5265 1239 5344 sedlegendum
1262 5277 1570 5344 ἠπείχθημεν
1600 5295 1613 5328 :
1647 5273 1802 5344 quod

165 5345 268 5414 non
299 5331 684 5414 admonuisse
713 5331 1056 5406 Arnoldum,
1088 5331 1438 5414 neque'po'st
1466 5331 1596 5399 cum
1622 5331 1803 5408 Ques-

164 5399 397 5469 nellum,
432 5401 743 5459 miramur.

226 5475 247 5506 ⁸
273 5471 357 5528 Ita
379 5473 692 5555 manifeste
707 5493 820 5560 ms.
836 5478 966 5546 Vat.
987 5480 1134 5536 Male
1153 5482 1210 5537 in
1222 5483 1497 5610 vulgatis,
1518 5496 1801 5560 τετύπεθαι;

226 5560 517 5610 numquam
549 5561 610 5600 1n
639 5563 901 5610 margine
930 5557 1272 5610 annotatum
1329 5561 1509 5610 uerit:
1542 5559 1698 5610 Lee”
1723 5583 1801 5610 τι.

163 5558 517 5665 ἓὲτῗτηὲιιαω
549 5544 610 5600 in
639 5544 901 5621 margine
930 5557 1272 5610 annotatum
1305 5544 1698 5632 fuerit':.Leg.,
1723 5544 1804 5615 ταί

222 5677 1058 5771 ⁶Ῑίέ,ΡῨΞ¹ἱΡΪῩΗ⁶ἒ-Ϋ⁰9·..νεὲο
1093 5690 1159 5771 1.“
1186 5686 1348 5771 “‘18:
1396 5696 1708 5771 γράμματά;
1737 5693 1804 5753 in
1895 5711 1899 5716 ‘

157 5753 417 5837 margine
444 5753 790 5815 annotatam
822 5753 960 5816 fluit:
994 5756 1183 5832 Forte,
1215 5753 1515 5842 πρᾶγμςὶίοςζ

2194 569 2404 625 πίστεως
2433 567 2448 602 ¹
2490 559 2685 626 οὗτινος
2713 570 2741 619 ό
2774 572 3013 634 στέφανος
3049 571 3121 634 τῷ
3163 572 3528 634 παντοκράτορι

1935 659 2123 726 χριστῷ
2167 659 2452 714 ἁναθετέοςο
2499 649 2646 715 οὗτος
2689 658 2784 724 γὰρ
2830 657 3056 709 δέδωκε²
3094 661 3224 708 κατὰ
3267 660 3358 707 τῶι
3419 659 3526 708 ἀπί-

1936 764 2069 798 στων
2101 747 2264 805 νίκην·
2294 746 2377 796 καὶ
2421 747 2499 796 διὰ
2528 745 2678 798 τοῦτο
2715 748 2858 812 ἡμεῖς
2899 747 3040 798 αὐτοὶ
3075 749 3431 812 παραγενέσθαι
3467 755 3525 811 τῇ

1933 837 2052 904 ἁγίᾳ
2087 835 2276 902 συνόδῳ
2302 832 2327 868 ³
2353 835 2668 903 ὑπείχθημεν,
2713 837 2754 886 ει
2781 837 2865 887 καὶ
2890 837 2967 887 ὅτι
2992 837 3125 900 ἡμᾶς
3160 836 3210 886 ἐν
3247 835 3407 892 ἄλλοις
3443 834 3527 885 τό·

1933 942 2046 982 ποις
2079 923 2391 990 ἰκστρατεῖαι
2438 941 2493 975 τε
2531 924 2617 977 καὶ
2658 925 2893 990 δημοσίαι
2936 927 3096 993 χρεῖαι
3140 926 3389 991 κατεῖχον.
3417 925 3528 975 Τοι-

1934 1018 2119 1082 γαροῦν
2157 1013 2354 1065 ἅπαντα
2402 1012 2516 1065 κατ’
2554 1013 2700 1080 εὐχὰς
2740 1016 2829 1075 τῆς
2873 1016 2964 1074 σῆς
3009 1014 3304 1075 ἁγιωσύνης,
3351 1015 3530 1070 αἵτινες

1935 1111 1996 1171 τῇ
2027 1104 2187 1155 πίστει
2215 1105 2559 1168 συμφωνοῦσι,
2583 1100 2607 1135 ⁸
2633 1101 2930 1153 τετύπωται.
2975 1101 3165 1158 Παντὸς
3207 1106 3294 1152 toﬁ
3333 1100 3528 1164 κόσμου

1935 1199 2021 1246 τοῦ
2054 1195 2195 1250 ὄντος
2221 1191 2319 1243 ὑπὸ
2353 1192 2440 1252 τήν
2474 1191 2721 1256 ἡμετέραν
2749 1191 2995 1256 βασιλείαν
3027 1191 3126 1239 τῶν
3157 1190 3526 1240 εὖλαϐεστάτων

1937 1283 2218 1335 ἐπισκόπων
2249 1282 2300 1334 ἐν
2333 1289 2393 1348 τῇ
2426 1278 2790 1340 Χαλκηδονίων
2821 1280 3218 1342 συγκληθέντων,
3262 1279 3344 1328 καὶ
3379 1280 3529 1344 σκέμ-

1938 1391 2092 1440 ματος
2125 1371 2418 1437 γενομένου,
2460 1371 2586 1435 μετὰ
2617 1371 2797 1426 πολλὰς
2839 1369 3133 1434 φιλονεικίας
3167 1369 3199 1426 ἡ
3243 1367 3420 1426 ἀληθὴς
3458 1366 3532 1416 πί-

1935 1480 2041 1520 στις
2067 1462 2296 1528 κατέσχε,
2330 1460 2415 1510 καὶ
2441 1461 2572 1510 κατὰ
2609 1459 2670 1509 τὰ
2700 1457 2975 1524 γράμματα
3011 1457 3101 1517 τῆς
3133 1457 3224 1516 σῆς
3251 1455 3532 1519 ἁγιωσύνης

1933 1553 2113 1610 πάντες
2140 1551 2414 1616 συνῄνεσαν
2457 1555 2518 1614 τῇ
2547 1549 2756 1608 ἐκθέσει,
2787 1549 2952 1603 καθὼς
2987 1549 3018 1606 ἡ
3045 1547 3244 1606 ἀλήθεια
3270 1545 3496 1610 ἆπῄτησε
3513 1563 3527 1575 ·

1935 1642 2019 1693 καὶ
2065 1640 2206 1693 οὐδὲν
2255 1638 2619 1704 ἀμφιϐάλλομεν
2668 1636 2852 1687 τούτου
2901 1633 2991 1686 τοῦ
3032 1632 3054 1668 ⁸
3105 1634 3397 1700 πράγματος
3440 1635 3528 1694 τὴν

1933 1734 2074 1800 χάριν
2120 1730 2237 1795 ἡμῖν
2280 1728 2364 1778 καὶ
2413 1733 2474 1792 τῇ
2509 1733 2574 1792 σῇ
2623 1725 2876 1791 ἁγιωσύνῃ
2913 1725 3084 1784 κοινὴν
3135 1716 3280 1783 εἶναι,
3325 1723 3408 1773 καὶ
3457 1721 3530 1774 ἐπ’

1938 1822 2047 1881 ἴσης
2082 1820 2286 1886 χαίρειν,
2324 1815 2556 1873 οὕστινας
2597 1814 2811 1882 φανερόν
2859 1815 2991 1866 ἐστιν
3039 1809 3271 1878 δμοίως⁶
3312 1812 3532 1878 εἰρῆσθαι

1936 1913 2024 1971 τὴν
2067 1909 2309 1968 ἀλήθειαν.
2342 1907 2512 1956 Λείπει
2538 1907 2674 1962 ὅπως
2703 1905 2903 1954 πάντων
2938 1901 2960 1937 ⁷
2991 1902 3122 1954 κατὰ
3153 1902 3242 1961 τὴν
3269 1903 3533 1960 καθολικὴν

1934 2002 2096 2052 πίστιν
2144 1999 2228 2049 καὶ
2266 1997 2354 2056 τὴν
2402 1997 2629 2055 ἀλήθειαν
2668 1994 3024 2055 συντεθέντων,
3061 1992 3145 2043 καὶ
3186 1992 3379 2058 εἰρήνης
3428 1991 3534 2048 ταῖς

1937 2088 2216 2147 ἐκκλησίαις
2252 2084 2594 2144 ἀποδοθείσης,
2635 2081 2924 2147 συμπάσαις
2964 2080 3133 2147 εὗχαῖς
3173 2080 3240 2136 εις
3289 2080 3530 2129 ἀπώλειαν

1937 2179 2034 2230 τῶν
2066 2175 2312 2240 πολεμίων
2355 2176 2388 2233 ἡ
2427 2173 2490 2232 σὴ
2529 2170 2785 2234 ἁγιωσύνῃ
2824 2171 2913 2228 τήν
2956 2169 3087 2218 θείαν
3128 2167 3533 2234 προσκαλέσηται

1935 2269 2167 2333 δύναμινο
2209 2267 2328 2328 ὅπερ
2360 2261 2417 2312 σὲ
2439 2260 2522 2311 καὶ
2555 2259 2651 2328 πρὸ
2679 2261 2778 2310 τῶν
2812 2260 3071 2326 ἡμετέρων
3099 2254 3122 2290 ⁸
3156 2258 3310 2306 ποιεῖν
3347 2254 3536 2320 ὼμολό·

1935 2376 2097 2423 γηται.
2143 2355 2337 2412 Ἐπειδή
2368 2352 2420 2402 δὲ
2465 2351 2549 2403 καὶ
2582 2348 2734 2402 τοῦτο
2779 2349 3081 2408 τετύπωται,
3121 2348 3254 2398 ὥστε
3296 2346 3358 2396 τὰ
3398 2345 3534 2412 παρὰ

1938 2455 2034 2502 τῶν
2074 2449 2144 2519 ρν¹
2179 2447 2460 2499 ἐπισκόπων
2491 2445 2570 2495 ἐπὶ
2602 2448 2692 2495 τοῦ
2721 2445 2809 2504 τῆς
2842 2444 2974 2500 θείας
3010 2443 3184 2499 λέξεως
3214 2439 3237 2474 ⁹
3282 2445 3371 2491 τοῦ
3407 2439 3532 2489 ἀνω-

1937 2545 2082 2609 τέρου
2117 2539 2393 2590 Θεοδοσίου
2427 2535 2516 2594 τῆς
2547 2533 2693 2600 τιμῆς
2728 2535 2878 2584 ἕνεκα
2919 2532 3008 2592 τῆς
3049 2532 3234 2590 σεπτῆς
3272 2529 3536 2589 ἐκκλησίας

1937 2633 2034 2682 τῶν
2102 2623 2693 2678 Κωνσταντινουπολιτῦν
2748 2621 3067 2686 τυπωθέντα,
3121 2619 3204 2670 καὶ
3256 2618 3399 2668 ἁτινα
3443 2614 3530 2666 νῦν

1938 2720 2032 2771 ὑπὸ
2061 2719 2148 2777 τῆς
2184 2715 2326 2778 ἁγίας
2355 2712 2566 2763 συνόδου
2595 2709 2706 2778 περὶ
2750 2709 2841 2759 τοῦ
2880 2706 3036 2759 αὐτοῦ
3072 2707 3363 2774 πράγματος
3394 2707 3536 2756 τετύ-

1939 2826 2116 2867 πωται,
2147 2805 2323 2869 βέϐαια
2352 2794 2678 2866 φυλαχθῆνάι,
2700 2798 2903 2857 δηλαδὴ,
2927 2799 3009 2848 ἵνα
3038 2796 3164 2860 μετά
3199 2793 3284 2844 τὸν
3314 2795 3532 2844 ἀποστοο

1938 2900 2072 2949 λικὸν
2101 2895 2274 2960 θρόνον
2307 2895 2334 2941 ὁ
2363 2891 2450 2950 τῆς
2485 2886 3077 2939 Κωνσταντινουπολιτῶν
3117 2884 3294 2940 εὐθέως
3331 2883 3536 2934 ἐπίσκο-

1939 3007 2030 3044 πος
2066 2985 2294 3047 δεύτερον
2326 2978 2367 3013 ¹⁰
2407 2980 2514 3046 ἔχοι
2832 2975 3000 3036 τόπον,
3045 2975 3207 3033 ἐπειδὴ
3245 2975 3535 3038 περὶφανεσ-

1939 3078 2063 3135 τάτη
2092 3073 2232 3128 πόλις
2257 3069 2478 3134 νεωτέρα
2519 3067 2690 3130 Ῥώμη
2719 3064 3131 3134 προαγορεύεται,
3168 3060 3206 3094 ¹¹
3241 3062 3536 3117 καταξιώσει

1941 3170 1968 3225 ἡ
1996 3167 2058 3222 σή
2090 3159 2342 3225 ἁγιωσύνῃ
2369 3157 2452 3208 καὶ
2490 3155 2654 3220 τούτῳ
2695 3155 2766 3219 τῷ
2794 3155 2931 3219 μέρει
2967 3152 3278 3204 συναινέσαι·
3309 3151 3348 3200 εἰ
3377 3151 3459 3200 καὶ
3487 3153 3534 3201 at

1942 3253 2296 3306 εὐλαϐέστατοι
2336 3246 2603 3296 ἐπίσκοποι
2642 3245 2710 3300 είς
2742 3243 2896 3292 τόπον
2933 3242 3020 3302 τῆς
3065 3240 3156 3299 σῆς
3189 3240 3456 3304 θεοφιλείας
3482 3241 3532 3288 έν

1941 3352 1999 3410 τῇ
2043 3342 2161 3404 ἁγία
2202 3337 2393 3400 συνόδῳ
2439 3331 2750 3388 συνελθόντες
2789 3331 3041 3383 ἀντεῖπον*
3079 3328 3393 3396 σφοδρότατα
3439 3329 3533 3394 γὰρ

1943 3434 2159 3483 ἐκώλυον
2202 3424 2430 3491 περὶτῆς
2453 3422 2607 3482 αὐτῆς
2647 3420 2832 3479 σεπτῆς
2873 3419 3135 3478 ἐκκλησίας
3173 3417 3454 3476 τυπωθῆναί
3488 3433 3537 3466 τι

1943 3524 1989 3573 ἐν
2024 3528 2080 3583 τῇ
2121 3515 2332 3579 συνόδῳ.
2381 3511 2662 3574 ἰδλπίζομεν
2692 3508 2745 3559 δὲ
2779 3511 2847 3564 ὡς
2883 3506 3284 3572 συμφωνούντων
3319 3507 3417 3555 τῶν
3445 3502 3536 3556 τοῦ

1940 3612 2122 3665 παντὸς
2160 3607 2357 3668 κόσμου
2408 3602 2581 3668 ἱερέων
2617 3599 2681 3649 τὰ
2719 3600 2823 3655 τοῖς
2855 3597 3126 3664 ῥωμαῐκοῖς
3164 3595 3419 3661 πράγμασι
3451 3597 3536 3645 λυ-

1943 3696 2231 3753 σιτεῖοὖντα
2270 3695 2302 3750 ἡ
2349 3692 2455 3740 θεία
2502 3688 2713 3756 πρόνοια
2763 3687 3033 3752 παρασχεῖν
3086 3685 3394 3740 καταξιώσει.
3444 3684 3536 3735 Διὰ

1941 3795 1998 3851 δὴ
2031 3792 2108 3839 δια
2135 3785 2419 3834 Λουκιανοῦ
2444 3784 2532 3829 τοῦ
2568 3777 2949 3842 θεοφιλεστάτου
2977 3775 3269 3831 ἐπισκόπου,
3288 3774 3370 3822 καὶ
3395 3775 3538 3823 Βασι-

1942 3885 2073 3933 λείου
2105 3873 2193 3925 τοῦ
2223 3871 2456 3920 διακόνου
2483 3869 2644 3918 πάντα
2669 3866 2788 3931 ὑμῖν
2824 3867 3151 3930 γνωρισθῆναι
3189 3864 3535 3926 έθεσπίσαμεν,

1943 3969 2026 4019 καὶ
2086 3960 2317 4026 αἶτοῦμεν
2369 3960 2432 4008 τὰ
2479 3959 2612 4024 παρὰ
2656 3957 2745 4016 τῆς
2788 3956 2929 4018 ἁγίας
2974 3953 3186 4002 συνὸῗου
3249 3951 3536 4001 τυπωθέντα

1944 4061 2024 4108 ίνα
2063 4055 2144 4104 καὶ
2183 4054 2215 4109 ἡ
2254 4051 2316 4108 σή
2359 4048 2582 4097 εὐσέϐεια
2628 4047 2695 4102 εἷς
2736 4044 2794 4094 τὸ
2847 4043 3063 4101 διηνεκὲς
3106 4040 3535 4105 παραφυλαχθῆνῶ

1949 4144 2199 4215 προστάξῃ
2267 4139 2328 4185 Ἥ
2359 4136 2463 4184 θεία
2495 4149 2552 4182 σε
2592 4131 2801 4197 πρόνοια
2845 4129 3077 4192 φυλάττοι
3113 4128 3306 4182 πολλοῖς
3340 4127 3538 4192 χρόνοις

1948 4233 2194 4298 ἁγιώτατε
2227 4227 2310 4275 καὶ
2343 4221 2686 4285 θεοφιλέστατε
2708 4217 2885 4283 πάτερ.
2927 4216 3099 4273 ’ἱὶδύθη
3136 4215 3231 4278 πρὸ
3270 4215 3534 4267 δεκαπέντε

1949 4319 2196 4373 καλανδῶν
2240 4311 2554 4376 Ἰανουαρίων
2575 4307 2624 4359 ἐν
2651 4303 3170 4358 Κωνσταντινουπὸλῖι
3188 4303 3418 4358 ὑπατείας
3444 4303 3534 4351 τοῦ

1948 4409 2191 4460 δεσπότου
2225 4403 2366 4468 ἡμῶν
2403 4394 2700 4465 Μαρκιανοῦ
2734 4400 2822 4448 τοῦ
2875 4395 3071 4445 αἰωνίου
3111 4392 3410 4459 «Ova-337w,
3451 4383 3538 4444 -,g,|

1833 4483 1882 4553 D
1951 4498 2036 4554 τοῦ
2061 4491 2487 4557 δηλωθησομίνου.

1988 5063 2011 5146 ξ
2043 5063 2357 5146 l‘taet‘ms.
2391 5056 2684 5146 Vat.,sed
2716 5057 3029 5146 legendum
3053 5060 3221 5131 forte,
3243 5058 3482 5146 3953001..

1991 5137 2011 5171 ⁷
2047 5133 2405 5260 Sugplemus
2457 5145 2583 5217 κατὰ
2607 5152 2675 5191 ex
2727 5131 2839 5192 m's.
2902 5135 3200 5207 Vat.,qua:
3231 5131 3574 5208 prepositio

1991 5207 2070 5260 ale
2101 5224 2132 5260 a
2179 5211 2266 5260 est
2285 5223 2319 5260 a
2347 5206 2617 5260 vulzatis.

1919 5207 2070 5280 male
2101 5206 2266 5280 abest
2285 5206 2617 5280 avulgatis.

1989 5280 2010 5314 ⁸
2045 5275 2578 5350 Βυρριεηᾶυῐιῑὴὶο
2609 5294 2676 5333 ex
2720 5277 2897 5333 veteri
2934 5281 3093 5332 textu
3126 5275 3352 5344 Latino,
3383 5280 3441 5333 et
3489 5276 3571 5333 le-

1919 5350 2202 5428 gendum,
2233 5356 2836 5428 ἡμετέρωνχραμμάτων.
2923 5418 2937 5428 .
2970 5418 3002 5428 η
3067 5422 3076 5428 ⁸
3233 5366 3296 5428 -.ο
3319 5416 3354 5428 η

1996 5373 2068 5404 nu
2080 5373 2202 5414 um,
2233 5373 2385 5418 ημετε
2395 5373 2488 5420 ρων
2551 5373 2836 5421 ραμματων.
3271 5373 3296 5391 υ

1993 5423 2014 5456 9
2042 5421 2255 5475 Veram
2286 5419 2378 5474 hic
2400 5373 2830 5476 tibilectionem
2852 5418 3085 5474 exhibet
3101 5433 3212 5472 ms.
3233 5416 3566 5475 Vaticanus.

1919 5496 2202 5569 corrupte
2235 5490 2293 5544 in
2323 5491 2596 5569 vulgatis,
2624 5501 2710 5569 τού
2739 5497 2955 5569 άωτέρου
2972 5511 3003 5569 ;_
3025 5487 3390 5569 cujuslvocis
3419 5505 3459 5569 e_
3481 5503 3571 5569 re-

1920 5503 2202 5562 Corrupte
2235 5507 2293 5544 in
2323 5503 2596 5562 vulgatis,
2624 5503 2710 5548 τοῦ
2739 5503 2955 5561 ἀωτιρου
2972 5511 2992 5569 5
3025 5503 3194 5614 cu%us
3230 5504 3390 5544 V0618
3419 5505 3451 5543 e
3481 5503 3569 5544 re-

1920 5563 2478 5690 εἱοξιῗέῐζῦῗὲιιεὲῗξ
2527 5565 2872 5618 annotatum
2903 5561 3045 5615 fuit:
3135 5563 3279 5630 orte,
3309 5567 3569 5636 προτέρου.

2095 5651 2132 5690 n
2164 5649 2346 5691 vuum.
2380 5649 2493 5691 ἔγη.

1993 5648 2038 5672 ιν
2070 5648 2132 5690 In
2164 5648 2346 5706 vnlg.,
2380 5648 2493 5708 ἔχῃ.

1993 5707 2034 5748 ⁸³
2065 5705 2256 5778 Forte,
2287 5711 2582 5780 καταξιώσῃ.
2639 5747 2655 5752 -ι
