3878 6222
399 368 523 435 983

1538 377 1603 442 s.
1645 348 1933 441 Leoms
1967 374 2220 440 MAGNI
2264 373 2688 441 EPISTOLAZ.

3668 374 3812 447 ’98!

409 517 563 573 hanc
619 517 817 573 sedem
877 516 1181 584 habentes,
1238 520 1295 573 ct
1351 516 1627 573 facientes
1679 517 1877 572 omnia
1936 531 2045 589 qua

2206 524 2458 593 ἀρχόντων
2484 522 2555 591 τῷ
2593 519 2849 592 συνεδρίῳ,
2881 520 2967 576 καὶ
2995 519 3387 591 ἀποφηναμένων
3422 518 3512 575 τὸν
3548 520 3688 593 περὶ
3721 525 3795 584 τῆς

411 607 700 680 injuriam
732 608 982 664 afferunt
1008 611 1137 663 tum
1168 607 1337 675 mihi,
1363 610 1488 663 tum
1540 604 2068 679 Constantinopolis

410 700 1121 771 sanctissimasEcclesizs.
1157 700 1489 756 Constituta
1520 702 1677 769 fsunt
1729 698 1909 755 etiam
1948 697 2069 753 haec

412 795 564 847 nutu
596 791 1003 863 piissimorum
1030 793 1367 847 nostrorum
1400 791 1820 862 imperatorum
1873 791 2066 844 astan-

407 879 568 937 tibus
601 883 657 936 et
687 880 1329 954 magniﬁcentisssimis
1380 878 1940 951 gloriosissimisque
1962 878 2069 949 ju-

418 969 656 1026 dicibus
686 968 952 1038 concilio,
987 973 1044 1024 et
1089 967 1611 1041 pronuntiantibus
1665 966 2066 1022 definitionem

410 1062 627 1114 sancta:
680 1058 887 1132 synodi
945 1074 1073 1115 esse
1130 1058 1384 1125 ﬁrmam,
1444 1056 1768 1129 obnixoque
1826 1060 1883 1111 et
1921 1055 2067 1128 ipsis

413 1147 903 1204 contendentibus
963 1150 1019 1202 et
1069 1145 1443 1219 cupientibus
1500 1161 1568 1200 ea
1597 1163 1722 1218 quae
1779 1146 1851 1201 ad
1884 1145 2066 1201 hono-

410 1251 536 1292 rem
566 1234 726 1292 sedis
756 1238 1041 1307 spectant,
1074 1239 1140 1291 ut
1167 1234 1444 1301 diximus,
1489 1251 1739 1307 quorum
1770 1252 1839 1291 ex
1863 1234 2067 1290 multis

386 1339 600 1395 pauca
626 1323 790 1380 vobis
819 1327 958 1379 nota
974 1323 1238 1393 fecimus,
1259 1341 1331 1380 ne
1355 1323 1752 1396 videamur(a)
1766 1323 1923 1396 ipsos
1942 1323 2069 1396 qui-

412 1413 546 1470 dem
575 1428 834 1485 gravare,
859 1429 1028 1469 aures
1039 1430 1171 1469 vero
1189 1416 1411 1470 vestras
1426 1414 1898 1470 obtundere.Nos
1908 1414 2065 1469 enim

414 1505 475 1559 et
503 1506 639 1560 ante
668 1506 727 1559 et
755 1505 889 1574 post
913 1503 1180 1574 ipsorum
1208 1502 1551 1571 adventum,
1582 1503 1786 1574 quaead
1812 1505 2065 1559 vestram

411 1591 660 1666 gloriam
691 1595 749 1648 et
777 1592 1060 1648 honorem
1075 1591 1337 1647 debitum
1356 1591 1668 1664 pertinent,
1693 1592 1985 1648 curavisse
2007 1592 2065 1647 in

413 1681 772 1753 omnibus,et
790 1683 941 1738 Deus
973 1680 1324 1750 esttestis,et
1345 1682 1474 1754 ipsa
1503 1682 2063 1750 factamanifestant,

412 1771 707 1844 quomodo
737 1770 958 1827 scilicet
986 1774 1043 1827 et
1062 1771 1222 1843 ipsos
1249 1770 1469 1827 honore
1486 1774 1541 1827 et
1565 1787 1878 1826 munerum
1909 1787 2065 1826 reve-

413 1860 601 1917 rentia
629 1860 852 1933 dignati
869 1860 1095 1933 simus]:
1116 1863 1174 1916 et
1202 1859 1443 1916 honoris
1458 1860 1665 1933 gratia,
1686 1877 1801 1932 quo
1823 1877 1925 1916 vos
1942 1877 2068 1933 pro-
2097 1901 2145 1967 B

419 1948 745 2022 sequimur,
803 1948 1091 2020 ejusmodi
1122 1948 1299 2004 etiam
1357 1950 1654 2004 decretum
1685 1948 1759 2003 ad
1816 1951 2067 2004 vestram

416 2039 788 2096 sanctitatem
801 2044 1003 2095 sancta
1013 2038 1273 2111 synodus
1286 2036 1505 2105 retulit,
1520 2041 1575 2092 et
1588 2036 1844 2109 nos(b)ut
1854 2052 2068 2109 appro-

413 2128 713 2186 bationem
744 2127 1583 2198 avobisconﬁrmationemque
1613 2142 2063 2198 consequamur:

412 2218 908 2291 obsecramusque
938 2223 1005 2275 ut
1033 2218 1143 2274 hoc
1163 2217 1339 2274 etiam
1353 2233 1456 2290 per
1477 2234 1601 2285 vos,
1635 2233 1667 2273 ο
1685 2217 2064 2286 sanctissimi,

410 2308 718 2366 efﬁciatur.
732 2309 880 2365 Nam
911 2306 1623 2380 sedesConstantinopolis
1653 2308 1831 2365 habet
1842 2311 2065 2381 patrem

408 2398 689 2460 thronum
718 2397 1101 2471 apostolicum
1129 2401 1414 2464 vestrum,
1446 2396 1737 2471 praecipuo
1769 2402 1945 2472 atque
1975 2416 2066 2456 ex-

412 2486 642 2544 cellenti
662 2487 905 2544 modose
933 2486 1128 2559 ipsam
1160 2485 1470 2543 vobiscum
1501 2488 1892 2560 conjungens,
1918 2492 1983 2543 ut
1997 2504 2065 2544 ex

406 2579 600 2634 vestra
627 2577 699 2633 de
727 2576 857 2648 ipsa
886 2574 1300 2641 sollicitudine,
1335 2591 1539 2631 omnes
1572 2575 1811 2648 quidem
1845 2575 2062 2632 intelli-

407 2669 570 2741 gant,
594 2682 699 2722 vos
720 2664 953 2737 jamdiu
966 2665 1153 2738 ipsius
1167 2664 1493 2721 commodis
1508 2664 1731 2721 sincere
1745 2664 2061 2720 consulen-

407 2760 529 2825 tes,
553 2753 728 2811 etiam
758 2772 916 2811 nunc
945 2755 1214 2810 eamdem
1241 2770 1443 2810 curam
1475 2754 1689 2810 habere
1721 2755 1792 2809 de
1843 2753 1961 2810 illa.
1996 2756 2064 2810 Et

408 2843 564 2902 sicut
577 2843 745 2900 utilia
759 2842 1153 2900 ecclesiastico
1167 2843 1352 2900 statui
1369 2843 1568 2899 omnia
1592 2860 1719 2915 quae
1750 2848 2063 2900 consecuta

407 2935 567 3001 sunt,
593 2935 652 2988 et
680 2931 789 2988 rite
818 2935 983 3004 gesta
1013 2932 1072 2987 in
1115 2932 1492 2989 sanctissima
1534 2936 1591 2987 et
1620 2931 1935 2988 universali
1967 2951 2060 3006 sy-

406 3021 560 3078 nodo
586 3024 717 3077 rata
737 3020 1439 3093 habere(c)dignabimini,
1454 3020 1644 3094 ipsam
1678 3037 1910 3093 quoque
1925 3021 2061 3078 deﬁ-

406 3110 690 3167 nitionem
719 3109 1117 3182 supradictam
1148 3110 1219 3165 de
1251 3110 1387 3167 sede
1417 3109 2061 3183 Constantinopolitana

404 3198 740 3258 curavimus
769 3198 1120 3255 mittendam
1152 3199 1223 3254 ad
1263 3202 1521 3255 vestram
1571 3199 1964 3269 sanctitatem,
1998 3203 2062 3256 ut

402 3304 750 3364 cognoscere
777 3288 968 3361 possit
978 3288 1476 3360 quemadmodum
1491 3287 1698 3343 vestris
1712 3290 1752 3343 1
1768 3291 1803 3343 1
1818 3290 1917 3345 36
1934 3306 2057 3362 pre—
2087 3274 2129 3343 C

401 3379 567 3436 cibus
598 3394 668 3434 ex
694 3378 890 3434 divina
918 3376 1206 3450 sapientia
1247 3376 1446 3433 omnia
1496 3377 1733 3432 fuerunt
1779 3382 2014 3451 peracta
2042 3397 2055 3448 ;

395 3468 889 3539 vehementerque
910 3466 1277 3521 obtestamur
1305 3469 1370 3519 ut
1386 3481 1707 3538 congruam
1730 3468 2057 3540 responsio-

397 3571 535 3614 nem
565 3555 808 3627 recipiat
857 3569 1227 3624 unaquasque
1274 3553 1617 3625 propositio,
1678 3556 1926 3613 docente
1954 3573 2058 3613 vos

399 3644 599 3701 omnia
631 3641 729 3699 Dei
746 3640 1155 3698 amantissimo
1169 3641 1441 3714 episcopo
1459 3643 1844 3717 Luciano,qui
1858 3649 1915 3700 et
1931 3645 2057 3718 ipse

398 3747 658 3808 praesens
688 3735 890 3788 sancto
921 3729 1190 3799 concilio,
1224 3733 1282 3786 et
1311 3746 1544 3787 summa
1578 3748 1711 3788 cum
1745 3734 2058 3805 prudentia

399 3839 507 3898 pro
534 3819 689 3878 virili
721 3824 886 3894 parte
906 3818 1241 3876 allaborans
1256 3822 1454 3877 nostro
1471 3821 1666 3878 studio
1695 3839 1833 3896 erga
1854 3823 2052 3879 ﬁdem.

402 3912 625 3970 electus
655 3914 745 3968 est
765 3926 799 3967 a
828 3908 1018 3978 nobis,
1051 3912 1117 3964 ut
1144 3909 1291 3965 bene
1318 3926 1385 3965 ac
1403 3909 1648 3967 feliciter
1677 3910 1860 3967 nostri
1893 3912 2056 3967 obse-

403 3999 530 4076 quii
558 4017 697 4075 erga
723 3998 991 4058 vosvices
1003 3998 1497 4071 susciperet,cum
1528 4000 1706 4056 sitvir
1734 4000 2050 4073 perfectus,

2203 616 2344 678 ἁγίας
2384 613 2595 665 συνόδου
2633 616 2749 682 δρον
2801 615 2998 680 βέϐαιον
3043 606 3193 677 εἶναι,
3226 612 3311 664 καὶ
3343 615 3791 679 «possideam:-

2206 705 2367 769 μένων
2401 702 2486 753 καὶ
2521 703 2687 753 αὐτῶν
2720 704 2782 753 τὰ
2812 704 2880 760 εἰς
2916 704 3079 767 τιμὴν,
3120 703 3340 770 καθάπερ
3380 703 3677 769 εῑρῆκαμεν,
3712 712 3792 756 τοῦ

2203 792 2381 861 θρόνου
2422 792 2766 850 συντείνοντα,
2808 793 2932 858 όὶπερ
2963 793 3020 842 ἐκ
3056 793 3247 844 πολλῶν
3273 794 3416 855 ὀλίγα
3448 794 3570 855 ὑμῖν
3606 795 3790 857 ἐγνωρί-

2204 896 2380 942 σαμεν,
2435 879 2518 930 ῐνα
2573 881 2637 943 μὴ
2691 879 2909 945 δόξωμεν
2974 879 3154 938 αὐτοὺς
3210 880 3296 944 μὲν
3353 881 3549 948 βαρεῖν,
3601 884 3705 937 ταῖς
3750 884 3789 931 ἃ

2203 969 2377 1026 ἀκοαῖς
2412 969 2516 1025 ταῖς
2553 970 2818 1034 ὑμετέραις
2853 971 3189 1035 παρενοχλεῖν.
3244 971 3422 1034 Ἡμεῖς
3469 971 3566 1036 γὰρ
3606 972 3683 1019 ὃτι
3724 974 3790 1021 κεί

2201 1056 2297 1123 πρὸ
2339 1057 2426 1118 τῆς
2477 1056 2643 1107 αὐτῶν
2690 1057 2982 1124 παρουσίας,
3015 1059 3078 1108 τὰ
3116 1059 3183 1115 εἰς
3224 1057 3369 1114 δόξαν
3423 1060 3672 1125 ὑμετέραν
3720 1060 3788 1109 καὶ

2208 1146 2355 1211 τιμὴν
2391 1146 2478 1205 τήν
2523 1146 2845 1211 ὀφειλομένην
2887 1147 2937 1196 ἐν
2975 1151 3100 1197 πᾶσι
3137 1147 3521 1214 διεπραξᾶμεθα,
3565 1150 3650 1197 καὶ
3687 1152 3789 1211 μετὰ

2202 1234 2291 1294 τὴν
2316 1235 2479 1284 αὐτῶν
2522 1236 2822 1300 παρουσίαν,
2874 1235 2999 1292 Θεός
3050 1253 3105 1287 τε
3152 1239 3369 1303 μάρτυς,
3421 1236 3507 1288 καὶ
3552 1238 3678 1288 αὖτὰ
3720 1257 3790 1288 πε-

2200 1324 2463 1389 πραγμένα
2520 1324 2676 1383 δηλοῖ.
2732 1327 2913 1382 υΟπως
2962 1341 3021 1389 γε
3071 1327 3154 1378 καὶ
3200 1327 3388 1383 αὑτοὺς
3428 1328 3577 1389 τιμῆς
3622 1345 3675 1378 τε
3721 1330 3789 1378 ui

2203 1412 2501 1478 δορυφορίας
2526 1413 2806 1479 ἠξιώσαμεν
2836 1415 2986 1479 αἰδοῖ,
3022 1415 3107 1465 καὶ
3148 1422 3264 1480 τιμῇ
3294 1422 3353 1480 τῇ
3390 1416 3505 1481 περὶ
3536 1418 3683 1479 ὑμᾶς,
3719 1420 3788 1467 καὶ

2203 1498 2287 1550 τὸν
2331 1505 2556 1551 τοιοῦτον
2590 1501 2746 1553 τύπον
2789 1502 2867 1552 ἐπὶ
2906 1504 2995 1564 τήν
3041 1505 3285 1571 ὑμετέραν
3330 1504 3569 1563 ὁσιότητα
3609 1508 3641 1564 ἠ
3686 1508 3787 1568 ἁγία

2202 1586 2410 1645 σὺνοδος
2432 1589 2674 1654 ἀνήνεγκε
2703 1592 2788 1642 καὶ
2818 1593 2981 1658 ἡμεῖς,
3015 1594 3091 1657 ἐφ’
3133 1587 3175 1659 ᾧ
3210 1610 3263 1643 τε
3301 1594 3420 1659 παρ’
3460 1595 3600 1657 ὑμῶν
3640 1596 3784 1661 τυχεῖν

2203 1677 2558 1739 συναινέσεως,
2606 1679 2692 1729 καὶ
2749 1680 3097 1745 βεϐαιότητος,
3149 1684 3535 1748 παρακαλοῦμεν
3587 1699 3671 1745 τε,
3714 1684 3783 1732 ul

2202 1763 2354 1816 τοῦτο
2394 1765 2510 1831 παρ’
2569 1767 2709 1830 ὑμῶν
2746 1769 2999 1833 γενέσθαι,
3032 1771 3321 1834 ἁγιώτατοι.
3387 1770 3451 1820 Ὃ
3487 1772 3579 1836 γὰρ
3631 1771 3783 1837 θρόνος

2206 1856 2780 1914 Κωνσταντινουπόλεως
2823 1857 2925 1925 ἔχει
2956 1858 3148 1927 πατέρα
3198 1860 3284 1911 τὸν
3316 1860 3643 1911 ἀποστολικῶ
3680 1861 3779 1927 θρό-

2202 1959 2289 1995 νον
2314 1944 2455 2008 ὑμῶν
2495 1945 2839 2012 κατεεαίρετον
2883 1948 3058 1999 ἑαυτὸν
3092 1948 3320 2011 συνάψας
3352 1948 3371 1980 ¹
3412 1949 3552 2011 ἡμῖν,
3597 1951 3679 1999 ἵνα
3708 1950 3777 1999 καὶ

2206 2032 2286 2083 διὰ
2305 2034 2394 2093 τῆς
2413 2033 2555 2098 ὑμῶν
2582 2035 2695 2099 περὶ
2714 2035 2864 2086 αὑτὸν
2897 2037 3156 2102 φροντίδος
3180 2037 3395 2094 ἅπαντες
3424 2038 3511 2102 μὲν
3538 2038 3775 2099 πεισθεῖρ,

2201 2121 2280 2172 δτι
2323 2121 2538 2186 γνησίως
2575 2120 2762 2175 ἄνωθεν
2812 2125 3245 2191 προνοησάμενοι,
3288 2126 3375 2176 καὶ
3406 2132 3492 2177 νῦν
3525 2129 3612 2186 τὴν

2200 2207 2393 2277 ἔχοντες
2427 2212 2683 2277 διαμένετε
2723 2213 2835 2281 περὶ
2876 2214 3027 2265 αὑτὸν
3070 2215 3333 2281 φροντίδα,
3375 2216 3461 2265 καὶ
3515 2219 3581 2272 ὣς
3610 2219 3776 2266 λυσιτε-

2197 2297 2382 2350 λοῦντα
2425 2299 2477 2350 δὲ
2514 2307 2574 2365 τῇ
2618 2302 3005 2374 ἐκκλησιαστικῇ
3044 2304 3354 2355 καταστάσει
3402 2305 3422 2335 ²
3459 2306 3773 2361 καταξιώσαττ

2200 2388 2393 2439 ἅπαντα
2426 2390 2651 2455 κυρῶσαι
2675 2393 2739 2441 τὰ
2785 2392 3296 2459 παρακολουθήσαντα
3340 2393 3593 2460 ἐγγράφως
3634 2394 3681 2444 ἐν
3720 2402 3772 2458 τῇ

2200 2478 2455 2554 ἁγιωτάτῃ
2489 2480 2573 2528 καὶ
2601 2480 2920 2545 οίκουμενίκῃ
2946 2482 3164 2549 συνόδῳ,
3189 2481 3276 2531 καὶ
3304 2481 3458 2532 αὑτὸν
3485 2482 3537 2532 δὲ
3563 2483 3644 2532 τὸν
3664 2501 3773 2547 προ-

2199 2570 2467 2632 ειρημένων
2493 2568 2716 2635 περὶτοῦ
2747 2570 2923 2635 θρόνου
2959 2571 3047 2631 τῆς
3078 2571 3646 2628 Κωνσταντινουπόλεως
3665 2576 3771 2637 ὅρον

2199 2654 2572 2720 ἕσπουδάσαμεν
2602 2657 2890 2708 ἀποστεῖλαι
2916 2659 3041 2724 πρὸς
3066 2661 3154 2718 τὴν
3185 2660 3433 2727 ὑμετέραν
3469 2661 3735 2724 ἁγιωσύνην
3754 2677 3769 2691 ·

2198 2744 2280 2795 ῐνα
2308 2745 2393 2811 ἔχῃ
2420 2762 2474 2796 τε
2496 2745 2692 2808 εἰδέναι,
2725 2744 2979 2813 ὡςέὑχαῖς
3002 2748 3110 2805 ταῖς
3135 2750 3399 2816 ὑμετέραις
3432 2738 3651 2807 1135
3682 2755 3772 2801 θεο-

2198 2833 2364 2899 σόφως
2390 2835 2582 2885 ἅπαντα
2611 2835 2947 2900 ᾠκονόμηται,
2972 2839 3057 2888 καὶ
3082 2838 3468 2904 παρακαλοῦμεν
3504 2840 3769 2908 πρόσφορον

2197 2923 2454 2991 ἀπόκρισιν
2486 2924 2711 2980 δέξασθαι
2751 2924 2968 2986 ἑκάστην
3010 2928 3259 2987 ὑπόθεσιν,
3300 2928 3621 2986 διδάσκοντος
3653 2932 3770 2993 ὑμᾶς

2197 3012 2390 3061 ἅπαντα
2431 3016 2520 3062 τοὺ
2559 3012 2936 3076 θεοφιλεστάτου
2978 3002 3252 3065 ἐπισκόπου
3291 3016 3591 3075 Λουκιανοῦ,
3619 3012 3673 3073 ὃς
3698 3018 3769 3065 καὶ

2197 3101 2346 3158 αὑτὸς
2377 3102 2548 3167 παρὼν
2584 3108 2643 3166 τῇ
2684 3102 2800 3169 ἁγία
2836 3103 3049 3163 συνόδῳ,
3092 3103 3176 3153 καὶ
3217 3104 3478 3171 ἆμφρόνως
3510 3107 3573 3155 τὰ
3602 3106 3769 3156 δυνατὰ

2197 3192 2488 3254 εἰσενεγκὼν
2529 3191 2600 3255 τῷ
2642 3191 2755 3257 περὶ
2801 3193 2888 3251 τῆς
2940 3193 3155 3249 πίστεως
3203 3193 3347 3259 ἡμῶν
3386 3195 3545 3258 ἀγῶνι
3584 3195 3764 3260 ἐπιλέγῃ

2195 3281 2310 3346 παρ’
2358 3281 2501 3344 ἡμῶν
2555 3281 2961 3345 ὑπηρετήσασθαι
3018 3288 3076 3346 τῇ
3131 3281 3254 3348 πρὸς
3294 3284 3427 3347 ὑμᾶς
3471 3284 3546 3334 ἐπ’
3586 3284 3765 3348 ἀγαθοῖς

2195 3369 2442 3436 διακονίᾳο
2485 3370 2607 3433 ἀνὴρ
2656 3370 2837 3426 τέλειος
2874 3370 3131 3436 ὑπάρχων,
3173 3370 3279 3427 τοῖς
3316 3388 3373 3421 τε
3412 3374 3766 3430 εὑσεϐεστᾶτοις

2194 3458 2276 3508 καὶ
2316 3457 2643 3523 φιλοχρίστοις
2687 3459 2829 3522 ἡμῶν
2866 3460 3145 3523 βασιλεῦσιν
3193 3456 3381 3510 ἄνωθεν
3435 3461 3588 3526 φίλοςο
3627 3463 3760 3531 όνπερ

2193 3547 2544 3596 ἀπολαύσαντα
2603 3546 2691 3605 τῆς
2734 3548 2977 3612 ὑμετέρας
3021 3545 3329 3609 ἀγαθότητος
3376 3550 3607 3615 χαίροντα
3653 3552 3760 3616 πρὸς

2192 3636 2321 3696 ἡμᾶς
2347 3634 2589 3697 ἐκτέμψαι
2616 3635 2974 3691 καταξιώσατε.
3015 3637 3191 3686 Πᾶσαν
3227 3639 3315 3696 τήν
3350 3638 3442 3688 σὺν
3479 3647 3537 3705 τῇ
3563 3641 3757 3705 ὑμετέρᾳ

2193 3722 2518 3787 μακαριότητι
2551 3723 2598 3772 ἐν
2635 3724 2842 3788 Χριστῷ
2893 3724 3201 3788 ἀδελφότητα
3238 3725 3340 3790 ἐγώ
3368 3743 3445 3788 τε,
3482 3727 3564 3778 καὶ
3595 3728 3639 3778 οι
3675 3728 3751 3778 σὺν

2191 3810 2303 3873 ἐμοὶ
2327 3811 2532 3861 πλεῖστα
2553 3812 3010 3879 προσαγορεύομεν.
3058 3814 3375 3880 Ἐῥρωμένος
3400 3815 3452 3867 ἐν
3480 3817 3654 3882 Κυρίῳ,
3681 3816 3751 3865 καὶ

2189 3901 2580 3967 ὑπερευχόμενος
2620 3902 2781 3965 ἡμῶν,
2820 3902 3098 3971 χαρισθείης
3128 3905 3266 3967 ἡμῖν,
3314 3907 3651 3971 θεοφιλέστατε
3680 3903 3747 3953 καὶ

2191 3990 2535 4050 μακαριώτατε
2561 3992 2746 4050 Πάτερ.

402 4093 580 4163 atque
600 4088 887 4176 piissimis
912 4092 968 4144 et
997 4087 1208 4144 Christi
1221 4088 1647 4145 amantissimis
1675 4088 2360 4162 nostrisimperatoribus
2366 4093 2723 4164 jamdudum
2740 4094 2985 4163 amicus,
3015 4112 3192 4169 quem
3206 4097 3789 4168 vestrabonitategw,

403 4182 664 4251 dentem,
694 4179 894 4237 laetum
926 4179 999 4234 ad
1030 4194 1138 4234 nos
1171 4178 1402 4234 mittere
1432 4177 1776 4250 dignemini.
1800 4181 2005 4233 Totam
2031 4180 2455 4239 fraternitatem
2478 4199 2612 4238 cum
2637 4188 2832 4240 vestra
2849 4184 3285 4241 beatitudinein
3299 4185 3533 4243 Christo
3555 4191 3608 4243 et
3623 4194 3789 4258 ego,et

400 4270 503 4343 qui
532 4286 763 4328 mecum
794 4273 934 4326 sunt
962 4266 1285 4341 plurimum
1318 4267 1670 4337 salutamus,
1702 4266 2017 4325 Incolumis
2048 4268 2110 4326 in
2143 4270 2410 4338 Domino,
2444 4275 2502 4328 et
2522 4289 2627 4344 pro
2661 4272 2833 4329 nobis
2846 4289 3046 4342 orans,
3065 4273 3304 4331 doneris
3326 4275 3520 4332 nobis.
3551 4275 3655 4331 Deo
3673 4271 3787 4327 cha-

395 4359 632 4418 rissima
661 4362 717 4416 et
745 4356 1085 4417 beatissime
1113 4356 1302 4412 Pater.

928 4515 1281 4573 EPISTULA
1312 4471 1529 4587 (dyon.

763 4607 835 4679 (e)
865 4622 938 4662 an
976 4621 1279 4662 EPISCOPOS
1318 4623 1673 4663 GALLIARUM.

781 4697 856 4752 De
884 4694 1234 4752 damnatione
1264 4696 1662 4752 haereticorum.

391 4787 685 4843 Smorsrs.
718 4814 789 4825 —-
813 4786 857 4840 Ι.
892 4784 959 4839 Se
996 4783 1278 4840 Gallorum
1333 4786 1707 4856 episcoporum
1761 4787 2047 4856 epistolam

462 4857 666 4913 ccelesti
693 4856 941 4913 doctrina
969 4856 1189 4924 plenam
1209 4858 1475 4927 accepisse
1497 4859 1738 4912 nuntiat.
1770 4887 1838 4896 —
1870 4857 1939 4911 II.
1970 4859 2047 4912 De

461 4927 666 5000 synodo
697 4928 1051 5000 acumenica.
1087 4929 1353 4983 Humanis
1378 4928 1442 4982 de
1471 4927 1578 4998 ﬁde
1605 4928 1918 4993 ratiociniis
1960 4929 2044 4983 lo-

463 5016 590 5056 cum
618 5015 731 5055 esse
758 5015 871 5056 non
890 4999 1101 5054 debere.
1134 5028 1204 5040 —-
1234 5000 1327 5055 III.
1370 5000 1604 5055 Nestorii
1657 5004 1706 5054 et
1734 5000 2045 5069 Eutychetis

467 5149 545 5221 (a)
573 5149 658 5223 Ad
688 5149 909 5223 legatos
934 5148 1235 5223 pontiﬁcis
1265 5148 1385 5204 haec
1414 5148 1767 5219 referuntur,
1799 5150 1954 5205 sicut
1991 5156 2047 5207 et

394 5220 718 5295 sequentia,
750 5220 895 5294 ipsos
926 5222 1126 5276 honore
1142 5223 1493 5275 etmanerum
1504 5224 1813 5276 reverentia
1831 5223 2047 5292 dignati

391 5310 597 5351 Simus.‘

463 5365 541 5438 (ὁ)
572 5363 1203 5438 Concinuntquzsidem
1216 5361 1519 5438 Anatolius
1537 5363 1605 5417 ad
1627 5365 1876 5438 Leonem
1889 5364 2047 5421 dein-

391 5433 532 5511 ceps
560 5435 798 5508 scrilnit
824 5433 994 5511 epist.
1027 5435 1147 5511 132.
1180 5449 1307 5511 cap.
1329 5435 1362 5511 ξι
1380 5451 1392 5489 :
1429 5433 1564 5511 Cum
1592 5443 1642 5489 et
1671 5437 1749 5511 sic
1775 5443 2047 5511 gestorum

388 5505 479 5564 vis
500 5505 755 5564 omnes—et
774 5505 1117 5575 conﬁrmatio
1129 5505 1447 5561 auctoritati
1468 5514 1666 5562 vestrae
1692 5505 2048 5564 beatitudinis

390 5581 563 5651 fuerit
592 5582 880 5651 reservata.

461 5652 534 5721 (ο)
566 5652 628 5704 In
647 5650 842 5705 Graeco
861 5647 1099 5721 quidem
1111 5646 1324 5721 legitur
1339 5657 1680 5717 καταξιώσατε,
1715 5649 2042 5718 dignemini.

389 5722 464 5793 At
493 5720 757 5793 syntaxis
785 5724 843 5793 et
857 5737 1068 5776 sensus
1088 5720 1400 5793 legendum
1424 5722 1679 5793 ostendit
1706 5730 2045 5793 καταξιώσετε,

388 5791 762 5860 dignabimini
779 5810 798 5845 :
817 5792 889 5847 de
920 5791 1337 5863 approbatione
1349 5792 1505 5849 enim
1523 5797 1579 5848 et
1608 5792 2047 5849 conﬁrmatione

2089 4523 2134 4587 D

2234 4521 2486 4599 dogmata
2509 4522 2726 4599 pariter
2756 4536 2871 4578 esse
2921 4522 3206 4599 fugienda.
3240 4553 3309 4599 τέ
3341 4523 3436 4579 IV.
3467 4522 3781 4599 Synodumet

2235 4593 2476 4675 epistola
2502 4593 2697 4678 Leonis
2749 4593 3098 4678 consensisse,
3124 4602 3177 4650 et
3235 4593 3531 4678 piscatum
3576 4593 3780 4665 proscri-

2227 4665 2419 4735 psisse.
2451 4694 2522 4705 —-
2550 4664 2619 4718 V.
2652 4665 2726 4719 De
2756 4665 2841 4719 his
2869 4666 3123 4748 omnibus
3151 4668 3369 4735 gratias
3398 4664 3624 4723 DeoesSe
3641 4678 3780 4741 age»:

2228 4735 2325 4789 das
2346 4754 2363 4800 ;
2389 4751 2492 4806 pro
2517 4736 2816 4806 legatorum
2844 4736 3029 4792 reditu
3047 4737 3319 4793 orandum
3335 4754 3358 4799 ;
3374 4740 3652 4795 victoriam
3671 4732 3777 4805 ﬁda

2228 4753 2363 4800 uas;
2389 4753 2492 4806 pro
2517 4753 2816 4806 legatorum
2844 4753 3029 4792 reauu
3047 4753 3319 4793 orandum
3335 4754 3384 4799 ;1

2224 4808 2483 4878 Hispanis
2507 4822 2608 4878 per
2640 4806 2819 4863 Gallos
2848 4823 2961 4863 esse
2989 4809 3384 4865 nuntiandum.

2157 4929 2270 5001 Leo!
2303 4928 2578 4984 Romanis
2611 4929 2775 4985 urbis
2805 4929 3136 5001 episcopus,
3172 4930 3499 4996 Ravsnmo,
3544 4929 3772 4985 Rasum,

2223 4999 3304 5073 stsmo,([)ConsrANi‘1ANo,MAXIMo,
3321 5002 3400 5074 (g)
3414 5003 3770 5060 Amanum,

2154 5155 2420 5225 actorum
2451 5168 2485 5206 a
2513 5152 2702 5225 Leone
2733 5152 3064 5224 praestanda
3094 5152 3313 5225 agitur.

2227 5223 2303 5293 (τί)
2337 5223 2595 5278 Alias77.
2629 5223 2763 5287 Qua:
2782 5227 2980 5279 autem
2997 5223 3167 5279 antea
3194 5225 3299 5279 102

2154 5295 2383 5369 Scripta
2411 5296 2479 5349 27
2508 5295 2773 5369 Januarii
2806 5296 3057 5369 ουτ-452.
3096 5368 3101 5369 ί
3130 5368 3136 5369 ί
3346 5366 3392 5369 Α
3579 5366 3589 5369 λ
3716 5357 3727 5369 ,

2226 5365 2300 5439 (ε)
2328 5368 2528 5422 Exstat
2554 5366 2617 5439 in
2651 5383 2792 5439 mss.
2827 5365 3050 5422 collect.
3083 5368 3173 5431 12,
3206 5369 3291 5434 18,
3333 5366 3402 5421 19
3431 5371 3488 5424 et
3527 5366 3614 5439 24,
3634 5365 3759 5439 δολί)

2153 5429 2289 5493 Vat:
2314 5439 2440 5503 541,
2473 5436 2567 5493 cui
2599 5437 2927 5494 additiones
2958 5429 3332 5494 accesserunt
3360 5455 3431 5494 ex
3458 5429 3663 5494 collect.
3687 5429 3757 5484 2i-

2154 5511 2258 5566 Est
2288 5509 2589 5581 responsio
2620 5508 2997 5581 epistolaep99.

2228 5575 2542 5652 (Ulta'cod.
2568 5575 2789 5652 Ratisp.
2809 5579 2944 5635 utin
2977 5578 3144 5652 epist.
3176 5578 3266 5651 99,
3287 5579 3400 5650 AL,
3427 5575 3755 5637 Constantino.

2226 5652 2301 5721 (g)
2335 5651 2492 5707 Idem
2525 5651 3093 5720 codex,’Armazorio.

2227 5722 2242 5756 ¹
2276 5723 2434 5776 Le2..
2467 5730 2599 5776 ὑμῖν.

2228 5738 2242 5756 ¹
2276 5738 2434 5794 Leg.,
2467 5738 2599 5794 ὑμῖν.

2224 5793 2246 5826 ³
2276 5793 2434 5866 Leg.,
2466 5803 2803 5865 καταξιώσετε,
2834 5793 2923 5850 vel
2955 5801 3306 5863 κατηξιώσατε.

3329 5228 3475 5293 erat,
3509 5236 3651 5279 nunc
3666 5217 3763 5274 131.
