  <div class='ocr_page' id='page_1' title='image "/cluster/home/n/w/nwhite01/storage/ocr_20150623/54/uva.x000827097/505.png"; bbox 0 0 3878 6222; ppageno 0'>
   <div class='ocr_carea' id='block_1_1' title="bbox 390 269 518 333">
    <p class='ocr_par' dir='ltr' id='par_1_1' title="bbox 390 269 518 333">
     <span class='ocr_line' id='line_1_1' title="bbox 390 269 518 333; baseline -0.031 0"><span class='ocrx_word' id='word_1_1' title='bbox 390 269 518 333; x_wconf 63' lang='grc'><strong>«995</strong></span> 
     </span>
    </p>
   </div>
   <div class='ocr_carea' id='block_1_2' title="bbox 1517 256 2676 330">
    <p class='ocr_par' dir='ltr' id='par_1_2' title="bbox 1517 256 2676 330">
     <span class='ocr_line' id='line_1_2' title="bbox 1517 256 2676 330; baseline 0 -4"><span class='ocrx_word' id='word_1_2' title='bbox 1517 261 1581 326; x_wconf 88' lang='lat' dir='ltr'><strong>S.</strong></span> <span class='ocrx_word' id='word_1_3' title='bbox 1630 262 1910 327; x_wconf 86' lang='lat' dir='ltr'><strong>LEONIS</strong></span> <span class='ocrx_word' id='word_1_4' title='bbox 1956 256 2206 328; x_wconf 83' lang='lat' dir='ltr'><strong>MAGNI</strong></span> <span class='ocrx_word' id='word_1_5' title='bbox 2251 260 2676 330; x_wconf 67' lang='lat' dir='ltr'><strong>EPISTOLJE.</strong></span> 
     </span>
    </p>
   </div>
   <div class='ocr_carea' id='block_1_3' title="bbox 400 393 2044 476">
    <p class='ocr_par' dir='ltr' id='par_1_3' title="bbox 400 393 2044 471">
     <span class='ocr_line' id='line_1_3' title="bbox 400 393 2044 471; baseline -0.002 -15"><span class='ocrx_word' id='word_1_6' title='bbox 400 405 531 456; x_wconf 89' lang='lat' dir='ltr'><strong>stan</strong></span> <span class='ocrx_word' id='word_1_7' title='bbox 539 397 925 471; x_wconf 89' lang='lat' dir='ltr'><strong>tinopolitana</strong></span> <span class='ocrx_word' id='word_1_8' title='bbox 949 394 1155 452; x_wconf 81' lang='lat' dir='ltr'><strong>civitas</strong></span> <span class='ocrx_word' id='word_1_9' title='bbox 1166 393 1413 469; x_wconf 83' lang='lat' dir='ltr'><strong>gloriam</strong></span> <span class='ocrx_word' id='word_1_10' title='bbox 1427 412 1618 462; x_wconf 89' lang='lat' dir='ltr'><strong>suam,</strong></span> <span class='ocrx_word' id='word_1_11' title='bbox 1635 413 1701 452; x_wconf 92' lang='lat' dir='ltr'><strong>ac</strong></span> <span class='ocrx_word' id='word_1_12' title='bbox 1714 399 2044 469; x_wconf 81' lang='lat' dir='ltr'><strong>protegente</strong></span> 
     </span>
    </p>
   </div>
   <div class='ocr_carea' id='block_1_4' title="bbox 2186 393 3791 476">
    <p class='ocr_par' dir='ltr' id='par_1_4' title="bbox 2186 400 3791 476">
     <span class='ocr_line' id='line_1_4' title="bbox 2186 400 3791 476; baseline -0.003 -18"><span class='ocrx_word' id='word_1_13' title='bbox 2186 405 2358 476; x_wconf 73' lang='grc' dir='ltr'><strong>τέρας,</strong></span> <span class='ocrx_word' id='word_1_14' title='bbox 2400 406 2415 442; x_wconf 84' lang='grc'>¹</span> <span class='ocrx_word' id='word_1_15' title='bbox 2459 409 2725 460; x_wconf 76' lang='grc' dir='ltr'><strong>ἀπολαύσει</strong></span> <span class='ocrx_word' id='word_1_16' title='bbox 2781 406 3054 475; x_wconf 82' lang='grc' dir='ltr'><strong>βασιλείας⁶</strong></span> <span class='ocrx_word' id='word_1_17' title='bbox 3092 404 3234 463; x_wconf 79' lang='grc' dir='ltr'><strong>ἄλλος</strong></span> <span class='ocrx_word' id='word_1_18' title='bbox 3274 402 3299 438; x_wconf 79' lang='grc'>¹</span> <span class='ocrx_word' id='word_1_19' title='bbox 3335 404 3430 469; x_wconf 71' lang='grc' dir='ltr'><strong>γὰρ</strong></span> <span class='ocrx_word' id='word_1_20' title='bbox 3478 400 3636 467; x_wconf 65' lang='grc' dir='ltr'><strong>λεῖος</strong></span> <span class='ocrx_word' id='word_1_21' title='bbox 3676 405 3791 453; x_wconf 64' lang='grc' dir='ltr'><strong>«εὖ,</strong></span> 
     </span>
    </p>
   </div>
   <div class='ocr_carea' id='block_1_5' title="bbox 398 484 2054 554">
    <p class='ocr_par' dir='ltr' id='par_1_5' title="bbox 398 484 2054 554">
     <span class='ocr_line' id='line_1_5' title="bbox 398 484 2054 554; baseline -0.002 -10"><span class='ocrx_word' id='word_1_22' title='bbox 398 488 634 545; x_wconf 84' lang='lat' dir='ltr'><strong>dextera</strong></span> <span class='ocrx_word' id='word_1_23' title='bbox 652 487 772 554; x_wconf 90' lang='lat' dir='ltr'>Dei,</span> <span class='ocrx_word' id='word_1_24' title='bbox 797 486 1075 541; x_wconf 89' lang='lat' dir='ltr'><strong>diuturno</strong></span> <span class='ocrx_word' id='word_1_25' title='bbox 1099 484 1419 542; x_wconf 73' lang='lat' dir='ltr'><strong>clementiae</strong></span> <span class='ocrx_word' id='word_1_26' title='bbox 1443 489 1645 541; x_wconf 71' lang='lat' dir='ltr'><strong>vestra:</strong></span> <span class='ocrx_word' id='word_1_27' title='bbox 1670 486 1898 540; x_wconf 75' lang='lat' dir='ltr'><strong>fruatur</strong></span> <span class='ocrx_word' id='word_1_28' title='bbox 1938 487 2054 541; x_wconf 88' lang='lat' dir='ltr'><strong>im—</strong></span> 
     </span>
    </p>
   </div>
   <div class='ocr_carea' id='block_1_6' title="bbox 403 574 2057 651">
    <p class='ocr_par' dir='ltr' id='par_1_6' title="bbox 403 574 2057 651">
     <span class='ocr_line' id='line_1_6' title="bbox 403 574 2057 651; baseline -0.002 -17"><span class='ocrx_word' id='word_1_29' title='bbox 403 577 586 651; x_wconf 90' lang='lat' dir='ltr'><strong>perio.</strong></span> <span class='ocrx_word' id='word_1_30' title='bbox 608 575 734 631; x_wconf 86' lang='lat' dir='ltr'><strong>Alia</strong></span> <span class='ocrx_word' id='word_1_31' title='bbox 752 580 949 629; x_wconf 85' lang='lat' dir='ltr'><strong>tamen</strong></span> <span class='ocrx_word' id='word_1_32' title='bbox 981 574 1128 629; x_wconf 84' lang='lat' dir='ltr'><strong>ratio</strong></span> <span class='ocrx_word' id='word_1_33' title='bbox 1166 578 1255 629; x_wconf 90' lang='lat' dir='ltr'><strong>est</strong></span> <span class='ocrx_word' id='word_1_34' title='bbox 1289 588 1483 630; x_wconf 87' lang='lat' dir='ltr'><strong>rerum</strong></span> <span class='ocrx_word' id='word_1_35' title='bbox 1527 574 1914 642; x_wconf 77' lang='lat' dir='ltr'><strong>saecularium,</strong></span> <span class='ocrx_word' id='word_1_36' title='bbox 1944 575 2057 630; x_wconf 87' lang='lat' dir='ltr'><strong>alia</strong></span> 
     </span>
    </p>
   </div>
   <div class='ocr_carea' id='block_1_7' title="bbox 399 662 2056 735">
    <p class='ocr_par' dir='ltr' id='par_1_7' title="bbox 399 662 2056 735">
     <span class='ocr_line' id='line_1_7' title="bbox 399 662 2056 735; baseline -0.002 -13"><span class='ocrx_word' id='word_1_37' title='bbox 399 666 728 722; x_wconf 88' lang='lat' dir='ltr'><strong>divinarum</strong></span> <span class='ocrx_word' id='word_1_38' title='bbox 755 682 767 731; x_wconf 89' lang='lat'>;</span> <span class='ocrx_word' id='word_1_39' title='bbox 792 680 897 718; x_wconf 89' lang='lat' dir='ltr'><strong>nec</strong></span> <span class='ocrx_word' id='word_1_40' title='bbox 916 667 1127 734; x_wconf 64' lang='lat' dir='ltr'><strong>praeter</strong></span> <span class='ocrx_word' id='word_1_41' title='bbox 1147 662 1308 717; x_wconf 84' lang='lat' dir='ltr'>illam</span> <span class='ocrx_word' id='word_1_42' title='bbox 1336 667 1561 735; x_wconf 83' lang='lat' dir='ltr'><strong>petram</strong></span> <span class='ocrx_word' id='word_1_43' title='bbox 1582 679 1759 735; x_wconf 89' lang='lat' dir='ltr'><strong>quam</strong></span> <span class='ocrx_word' id='word_1_44' title='bbox 1772 664 2056 719; x_wconf 86' lang='lat' dir='ltr'><strong>Dominus</strong></span> 
     </span>
    </p>
   </div>
   <div class='ocr_carea' id='block_1_8' title="bbox 395 750 2059 823">
    <p class='ocr_par' dir='ltr' id='par_1_8' title="bbox 395 750 2059 823">
     <span class='ocr_line' id='line_1_8' title="bbox 395 750 2059 823; baseline -0.001 -14"><span class='ocrx_word' id='word_1_45' title='bbox 395 753 456 810; x_wconf 91' lang='lat' dir='ltr'><strong>in</strong></span> <span class='ocrx_word' id='word_1_46' title='bbox 481 754 861 809; x_wconf 86' lang='lat' dir='ltr'><strong>fundamento</strong></span> <span class='ocrx_word' id='word_1_47' title='bbox 884 752 960 823; x_wconf 91' lang='lat' dir='ltr'><strong>(a)</strong></span> <span class='ocrx_word' id='word_1_48' title='bbox 982 751 1181 823; x_wconf 81' lang='lat' dir='ltr'><strong>posuit</strong></span> <span class='ocrx_word' id='word_1_49' title='bbox 1203 751 1409 822; x_wconf 79' lang='lat' dir='ltr'><strong>(Matth.</strong></span> <span class='ocrx_word' id='word_1_50' title='bbox 1432 767 1547 819; x_wconf 73' lang='lat' dir='ltr'><strong>xvx,</strong></span> <span class='ocrx_word' id='word_1_51' title='bbox 1565 750 1588 807; x_wconf 77' lang='grc'><strong>4</strong></span> <span class='ocrx_word' id='word_1_52' title='bbox 1599 751 1677 823; x_wconf 89' lang='grc'><strong>8),</strong></span> <span class='ocrx_word' id='word_1_53' title='bbox 1703 751 1933 808; x_wconf 84' lang='lat' dir='ltr'><strong>stabilis</strong></span> <span class='ocrx_word' id='word_1_54' title='bbox 1947 752 2059 808; x_wconf 90' lang='lat' dir='ltr'><strong>erit</strong></span> 
     </span>
    </p>
   </div>
   <div class='ocr_carea' id='block_1_9' title="bbox 394 839 2059 912">
    <p class='ocr_par' dir='ltr' id='par_1_9' title="bbox 394 839 2059 912">
     <span class='ocr_line' id='line_1_9' title="bbox 394 839 2059 912; baseline 0.001 -15"><span class='ocrx_word' id='word_1_55' title='bbox 394 841 516 898; x_wconf 89' lang='lat' dir='ltr'><strong>ulla</strong></span> <span class='ocrx_word' id='word_1_56' title='bbox 535 841 913 897; x_wconf 85' lang='lat' dir='ltr'><strong>constructio.</strong></span> <span class='ocrx_word' id='word_1_57' title='bbox 939 840 1181 912; x_wconf 83' lang='lat' dir='ltr'><strong>Propria</strong></span> <span class='ocrx_word' id='word_1_58' title='bbox 1204 839 1419 911; x_wconf 88' lang='lat' dir='ltr'><strong>perdit,</strong></span> <span class='ocrx_word' id='word_1_59' title='bbox 1438 841 1538 911; x_wconf 88' lang='lat' dir='ltr'><strong>qui</strong></span> <span class='ocrx_word' id='word_1_60' title='bbox 1561 841 1824 897; x_wconf 84' lang='lat' dir='ltr'><strong>indebita</strong></span> <span class='ocrx_word' id='word_1_61' title='bbox 1852 858 2059 898; x_wconf 91' lang='lat' dir='ltr'><strong>concu-</strong></span> 
     </span>
    </p>
   </div>
   <div class='ocr_carea' id='block_1_10' title="bbox 394 928 2055 1005">
    <p class='ocr_par' dir='ltr' id='par_1_10' title="bbox 394 928 2055 1005">
     <span class='ocr_line' id='line_1_10' title="bbox 394 928 2055 1005; baseline -0.001 -18"><span class='ocrx_word' id='word_1_62' title='bbox 394 931 585 1005; x_wconf 88' lang='lat' dir='ltr'><strong>piscit.</strong></span> <span class='ocrx_word' id='word_1_63' title='bbox 602 930 758 986; x_wconf 85' lang='lat' dir='ltr'><strong>Satis</strong></span> <span class='ocrx_word' id='word_1_64' title='bbox 776 929 852 986; x_wconf 88' lang='lat' dir='ltr'><strong>sit</strong></span> <span class='ocrx_word' id='word_1_65' title='bbox 864 928 1138 1001; x_wconf 63' lang='lat' dir='ltr'><strong>praedicto</strong></span> <span class='ocrx_word' id='word_1_66' title='bbox 1160 930 1315 1002; x_wconf 90' lang='lat' dir='ltr'><strong>quod</strong></span> <span class='ocrx_word' id='word_1_67' title='bbox 1331 931 1535 985; x_wconf 74' lang='lat' dir='ltr'><strong>vestrae</strong></span> <span class='ocrx_word' id='word_1_68' title='bbox 1550 929 1787 1001; x_wconf 90' lang='lat' dir='ltr'><strong>pietatis</strong></span> <span class='ocrx_word' id='word_1_69' title='bbox 1798 929 2055 1000; x_wconf 82' lang='lat' dir='ltr'><strong>auxillio,</strong></span> 
     </span>
    </p>
   </div>
   <div class='ocr_carea' id='block_1_11' title="bbox 393 1018 2056 1090">
    <p class='ocr_par' dir='ltr' id='par_1_11' title="bbox 393 1018 2056 1090">
     <span class='ocr_line' id='line_1_11' title="bbox 393 1018 2056 1090; baseline -0.001 -15"><span class='ocrx_word' id='word_1_70' title='bbox 393 1024 450 1075; x_wconf 91' lang='lat' dir='ltr'><strong>et</strong></span> <span class='ocrx_word' id='word_1_71' title='bbox 470 1018 583 1075; x_wconf 87' lang='lat' dir='ltr'><strong>mei</strong></span> <span class='ocrx_word' id='word_1_72' title='bbox 607 1018 817 1074; x_wconf 78' lang='lat' dir='ltr'><strong>favoris</strong></span> <span class='ocrx_word' id='word_1_73' title='bbox 844 1034 1116 1084; x_wconf 80' lang='lat' dir='ltr'><strong>assensu,</strong></span> <span class='ocrx_word' id='word_1_74' title='bbox 1141 1020 1550 1090; x_wconf 85' lang='lat' dir='ltr'><strong>episcopatum</strong></span> <span class='ocrx_word' id='word_1_75' title='bbox 1574 1021 1748 1073; x_wconf 66' lang='lat' dir='ltr'><strong>tanta:</strong></span> <span class='ocrx_word' id='word_1_76' title='bbox 1770 1018 1934 1073; x_wconf 87' lang='lat' dir='ltr'><strong>urbis</strong></span> <span class='ocrx_word' id='word_1_77' title='bbox 1955 1018 2056 1074; x_wconf 90' lang='lat' dir='ltr'><strong>ob-</strong></span> 
     </span>
    </p>
   </div>
   <div class='ocr_carea' id='block_1_12' title="bbox 393 1106 2060 1179">
    <p class='ocr_par' dir='ltr' id='par_1_12' title="bbox 393 1106 2060 1179">
     <span class='ocr_line' id='line_1_12' title="bbox 393 1106 2060 1179; baseline -0.001 -16"><span class='ocrx_word' id='word_1_78' title='bbox 393 1107 724 1164; x_wconf 87' lang='lat' dir='ltr'><strong>tinuit.Non</strong></span> <span class='ocrx_word' id='word_1_79' title='bbox 742 1106 1091 1179; x_wconf 75' lang='lat' dir='ltr'><strong>dedignatur</strong></span> <span class='ocrx_word' id='word_1_80' title='bbox 1104 1106 1325 1179; x_wconf 84' lang='lat' dir='ltr'><strong>regiam</strong></span> <span class='ocrx_word' id='word_1_81' title='bbox 1342 1106 2060 1179; x_wconf 79' lang='lat' dir='ltr'><strong>civitatem,quam(b)apo—</strong></span> 
     </span>
    </p>
   </div>
   <div class='ocr_carea' id='block_1_13' title="bbox 393 1194 2060 1268">
    <p class='ocr_par' dir='ltr' id='par_1_13' title="bbox 393 1194 2060 1268">
     <span class='ocr_line' id='line_1_13' title="bbox 393 1194 2060 1268; baseline -0.001 -16"><span class='ocrx_word' id='word_1_82' title='bbox 393 1196 661 1254; x_wconf 83' lang='lat' dir='ltr'><strong>stolicam</strong></span> <span class='ocrx_word' id='word_1_83' title='bbox 684 1212 801 1250; x_wconf 91' lang='lat' dir='ltr'><strong>non</strong></span> <span class='ocrx_word' id='word_1_84' title='bbox 833 1199 1030 1267; x_wconf 89' lang='lat' dir='ltr'><strong>potest</strong></span> <span class='ocrx_word' id='word_1_85' title='bbox 1059 1195 1248 1251; x_wconf 87' lang='lat' dir='ltr'><strong>facere</strong></span> <span class='ocrx_word' id='word_1_86' title='bbox 1292 1195 1490 1251; x_wconf 89' lang='lat' dir='ltr'><strong>sedem</strong></span> <span class='ocrx_word' id='word_1_87' title='bbox 1518 1214 1532 1263; x_wconf 91' lang='lat'><strong>;</strong></span> <span class='ocrx_word' id='word_1_88' title='bbox 1579 1211 1686 1251; x_wconf 90' lang='lat' dir='ltr'><strong>nec</strong></span> <span class='ocrx_word' id='word_1_89' title='bbox 1708 1194 1827 1251; x_wconf 94' lang='lat' dir='ltr'><strong>ullo</strong></span> <span class='ocrx_word' id='word_1_90' title='bbox 1865 1200 2060 1268; x_wconf 85' lang='lat' dir='ltr'><strong>speret</strong></span> 
     </span>
    </p>
   </div>
   <div class='ocr_carea' id='block_1_14' title="bbox 393 1282 2054 1356">
    <p class='ocr_par' dir='ltr' id='par_1_14' title="bbox 393 1282 2054 1356">
     <span class='ocr_line' id='line_1_14' title="bbox 393 1282 2054 1356; baseline -0.001 -15"><span class='ocrx_word' id='word_1_91' title='bbox 393 1285 566 1341; x_wconf 88' lang='lat' dir='ltr'><strong>modo</strong></span> <span class='ocrx_word' id='word_1_92' title='bbox 590 1284 743 1356; x_wconf 91' lang='lat' dir='ltr'><strong>quod</strong></span> <span class='ocrx_word' id='word_1_93' title='bbox 772 1300 876 1354; x_wconf 91' lang='lat' dir='ltr'><strong>per</strong></span> <span class='ocrx_word' id='word_1_94' title='bbox 913 1282 1165 1339; x_wconf 90' lang='lat' dir='ltr'><strong>aliorum</strong></span> <span class='ocrx_word' id='word_1_95' title='bbox 1206 1283 1396 1356; x_wconf 87' lang='lat' dir='ltr'><strong>possit</strong></span> <span class='ocrx_word' id='word_1_96' title='bbox 1436 1284 1792 1340; x_wconf 72' lang='lat' dir='ltr'><strong>offensiones</strong></span> <span class='ocrx_word' id='word_1_97' title='bbox 1831 1300 2054 1356; x_wconf 76' lang='lat' dir='ltr'><strong>augeri.</strong></span> 
     </span>
    </p>
   </div>
   <div class='ocr_carea' id='block_1_15' title="bbox 464 1389 2056 1463">
    <p class='ocr_par' dir='ltr' id='par_1_15' title="bbox 464 1389 2056 1463">
     <span class='ocr_line' id='line_1_15' title="bbox 464 1389 2056 1463; baseline 0 -17"><span class='ocrx_word' id='word_1_98' title='bbox 464 1389 843 1463; x_wconf 87' lang='lat' dir='ltr'><strong>(c)Privilegia</strong></span> <span class='ocrx_word' id='word_1_99' title='bbox 856 1391 1014 1445; x_wconf 90' lang='lat' dir='ltr'><strong>enim</strong></span> <span class='ocrx_word' id='word_1_100' title='bbox 1033 1389 1426 1446; x_wconf 87' lang='lat' dir='ltr'><strong>Ecclesiarum</strong></span> <span class='ocrx_word' id='word_1_101' title='bbox 1439 1398 1798 1457; x_wconf 88' lang='lat' dir='ltr'><strong>,sanclorum</strong></span> <span class='ocrx_word' id='word_1_102' title='bbox 1817 1392 2056 1446; x_wconf 88' lang='lat' dir='ltr'><strong>Patrum</strong></span> 
     </span>
    </p>
   </div>
   <div class='ocr_carea' id='block_1_16' title="bbox 393 1479 2056 1552">
    <p class='ocr_par' dir='ltr' id='par_1_16' title="bbox 393 1479 2056 1552">
     <span class='ocr_line' id='line_1_16' title="bbox 393 1479 2056 1552; baseline 0 -17"><span class='ocrx_word' id='word_1_103' title='bbox 393 1480 720 1536; x_wconf 85' lang='lat' dir='ltr'><strong>canonibus</strong></span> <span class='ocrx_word' id='word_1_104' title='bbox 754 1479 1045 1545; x_wconf 88' lang='lat' dir='ltr'><strong>instituta,</strong></span> <span class='ocrx_word' id='word_1_105' title='bbox 1071 1484 1128 1535; x_wconf 90' lang='lat' dir='ltr'><strong>et</strong></span> <span class='ocrx_word' id='word_1_106' title='bbox 1175 1479 1526 1535; x_wconf 85' lang='lat' dir='ltr'><strong>venerabilis</strong></span> <span class='ocrx_word' id='word_1_107' title='bbox 1573 1480 1817 1535; x_wconf 65' lang='lat' dir='ltr'><strong>Nicaeae</strong></span> <span class='ocrx_word' id='word_1_108' title='bbox 1850 1481 2056 1552; x_wconf 88' lang='lat' dir='ltr'><strong>synodi</strong></span> 
     </span>
    </p>
   </div>
   <div class='ocr_carea' id='block_1_17' title="bbox 394 1567 2060 1641">
    <p class='ocr_par' dir='ltr' id='par_1_17' title="bbox 394 1567 2060 1641">
     <span class='ocr_line' id='line_1_17' title="bbox 394 1567 2060 1641; baseline -0.001 -17"><span class='ocrx_word' id='word_1_109' title='bbox 394 1567 953 1635; x_wconf 80' lang='lat' dir='ltr'><strong>ﬂxadecretis,nulla</strong></span> <span class='ocrx_word' id='word_1_110' title='bbox 968 1568 1603 1641; x_wconf 89' lang='lat' dir='ltr'><strong>possuntimprobitate</strong></span> <span class='ocrx_word' id='word_1_111' title='bbox 1624 1567 2060 1636; x_wconf 89' lang='lat' dir='ltr'><strong>convelli,nulla</strong></span> 
     </span>
    </p>
   </div>
   <div class='ocr_carea' id='block_1_18' title="bbox 393 1656 2053 1730">
    <p class='ocr_par' dir='ltr' id='par_1_18' title="bbox 393 1656 2053 1730">
     <span class='ocr_line' id='line_1_18' title="bbox 393 1656 2053 1730; baseline -0.001 -15"><span class='ocrx_word' id='word_1_112' title='bbox 393 1656 727 1729; x_wconf 87' lang='lat' dir='ltr'><strong>novitate(d)</strong></span> <span class='ocrx_word' id='word_1_113' title='bbox 748 1657 983 1712; x_wconf 90' lang='lat' dir='ltr'><strong>mutari.</strong></span> <span class='ocrx_word' id='word_1_114' title='bbox 1002 1661 1067 1713; x_wconf 87' lang='lat' dir='ltr'><strong>In</strong></span> <span class='ocrx_word' id='word_1_115' title='bbox 1094 1672 1209 1729; x_wconf 91' lang='lat' dir='ltr'><strong>quo</strong></span> <span class='ocrx_word' id='word_1_116' title='bbox 1226 1674 1419 1730; x_wconf 90' lang='lat' dir='ltr'><strong>opere,</strong></span> <span class='ocrx_word' id='word_1_117' title='bbox 1438 1656 1778 1712; x_wconf 82' lang='lat' dir='ltr'><strong>auxilliante</strong></span> <span class='ocrx_word' id='word_1_118' title='bbox 1799 1657 2053 1726; x_wconf 88' lang='lat' dir='ltr'><strong>Christo,</strong></span> 
     </span>
    </p>
   </div>
   <div class='ocr_carea' id='block_1_19' title="bbox 392 1746 2132 1833">
    <p class='ocr_par' dir='ltr' id='par_1_19' title="bbox 392 1746 2132 1833">
     <span class='ocr_line' id='line_1_19' title="bbox 392 1746 2132 1833; baseline -0.001 -31"><span class='ocrx_word' id='word_1_119' title='bbox 392 1746 641 1803; x_wconf 82' lang='lat' dir='ltr'><strong>ﬁdeliter</strong></span> <span class='ocrx_word' id='word_1_120' title='bbox 661 1746 1050 1818; x_wconf 87' lang='lat' dir='ltr'><strong>exsequendo,</strong></span> <span class='ocrx_word' id='word_1_121' title='bbox 1075 1762 1312 1803; x_wconf 86' lang='lat' dir='ltr'><strong>necesse</strong></span> <span class='ocrx_word' id='word_1_122' title='bbox 1334 1750 1422 1801; x_wconf 88' lang='lat' dir='ltr'><strong>est</strong></span> <span class='ocrx_word' id='word_1_123' title='bbox 1454 1761 1546 1800; x_wconf 90' lang='lat' dir='ltr'><strong>me</strong></span> <span class='ocrx_word' id='word_1_124' title='bbox 1586 1750 2053 1817; x_wconf 86' lang='lat' dir='ltr'><strong>perseverantem</strong></span> <span class='ocrx_word' id='word_1_125' title='bbox 2086 1766 2132 1833; x_wconf 78' lang='grc' dir='ltr'><strong>Β</strong></span> 
     </span>
    </p>
   </div>
   <div class='ocr_carea' id='block_1_20' title="bbox 392 1834 2051 1907">
    <p class='ocr_par' dir='ltr' id='par_1_20' title="bbox 392 1834 2051 1907">
     <span class='ocr_line' id='line_1_20' title="bbox 392 1834 2051 1907; baseline -0.002 -15"><span class='ocrx_word' id='word_1_126' title='bbox 392 1836 661 1892; x_wconf 87' lang='lat' dir='ltr'><strong>exhibere</strong></span> <span class='ocrx_word' id='word_1_127' title='bbox 682 1834 1063 1891; x_wconf 85' lang='lat' dir='ltr'><strong>famulatum:</strong></span> <span class='ocrx_word' id='word_1_128' title='bbox 1090 1834 1367 1907; x_wconf 89' lang='lat' dir='ltr'><strong>quoniam</strong></span> <span class='ocrx_word' id='word_1_129' title='bbox 1387 1834 1746 1905; x_wconf 88' lang='lat' dir='ltr'><strong>dispensatio</strong></span> <span class='ocrx_word' id='word_1_130' title='bbox 1768 1834 1910 1889; x_wconf 88' lang='lat' dir='ltr'><strong>mihi</strong></span> <span class='ocrx_word' id='word_1_131' title='bbox 1927 1851 2051 1890; x_wconf 90' lang='lat' dir='ltr'><strong>cre-</strong></span> 
     </span>
    </p>
   </div>
   <div class='ocr_carea' id='block_1_21' title="bbox 392 1922 2053 1994">
    <p class='ocr_par' dir='ltr' id='par_1_21' title="bbox 392 1922 2053 1994">
     <span class='ocr_line' id='line_1_21' title="bbox 392 1922 2053 1994; baseline -0.001 -14"><span class='ocrx_word' id='word_1_132' title='bbox 392 1925 514 1980; x_wconf 87' lang='lat' dir='ltr'><strong>dita</strong></span> <span class='ocrx_word' id='word_1_133' title='bbox 542 1929 650 1991; x_wconf 91' lang='lat' dir='ltr'><strong>est,</strong></span> <span class='ocrx_word' id='word_1_134' title='bbox 674 1928 731 1979; x_wconf 94' lang='lat' dir='ltr'><strong>et</strong></span> <span class='ocrx_word' id='word_1_135' title='bbox 754 1924 824 1979; x_wconf 92' lang='lat' dir='ltr'><strong>ad</strong></span> <span class='ocrx_word' id='word_1_136' title='bbox 846 1940 1042 1979; x_wconf 91' lang='lat' dir='ltr'><strong>meum</strong></span> <span class='ocrx_word' id='word_1_137' title='bbox 1070 1924 1255 1978; x_wconf 87' lang='lat' dir='ltr'><strong>tendit</strong></span> <span class='ocrx_word' id='word_1_138' title='bbox 1275 1926 1523 1987; x_wconf 89' lang='lat' dir='ltr'><strong>reatum,</strong></span> <span class='ocrx_word' id='word_1_139' title='bbox 1573 1922 1625 1977; x_wconf 89' lang='lat' dir='ltr'><strong>si</strong></span> <span class='ocrx_word' id='word_1_140' title='bbox 1675 1926 2053 1994; x_wconf 89' lang='lat' dir='ltr'><strong>paternarum</strong></span> 
     </span>
    </p>
   </div>
   <div class='ocr_carea' id='block_1_22' title="bbox 392 2011 2053 2085">
    <p class='ocr_par' dir='ltr' id='par_1_22' title="bbox 392 2011 2053 2085">
     <span class='ocr_line' id='line_1_22' title="bbox 392 2011 2053 2085; baseline -0.001 -17"><span class='ocrx_word' id='word_1_141' title='bbox 392 2012 605 2085; x_wconf 69' lang='lat' dir='ltr'><strong>regula:</strong></span> <span class='ocrx_word' id='word_1_142' title='bbox 636 2012 1029 2078; x_wconf 89' lang='lat' dir='ltr'><strong>sanctionum,</strong></span> <span class='ocrx_word' id='word_1_143' title='bbox 1050 2028 1176 2083; x_wconf 71' lang='lat' dir='ltr'><strong>quae</strong></span> <span class='ocrx_word' id='word_1_144' title='bbox 1195 2012 1252 2065; x_wconf 92' lang='lat' dir='ltr'><strong>in</strong></span> <span class='ocrx_word' id='word_1_145' title='bbox 1274 2012 1493 2083; x_wconf 82' lang='lat' dir='ltr'><strong>synodo</strong></span> <span class='ocrx_word' id='word_1_146' title='bbox 1510 2011 1762 2076; x_wconf 80' lang='lat' dir='ltr'><strong>Nicaena,</strong></span> <span class='ocrx_word' id='word_1_147' title='bbox 1781 2012 1853 2066; x_wconf 91' lang='lat' dir='ltr'><strong>ad</strong></span> <span class='ocrx_word' id='word_1_148' title='bbox 1872 2012 2053 2067; x_wconf 87' lang='lat' dir='ltr'><strong>totius</strong></span> 
     </span>
    </p>
   </div>
   <div class='ocr_carea' id='block_1_23' title="bbox 392 2099 2053 2172">
    <p class='ocr_par' dir='ltr' id='par_1_23' title="bbox 392 2099 2053 2172">
     <span class='ocr_line' id='line_1_23' title="bbox 392 2099 2053 2172; baseline 0 -16"><span class='ocrx_word' id='word_1_149' title='bbox 392 2101 660 2157; x_wconf 69' lang='lat' dir='ltr'><strong>Ecclesiae</strong></span> <span class='ocrx_word' id='word_1_150' title='bbox 685 2101 943 2172; x_wconf 87' lang='lat' dir='ltr'><strong>regimen</strong></span> <span class='ocrx_word' id='word_1_151' title='bbox 964 2100 1185 2172; x_wconf 87' lang='lat' dir='ltr'><strong>Spiritu</strong></span> <span class='ocrx_word' id='word_1_152' title='bbox 1206 2099 1307 2155; x_wconf 94' lang='lat' dir='ltr'><strong>Dei</strong></span> <span class='ocrx_word' id='word_1_153' title='bbox 1338 2099 1690 2167; x_wconf 87' lang='lat' dir='ltr'><strong>instruente,</strong></span> <span class='ocrx_word' id='word_1_154' title='bbox 1732 2105 1873 2155; x_wconf 85' lang='lat' dir='ltr'><strong>sunt</strong></span> <span class='ocrx_word' id='word_1_155' title='bbox 1913 2117 2053 2156; x_wconf 91' lang='lat' dir='ltr'><strong>con-</strong></span> 
     </span>
    </p>
   </div>
   <div class='ocr_carea' id='block_1_24' title="bbox 392 2188 2055 2261">
    <p class='ocr_par' dir='ltr' id='par_1_24' title="bbox 392 2188 2055 2261">
     <span class='ocr_line' id='line_1_24' title="bbox 392 2188 2055 2261; baseline 0 -16"><span class='ocrx_word' id='word_1_156' title='bbox 392 2191 547 2255; x_wconf 67' lang='lat' dir='ltr'><strong>ditae,</strong></span> <span class='ocrx_word' id='word_1_157' title='bbox 564 2206 655 2247; x_wconf 90' lang='lat' dir='ltr'><strong>me</strong></span> <span class='ocrx_word' id='word_1_158' title='bbox 670 2189 849 2260; x_wconf 90' lang='lat' dir='ltr'><strong>(quod</strong></span> <span class='ocrx_word' id='word_1_159' title='bbox 864 2188 1039 2258; x_wconf 89' lang='lat' dir='ltr'><strong>absit)</strong></span> <span class='ocrx_word' id='word_1_160' title='bbox 1058 2188 1423 2253; x_wconf 89' lang='lat' dir='ltr'><strong>connivente,</strong></span> <span class='ocrx_word' id='word_1_161' title='bbox 1436 2188 1761 2256; x_wconf 91' lang='lat' dir='ltr'><strong>violentur;</strong></span> <span class='ocrx_word' id='word_1_162' title='bbox 1778 2194 1835 2244; x_wconf 92' lang='lat' dir='ltr'><strong>et</strong></span> <span class='ocrx_word' id='word_1_163' title='bbox 1864 2191 2055 2261; x_wconf 90' lang='lat' dir='ltr'><strong>major</strong></span> 
     </span>
    </p>
   </div>
   <div class='ocr_carea' id='block_1_25' title="bbox 392 2275 2050 2349">
    <p class='ocr_par' dir='ltr' id='par_1_25' title="bbox 392 2275 2050 2349">
     <span class='ocr_line' id='line_1_25' title="bbox 392 2275 2050 2349; baseline 0.001 -16"><span class='ocrx_word' id='word_1_164' title='bbox 392 2278 471 2334; x_wconf 89' lang='lat' dir='ltr'><strong>sit</strong></span> <span class='ocrx_word' id='word_1_165' title='bbox 489 2278 643 2349; x_wconf 89' lang='lat' dir='ltr'><strong>apud</strong></span> <span class='ocrx_word' id='word_1_166' title='bbox 668 2292 761 2331; x_wconf 89' lang='lat' dir='ltr'><strong>me</strong></span> <span class='ocrx_word' id='word_1_167' title='bbox 796 2276 970 2331; x_wconf 90' lang='lat' dir='ltr'><strong>unius</strong></span> <span class='ocrx_word' id='word_1_168' title='bbox 1002 2275 1201 2331; x_wconf 83' lang='lat' dir='ltr'><strong>fratris</strong></span> <span class='ocrx_word' id='word_1_169' title='bbox 1230 2276 1519 2345; x_wconf 89' lang='lat' dir='ltr'><strong>voluntas,</strong></span> <span class='ocrx_word' id='word_1_170' title='bbox 1553 2293 1732 2348; x_wconf 91' lang='lat' dir='ltr'><strong>quam</strong></span> <span class='ocrx_word' id='word_1_171' title='bbox 1763 2277 2050 2334; x_wconf 64' lang='lat' dir='ltr'><strong>universae</strong></span> 
     </span>
    </p>
   </div>
   <div class='ocr_carea' id='block_1_26' title="bbox 392 2363 1483 2421">
    <p class='ocr_par' dir='ltr' id='par_1_26' title="bbox 392 2363 1483 2421">
     <span class='ocr_line' id='line_1_26' title="bbox 392 2363 1483 2421; baseline -0.002 0"><span class='ocrx_word' id='word_1_172' title='bbox 392 2366 604 2421; x_wconf 91' lang='lat' dir='ltr'><strong>domus</strong></span> <span class='ocrx_word' id='word_1_173' title='bbox 622 2365 852 2421; x_wconf 89' lang='lat' dir='ltr'><strong>Domini</strong></span> <span class='ocrx_word' id='word_1_174' title='bbox 873 2363 1205 2419; x_wconf 89' lang='lat' dir='ltr'><strong>communis</strong></span> <span class='ocrx_word' id='word_1_175' title='bbox 1238 2363 1483 2421; x_wconf 86' lang='lat' dir='ltr'><strong>utilitas.</strong></span> 
     </span>
    </p>
   </div>
   <div class='ocr_carea' id='block_1_27' title="bbox 462 2468 2048 2543">
    <p class='ocr_par' dir='ltr' id='par_1_27' title="bbox 462 2468 2048 2543">
     <span class='ocr_line' id='line_1_27' title="bbox 462 2468 2048 2543; baseline 0.001 -17"><span class='ocrx_word' id='word_1_176' title='bbox 462 2472 595 2526; x_wconf 80' lang='lat' dir='ltr'><strong>CAP.</strong></span> <span class='ocrx_word' id='word_1_177' title='bbox 624 2474 716 2526; x_wconf 78' lang='grc' dir='ltr'><strong>ιν.</strong></span> <span class='ocrx_word' id='word_1_178' title='bbox 744 2501 808 2512; x_wconf 93' lang='grc'><strong>-</strong></span> <span class='ocrx_word' id='word_1_179' title='bbox 833 2471 898 2526; x_wconf 90' lang='lat' dir='ltr'><strong>Et</strong></span> <span class='ocrx_word' id='word_1_180' title='bbox 934 2468 1064 2526; x_wconf 91' lang='lat' dir='ltr'><strong>ideo</strong></span> <span class='ocrx_word' id='word_1_181' title='bbox 1102 2470 1296 2525; x_wconf 91' lang='lat' dir='ltr'><strong>sciens</strong></span> <span class='ocrx_word' id='word_1_182' title='bbox 1323 2468 1638 2543; x_wconf 82' lang='lat' dir='ltr'><strong>gloriosam</strong></span> <span class='ocrx_word' id='word_1_183' title='bbox 1676 2471 2048 2528; x_wconf 89' lang='lat' dir='ltr'><strong>clementiam</strong></span> 
     </span>
    </p>
   </div>
   <div class='ocr_carea' id='block_1_28' title="bbox 388 2559 2041 2631">
    <p class='ocr_par' dir='ltr' id='par_1_28' title="bbox 388 2559 2041 2631">
     <span class='ocr_line' id='line_1_28' title="bbox 388 2559 2041 2631; baseline 0.001 -15"><span class='ocrx_word' id='word_1_184' title='bbox 388 2559 1063 2616; x_wconf 63' lang='lat' dir='ltr'><strong>vestramecclesiasticm</strong></span> <span class='ocrx_word' id='word_1_185' title='bbox 1098 2559 1336 2615; x_wconf 88' lang='lat' dir='ltr'><strong>studere</strong></span> <span class='ocrx_word' id='word_1_186' title='bbox 1371 2560 1716 2631; x_wconf 67' lang='lat' dir='ltr'><strong>concordiae,</strong></span> <span class='ocrx_word' id='word_1_187' title='bbox 1753 2566 1812 2616; x_wconf 90' lang='lat' dir='ltr'><strong>et</strong></span> <span class='ocrx_word' id='word_1_188' title='bbox 1849 2563 2041 2617; x_wconf 68' lang='grc'><strong>1161</strong></span> 
     </span>
    </p>
   </div>
   <div class='ocr_carea' id='block_1_29' title="bbox 391 2648 2048 2722">
    <p class='ocr_par' dir='ltr' id='par_1_29' title="bbox 391 2648 2048 2722">
     <span class='ocr_line' id='line_1_29' title="bbox 391 2648 2048 2722; baseline 0.001 -18"><span class='ocrx_word' id='word_1_189' title='bbox 391 2650 633 2722; x_wconf 70' lang='lat' dir='ltr'><strong>bisquze</strong></span> <span class='ocrx_word' id='word_1_190' title='bbox 648 2649 867 2721; x_wconf 67' lang='lat' dir='ltr'><strong>paciﬁe</strong></span> <span class='ocrx_word' id='word_1_191' title='bbox 901 2652 1235 2720; x_wconf 91' lang='lat' dir='ltr'><strong>congruunt</strong></span> <span class='ocrx_word' id='word_1_192' title='bbox 1259 2648 1495 2715; x_wconf 89' lang='lat' dir='ltr'><strong>unitati,</strong></span> <span class='ocrx_word' id='word_1_193' title='bbox 1532 2648 1867 2721; x_wconf 90' lang='lat' dir='ltr'><strong>piissimum</strong></span> <span class='ocrx_word' id='word_1_194' title='bbox 1901 2667 2048 2722; x_wconf 67' lang='lat' dir='ltr'><strong>prae-</strong></span> 
     </span>
    </p>
   </div>
   <div class='ocr_carea' id='block_1_30' title="bbox 390 2737 2047 2811">
    <p class='ocr_par' dir='ltr' id='par_1_30' title="bbox 390 2737 2047 2811">
     <span class='ocr_line' id='line_1_30' title="bbox 390 2737 2047 2811; baseline -0.001 -16"><span class='ocrx_word' id='word_1_195' title='bbox 390 2744 543 2796; x_wconf 91' lang='lat' dir='ltr'><strong>stare</strong></span> <span class='ocrx_word' id='word_1_196' title='bbox 576 2754 956 2804; x_wconf 90' lang='lat' dir='ltr'><strong>consensum,</strong></span> <span class='ocrx_word' id='word_1_197' title='bbox 982 2754 1185 2809; x_wconf 87' lang='lat' dir='ltr'><strong>precor</strong></span> <span class='ocrx_word' id='word_1_198' title='bbox 1223 2741 1281 2793; x_wconf 91' lang='lat' dir='ltr'><strong>et</strong></span> <span class='ocrx_word' id='word_1_199' title='bbox 1313 2737 1517 2793; x_wconf 91' lang='lat' dir='ltr'><strong>sedula</strong></span> <span class='ocrx_word' id='word_1_200' title='bbox 1539 2738 1913 2811; x_wconf 82' lang='lat' dir='ltr'><strong>suggestione</strong></span> <span class='ocrx_word' id='word_1_201' title='bbox 1944 2756 2047 2793; x_wconf 86' lang='lat' dir='ltr'><strong>vos</strong></span> 
     </span>
    </p>
   </div>
   <div class='ocr_carea' id='block_1_31' title="bbox 389 2826 2049 2899">
    <p class='ocr_par' dir='ltr' id='par_1_31' title="bbox 389 2826 2049 2899">
     <span class='ocr_line' id='line_1_31' title="bbox 389 2826 2049 2899; baseline 0 -17"><span class='ocrx_word' id='word_1_202' title='bbox 389 2830 649 2893; x_wconf 88' lang='lat' dir='ltr'><strong>obsecro,</strong></span> <span class='ocrx_word' id='word_1_203' title='bbox 676 2831 741 2882; x_wconf 94' lang='lat' dir='ltr'><strong>ut</strong></span> <span class='ocrx_word' id='word_1_204' title='bbox 761 2844 942 2882; x_wconf 91' lang='lat' dir='ltr'><strong>ausus</strong></span> <span class='ocrx_word' id='word_1_205' title='bbox 980 2826 1279 2898; x_wconf 90' lang='lat' dir='ltr'><strong>improbos</strong></span> <span class='ocrx_word' id='word_1_206' title='bbox 1300 2826 1510 2881; x_wconf 88' lang='lat' dir='ltr'><strong>unitati</strong></span> <span class='ocrx_word' id='word_1_207' title='bbox 1536 2826 1881 2882; x_wconf 58' lang='lat' dir='ltr'><strong>Christiana:</strong></span> <span class='ocrx_word' id='word_1_208' title='bbox 1897 2827 2049 2899; x_wconf 91' lang='lat' dir='ltr'><strong>paci-</strong></span> 
     </span>
    </p>
   </div>
   <div class='ocr_carea' id='block_1_32' title="bbox 389 2916 2047 2988">
    <p class='ocr_par' dir='ltr' id='par_1_32' title="bbox 389 2916 2047 2988">
     <span class='ocr_line' id='line_1_32' title="bbox 389 2916 2047 2988; baseline 0.001 -17"><span class='ocrx_word' id='word_1_209' title='bbox 389 2933 500 2988; x_wconf 89' lang='lat' dir='ltr'><strong>que</strong></span> <span class='ocrx_word' id='word_1_210' title='bbox 525 2916 849 2973; x_wconf 91' lang='lat' dir='ltr'><strong>contrarios</strong></span> <span class='ocrx_word' id='word_1_211' title='bbox 874 2917 947 2970; x_wconf 88' lang='lat' dir='ltr'><strong>ab</strong></span> <span class='ocrx_word' id='word_1_212' title='bbox 968 2916 1375 2987; x_wconf 88' lang='lat' dir='ltr'><strong>omnipietatis</strong></span> <span class='ocrx_word' id='word_1_213' title='bbox 1406 2920 1606 2972; x_wconf 73' lang='lat' dir='ltr'><strong>vestrae</strong></span> <span class='ocrx_word' id='word_1_214' title='bbox 1638 2916 1919 2972; x_wconf 88' lang='lat' dir='ltr'><strong>abdicetis</strong></span> <span class='ocrx_word' id='word_1_215' title='bbox 1953 2934 2047 2973; x_wconf 90' lang='lat' dir='ltr'><strong>as-</strong></span> 
     </span>
    </p>
   </div>
   <div class='ocr_carea' id='block_1_33' title="bbox 388 3004 2047 3077">
    <p class='ocr_par' dir='ltr' id='par_1_33' title="bbox 388 3004 2047 3077">
     <span class='ocr_line' id='line_1_33' title="bbox 388 3004 2047 3077; baseline 0.001 -17"><span class='ocrx_word' id='word_1_216' title='bbox 388 3021 567 3060; x_wconf 88' lang='lat' dir='ltr'><strong>sensu</strong></span> <span class='ocrx_word' id='word_1_217' title='bbox 595 3010 653 3060; x_wconf 90' lang='lat' dir='ltr'><strong>et</strong></span> <span class='ocrx_word' id='word_1_218' title='bbox 676 3005 872 3059; x_wconf 88' lang='lat' dir='ltr'><strong>fratris</strong></span> <span class='ocrx_word' id='word_1_219' title='bbox 895 3004 1011 3059; x_wconf 91' lang='lat' dir='ltr'><strong>mei</strong></span> <span class='ocrx_word' id='word_1_220' title='bbox 1038 3004 1288 3060; x_wconf 89' lang='lat' dir='ltr'><strong>Anatolii</strong></span> <span class='ocrx_word' id='word_1_221' title='bbox 1313 3005 1641 3060; x_wconf 85' lang='lat' dir='ltr'><strong>nocituram</strong></span> <span class='ocrx_word' id='word_1_222' title='bbox 1677 3004 1813 3077; x_wconf 91' lang='lat' dir='ltr'><strong>ipsi,</strong></span> <span class='ocrx_word' id='word_1_223' title='bbox 1847 3005 1894 3060; x_wconf 92' lang='lat' dir='ltr'><strong>si</strong></span> <span class='ocrx_word' id='word_1_224' title='bbox 1922 3022 2047 3077; x_wconf 90' lang='lat' dir='ltr'><strong>per-</strong></span> 
     </span>
    </p>
   </div>
   <div class='ocr_carea' id='block_1_34' title="bbox 388 3090 2046 3166">
    <p class='ocr_par' dir='ltr' id='par_1_34' title="bbox 388 3090 2046 3166">
     <span class='ocr_line' id='line_1_34' title="bbox 388 3090 2046 3166; baseline 0 -17"><span class='ocrx_word' id='word_1_225' title='bbox 388 3094 622 3162; x_wconf 86' lang='lat' dir='ltr'><strong>stiterit,</strong></span> <span class='ocrx_word' id='word_1_226' title='bbox 648 3093 1027 3165; x_wconf 87' lang='lat' dir='ltr'><strong>cupiditatem</strong></span> <span class='ocrx_word' id='word_1_227' title='bbox 1050 3090 1365 3149; x_wconf 89' lang='lat' dir='ltr'><strong>salubriter</strong></span> <span class='ocrx_word' id='word_1_228' title='bbox 1400 3094 1832 3166; x_wconf 89' lang='lat' dir='ltr'><strong>comprimatis:</strong></span> <span class='ocrx_word' id='word_1_229' title='bbox 1876 3112 1947 3149; x_wconf 90' lang='lat' dir='ltr'><strong>ne</strong></span> <span class='ocrx_word' id='word_1_230' title='bbox 1978 3112 2046 3150; x_wconf 90' lang='lat' dir='ltr'><strong>ea</strong></span> 
     </span>
    </p>
   </div>
   <div class='ocr_carea' id='block_1_35' title="bbox 389 3180 2046 3255">
    <p class='ocr_par' dir='ltr' id='par_1_35' title="bbox 389 3180 2046 3255">
     <span class='ocr_line' id='line_1_35' title="bbox 389 3180 2046 3255; baseline 0.001 -18"><span class='ocrx_word' id='word_1_231' title='bbox 389 3200 516 3254; x_wconf 73' lang='lat' dir='ltr'><strong>qua:</strong></span> <span class='ocrx_word' id='word_1_232' title='bbox 532 3186 734 3239; x_wconf 64' lang='lat' dir='ltr'><strong>vestra</strong></span> <span class='ocrx_word' id='word_1_233' title='bbox 758 3180 953 3255; x_wconf 74' lang='lat' dir='ltr'><strong>glorize</strong></span> <span class='ocrx_word' id='word_1_234' title='bbox 969 3186 1144 3254; x_wconf 90' lang='lat' dir='ltr'><strong>atque</strong></span> <span class='ocrx_word' id='word_1_235' title='bbox 1164 3183 1528 3255; x_wconf 90' lang='lat' dir='ltr'><strong>temporibus</strong></span> <span class='ocrx_word' id='word_1_236' title='bbox 1547 3182 1784 3237; x_wconf 88' lang='lat' dir='ltr'><strong>inimica</strong></span> <span class='ocrx_word' id='word_1_237' title='bbox 1800 3188 2046 3239; x_wconf 90' lang='lat' dir='ltr'><strong>suntcu-</strong></span> 
     </span>
    </p>
   </div>
   <div class='ocr_carea' id='block_1_36' title="bbox 388 3269 2044 3343">
    <p class='ocr_par' dir='ltr' id='par_1_36' title="bbox 388 3269 2044 3343">
     <span class='ocr_line' id='line_1_36' title="bbox 388 3269 2044 3343; baseline 0.002 -19"><span class='ocrx_word' id='word_1_238' title='bbox 388 3271 576 3343; x_wconf 89' lang='lat' dir='ltr'><strong>piens,</strong></span> <span class='ocrx_word' id='word_1_239' title='bbox 606 3271 795 3341; x_wconf 88' lang='lat' dir='ltr'><strong>major</strong></span> <span class='ocrx_word' id='word_1_240' title='bbox 829 3269 955 3325; x_wconf 89' lang='lat' dir='ltr'><strong>suis</strong></span> <span class='ocrx_word' id='word_1_241' title='bbox 987 3269 1124 3325; x_wconf 90' lang='lat' dir='ltr'><strong>velit</strong></span> <span class='ocrx_word' id='word_1_242' title='bbox 1150 3285 1279 3325; x_wconf 89' lang='lat' dir='ltr'><strong>esse</strong></span> <span class='ocrx_word' id='word_1_243' title='bbox 1309 3271 1604 3342; x_wconf 88' lang='lat' dir='ltr'><strong>prioribus</strong></span> <span class='ocrx_word' id='word_1_244' title='bbox 1630 3289 1643 3337; x_wconf 88' lang='lat'><strong>;</strong></span> <span class='ocrx_word' id='word_1_245' title='bbox 1677 3271 2044 3343; x_wconf 90' lang='lat' dir='ltr'><strong>liberumque</strong></span> 
     </span>
    </p>
   </div>
   <div class='ocr_carea' id='block_1_37' title="bbox 388 3356 2044 3431">
    <p class='ocr_par' dir='ltr' id='par_1_37' title="bbox 388 3356 2044 3431">
     <span class='ocr_line' id='line_1_37' title="bbox 388 3356 2044 3431; baseline 0.001 -17"><span class='ocrx_word' id='word_1_246' title='bbox 388 3359 472 3414; x_wconf 91' lang='lat' dir='ltr'><strong>illi</strong></span> <span class='ocrx_word' id='word_1_247' title='bbox 486 3359 563 3415; x_wconf 90' lang='lat' dir='ltr'><strong>sit</strong></span> <span class='ocrx_word' id='word_1_248' title='bbox 580 3359 817 3431; x_wconf 86' lang='lat' dir='ltr'><strong>quantis</strong></span> <span class='ocrx_word' id='word_1_249' title='bbox 833 3356 1404 3430; x_wconf 90' lang='lat' dir='ltr'><strong>potueritsplendere</strong></span> <span class='ocrx_word' id='word_1_250' title='bbox 1418 3358 1735 3415; x_wconf 90' lang='lat' dir='ltr'><strong>virtutibus</strong></span> <span class='ocrx_word' id='word_1_251' title='bbox 1760 3377 1773 3426; x_wconf 89' lang='lat'><strong>;</strong></span> <span class='ocrx_word' id='word_1_252' title='bbox 1793 3376 2044 3431; x_wconf 90' lang='lat' dir='ltr'><strong>quarum</strong></span> 
     </span>
    </p>
   </div>
   <div class='ocr_carea' id='block_1_38' title="bbox 386 3446 2045 3520">
    <p class='ocr_par' dir='ltr' id='par_1_38' title="bbox 386 3446 2045 3520">
     <span class='ocr_line' id='line_1_38' title="bbox 386 3446 2045 3520; baseline 0.001 -18"><span class='ocrx_word' id='word_1_253' title='bbox 386 3466 499 3503; x_wconf 92' lang='lat' dir='ltr'><strong>non</strong></span> <span class='ocrx_word' id='word_1_254' title='bbox 524 3446 692 3502; x_wconf 90' lang='lat' dir='ltr'><strong>aliter</strong></span> <span class='ocrx_word' id='word_1_255' title='bbox 712 3446 1005 3518; x_wconf 88' lang='lat' dir='ltr'><strong>particeps</strong></span> <span class='ocrx_word' id='word_1_256' title='bbox 1024 3446 1156 3515; x_wconf 88' lang='lat' dir='ltr'><strong>erit,</strong></span> <span class='ocrx_word' id='word_1_257' title='bbox 1180 3446 1295 3501; x_wconf 88' lang='lat' dir='ltr'><strong>nisi</strong></span> <span class='ocrx_word' id='word_1_258' title='bbox 1317 3446 1600 3502; x_wconf 90' lang='lat' dir='ltr'><strong>charitate</strong></span> <span class='ocrx_word' id='word_1_259' title='bbox 1634 3449 1822 3520; x_wconf 90' lang='lat' dir='ltr'><strong>magis</strong></span> <span class='ocrx_word' id='word_1_260' title='bbox 1854 3448 2045 3504; x_wconf 89' lang='lat' dir='ltr'><strong>volue-</strong></span> 
     </span>
    </p>
   </div>
   <div class='ocr_carea' id='block_1_39' title="bbox 385 3534 2044 3606">
    <p class='ocr_par' dir='ltr' id='par_1_39' title="bbox 385 3534 2044 3606">
     <span class='ocr_line' id='line_1_39' title="bbox 385 3534 2044 3606; baseline 0.001 -16"><span class='ocrx_word' id='word_1_261' title='bbox 385 3536 463 3590; x_wconf 88' lang='lat' dir='ltr'><strong>rit</strong></span> <span class='ocrx_word' id='word_1_262' title='bbox 483 3535 678 3591; x_wconf 89' lang='lat' dir='ltr'><strong>ornari</strong></span> <span class='ocrx_word' id='word_1_263' title='bbox 700 3551 875 3606; x_wconf 89' lang='lat' dir='ltr'><strong>quem</strong></span> <span class='ocrx_word' id='word_1_264' title='bbox 898 3534 1218 3589; x_wconf 90' lang='lat' dir='ltr'><strong>ambitione</strong></span> <span class='ocrx_word' id='word_1_265' title='bbox 1240 3535 1513 3591; x_wconf 90' lang='lat' dir='ltr'><strong>distendi.</strong></span> <span class='ocrx_word' id='word_1_266' title='bbox 1530 3535 1689 3591; x_wconf 90' lang='lat' dir='ltr'><strong>Hanc</strong></span> <span class='ocrx_word' id='word_1_267' title='bbox 1707 3541 1901 3592; x_wconf 91' lang='lat' dir='ltr'><strong>autem</strong></span> <span class='ocrx_word' id='word_1_268' title='bbox 1934 3537 2044 3592; x_wconf 88' lang='lat' dir='ltr'><strong>im-</strong></span> 
     </span>
    </p>
   </div>
   <div class='ocr_carea' id='block_1_40' title="bbox 381 3622 2043 3696">
    <p class='ocr_par' dir='ltr' id='par_1_40' title="bbox 381 3622 2043 3696">
     <span class='ocr_line' id='line_1_40' title="bbox 381 3622 2043 3696; baseline 0.002 -19"><span class='ocrx_word' id='word_1_269' title='bbox 381 3623 548 3695; x_wconf 91' lang='lat' dir='ltr'><strong>probi</strong></span> <span class='ocrx_word' id='word_1_270' title='bbox 568 3622 1300 3693; x_wconf 88' lang='lat' dir='ltr'><strong>desideriiconceptionem</strong></span> <span class='ocrx_word' id='word_1_271' title='bbox 1316 3639 1639 3695; x_wconf 90' lang='lat' dir='ltr'><strong>numquam</strong></span> <span class='ocrx_word' id='word_1_272' title='bbox 1668 3624 1907 3696; x_wconf 90' lang='lat' dir='ltr'><strong>quidem</strong></span> <span class='ocrx_word' id='word_1_273' title='bbox 1942 3626 2043 3681; x_wconf 88' lang='lat' dir='ltr'><strong>de-</strong></span> 
     </span>
    </p>
   </div>
   <div class='ocr_carea' id='block_1_41' title="bbox 383 3709 2042 3782">
    <p class='ocr_par' dir='ltr' id='par_1_41' title="bbox 383 3709 2042 3782">
     <span class='ocr_line' id='line_1_41' title="bbox 383 3709 2042 3782; baseline 0.001 -16"><span class='ocrx_word' id='word_1_274' title='bbox 383 3712 509 3767; x_wconf 90' lang='lat' dir='ltr'><strong>buit</strong></span> <span class='ocrx_word' id='word_1_275' title='bbox 528 3710 684 3765; x_wconf 90' lang='lat' dir='ltr'><strong>intra</strong></span> <span class='ocrx_word' id='word_1_276' title='bbox 712 3710 903 3765; x_wconf 91' lang='lat' dir='ltr'><strong>cordis</strong></span> <span class='ocrx_word' id='word_1_277' title='bbox 919 3709 1285 3782; x_wconf 88' lang='lat' dir='ltr'><strong>suirecipere</strong></span> <span class='ocrx_word' id='word_1_278' title='bbox 1314 3714 1753 3781; x_wconf 89' lang='lat' dir='ltr'><strong>secretum;sed</strong></span> <span class='ocrx_word' id='word_1_279' title='bbox 1790 3731 1924 3770; x_wconf 90' lang='lat' dir='ltr'><strong>cum</strong></span> <span class='ocrx_word' id='word_1_280' title='bbox 1957 3713 2042 3769; x_wconf 92' lang='lat' dir='ltr'><strong>illi</strong></span> 
     </span>
    </p>
   </div>
   <div class='ocr_carea' id='block_1_42' title="bbox 378 3797 2042 3872">
    <p class='ocr_par' dir='ltr' id='par_1_42' title="bbox 378 3797 2042 3872">
     <span class='ocr_line' id='line_1_42' title="bbox 378 3797 2042 3872; baseline 0.003 -18"><span class='ocrx_word' id='word_1_281' title='bbox 378 3800 448 3872; x_wconf 85' lang='lat' dir='ltr'><strong>(e)</strong></span> <span class='ocrx_word' id='word_1_282' title='bbox 458 3798 662 3854; x_wconf 85' lang='lat' dir='ltr'><strong>fratres</strong></span> <span class='ocrx_word' id='word_1_283' title='bbox 674 3802 731 3854; x_wconf 92' lang='lat' dir='ltr'><strong>et</strong></span> <span class='ocrx_word' id='word_1_284' title='bbox 746 3797 1078 3870; x_wconf 84' lang='lat' dir='ltr'><strong>coepiscOpi</strong></span> <span class='ocrx_word' id='word_1_285' title='bbox 1095 3800 1229 3867; x_wconf 91' lang='lat' dir='ltr'><strong>mei,</strong></span> <span class='ocrx_word' id='word_1_286' title='bbox 1246 3799 1346 3871; x_wconf 91' lang='lat' dir='ltr'><strong>qui</strong></span> <span class='ocrx_word' id='word_1_287' title='bbox 1365 3799 1484 3856; x_wconf 87' lang='lat' dir='ltr'><strong>vice</strong></span> <span class='ocrx_word' id='word_1_288' title='bbox 1506 3819 1634 3857; x_wconf 88' lang='lat' dir='ltr'><strong>mea</strong></span> <span class='ocrx_word' id='word_1_289' title='bbox 1651 3803 1914 3871; x_wconf 88' lang='lat' dir='ltr'><strong>aderant,</strong></span> <span class='ocrx_word' id='word_1_290' title='bbox 1940 3801 2042 3858; x_wconf 89' lang='lat' dir='ltr'><strong>ob-</strong></span> 
     </span>
    </p>
   </div>
   <div class='ocr_carea' id='block_1_43' title="bbox 376 3886 2041 3962">
    <p class='ocr_par' dir='ltr' id='par_1_43' title="bbox 376 3886 2041 3962">
     <span class='ocr_line' id='line_1_43' title="bbox 376 3886 2041 3962; baseline 0.002 -19"><span class='ocrx_word' id='word_1_291' title='bbox 376 3887 700 3956; x_wconf 81' lang='lat' dir='ltr'><strong>viarent,ab</strong></span> <span class='ocrx_word' id='word_1_292' title='bbox 714 3886 916 3943; x_wconf 91' lang='lat' dir='ltr'><strong>illicito</strong></span> <span class='ocrx_word' id='word_1_293' title='bbox 938 3887 1196 3961; x_wconf 87' lang='lat' dir='ltr'><strong>appetito</strong></span> <span class='ocrx_word' id='word_1_294' title='bbox 1209 3904 1278 3943; x_wconf 81' lang='lat' dir='ltr'><strong>ex</strong></span> <span class='ocrx_word' id='word_1_295' title='bbox 1291 3904 1493 3944; x_wconf 91' lang='lat' dir='ltr'><strong>eorum</strong></span> <span class='ocrx_word' id='word_1_296' title='bbox 1509 3892 1575 3962; x_wconf 70' lang='grc' dir='ltr'><strong>(Γ)</strong></span> <span class='ocrx_word' id='word_1_297' title='bbox 1589 3891 1798 3947; x_wconf 88' lang='lat' dir='ltr'><strong>saltem</strong></span> <span class='ocrx_word' id='word_1_298' title='bbox 1815 3891 2041 3947; x_wconf 87' lang='lat' dir='ltr'><strong>salubri</strong></span> 
     </span>
    </p>
   </div>
   <div class='ocr_carea' id='block_1_44' title="bbox 376 3975 2040 4053">
    <p class='ocr_par' dir='ltr' id='par_1_44' title="bbox 376 3975 2040 4053">
     <span class='ocr_line' id='line_1_44' title="bbox 376 3975 2040 4053; baseline 0.001 -20"><span class='ocrx_word' id='word_1_299' title='bbox 376 3975 834 4034; x_wconf 90' lang='lat' dir='ltr'><strong>contradictione</strong></span> <span class='ocrx_word' id='word_1_300' title='bbox 853 3981 1163 4033; x_wconf 88' lang='lat' dir='ltr'><strong>cessasset.</strong></span> <span class='ocrx_word' id='word_1_301' title='bbox 1183 3977 1330 4033; x_wconf 91' lang='lat' dir='ltr'><strong>Nam</strong></span> <span class='ocrx_word' id='word_1_302' title='bbox 1346 3982 1403 4033; x_wconf 89' lang='lat' dir='ltr'><strong>et</strong></span> <span class='ocrx_word' id='word_1_303' title='bbox 1425 3984 1631 4035; x_wconf 63' lang='lat' dir='ltr'><strong>vestra</strong></span> <span class='ocrx_word' id='word_1_304' title='bbox 1654 3980 1886 4052; x_wconf 89' lang='lat' dir='ltr'><strong>pietatis</strong></span> <span class='ocrx_word' id='word_1_305' title='bbox 1917 3980 2040 4053; x_wconf 87' lang='lat' dir='ltr'><strong>api-</strong></span> 
     </span>
    </p>
   </div>
   <div class='ocr_carea' id='block_1_45' title="bbox 376 4065 2041 4141">
    <p class='ocr_par' dir='ltr' id='par_1_45' title="bbox 376 4065 2041 4141">
     <span class='ocr_line' id='line_1_45' title="bbox 376 4065 2041 4141; baseline 0.002 -20"><span class='ocrx_word' id='word_1_306' title='bbox 376 4082 491 4134; x_wconf 89' lang='lat' dir='ltr'><strong>ces,</strong></span> <span class='ocrx_word' id='word_1_307' title='bbox 516 4070 572 4122; x_wconf 91' lang='lat' dir='ltr'><strong>et</strong></span> <span class='ocrx_word' id='word_1_308' title='bbox 593 4065 782 4137; x_wconf 89' lang='lat' dir='ltr'><strong>ipsius</strong></span> <span class='ocrx_word' id='word_1_309' title='bbox 804 4065 1029 4138; x_wconf 88' lang='lat' dir='ltr'><strong>scripta</strong></span> <span class='ocrx_word' id='word_1_310' title='bbox 1050 4065 1372 4133; x_wconf 90' lang='lat' dir='ltr'><strong>declarant,</strong></span> <span class='ocrx_word' id='word_1_311' title='bbox 1394 4066 1617 4140; x_wconf 85' lang='lat' dir='ltr'><strong>legatos</strong></span> <span class='ocrx_word' id='word_1_312' title='bbox 1634 4069 1791 4124; x_wconf 91' lang='lat' dir='ltr'><strong>sedis</strong></span> <span class='ocrx_word' id='word_1_313' title='bbox 1812 4074 2041 4141; x_wconf 84' lang='lat' dir='ltr'><strong>aposto-</strong></span> 
     </span>
    </p>
   </div>
   <div class='ocr_carea' id='block_1_46' title="bbox 374 4154 2042 4231">
    <p class='ocr_par' dir='ltr' id='par_1_46' title="bbox 374 4154 2042 4231">
     <span class='ocr_line' id='line_1_46' title="bbox 374 4154 2042 4231; baseline 0.003 -22"><span class='ocrx_word' id='word_1_314' title='bbox 374 4154 681 4224; x_wconf 70' lang='lat' dir='ltr'><strong>licaa,sicut</strong></span> <span class='ocrx_word' id='word_1_315' title='bbox 696 4154 975 4228; x_wconf 83' lang='lat' dir='ltr'><strong>oportuit.</strong></span> <span class='ocrx_word' id='word_1_316' title='bbox 988 4156 1451 4213; x_wconf 88' lang='lat' dir='ltr'><strong>contradictione</strong></span> <span class='ocrx_word' id='word_1_317' title='bbox 1459 4157 2042 4231; x_wconf 87' lang='lat' dir='ltr'><strong>justissima(g)resti-</strong></span> 
     </span>
    </p>
   </div>
   <div class='ocr_carea' id='block_1_47' title="bbox 446 4332 2043 4405">
    <p class='ocr_par' dir='ltr' id='par_1_47' title="bbox 446 4332 2043 4405">
     <span class='ocr_line' id='line_1_47' title="bbox 446 4332 2043 4405; baseline 0.003 -17"><span class='ocrx_word' id='word_1_318' title='bbox 446 4332 524 4405; x_wconf 89' lang='lat' dir='ltr'><strong>(a)</strong></span> <span class='ocrx_word' id='word_1_319' title='bbox 546 4332 897 4389; x_wconf 87' lang='lat' dir='ltr'><strong>Adverbium</strong></span> <span class='ocrx_word' id='word_1_320' title='bbox 918 4336 1060 4390; x_wconf 80' lang='lat' dir='ltr'><strong>mire</strong></span> <span class='ocrx_word' id='word_1_321' title='bbox 1078 4333 1333 4390; x_wconf 90' lang='lat' dir='ltr'><strong>inseruit</strong></span> <span class='ocrx_word' id='word_1_322' title='bbox 1353 4334 1703 4399; x_wconf 88' lang='lat' dir='ltr'><strong>Quesnellus</strong></span> <span class='ocrx_word' id='word_1_323' title='bbox 1728 4352 1741 4391; x_wconf 88' lang='lat'>:</span> <span class='ocrx_word' id='word_1_324' title='bbox 1774 4335 2043 4392; x_wconf 88' lang='lat' dir='ltr'><strong>omnium</strong></span> 
     </span>
    </p>
   </div>
   <div class='ocr_carea' id='block_1_48' title="bbox 373 4405 2043 4462">
    <p class='ocr_par' dir='ltr' id='par_1_48' title="bbox 373 4405 2043 4462">
     <span class='ocr_line' id='line_1_48' title="bbox 373 4405 2043 4462; baseline 0.002 -4"><span class='ocrx_word' id='word_1_325' title='bbox 373 4410 709 4460; x_wconf 89' lang='lat' dir='ltr'><strong>nostrorum</strong></span> <span class='ocrx_word' id='word_1_326' title='bbox 735 4406 1003 4462; x_wconf 91' lang='lat' dir='ltr'><strong>codicum</strong></span> <span class='ocrx_word' id='word_1_327' title='bbox 1026 4410 1083 4461; x_wconf 91' lang='lat' dir='ltr'><strong>et</strong></span> <span class='ocrx_word' id='word_1_328' title='bbox 1105 4405 1355 4461; x_wconf 90' lang='lat' dir='ltr'><strong>aliarum</strong></span> <span class='ocrx_word' id='word_1_329' title='bbox 1371 4407 1547 4461; x_wconf 90' lang='lat' dir='ltr'><strong>etiam</strong></span> <span class='ocrx_word' id='word_1_330' title='bbox 1580 4407 1907 4462; x_wconf 90' lang='lat' dir='ltr'><strong>editionum</strong></span> <span class='ocrx_word' id='word_1_331' title='bbox 1940 4425 2043 4462; x_wconf 85' lang='lat' dir='ltr'><strong>au-</strong></span> 
     </span>
    </p>
   </div>
   <div class='ocr_carea' id='block_1_49' title="bbox 372 4475 2041 4549">
    <p class='ocr_par' dir='ltr' id='par_1_49' title="bbox 372 4475 2041 4549">
     <span class='ocr_line' id='line_1_49' title="bbox 372 4475 2041 4549; baseline 0.002 -19"><span class='ocrx_word' id='word_1_332' title='bbox 372 4475 1276 4549; x_wconf 62' lang='lat' dir='ltr'><strong>ctoritatedelevimussimiliter</strong></span> <span class='ocrx_word' id='word_1_333' title='bbox 1291 4478 1683 4549; x_wconf 82' lang='lat' dir='ltr'><strong>expunximus</strong></span> <span class='ocrx_word' id='word_1_334' title='bbox 1699 4478 2041 4534; x_wconf 88' lang='lat' dir='ltr'><strong>adverbium</strong></span> 
     </span>
    </p>
   </div>
   <div class='ocr_carea' id='block_1_50' title="bbox 374 4546 2897 4676">
    <p class='ocr_par' dir='ltr' id='par_1_50' title="bbox 374 4546 2897 4676">
     <span class='ocr_line' id='line_1_50' title="bbox 374 4546 2897 4620; baseline 0 -18"><span class='ocrx_word' id='word_1_335' title='bbox 374 4546 474 4602; x_wconf 86' lang='lat' dir='ltr'><strong>Sed</strong></span> <span class='ocrx_word' id='word_1_336' title='bbox 495 4546 847 4610; x_wconf 90' lang='lat' dir='ltr'><strong>aQuesnello</strong></span> <span class='ocrx_word' id='word_1_337' title='bbox 910 4548 1249 4620; x_wconf 61' lang='lat' dir='ltr'><strong>repositum</strong></span> <span class='ocrx_word' id='word_1_338' title='bbox 1271 4546 1395 4604; x_wconf 70' lang='lat' dir='ltr'><strong>voci</strong></span> <span class='ocrx_word' id='word_1_339' title='bbox 1426 4551 1685 4620; x_wconf 80' lang='lat' dir='ltr'><strong>Propria,</strong></span> <span class='ocrx_word' id='word_1_340' title='bbox 1709 4565 1844 4604; x_wconf 93' lang='lat' dir='ltr'><strong>cum</strong></span> <span class='ocrx_word' id='word_1_341' title='bbox 1879 4550 2034 4605; x_wconf 87' lang='lat' dir='ltr'><strong>desi-</strong></span> <span class='ocrx_word' id='word_1_342' title='bbox 2144 4546 2286 4605; x_wconf 56' lang='lat' dir='ltr'><strong>Utri&#39;</strong></span> <span class='ocrx_word' id='word_1_343' title='bbox 2320 4563 2391 4602; x_wconf 91' lang='lat' dir='ltr'><strong>ue</strong></span> <span class='ocrx_word' id='word_1_344' title='bbox 2410 4546 2575 4603; x_wconf 86' lang='lat' dir='ltr'><strong>codd.</strong></span> <span class='ocrx_word' id='word_1_345' title='bbox 2601 4548 2897 4604; x_wconf 86' lang='lat' dir='ltr'><strong>Vindebon</strong></span> 
     </span>
     <span class='ocr_line' id='line_1_51' title="bbox 374 4565 2897 4676; baseline -0 -2"><span class='ocrx_word' id='word_1_346' title='bbox 374 4619 606 4674; x_wconf 89' lang='lat' dir='ltr'><strong>deretur</strong></span> <span class='ocrx_word' id='word_1_347' title='bbox 646 4634 759 4673; x_wconf 90' lang='lat' dir='ltr'><strong>non</strong></span> <span class='ocrx_word' id='word_1_348' title='bbox 798 4566 993 4675; x_wconf 63' lang='lat' dir='ltr'><strong>eorum</strong></span> <span class='ocrx_word' id='word_1_349' title='bbox 1035 4619 1095 4673; x_wconf 90' lang='lat' dir='ltr'><strong>in</strong></span> <span class='ocrx_word' id='word_1_350' title='bbox 1144 4620 1539 4676; x_wconf 89' lang='lat' dir='ltr'><strong>anterioribus</strong></span> <span class='ocrx_word' id='word_1_351' title='bbox 1578 4620 1780 4676; x_wconf 86' lang='lat' dir='ltr'><strong>editis.</strong></span> <span class='ocrx_word' id='word_1_352' title='bbox 1829 4637 2033 4676; x_wconf 89' lang='lat' dir='ltr'><strong>verum</strong></span> <span class='ocrx_word' id='word_1_353' title='bbox 2062 4579 2110 4645; x_wconf 70' lang='grc' dir='ltr'><strong>Β</strong></span> <span class='ocrx_word' id='word_1_354' title='bbox 2147 4622 2207 4676; x_wconf 84' lang='grc'><strong>11</strong></span> <span class='ocrx_word' id='word_1_355' title='bbox 2236 4565 2388 4675; x_wconf 61' lang='lat' dir='ltr'><strong>dglet</strong></span> <span class='ocrx_word' id='word_1_356' title='bbox 2408 4619 2897 4675; x_wconf 75' lang='lat' dir='ltr'><strong>saltemetsalubri</strong></span> 
     </span>
    </p>
   </div>
   <div class='ocr_carea' id='block_1_51' title="bbox 2277 4635 2914 4675">
    <p class='ocr_par' dir='ltr' id='par_1_51' title="bbox 2277 4635 2914 4675">
     <span class='ocr_line' id='line_1_52' title="bbox 2277 4635 2914 4675; baseline 0 -1"><span class='ocrx_word' id='word_1_357' title='bbox 2277 4635 2388 4675; x_wconf 76' lang='grc' dir='ltr'><strong>θιθι</strong></span> <span class='ocrx_word' id='word_1_358' title='bbox 2408 4635 2600 4675; x_wconf 72' lang='lat' dir='ltr'><strong>saltem</strong></span> <span class='ocrx_word' id='word_1_359' title='bbox 2612 4635 2668 4675; x_wconf 72' lang='grc' dir='ltr'><strong>ει</strong></span> <span class='ocrx_word' id='word_1_360' title='bbox 2682 4635 2914 4674; x_wconf 75' lang='lat' dir='ltr'><strong>samem.</strong></span> 
     </span>
    </p>
   </div>
   <div class='ocr_carea' id='block_1_52' title="bbox 372 4619 2033 4687">
    <p class='ocr_par' dir='ltr' id='par_1_52' title="bbox 372 4619 2033 4687">
     <span class='ocr_line' id='line_1_53' title="bbox 372 4619 2033 4687; baseline 0.001 -13"><span class='ocrx_word' id='word_1_361' title='bbox 372 4619 606 4674; x_wconf 90' lang='lat' dir='ltr'><strong>deretur</strong></span> <span class='ocrx_word' id='word_1_362' title='bbox 646 4634 759 4673; x_wconf 90' lang='lat' dir='ltr'><strong>non</strong></span> <span class='ocrx_word' id='word_1_363' title='bbox 798 4619 1007 4675; x_wconf 84' lang='lat' dir='ltr'><strong>solum</strong></span> <span class='ocrx_word' id='word_1_364' title='bbox 1035 4619 1095 4673; x_wconf 90' lang='lat' dir='ltr'><strong>in</strong></span> <span class='ocrx_word' id='word_1_365' title='bbox 1144 4619 1543 4676; x_wconf 87' lang='lat' dir='ltr'><strong>anterioribus</strong></span> <span class='ocrx_word' id='word_1_366' title='bbox 1578 4620 1780 4687; x_wconf 85' lang='lat' dir='ltr'><strong>editis,</strong></span> <span class='ocrx_word' id='word_1_367' title='bbox 1829 4637 2033 4676; x_wconf 89' lang='lat' dir='ltr'><strong>verum</strong></span> 
     </span>
    </p>
   </div>
   <div class='ocr_carea' id='block_1_53' title="bbox 372 4688 2038 4764">
    <p class='ocr_par' dir='ltr' id='par_1_53' title="bbox 372 4688 2038 4764">
     <span class='ocr_line' id='line_1_54' title="bbox 372 4688 2038 4764; baseline 0.003 -22"><span class='ocrx_word' id='word_1_368' title='bbox 372 4689 549 4764; x_wconf 72' lang='lat' dir='ltr'><strong>etiam</strong></span> <span class='ocrx_word' id='word_1_369' title='bbox 569 4688 628 4742; x_wconf 91' lang='lat' dir='ltr'><strong>in</strong></span> <span class='ocrx_word' id='word_1_370' title='bbox 645 4689 1335 4764; x_wconf 70' lang='lat' dir='ltr'><strong>praestantioribuscodd.</strong></span> <span class='ocrx_word' id='word_1_371' title='bbox 1358 4692 1484 4764; x_wconf 83' lang='lat' dir='ltr'><strong>Rati</strong></span> <span class='ocrx_word' id='word_1_372' title='bbox 1493 4690 1882 4764; x_wconf 83' lang='lat' dir='ltr'><strong>sp.,utrisque</strong></span> <span class='ocrx_word' id='word_1_373' title='bbox 1900 4692 2038 4747; x_wconf 85' lang='lat' dir='ltr'><strong>Vin-</strong></span> 
     </span>
    </p>
   </div>
   <div class='ocr_carea' id='block_1_54' title="bbox 373 4758 2029 4832">
    <p class='ocr_par' dir='ltr' id='par_1_54' title="bbox 373 4758 2029 4832">
     <span class='ocr_line' id='line_1_55' title="bbox 373 4758 2029 4832; baseline 0.002 -17"><span class='ocrx_word' id='word_1_374' title='bbox 373 4760 585 4815; x_wconf 91' lang='lat' dir='ltr'><strong>debon.</strong></span> <span class='ocrx_word' id='word_1_375' title='bbox 611 4758 832 4832; x_wconf 83' lang='lat' dir='ltr'><strong>collect.</strong></span> <span class='ocrx_word' id='word_1_376' title='bbox 848 4762 883 4815; x_wconf 90' lang='lat'>5</span> <span class='ocrx_word' id='word_1_377' title='bbox 899 4766 958 4832; x_wconf 89' lang='lat' dir='ltr'><strong>et</strong></span> <span class='ocrx_word' id='word_1_378' title='bbox 979 4762 1138 4832; x_wconf 81' lang='lat' dir='ltr'><strong>Hisp.</strong></span> <span class='ocrx_word' id='word_1_379' title='bbox 1156 4762 1214 4816; x_wconf 91' lang='lat' dir='ltr'><strong>in</strong></span> <span class='ocrx_word' id='word_1_380' title='bbox 1228 4766 1359 4818; x_wconf 86' lang='lat' dir='ltr'><strong>Vat.</strong></span> <span class='ocrx_word' id='word_1_381' title='bbox 1376 4758 1696 4832; x_wconf 73' lang='lat' dir='ltr'><strong>colleét.24,</strong></span> <span class='ocrx_word' id='word_1_382' title='bbox 1711 4779 1816 4819; x_wconf 91' lang='lat' dir='ltr'><strong>nec</strong></span> <span class='ocrx_word' id='word_1_383' title='bbox 1838 4780 1953 4819; x_wconf 92' lang='lat' dir='ltr'><strong>non</strong></span> <span class='ocrx_word' id='word_1_384' title='bbox 1970 4764 2029 4818; x_wconf 91' lang='lat' dir='ltr'><strong>in</strong></span> 
     </span>
    </p>
   </div>
   <div class='ocr_carea' id='block_1_55' title="bbox 374 4830 1097 4901">
    <p class='ocr_par' dir='ltr' id='par_1_55' title="bbox 374 4830 1097 4901">
     <span class='ocr_line' id='line_1_56' title="bbox 374 4830 1097 4901; baseline -0.001 -15"><span class='ocrx_word' id='word_1_385' title='bbox 374 4830 861 4901; x_wconf 85' lang='lat' dir='ltr'><strong>interpretatione</strong></span> <span class='ocrx_word' id='word_1_386' title='bbox 880 4830 1097 4887; x_wconf 54' lang='lat' dir='ltr'><strong>Graecai</strong></span> 
     </span>
    </p>
   </div>
   <div class='ocr_carea' id='block_1_56' title="bbox 468 4900 1155 4965">
    <p class='ocr_par' dir='ltr' id='par_1_56' title="bbox 468 4900 1155 4965">
     <span class='ocr_line' id='line_1_57' title="bbox 468 4900 1155 4965; baseline 0 -10"><span class='ocrx_word' id='word_1_387' title='bbox 468 4900 711 4965; x_wconf 31' lang='lat' dir='ltr'><strong>b)’Vide.</strong></span> <span class='ocrx_word' id='word_1_388' title='bbox 745 4906 847 4956; x_wconf 92' lang='lat' dir='ltr'><strong>not</strong></span> <span class='ocrx_word' id='word_1_389' title='bbox 875 4903 909 4955; x_wconf 93' lang='lat'>3</span> <span class='ocrx_word' id='word_1_390' title='bbox 940 4902 1155 4965; x_wconf 89' lang='lat' dir='ltr'><strong>Quesn.</strong></span> 
     </span>
    </p>
   </div>
   <div class='ocr_carea' id='block_1_57' title="bbox 372 4902 2034 5115">
    <p class='ocr_par' dir='ltr' id='par_1_57' title="bbox 372 4902 2034 5115">
     <span class='ocr_line' id='line_1_58' title="bbox 468 4902 1155 4965; baseline 0 -10"><span class='ocrx_word' id='word_1_391' title='bbox 468 4902 515 4955; x_wconf 82' lang='lat' dir='ltr'><strong>b‘</strong></span> <span class='ocrx_word' id='word_1_392' title='bbox 546 4902 711 4955; x_wconf 86' lang='lat' dir='ltr'><strong>Vide.</strong></span> <span class='ocrx_word' id='word_1_393' title='bbox 745 4906 847 4956; x_wconf 92' lang='lat' dir='ltr'><strong>not</strong></span> <span class='ocrx_word' id='word_1_394' title='bbox 875 4903 909 4955; x_wconf 93' lang='lat'>3</span> <span class='ocrx_word' id='word_1_395' title='bbox 940 4902 1155 4965; x_wconf 89' lang='lat' dir='ltr'><strong>Quesn.</strong></span> 
     </span>
     <span class='ocr_line' id='line_1_59' title="bbox 444 4902 2034 5045; baseline 0.004 -20"><span class='ocrx_word' id='word_1_396' title='bbox 444 4902 518 5041; x_wconf 48' lang='lat' dir='ltr'><strong>Ecl</strong></span> <span class='ocrx_word' id='word_1_397' title='bbox 541 4971 707 5026; x_wconf 91' lang='lat' dir='ltr'><strong>Hunc</strong></span> <span class='ocrx_word' id='word_1_398' title='bbox 730 4971 943 5037; x_wconf 91' lang='lat' dir='ltr'><strong>locum,</strong></span> <span class='ocrx_word' id='word_1_399' title='bbox 965 4974 1067 5028; x_wconf 91' lang='lat' dir='ltr'><strong>sed</strong></span> <span class='ocrx_word' id='word_1_400' title='bbox 1093 4974 1316 5045; x_wconf 83' lang='lat' dir='ltr'><strong>aliquot</strong></span> <span class='ocrx_word' id='word_1_401' title='bbox 1345 4976 1535 5035; x_wconf 88' lang='lat' dir='ltr'><strong>verbis</strong></span> <span class='ocrx_word' id='word_1_402' title='bbox 1553 4980 1868 5042; x_wconf 86' lang='lat' dir='ltr'><strong>mutatum,</strong></span> <span class='ocrx_word' id='word_1_403' title='bbox 1891 4975 2034 5032; x_wconf 87' lang='lat' dir='ltr'><strong>citat</strong></span> 
     </span>
     <span class='ocr_line' id='line_1_60' title="bbox 372 5042 2031 5115; baseline 0.002 -17"><span class='ocrx_word' id='word_1_404' title='bbox 372 5042 686 5098; x_wconf 85' lang='lat' dir='ltr'><strong>Gratianus</strong></span> <span class='ocrx_word' id='word_1_405' title='bbox 704 5045 792 5108; x_wconf 88' lang='lat'><strong>25,</strong></span> <span class='ocrx_word' id='word_1_406' title='bbox 823 5060 879 5115; x_wconf 89' lang='lat' dir='ltr'><strong>q.</strong></span> <span class='ocrx_word' id='word_1_407' title='bbox 917 5046 975 5109; x_wconf 89' lang='lat'><strong>2,</strong></span> <span class='ocrx_word' id='word_1_408' title='bbox 1016 5060 1065 5099; x_wconf 90' lang='lat' dir='ltr'><strong>c.</strong></span> <span class='ocrx_word' id='word_1_409' title='bbox 1091 5045 1147 5107; x_wconf 80' lang='lat'><strong>2,</strong></span> <span class='ocrx_word' id='word_1_410' title='bbox 1181 5050 1238 5101; x_wconf 93' lang='lat' dir='ltr'><strong>et</strong></span> <span class='ocrx_word' id='word_1_411' title='bbox 1267 5050 1399 5101; x_wconf 88' lang='lat' dir='ltr'><strong>ante</strong></span> <span class='ocrx_word' id='word_1_412' title='bbox 1423 5063 1557 5101; x_wconf 90' lang='lat' dir='ltr'><strong>eum</strong></span> <span class='ocrx_word' id='word_1_413' title='bbox 1580 5047 1895 5103; x_wconf 84' lang='lat' dir='ltr'><strong>Anselmus</strong></span> <span class='ocrx_word' id='word_1_414' title='bbox 1928 5047 2031 5102; x_wconf 90' lang='lat' dir='ltr'><strong>lib.</strong></span> 
     </span>
    </p>
   </div>
   <div class='ocr_carea' id='block_1_58' title="bbox 780 5084 2031 5109">
    <p class='ocr_par' dir='ltr' id='par_1_58' title="bbox 780 5084 2031 5109">
     <span class='ocr_line' id='line_1_61' title="bbox 780 5084 2031 5109; baseline 0.004 -12"><span class='ocrx_word' id='word_1_415' title='bbox 780 5087 792 5108; x_wconf 59' lang='grc' dir='ltr'><strong>ν</strong></span> <span class='ocrx_word' id='word_1_416' title='bbox 823 5084 879 5109; x_wconf 69' lang='grc' dir='ltr'><strong>Ὶο</strong></span> <span class='ocrx_word' id='word_1_417' title='bbox 918 5084 975 5109; x_wconf 65' lang='grc' dir='ltr'><strong>υ,</strong></span> <span class='ocrx_word' id='word_1_418' title='bbox 1017 5084 1065 5099; x_wconf 72' lang='grc' dir='ltr'><strong>ν·</strong></span> <span class='ocrx_word' id='word_1_419' title='bbox 1091 5084 1147 5107; x_wconf 64' lang='grc' dir='ltr'><strong>αν</strong></span> <span class='ocrx_word' id='word_1_420' title='bbox 1181 5084 1238 5101; x_wconf 75' lang='grc' dir='ltr'><strong>νυ</strong></span> <span class='ocrx_word' id='word_1_421' title='bbox 1267 5084 1399 5101; x_wconf 69' lang='lat' dir='ltr'><strong>uuvu</strong></span> <span class='ocrx_word' id='word_1_422' title='bbox 1424 5084 1557 5101; x_wconf 75' lang='lat' dir='ltr'><strong>uuul</strong></span> <span class='ocrx_word' id='word_1_423' title='bbox 1580 5084 1895 5103; x_wconf 68' lang='grc' dir='ltr'><strong>ηιιῠυιιμυιῠ</strong></span> <span class='ocrx_word' id='word_1_424' title='bbox 1928 5084 2031 5102; x_wconf 68' lang='lat' dir='ltr'><strong>Ill).</strong></span> 
     </span>
    </p>
   </div>
   <div class='ocr_carea' id='block_1_59' title="bbox 371 5114 2030 5186">
    <p class='ocr_par' dir='ltr' id='par_1_59' title="bbox 371 5114 2030 5186">
     <span class='ocr_line' id='line_1_62' title="bbox 371 5114 2030 5186; baseline 0.004 -18"><span class='ocrx_word' id='word_1_425' title='bbox 371 5131 470 5179; x_wconf 84' lang='lat' dir='ltr'><strong>1v,.</strong></span> <span class='ocrx_word' id='word_1_426' title='bbox 505 5117 559 5180; x_wconf 89' lang='lat'><strong>2,</strong></span> <span class='ocrx_word' id='word_1_427' title='bbox 584 5119 760 5186; x_wconf 89' lang='lat' dir='ltr'><strong>atque</strong></span> <span class='ocrx_word' id='word_1_428' title='bbox 780 5114 1098 5171; x_wconf 85' lang='lat' dir='ltr'><strong>Deusdedit</strong></span> <span class='ocrx_word' id='word_1_429' title='bbox 1128 5115 1168 5169; x_wconf 91' lang='lat' dir='ltr'><strong>l.</strong></span> <span class='ocrx_word' id='word_1_430' title='bbox 1194 5133 1277 5180; x_wconf 79' lang='lat' dir='ltr'><strong>nr,</strong></span> <span class='ocrx_word' id='word_1_431' title='bbox 1304 5133 1352 5170; x_wconf 94' lang='lat' dir='ltr'><strong>c.</strong></span> <span class='ocrx_word' id='word_1_432' title='bbox 1390 5119 1477 5181; x_wconf 90' lang='lat'><strong>35,</strong></span> <span class='ocrx_word' id='word_1_433' title='bbox 1511 5122 1575 5173; x_wconf 89' lang='lat' dir='ltr'><strong>ut</strong></span> <span class='ocrx_word' id='word_1_434' title='bbox 1613 5118 1671 5172; x_wconf 92' lang='lat' dir='ltr'><strong>in</strong></span> <span class='ocrx_word' id='word_1_435' title='bbox 1704 5135 1849 5174; x_wconf 88' lang='lat' dir='ltr'><strong>mss.</strong></span> <span class='ocrx_word' id='word_1_436' title='bbox 1899 5122 2030 5174; x_wconf 85' lang='lat' dir='ltr'><strong>Vat.</strong></span> 
     </span>
    </p>
   </div>
   <div class='ocr_carea' id='block_1_60' title="bbox 371 5186 2031 5262">
    <p class='ocr_par' dir='ltr' id='par_1_60' title="bbox 371 5186 2031 5262">
     <span class='ocr_line' id='line_1_63' title="bbox 371 5186 2031 5262; baseline 0.001 -20"><span class='ocrx_word' id='word_1_437' title='bbox 371 5186 829 5262; x_wconf 62' lang='lat' dir='ltr'><strong>observavimus.</strong></span> <span class='ocrx_word' id='word_1_438' title='bbox 860 5187 968 5262; x_wconf 71' lang='lat' dir='ltr'><strong>Pro</strong></span> <span class='ocrx_word' id='word_1_439' title='bbox 1006 5186 1327 5260; x_wconf 86' lang='lat' dir='ltr'><strong>privilegiis</strong></span> <span class='ocrx_word' id='word_1_440' title='bbox 1366 5188 1861 5262; x_wconf 76' lang='lat' dir='ltr'><strong>quibuscumque,</strong></span> <span class='ocrx_word' id='word_1_441' title='bbox 1903 5207 2031 5261; x_wconf 64' lang='lat' dir='ltr'><strong>quis</strong></span> 
     </span>
    </p>
   </div>
   <div class='ocr_carea' id='block_1_61' title="bbox 372 5257 2032 5330">
    <p class='ocr_par' dir='ltr' id='par_1_61' title="bbox 372 5257 2032 5330">
     <span class='ocr_line' id='line_1_64' title="bbox 372 5257 2032 5330; baseline 0.004 -19"><span class='ocrx_word' id='word_1_442' title='bbox 372 5264 623 5312; x_wconf 86' lang='lat' dir='ltr'><strong>nontam</strong></span> <span class='ocrx_word' id='word_1_443' title='bbox 669 5257 943 5330; x_wconf 85' lang='lat' dir='ltr'><strong>Ecclesiis</strong></span> <span class='ocrx_word' id='word_1_444' title='bbox 990 5257 1169 5330; x_wconf 77' lang='lat' dir='ltr'><strong>quam</strong></span> <span class='ocrx_word' id='word_1_445' title='bbox 1218 5257 1590 5315; x_wconf 79' lang='lat' dir='ltr'><strong>monasteriis</strong></span> <span class='ocrx_word' id='word_1_446' title='bbox 1632 5257 1874 5316; x_wconf 75' lang='lat' dir='ltr'><strong>fuerunt</strong></span> <span class='ocrx_word' id='word_1_447' title='bbox 1897 5257 2032 5316; x_wconf 71' lang='lat' dir='ltr'><strong>con-</strong></span> 
     </span>
    </p>
   </div>
   <div class='ocr_carea' id='block_1_62' title="bbox 371 5328 2033 5405">
    <p class='ocr_par' dir='ltr' id='par_1_62' title="bbox 371 5328 2033 5405">
     <span class='ocr_line' id='line_1_65' title="bbox 371 5328 2033 5405; baseline 0.001 -21"><span class='ocrx_word' id='word_1_448' title='bbox 371 5345 556 5405; x_wconf 69' lang='lat' dir='ltr'><strong>cessa,</strong></span> <span class='ocrx_word' id='word_1_449' title='bbox 581 5328 901 5405; x_wconf 82' lang='lat' dir='ltr'><strong>generatim</strong></span> <span class='ocrx_word' id='word_1_450' title='bbox 926 5328 1349 5405; x_wconf 40' lang='lat' dir='ltr'><strong>aderturrcum</strong></span> <span class='ocrx_word' id='word_1_451' title='bbox 1373 5330 1433 5405; x_wconf 89' lang='lat' dir='ltr'>S_._</span> <span class='ocrx_word' id='word_1_452' title='bbox 1458 5331 1567 5386; x_wconf 90' lang='lat' dir='ltr'><strong>Leo</strong></span> <span class='ocrx_word' id='word_1_453' title='bbox 1589 5332 1659 5387; x_wconf 90' lang='lat' dir='ltr'><strong>de</strong></span> <span class='ocrx_word' id='word_1_454' title='bbox 1697 5332 1837 5388; x_wconf 91' lang='lat' dir='ltr'><strong>solis</strong></span> <span class='ocrx_word' id='word_1_455' title='bbox 1863 5332 2033 5405; x_wconf 85' lang='lat' dir='ltr'><strong>privi-</strong></span> 
     </span>
    </p>
   </div>
   <div class='ocr_carea' id='block_1_63' title="bbox 369 5399 2034 5528">
    <p class='ocr_par' dir='ltr' id='par_1_63' title="bbox 369 5399 2034 5528">
     <span class='ocr_line' id='line_1_66' title="bbox 369 5399 2034 5528; baseline 0.001 -72"><span class='ocrx_word' id='word_1_456' title='bbox 369 5399 539 5528; x_wconf 49' lang='lat' dir='ltr'><strong>legiis</strong></span> <span class='ocrx_word' id='word_1_457' title='bbox 552 5401 931 5526; x_wconf 53' lang='lat' dir='ltr'><strong>ecclesiarum</strong></span> <span class='ocrx_word' id='word_1_458' title='bbox 946 5418 981 5456; x_wconf 88' lang='lat' dir='ltr'><strong>a</strong></span> <span class='ocrx_word' id='word_1_459' title='bbox 995 5400 1246 5458; x_wconf 63' lang='lat' dir='ltr'><strong>Nicenis</strong></span> <span class='ocrx_word' id='word_1_460' title='bbox 1263 5402 1533 5459; x_wconf 89' lang='lat' dir='ltr'><strong>Patribus</strong></span> <span class='ocrx_word' id='word_1_461' title='bbox 1565 5419 1695 5460; x_wconf 91' lang='lat' dir='ltr'><strong>can.</strong></span> <span class='ocrx_word' id='word_1_462' title='bbox 1720 5410 1749 5459; x_wconf 92' lang='lat'><strong>6</strong></span> <span class='ocrx_word' id='word_1_463' title='bbox 1781 5399 2034 5461; x_wconf 79' lang='lat' dir='ltr'><strong>decretis</strong></span> 
     </span>
     <span class='ocr_line' id='line_1_67' title="bbox 394 5488 669 5528; baseline -0.007 0"><span class='ocrx_word' id='word_1_464' title='bbox 394 5488 550 5528; x_wconf 87' lang='lat' dir='ltr'><strong>oaua</strong></span> <span class='ocrx_word' id='word_1_465' title='bbox 579 5489 669 5527; x_wconf 91' lang='lat' dir='ltr'><strong>ur.</strong></span> 
     </span>
    </p>
   </div>
   <div class='ocr_carea' id='block_1_64' title="bbox 394 5476 669 5617">
    <p class='ocr_par' dir='ltr' id='par_1_64' title="bbox 394 5476 669 5617">
     <span class='ocr_line' id='line_1_68' title="bbox 394 5476 669 5529; baseline -0.011 0"><span class='ocrx_word' id='word_1_466' title='bbox 394 5489 426 5529; x_wconf 97' lang='lat' dir='ltr'><strong>o</strong></span> <span class='ocrx_word' id='word_1_467' title='bbox 475 5476 669 5527; x_wconf 90' lang='lat' dir='ltr'><strong>uatur.</strong></span> 
     </span>
     <span class='ocr_line' id='line_1_69' title="bbox 432 5489 669 5617; baseline 0.017 -20"><span class='ocrx_word' id='word_1_468' title='bbox 432 5489 519 5617; x_wconf 58' lang='grc' dir='ltr'><strong>ῗιέ)</strong></span> <span class='ocrx_word' id='word_1_469' title='bbox 539 5547 625 5600; x_wconf 86' lang='lat' dir='ltr'><strong>Ita</strong></span> <span class='ocrx_word' id='word_1_470' title='bbox 645 5559 669 5600; x_wconf 86' lang='lat'>0</span> 
     </span>
    </p>
   </div>
   <div class='ocr_carea' id='block_1_65' title="bbox 464 5542 2030 5622">
    <p class='ocr_par' dir='ltr' id='par_1_65' title="bbox 464 5542 2030 5622">
     <span class='ocr_line' id='line_1_70' title="bbox 464 5542 2030 5622; baseline 0.006 -25"><span class='ocrx_word' id='word_1_471' title='bbox 464 5542 520 5622; x_wconf 63' lang='grc' dir='ltr'><strong>τε)</strong></span> <span class='ocrx_word' id='word_1_472' title='bbox 539 5547 625 5600; x_wconf 87' lang='lat' dir='ltr'><strong>Ita</strong></span> <span class='ocrx_word' id='word_1_473' title='bbox 645 5558 849 5622; x_wconf 79' lang='lat' dir='ltr'><strong>omnes</strong></span> <span class='ocrx_word' id='word_1_474' title='bbox 862 5544 1047 5622; x_wconf 79' lang='lat' dir='ltr'><strong>nostri</strong></span> <span class='ocrx_word' id='word_1_475' title='bbox 1069 5545 1239 5605; x_wconf 90' lang='lat' dir='ltr'><strong>codd.</strong></span> <span class='ocrx_word' id='word_1_476' title='bbox 1261 5547 1317 5607; x_wconf 87' lang='lat' dir='ltr'><strong>et</strong></span> <span class='ocrx_word' id='word_1_477' title='bbox 1333 5544 1495 5619; x_wconf 83' lang='lat' dir='ltr'><strong>editi,</strong></span> <span class='ocrx_word' id='word_1_478' title='bbox 1520 5549 1757 5622; x_wconf 84' lang='lat' dir='ltr'><strong>excepto</strong></span> <span class='ocrx_word' id='word_1_479' title='bbox 1790 5546 2030 5621; x_wconf 88' lang='lat' dir='ltr'><strong>Quesn.,</strong></span> 
     </span>
    </p>
   </div>
   <div class='ocr_carea' id='block_1_66' title="bbox 370 5616 988 5701">
    <p class='ocr_par' dir='ltr' id='par_1_66' title="bbox 370 5616 988 5701">
     <span class='ocr_line' id='line_1_71' title="bbox 370 5616 988 5701; baseline 0.002 -22"><span class='ocrx_word' id='word_1_480' title='bbox 370 5616 525 5699; x_wconf 75' lang='lat' dir='ltr'><strong>apud</strong></span> <span class='ocrx_word' id='word_1_481' title='bbox 557 5631 732 5701; x_wconf 80' lang='lat' dir='ltr'><strong>quem</strong></span> <span class='ocrx_word' id='word_1_482' title='bbox 762 5616 988 5680; x_wconf 69' lang='lat' dir='ltr'><strong>violari.</strong></span> 
     </span>
    </p>
   </div>
   <div class='ocr_carea' id='block_1_67' title="bbox 2183 494 3789 564">
    <p class='ocr_par' dir='ltr' id='par_1_67' title="bbox 2183 494 3789 564">
     <span class='ocr_line' id='line_1_72' title="bbox 2183 494 3789 564; baseline -0.003 -17"><span class='ocrx_word' id='word_1_483' title='bbox 2183 502 2440 561; x_wconf 75' lang='grc' dir='ltr'><strong>κοτειικῶν</strong></span> <span class='ocrx_word' id='word_1_484' title='bbox 2481 501 2587 551; x_wconf 76' lang='grc' dir='ltr'><strong>ἐστι</strong></span> <span class='ocrx_word' id='word_1_485' title='bbox 2626 500 2946 564; x_wconf 78' lang='grc' dir='ltr'><strong>πραγμάτων,</strong></span> <span class='ocrx_word' id='word_1_486' title='bbox 2987 497 3068 547; x_wconf 76' lang='grc' dir='ltr'><strong>καὶ</strong></span> <span class='ocrx_word' id='word_1_487' title='bbox 3092 496 3232 552; x_wconf 70' lang='grc' dir='ltr'><strong>ἄλλος</strong></span> <span class='ocrx_word' id='word_1_488' title='bbox 3264 496 3362 544; x_wconf 75' lang='grc' dir='ltr'><strong>τῶν</strong></span> <span class='ocrx_word' id='word_1_489' title='bbox 3401 494 3571 555; x_wconf 72' lang='grc' dir='ltr'><strong>θείων,</strong></span> <span class='ocrx_word' id='word_1_490' title='bbox 3598 495 3685 543; x_wconf 79' lang='grc' dir='ltr'><strong>καὶ</strong></span> <span class='ocrx_word' id='word_1_491' title='bbox 3711 494 3789 555; x_wconf 65' lang='grc' dir='ltr'><strong>μή</strong></span> 
     </span>
    </p>
   </div>
   <div class='ocr_carea' id='block_1_68' title="bbox 2185 583 3789 655">
    <p class='ocr_par' dir='ltr' id='par_1_68' title="bbox 2185 583 3789 655">
     <span class='ocr_line' id='line_1_73' title="bbox 2185 583 3789 655; baseline -0.004 -18"><span class='ocrx_word' id='word_1_492' title='bbox 2185 589 2303 652; x_wconf 73' lang='grc' dir='ltr'><strong>παρ’</strong></span> <span class='ocrx_word' id='word_1_493' title='bbox 2324 591 2509 647; x_wconf 74' lang='grc' dir='ltr'><strong>ἐκείνην</strong></span> <span class='ocrx_word' id='word_1_494' title='bbox 2546 593 2632 648; x_wconf 77' lang='grc' dir='ltr'><strong>τὴν</strong></span> <span class='ocrx_word' id='word_1_495' title='bbox 2667 593 2869 655; x_wconf 81' lang='grc' dir='ltr'><strong>πέτραν,</strong></span> <span class='ocrx_word' id='word_1_496' title='bbox 2897 590 3069 647; x_wconf 78' lang='grc' dir='ltr'><strong>ἥντινα</strong></span> <span class='ocrx_word' id='word_1_497' title='bbox 3096 589 3123 636; x_wconf 87' lang='grc' dir='ltr'><strong>ό</strong></span> <span class='ocrx_word' id='word_1_498' title='bbox 3164 585 3404 641; x_wconf 72' lang='grc' dir='ltr'><strong>δεσπότης</strong></span> <span class='ocrx_word' id='word_1_499' title='bbox 3434 583 3482 631; x_wconf 84' lang='grc' dir='ltr'><strong>ἐν</strong></span> <span class='ocrx_word' id='word_1_500' title='bbox 3522 583 3601 644; x_wconf 73' lang='grc' dir='ltr'><strong>τῷ</strong></span> <span class='ocrx_word' id='word_1_501' title='bbox 3635 584 3789 644; x_wconf 61' lang='lat' dir='ltr'><strong>acac-</strong></span> 
     </span>
    </p>
   </div>
   <div class='ocr_carea' id='block_1_69' title="bbox 2186 668 3790 743">
    <p class='ocr_par' dir='ltr' id='par_1_69' title="bbox 2186 668 3790 743">
     <span class='ocr_line' id='line_1_74' title="bbox 2186 668 3790 743; baseline -0.003 -18"><span class='ocrx_word' id='word_1_502' title='bbox 2186 677 2271 742; x_wconf 85' lang='grc' dir='ltr'><strong>λίῳ</strong></span> <span class='ocrx_word' id='word_1_503' title='bbox 2300 679 2519 736; x_wconf 76' lang='grc' dir='ltr'><strong>τέθηκεν,</strong></span> <span class='ocrx_word' id='word_1_504' title='bbox 2542 677 2562 710; x_wconf 81' lang='grc'><strong>³</strong></span> <span class='ocrx_word' id='word_1_505' title='bbox 2597 679 2726 730; x_wconf 83' lang='grc' dir='ltr'><strong>ἔστω</strong></span> <span class='ocrx_word' id='word_1_506' title='bbox 2753 678 2955 743; x_wconf 74' lang='grc' dir='ltr'><strong>ἰσχυρὸν</strong></span> <span class='ocrx_word' id='word_1_507' title='bbox 2986 668 3090 727; x_wconf 78' lang='grc' dir='ltr'><strong>οἷον</strong></span> <span class='ocrx_word' id='word_1_508' title='bbox 3119 676 3177 732; x_wconf 80' lang='grc' dir='ltr'><strong>δή</strong></span> <span class='ocrx_word' id='word_1_509' title='bbox 3204 690 3327 723; x_wconf 89' lang='grc' dir='ltr'><strong>ποτε</strong></span> <span class='ocrx_word' id='word_1_510' title='bbox 3352 672 3790 733; x_wconf 64' lang='grc' dir='ltr'><strong>κατασκεύασμα.</strong></span> 
     </span>
    </p>
   </div>
   <div class='ocr_carea' id='block_1_70' title="bbox 2184 760 3781 830">
    <p class='ocr_par' dir='ltr' id='par_1_70' title="bbox 2184 760 3781 830">
     <span class='ocr_line' id='line_1_75' title="bbox 2184 760 3781 830; baseline -0.006 -15"><span class='ocrx_word' id='word_1_511' title='bbox 2184 764 2261 816; x_wconf 80' lang='grc' dir='ltr'><strong>Τὰ</strong></span> <span class='ocrx_word' id='word_1_512' title='bbox 2293 763 2390 817; x_wconf 74' lang='grc' dir='ltr'><strong>ἴδια</strong></span> <span class='ocrx_word' id='word_1_513' title='bbox 2414 768 2693 826; x_wconf 82' lang='grc' dir='ltr'><strong>ἀπόλλυσιν,</strong></span> <span class='ocrx_word' id='word_1_514' title='bbox 2738 771 2765 818; x_wconf 81' lang='grc' dir='ltr'><strong>ὁ</strong></span> <span class='ocrx_word' id='word_1_515' title='bbox 2792 768 2889 816; x_wconf 86' lang='grc' dir='ltr'><strong>τῶν</strong></span> <span class='ocrx_word' id='word_1_516' title='bbox 2915 766 2981 830; x_wconf 78' lang='grc' dir='ltr'><strong>μὴ</strong></span> <span class='ocrx_word' id='word_1_517' title='bbox 3007 760 3462 829; x_wconf 77' lang='grc' dir='ltr'><strong>κεχρεωστημίνων</strong></span> <span class='ocrx_word' id='word_1_518' title='bbox 3495 761 3781 822; x_wconf 50' lang='lat' dir='ltr'><strong>tum.</strong></span> 
     </span>
    </p>
   </div>
   <div class='ocr_carea' id='block_1_71' title="bbox 2185 847 3785 924">
    <p class='ocr_par' dir='ltr' id='par_1_71' title="bbox 2185 847 3785 924">
     <span class='ocr_line' id='line_1_76' title="bbox 2185 847 3785 924; baseline -0.007 -17"><span class='ocrx_word' id='word_1_519' title='bbox 2185 850 2208 888; x_wconf 78' lang='grc'>⁸</span> <span class='ocrx_word' id='word_1_520' title='bbox 2271 855 2484 920; x_wconf 76' lang='grc' dir='ltr'><strong>Ἆρκέσει</strong></span> <span class='ocrx_word' id='word_1_521' title='bbox 2530 858 2600 921; x_wconf 80' lang='grc' dir='ltr'><strong>τῷ</strong></span> <span class='ocrx_word' id='word_1_522' title='bbox 2634 857 2974 924; x_wconf 79' lang='grc' dir='ltr'><strong>προλεχθέντι,</strong></span> <span class='ocrx_word' id='word_1_523' title='bbox 3010 854 3088 903; x_wconf 80' lang='grc' dir='ltr'><strong>δτι</strong></span> <span class='ocrx_word' id='word_1_524' title='bbox 3126 851 3326 917; x_wconf 70' lang='grc' dir='ltr'><strong>βοηθείᾳ</strong></span> <span class='ocrx_word' id='word_1_525' title='bbox 3360 849 3450 907; x_wconf 81' lang='grc' dir='ltr'><strong>τῆς</strong></span> <span class='ocrx_word' id='word_1_526' title='bbox 3495 848 3596 906; x_wconf 79' lang='grc' dir='ltr'><strong>σῆς</strong></span> <span class='ocrx_word' id='word_1_527' title='bbox 3644 847 3785 897; x_wconf 68' lang='grc' dir='ltr'><strong>εὐστε-</strong></span> 
     </span>
    </p>
   </div>
   <div class='ocr_carea' id='block_1_72' title="bbox 2186 936 3791 1011">
    <p class='ocr_par' dir='ltr' id='par_1_72' title="bbox 2186 936 3791 1011">
     <span class='ocr_line' id='line_1_77' title="bbox 2186 936 3791 1011; baseline -0.006 -18"><span class='ocrx_word' id='word_1_528' title='bbox 2186 943 2340 1004; x_wconf 68' lang='grc' dir='ltr'><strong>ϐείας,</strong></span> <span class='ocrx_word' id='word_1_529' title='bbox 2379 947 2464 995; x_wconf 83' lang='grc' dir='ltr'><strong>καὶ</strong></span> <span class='ocrx_word' id='word_1_530' title='bbox 2507 948 2699 1011; x_wconf 81' lang='grc' dir='ltr'><strong>σπουδῇ</strong></span> <span class='ocrx_word' id='word_1_531' title='bbox 2739 947 2825 1003; x_wconf 80' lang='grc' dir='ltr'><strong>τῆς</strong></span> <span class='ocrx_word' id='word_1_532' title='bbox 2866 944 2988 1007; x_wconf 77' lang='grc' dir='ltr'><strong>ἐμῆς</strong></span> <span class='ocrx_word' id='word_1_533' title='bbox 3032 941 3362 993; x_wconf 79' lang='grc' dir='ltr'><strong>συναινέσεως</strong></span> <span class='ocrx_word' id='word_1_534' title='bbox 3404 936 3495 996; x_wconf 73' lang='grc' dir='ltr'><strong>τῆς</strong></span> <span class='ocrx_word' id='word_1_535' title='bbox 3529 937 3791 992; x_wconf 69' lang='grc' dir='ltr'><strong>τοσαύτης</strong></span> 
     </span>
    </p>
   </div>
   <div class='ocr_carea' id='block_1_73' title="bbox 2184 1024 3791 1099">
    <p class='ocr_par' dir='ltr' id='par_1_73' title="bbox 2184 1024 3791 1099">
     <span class='ocr_line' id='line_1_78' title="bbox 2184 1024 3791 1099; baseline -0.001 -18"><span class='ocrx_word' id='word_1_536' title='bbox 2184 1032 2374 1089; x_wconf 88' lang='grc' dir='ltr'><strong>πόλεως</strong></span> <span class='ocrx_word' id='word_1_537' title='bbox 2430 1037 2518 1093; x_wconf 80' lang='grc' dir='ltr'><strong>τήν</strong></span> <span class='ocrx_word' id='word_1_538' title='bbox 2574 1035 2845 1092; x_wconf 71' lang='grc' dir='ltr'><strong>ἐπισκοπὴν</strong></span> <span class='ocrx_word' id='word_1_539' title='bbox 2906 1032 3149 1095; x_wconf 83' lang='grc' dir='ltr'><strong>κατέσχε,</strong></span> <span class='ocrx_word' id='word_1_540' title='bbox 3213 1030 3279 1092; x_wconf 76' lang='grc' dir='ltr'><strong>μὴ</strong></span> <span class='ocrx_word' id='word_1_541' title='bbox 3328 1027 3594 1099; x_wconf 66' lang='grc' dir='ltr'><strong>ἀπαξιύσῃ</strong></span> <span class='ocrx_word' id='word_1_542' title='bbox 3659 1024 3791 1090; x_wconf 71' lang='grc' dir='ltr'><strong>ίχεεν</strong></span> 
     </span>
    </p>
   </div>
   <div class='ocr_carea' id='block_1_74' title="bbox 2187 1114 3789 1185">
    <p class='ocr_par' dir='ltr' id='par_1_74' title="bbox 2187 1114 3789 1185">
     <span class='ocr_line' id='line_1_79' title="bbox 2187 1114 3789 1185; baseline -0.007 -12"><span class='ocrx_word' id='word_1_543' title='bbox 2187 1122 2411 1185; x_wconf 76' lang='grc' dir='ltr'><strong>βασιλίδα</strong></span> <span class='ocrx_word' id='word_1_544' title='bbox 2445 1124 2582 1174; x_wconf 88' lang='grc' dir='ltr'><strong>πόλιν</strong></span> <span class='ocrx_word' id='word_1_545' title='bbox 2599 1160 2614 1183; x_wconf 88' lang='grc'><strong>,</strong></span> <span class='ocrx_word' id='word_1_546' title='bbox 2654 1125 2825 1182; x_wconf 74' lang='grc' dir='ltr'><strong>ἥντινα</strong></span> <span class='ocrx_word' id='word_1_547' title='bbox 2864 1118 3190 1171; x_wconf 84' lang='grc' dir='ltr'><strong>ἁποστολικὸν</strong></span> <span class='ocrx_word' id='word_1_548' title='bbox 3240 1115 3416 1184; x_wconf 82' lang='grc' dir='ltr'><strong>θρόνον</strong></span> <span class='ocrx_word' id='word_1_549' title='bbox 3463 1115 3680 1173; x_wconf 76' lang='grc' dir='ltr'><strong>ποιῆσαι</strong></span> <span class='ocrx_word' id='word_1_550' title='bbox 3728 1114 3789 1163; x_wconf 64' lang='grc' dir='ltr'><strong>οὐ</strong></span> 
     </span>
    </p>
   </div>
   <div class='ocr_carea' id='block_1_75' title="bbox 2186 1204 3793 1277">
    <p class='ocr_par' dir='ltr' id='par_1_75' title="bbox 2186 1204 3793 1277">
     <span class='ocr_line' id='line_1_80' title="bbox 2186 1204 3793 1277; baseline -0.004 -18"><span class='ocrx_word' id='word_1_551' title='bbox 2186 1210 2409 1261; x_wconf 77' lang='grc' dir='ltr'><strong>δύναται·</strong></span> <span class='ocrx_word' id='word_1_552' title='bbox 2463 1211 2485 1245; x_wconf 78' lang='grc'>⁸</span> <span class='ocrx_word' id='word_1_553' title='bbox 2532 1212 2631 1263; x_wconf 86' lang='grc' dir='ltr'><strong>ἀλλ’</strong></span> <span class='ocrx_word' id='word_1_554' title='bbox 2682 1214 2891 1262; x_wconf 78' lang='grc' dir='ltr'><strong>οὐδέτινι</strong></span> <span class='ocrx_word' id='word_1_555' title='bbox 2940 1210 3107 1277; x_wconf 82' lang='grc' dir='ltr'><strong>τρόπῳ</strong></span> <span class='ocrx_word' id='word_1_556' title='bbox 3152 1206 3363 1265; x_wconf 80' lang='grc' dir='ltr'><strong>ἐλπίσει,</strong></span> <span class='ocrx_word' id='word_1_557' title='bbox 3411 1206 3537 1269; x_wconf 74' lang='grc' dir='ltr'><strong>ὅπερ</strong></span> <span class='ocrx_word' id='word_1_558' title='bbox 3597 1204 3682 1253; x_wconf 71' lang='grc' dir='ltr'><strong>διὰ</strong></span> <span class='ocrx_word' id='word_1_559' title='bbox 3730 1204 3793 1253; x_wconf 68' lang='grc' dir='ltr'><strong>τὸ</strong></span> 
     </span>
    </p>
   </div>
   <div class='ocr_carea' id='block_1_76' title="bbox 2185 1291 3794 1369">
    <p class='ocr_par' dir='ltr' id='par_1_76' title="bbox 2185 1291 3794 1369">
     <span class='ocr_line' id='line_1_81' title="bbox 2185 1291 3794 1369; baseline -0.006 -20"><span class='ocrx_word' id='word_1_560' title='bbox 2185 1306 2528 1367; x_wconf 74' lang='grc' dir='ltr'><strong>προσκροῦσαι</strong></span> <span class='ocrx_word' id='word_1_561' title='bbox 2563 1302 2765 1369; x_wconf 77' lang='grc' dir='ltr'><strong>ἐτέροις,</strong></span> <span class='ocrx_word' id='word_1_562' title='bbox 2807 1301 3008 1350; x_wconf 75' lang='grc' dir='ltr'><strong>δύναται</strong></span> <span class='ocrx_word' id='word_1_563' title='bbox 3041 1297 3320 1356; x_wconf 73' lang='grc' dir='ltr'><strong>αὐξηθῆναι.</strong></span> <span class='ocrx_word' id='word_1_564' title='bbox 3350 1293 3427 1343; x_wconf 77' lang='grc' dir='ltr'><strong>Τὰ</strong></span> <span class='ocrx_word' id='word_1_565' title='bbox 3468 1295 3569 1356; x_wconf 78' lang='grc' dir='ltr'><strong>γὰρ</strong></span> <span class='ocrx_word' id='word_1_566' title='bbox 3612 1291 3794 1357; x_wconf 70' lang='grc' dir='ltr'><strong>προοί-</strong></span> 
     </span>
    </p>
   </div>
   <div class='ocr_carea' id='block_1_77' title="bbox 2189 1380 3795 1455">
    <p class='ocr_par' dir='ltr' id='par_1_77' title="bbox 2189 1380 3795 1455">
     <span class='ocr_line' id='line_1_82' title="bbox 2189 1380 3795 1455; baseline -0.006 -17"><span class='ocrx_word' id='word_1_567' title='bbox 2189 1406 2277 1452; x_wconf 90' lang='grc' dir='ltr'><strong>μια</strong></span> <span class='ocrx_word' id='word_1_568' title='bbox 2309 1390 2407 1439; x_wconf 83' lang='grc' dir='ltr'><strong>τῶν</strong></span> <span class='ocrx_word' id='word_1_569' title='bbox 2437 1392 2589 1455; x_wconf 79' lang='grc' dir='ltr'><strong>ἁγίων</strong></span> <span class='ocrx_word' id='word_1_570' title='bbox 2621 1390 2894 1450; x_wconf 82' lang='grc' dir='ltr'><strong>ἐκκλησιῶν</strong></span> <span class='ocrx_word' id='word_1_571' title='bbox 2930 1390 3033 1443; x_wconf 87' lang='grc' dir='ltr'><strong>τοῖς</strong></span> <span class='ocrx_word' id='word_1_572' title='bbox 3063 1387 3162 1435; x_wconf 81' lang='grc' dir='ltr'><strong>τῶν</strong></span> <span class='ocrx_word' id='word_1_573' title='bbox 3198 1384 3428 1449; x_wconf 81' lang='grc' dir='ltr'><strong>πατέρων</strong></span> <span class='ocrx_word' id='word_1_574' title='bbox 3468 1380 3673 1439; x_wconf 82' lang='grc' dir='ltr'><strong>κανόσι,</strong></span> <span class='ocrx_word' id='word_1_575' title='bbox 3703 1380 3795 1428; x_wconf 65' lang='grc' dir='ltr'><strong>καὶ</strong></span> 
     </span>
    </p>
   </div>
   <div class='ocr_carea' id='block_1_78' title="bbox 2187 1470 3797 1540">
    <p class='ocr_par' dir='ltr' id='par_1_78' title="bbox 2187 1470 3797 1540">
     <span class='ocr_line' id='line_1_83' title="bbox 2187 1470 3797 1540; baseline -0.014 -3"><span class='ocrx_word' id='word_1_576' title='bbox 2187 1476 2275 1537; x_wconf 79' lang='grc' dir='ltr'><strong>τῆς</strong></span> <span class='ocrx_word' id='word_1_577' title='bbox 2309 1480 2491 1539; x_wconf 77' lang='grc' dir='ltr'><strong>σεπτῆς</strong></span> <span class='ocrx_word' id='word_1_578' title='bbox 2524 1481 2733 1531; x_wconf 79' lang='grc' dir='ltr'><strong>συνόδου</strong></span> <span class='ocrx_word' id='word_1_579' title='bbox 2767 1479 2854 1538; x_wconf 78' lang='grc' dir='ltr'><strong>τῆς</strong></span> <span class='ocrx_word' id='word_1_580' title='bbox 2875 1477 2925 1526; x_wconf 84' lang='grc' dir='ltr'><strong>ἐν</strong></span> <span class='ocrx_word' id='word_1_581' title='bbox 2956 1475 3139 1540; x_wconf 75' lang='grc' dir='ltr'><strong>Νικαίᾳ</strong></span> <span class='ocrx_word' id='word_1_582' title='bbox 3174 1472 3275 1527; x_wconf 85' lang='grc' dir='ltr'><strong>τοῖς</strong></span> <span class='ocrx_word' id='word_1_583' title='bbox 3311 1470 3529 1534; x_wconf 78' lang='grc' dir='ltr'><strong>δόγμασι</strong></span> <span class='ocrx_word' id='word_1_584' title='bbox 3560 1486 3797 1517; x_wconf 64' lang='grc' dir='ltr'><strong>τετυκο-</strong></span> 
     </span>
    </p>
   </div>
   <div class='ocr_carea' id='block_1_79' title="bbox 2189 1558 3793 1633">
    <p class='ocr_par' dir='ltr' id='par_1_79' title="bbox 2189 1558 3793 1633">
     <span class='ocr_line' id='line_1_84' title="bbox 2189 1558 3793 1633; baseline -0.006 -17"><span class='ocrx_word' id='word_1_585' title='bbox 2189 1567 2333 1630; x_wconf 79' lang='grc' dir='ltr'><strong>μένα,</strong></span> <span class='ocrx_word' id='word_1_586' title='bbox 2386 1569 2434 1626; x_wconf 78' lang='grc' dir='ltr'><strong>ἐξ</strong></span> <span class='ocrx_word' id='word_1_587' title='bbox 2485 1570 2715 1633; x_wconf 75' lang='grc' dir='ltr'><strong>οὐδεμιᾶς</strong></span> <span class='ocrx_word' id='word_1_588' title='bbox 2774 1568 2979 1616; x_wconf 82' lang='grc' dir='ltr'><strong>δύναται</strong></span> <span class='ocrx_word' id='word_1_589' title='bbox 3032 1563 3274 1617; x_wconf 76' lang='grc' dir='ltr'><strong>ἀναιδείας</strong></span> <span class='ocrx_word' id='word_1_590' title='bbox 3326 1558 3793 1626; x_wconf 67' lang='grc' dir='ltr'><strong>παρισωθῆναι·</strong></span> 
     </span>
    </p>
   </div>
   <div class='ocr_carea' id='block_1_80' title="bbox 2188 1638 3793 1725">
    <p class='ocr_par' dir='ltr' id='par_1_80' title="bbox 2188 1638 3793 1725">
     <span class='ocr_line' id='line_1_85' title="bbox 2188 1638 3793 1725; baseline -0.008 -20"><span class='ocrx_word' id='word_1_591' title='bbox 2188 1654 2307 1725; x_wconf 66' lang='grc' dir='ltr'><strong>οὐτε</strong></span> <span class='ocrx_word' id='word_1_592' title='bbox 2351 1658 2443 1719; x_wconf 86' lang='grc' dir='ltr'><strong>μήν</strong></span> <span class='ocrx_word' id='word_1_593' title='bbox 2480 1657 2687 1723; x_wconf 78' lang='grc' dir='ltr'><strong>οὐδεμιᾷ</strong></span> <span class='ocrx_word' id='word_1_594' title='bbox 2745 1654 2996 1711; x_wconf 78' lang='grc' dir='ltr'><strong>καινότητι</strong></span> <span class='ocrx_word' id='word_1_595' title='bbox 3048 1650 3445 1701; x_wconf 79' lang='grc' dir='ltr'><strong>ἐναλλάττεσθαι.</strong></span> <span class='ocrx_word' id='word_1_596' title='bbox 3504 1644 3596 1695; x_wconf 84' lang='grc' dir='ltr'><strong>Ἐν</strong></span> 
     </span>
    </p>
   </div>
   <div class='ocr_carea' id='block_1_81' title="bbox 2190 1737 3793 1813">
    <p class='ocr_par' dir='ltr' id='par_1_81' title="bbox 2190 1737 3793 1813">
     <span class='ocr_line' id='line_1_86' title="bbox 2190 1737 3793 1813; baseline -0.007 -17"><span class='ocrx_word' id='word_1_597' title='bbox 2190 1745 2319 1813; x_wconf 80' lang='grc' dir='ltr'><strong>ἐργῳ</strong></span> <span class='ocrx_word' id='word_1_598' title='bbox 2372 1746 2710 1809; x_wconf 68' lang='grc' dir='ltr'><strong>ἐπαμύνοντος</strong></span> <span class='ocrx_word' id='word_1_599' title='bbox 2762 1750 2851 1795; x_wconf 79' lang='grc' dir='ltr'><strong>τοῦ</strong></span> <span class='ocrx_word' id='word_1_600' title='bbox 2895 1745 3119 1807; x_wconf 73' lang='grc' dir='ltr'><strong>Χριστοῦ</strong></span> <span class='ocrx_word' id='word_1_601' title='bbox 3173 1740 3361 1794; x_wconf 76' lang='grc' dir='ltr'><strong>πιστῶς</strong></span> <span class='ocrx_word' id='word_1_602' title='bbox 3417 1737 3793 1794; x_wconf 56' lang='lat' dir='ltr'><strong>tam</strong></span> 
     </span>
    </p>
   </div>
   <div class='ocr_carea' id='block_1_82' title="bbox 2191 1827 3793 1900">
    <p class='ocr_par' dir='ltr' id='par_1_82' title="bbox 2191 1827 3793 1900">
     <span class='ocr_line' id='line_1_87' title="bbox 2191 1827 3793 1900; baseline -0.007 -13"><span class='ocrx_word' id='word_1_603' title='bbox 2191 1837 2343 1900; x_wconf 76' lang='grc' dir='ltr'><strong>μένῳ,</strong></span> <span class='ocrx_word' id='word_1_604' title='bbox 2378 1836 2645 1899; x_wconf 72' lang='grc' dir='ltr'><strong>ἀναγκαῖόν</strong></span> <span class='ocrx_word' id='word_1_605' title='bbox 2684 1836 2815 1885; x_wconf 85' lang='grc' dir='ltr'><strong>ἐστιν</strong></span> <span class='ocrx_word' id='word_1_606' title='bbox 2858 1832 3089 1895; x_wconf 75' lang='grc' dir='ltr'><strong>ἐπίμονον</strong></span> <span class='ocrx_word' id='word_1_607' title='bbox 3119 1828 3388 1895; x_wconf 78' lang='grc' dir='ltr'><strong>παρασχεῖν</strong></span> <span class='ocrx_word' id='word_1_608' title='bbox 3428 1841 3493 1889; x_wconf 90' lang='grc' dir='ltr'><strong>με</strong></span> <span class='ocrx_word' id='word_1_609' title='bbox 3537 1827 3793 1884; x_wconf 64' lang='grc' dir='ltr'><strong>σπονδήν.</strong></span> 
     </span>
    </p>
   </div>
   <div class='ocr_carea' id='block_1_83' title="bbox 2206 1916 3786 1990">
    <p class='ocr_par' dir='ltr' id='par_1_83' title="bbox 2206 1916 3786 1990">
     <span class='ocr_line' id='line_1_88' title="bbox 2206 1916 3786 1990; baseline -0.006 -14"><span class='ocrx_word' id='word_1_610' title='bbox 2206 1926 2491 1990; x_wconf 81' lang='grc' dir='ltr'><strong>Ἐπειδήπερ</strong></span> <span class='ocrx_word' id='word_1_611' title='bbox 2527 1924 2548 1958; x_wconf 78' lang='grc'>⁸</span> <span class='ocrx_word' id='word_1_612' title='bbox 2577 1924 2866 1982; x_wconf 80' lang='grc' dir='ltr'><strong>διοικήσεώς</strong></span> <span class='ocrx_word' id='word_1_613' title='bbox 2899 1936 2981 1985; x_wconf 92' lang='grc' dir='ltr'><strong>μοι</strong></span> <span class='ocrx_word' id='word_1_614' title='bbox 3022 1918 3394 1983; x_wconf 81' lang='grc' dir='ltr'><strong>ἐγκεχείρισται,</strong></span> <span class='ocrx_word' id='word_1_615' title='bbox 3429 1916 3513 1965; x_wconf 78' lang='grc' dir='ltr'><strong>καὶ</strong></span> <span class='ocrx_word' id='word_1_616' title='bbox 3550 1916 3626 1971; x_wconf 78' lang='grc' dir='ltr'><strong>εἷς</strong></span> <span class='ocrx_word' id='word_1_617' title='bbox 3662 1919 3786 1979; x_wconf 58' lang='grc' dir='ltr'><strong>ἐμήν</strong></span> 
     </span>
    </p>
   </div>
   <div class='ocr_carea' id='block_1_84' title="bbox 2189 2005 3789 2080">
    <p class='ocr_par' dir='ltr' id='par_1_84' title="bbox 2189 2005 3789 2080">
     <span class='ocr_line' id='line_1_89' title="bbox 2189 2005 3789 2080; baseline -0.007 -17"><span class='ocrx_word' id='word_1_618' title='bbox 2189 2014 2331 2065; x_wconf 90' lang='grc' dir='ltr'><strong>τείνει</strong></span> <span class='ocrx_word' id='word_1_619' title='bbox 2355 2015 2674 2080; x_wconf 84' lang='grc' dir='ltr'><strong>κατηγορίαν,</strong></span> <span class='ocrx_word' id='word_1_620' title='bbox 2707 2013 2747 2062; x_wconf 76' lang='grc' dir='ltr'><strong>εἶ</strong></span> <span class='ocrx_word' id='word_1_621' title='bbox 2776 2012 2874 2061; x_wconf 86' lang='grc' dir='ltr'><strong>τῶν</strong></span> <span class='ocrx_word' id='word_1_622' title='bbox 2903 2009 3155 2075; x_wconf 81' lang='grc' dir='ltr'><strong>πατρικῶν</strong></span> <span class='ocrx_word' id='word_1_623' title='bbox 3193 2005 3457 2069; x_wconf 75' lang='grc' dir='ltr'><strong>δογμάτων</strong></span> <span class='ocrx_word' id='word_1_624' title='bbox 3484 2006 3531 2054; x_wconf 74' lang='grc' dir='ltr'><strong>οἱ</strong></span> <span class='ocrx_word' id='word_1_625' title='bbox 3556 2006 3789 2067; x_wconf 70' lang='grc' dir='ltr'><strong>κανόνες,</strong></span> 
     </span>
    </p>
   </div>
   <div class='ocr_carea' id='block_1_85' title="bbox 2188 2094 3789 2167">
    <p class='ocr_par' dir='ltr' id='par_1_85' title="bbox 2188 2094 3789 2167">
     <span class='ocr_line' id='line_1_90' title="bbox 2188 2094 3789 2167; baseline -0.008 -14"><span class='ocrx_word' id='word_1_626' title='bbox 2188 2104 2362 2161; x_wconf 72' lang='grc' dir='ltr'><strong>οἵτινες</strong></span> <span class='ocrx_word' id='word_1_627' title='bbox 2396 2103 2446 2153; x_wconf 88' lang='grc' dir='ltr'><strong>ἐν</strong></span> <span class='ocrx_word' id='word_1_628' title='bbox 2480 2110 2538 2167; x_wconf 81' lang='grc' dir='ltr'><strong>τῇ</strong></span> <span class='ocrx_word' id='word_1_629' title='bbox 2580 2101 2773 2167; x_wconf 84' lang='grc' dir='ltr'><strong>συνόδῳ</strong></span> <span class='ocrx_word' id='word_1_630' title='bbox 2810 2106 2868 2165; x_wconf 83' lang='grc' dir='ltr'><strong>τῇ</strong></span> <span class='ocrx_word' id='word_1_631' title='bbox 2909 2099 2959 2148; x_wconf 94' lang='grc' dir='ltr'><strong>ἐν</strong></span> <span class='ocrx_word' id='word_1_632' title='bbox 3001 2096 3187 2162; x_wconf 57' lang='lat' dir='ltr'><strong>Nimia</strong></span> <span class='ocrx_word' id='word_1_633' title='bbox 3218 2096 3286 2151; x_wconf 84' lang='grc' dir='ltr'><strong>είς</strong></span> <span class='ocrx_word' id='word_1_634' title='bbox 3335 2094 3582 2151; x_wconf 75' lang='grc' dir='ltr'><strong>διοίκησιν</strong></span> <span class='ocrx_word' id='word_1_635' title='bbox 3625 2095 3789 2154; x_wconf 67' lang='grc' dir='ltr'><strong>πάσης</strong></span> 
     </span>
    </p>
   </div>
   <div class='ocr_carea' id='block_1_86' title="bbox 2188 2183 3787 2255">
    <p class='ocr_par' dir='ltr' id='par_1_86' title="bbox 2188 2183 3787 2255">
     <span class='ocr_line' id='line_1_91' title="bbox 2188 2183 3787 2255; baseline -0.006 -12"><span class='ocrx_word' id='word_1_636' title='bbox 2188 2192 2277 2252; x_wconf 83' lang='grc' dir='ltr'><strong>τῆς</strong></span> <span class='ocrx_word' id='word_1_637' title='bbox 2324 2193 2602 2253; x_wconf 78' lang='grc' dir='ltr'><strong>ἐκκλησίας,</strong></span> <span class='ocrx_word' id='word_1_638' title='bbox 2656 2189 2938 2255; x_wconf 76' lang='grc' dir='ltr'><strong>πνεύματος</strong></span> <span class='ocrx_word' id='word_1_639' title='bbox 2983 2183 3114 2237; x_wconf 82' lang='grc' dir='ltr'><strong>Θεοῦ</strong></span> <span class='ocrx_word' id='word_1_640' title='bbox 3150 2184 3490 2240; x_wconf 76' lang='grc' dir='ltr'><strong>διδάσκοντος,</strong></span> <span class='ocrx_word' id='word_1_641' title='bbox 3530 2185 3787 2236; x_wconf 65' lang='grc' dir='ltr'><strong>πτίττων»</strong></span> 
     </span>
    </p>
   </div>
   <div class='ocr_carea' id='block_1_87' title="bbox 2187 2275 3785 2348">
    <p class='ocr_par' dir='ltr' id='par_1_87' title="bbox 2187 2275 3785 2348">
     <span class='ocr_line' id='line_1_92' title="bbox 2187 2275 3785 2348; baseline -0.003 -18"><span class='ocrx_word' id='word_1_642' title='bbox 2187 2298 2293 2346; x_wconf 87' lang='grc' dir='ltr'><strong>ται,</strong></span> <span class='ocrx_word' id='word_1_643' title='bbox 2333 2280 2485 2345; x_wconf 83' lang='grc' dir='ltr'><strong>ἐμοῦ,</strong></span> <span class='ocrx_word' id='word_1_644' title='bbox 2529 2283 2649 2348; x_wconf 75' lang='grc' dir='ltr'><strong>ὅπερ</strong></span> <span class='ocrx_word' id='word_1_645' title='bbox 2684 2279 2856 2339; x_wconf 79' lang='grc' dir='ltr'><strong>ἀπείη,</strong></span> <span class='ocrx_word' id='word_1_646' title='bbox 2898 2276 3283 2335; x_wconf 78' lang='grc' dir='ltr'><strong>συνδυάζοντος,</strong></span> <span class='ocrx_word' id='word_1_647' title='bbox 3338 2275 3785 2337; x_wconf 72' lang='grc' dir='ltr'><strong>παρασαλενθεῖιν.</strong></span> 
     </span>
    </p>
   </div>
   <div class='ocr_carea' id='block_1_88' title="bbox 2185 2362 3787 2436">
    <p class='ocr_par' dir='ltr' id='par_1_88' title="bbox 2185 2362 3787 2436">
     <span class='ocr_line' id='line_1_93' title="bbox 2185 2362 3787 2436; baseline -0.009 -14"><span class='ocrx_word' id='word_1_648' title='bbox 2185 2370 2288 2422; x_wconf 76' lang='grc' dir='ltr'><strong>Καὶ</strong></span> <span class='ocrx_word' id='word_1_649' title='bbox 2314 2371 2489 2435; x_wconf 77' lang='grc' dir='ltr'><strong>μείζων</strong></span> <span class='ocrx_word' id='word_1_650' title='bbox 2514 2370 2588 2430; x_wconf 81' lang='grc' dir='ltr'><strong>εἴη</strong></span> <span class='ocrx_word' id='word_1_651' title='bbox 2616 2371 2731 2436; x_wconf 84' lang='grc' dir='ltr'><strong>παρ’</strong></span> <span class='ocrx_word' id='word_1_652' title='bbox 2760 2368 2871 2431; x_wconf 80' lang='grc' dir='ltr'><strong>ἐμοὶ</strong></span> <span class='ocrx_word' id='word_1_653' title='bbox 2903 2365 3008 2423; x_wconf 82' lang='grc' dir='ltr'><strong>ἐνὸς</strong></span> <span class='ocrx_word' id='word_1_654' title='bbox 3034 2366 3244 2427; x_wconf 75' lang='grc' dir='ltr'><strong>ἀδελφοῦ</strong></span> <span class='ocrx_word' id='word_1_655' title='bbox 3272 2362 3463 2427; x_wconf 79' lang='grc' dir='ltr'><strong>γνώμη,</strong></span> <span class='ocrx_word' id='word_1_656' title='bbox 3498 2365 3634 2429; x_wconf 70' lang='grc' dir='ltr'><strong>ἤπερ</strong></span> <span class='ocrx_word' id='word_1_657' title='bbox 3663 2370 3787 2417; x_wconf 61' lang='grc' dir='ltr'><strong>ἀεὶ.</strong></span> 
     </span>
    </p>
   </div>
   <div class='ocr_carea' id='block_1_89' title="bbox 2186 2452 3789 2521">
    <p class='ocr_par' dir='ltr' id='par_1_89' title="bbox 2186 2452 3789 2521">
     <span class='ocr_line' id='line_1_94' title="bbox 2186 2452 3789 2521; baseline -0.004 -11"><span class='ocrx_word' id='word_1_658' title='bbox 2186 2476 2278 2518; x_wconf 90' lang='grc' dir='ltr'><strong>σης</strong></span> <span class='ocrx_word' id='word_1_659' title='bbox 2308 2461 2395 2521; x_wconf 77' lang='grc' dir='ltr'><strong>τῆς</strong></span> <span class='ocrx_word' id='word_1_660' title='bbox 2423 2460 2581 2517; x_wconf 75' lang='grc' dir='ltr'><strong>οἰκίας</strong></span> <span class='ocrx_word' id='word_1_661' title='bbox 2608 2464 2697 2509; x_wconf 76' lang='grc' dir='ltr'><strong>τοῦ</strong></span> <span class='ocrx_word' id='word_1_662' title='bbox 2738 2457 2982 2507; x_wconf 81' lang='grc' dir='ltr'><strong>δεσπότου</strong></span> <span class='ocrx_word' id='word_1_663' title='bbox 3018 2457 3051 2514; x_wconf 80' lang='grc' dir='ltr'><strong>ἡ</strong></span> <span class='ocrx_word' id='word_1_664' title='bbox 3079 2452 3216 2511; x_wconf 81' lang='grc' dir='ltr'><strong>κοινὴ</strong></span> <span class='ocrx_word' id='word_1_665' title='bbox 3255 2452 3547 2502; x_wconf 74' lang='grc' dir='ltr'><strong>λυσιτέλεια.</strong></span> <span class='ocrx_word' id='word_1_666' title='bbox 3582 2456 3689 2507; x_wconf 75' lang='grc' dir='ltr'><strong>Καὶ</strong></span> <span class='ocrx_word' id='word_1_667' title='bbox 3713 2458 3789 2506; x_wconf 68' lang='grc' dir='ltr'><strong>διὰ</strong></span> 
     </span>
    </p>
   </div>
   <div class='ocr_carea' id='block_1_90' title="bbox 2185 2546 3787 2617">
    <p class='ocr_par' dir='ltr' id='par_1_90' title="bbox 2185 2546 3787 2617">
     <span class='ocr_line' id='line_1_95' title="bbox 2185 2546 3787 2617; baseline -0.004 -13"><span class='ocrx_word' id='word_1_668' title='bbox 2185 2552 2336 2605; x_wconf 88' lang='grc' dir='ltr'><strong>τοῦτο</strong></span> <span class='ocrx_word' id='word_1_669' title='bbox 2375 2554 2633 2617; x_wconf 84' lang='grc' dir='ltr'><strong>γινώσκων</strong></span> <span class='ocrx_word' id='word_1_670' title='bbox 2667 2554 2755 2612; x_wconf 84' lang='grc' dir='ltr'><strong>τὴν</strong></span> <span class='ocrx_word' id='word_1_671' title='bbox 2791 2550 2981 2607; x_wconf 69' lang='grc' dir='ltr'><strong>ἔνδοξόν</strong></span> <span class='ocrx_word' id='word_1_672' title='bbox 3017 2566 3110 2600; x_wconf 86' lang='grc' dir='ltr'><strong>σου</strong></span> <span class='ocrx_word' id='word_1_673' title='bbox 3149 2546 3461 2611; x_wconf 77' lang='grc' dir='ltr'><strong>γαληνότητα</strong></span> <span class='ocrx_word' id='word_1_674' title='bbox 3499 2555 3563 2611; x_wconf 74' lang='grc' dir='ltr'><strong>τῇ</strong></span> <span class='ocrx_word' id='word_1_675' title='bbox 3607 2548 3787 2608; x_wconf 59' lang='lat' dir='ltr'><strong>(man.</strong></span> 
     </span>
    </p>
   </div>
   <div class='ocr_carea' id='block_1_91' title="bbox 2184 2630 3791 2721">
    <p class='ocr_par' dir='ltr' id='par_1_91' title="bbox 2184 2630 3791 2721">
     <span class='ocr_line' id='line_1_96' title="bbox 2184 2630 3791 2721; baseline -0.004 -22"><span class='ocrx_word' id='word_1_676' title='bbox 2184 2651 2416 2721; x_wconf 80' lang='grc' dir='ltr'><strong>σιαστικῇ</strong></span> <span class='ocrx_word' id='word_1_677' title='bbox 2451 2650 2739 2707; x_wconf 81' lang='grc' dir='ltr'><strong>σπουδάζειν</strong></span> <span class='ocrx_word' id='word_1_678' title='bbox 2776 2650 3004 2715; x_wconf 75' lang='grc' dir='ltr'><strong>ὁμονοία,</strong></span> <span class='ocrx_word' id='word_1_679' title='bbox 3043 2630 3268 2702; x_wconf 78' lang='grc'>1152</span> <span class='ocrx_word' id='word_1_680' title='bbox 3302 2646 3386 2697; x_wconf 78' lang='grc' dir='ltr'><strong>καὶ</strong></span> <span class='ocrx_word' id='word_1_681' title='bbox 3414 2645 3520 2700; x_wconf 82' lang='grc' dir='ltr'><strong>τοῖς</strong></span> <span class='ocrx_word' id='word_1_682' title='bbox 3559 2653 3629 2710; x_wconf 73' lang='grc' dir='ltr'><strong>τῇ</strong></span> <span class='ocrx_word' id='word_1_683' title='bbox 3661 2648 3791 2713; x_wconf 52' lang='lat' dir='ltr'><strong>(In.</strong></span> 
     </span>
    </p>
   </div>
   <div class='ocr_carea' id='block_1_92' title="bbox 2182 2734 3789 2803">
    <p class='ocr_par' dir='ltr' id='par_1_92' title="bbox 2182 2734 3789 2803">
     <span class='ocr_line' id='line_1_97' title="bbox 2182 2734 3789 2803; baseline -0.001 -17"><span class='ocrx_word' id='word_1_684' title='bbox 2182 2740 2371 2803; x_wconf 86' lang='grc' dir='ltr'><strong>νοποιῷ</strong></span> <span class='ocrx_word' id='word_1_685' title='bbox 2408 2738 2581 2789; x_wconf 82' lang='grc' dir='ltr'><strong>ἐνώσει</strong></span> <span class='ocrx_word' id='word_1_686' title='bbox 2619 2739 2917 2802; x_wconf 82' lang='grc' dir='ltr'><strong>ἀρμὸζουσιν</strong></span> <span class='ocrx_word' id='word_1_687' title='bbox 2957 2737 3136 2796; x_wconf 77' lang='grc' dir='ltr'><strong>εὐσεϐῆ</strong></span> <span class='ocrx_word' id='word_1_688' title='bbox 3166 2738 3432 2803; x_wconf 82' lang='grc' dir='ltr'><strong>παρασχεῖν</strong></span> <span class='ocrx_word' id='word_1_689' title='bbox 3468 2734 3491 2769; x_wconf 83' lang='grc'><strong>⁷</strong></span> <span class='ocrx_word' id='word_1_690' title='bbox 3530 2736 3789 2793; x_wconf 64' lang='grc' dir='ltr'><strong>σύνεισιν,</strong></span> 
     </span>
    </p>
   </div>
   <div class='ocr_carea' id='block_1_93' title="bbox 2183 2824 3791 2889">
    <p class='ocr_par' dir='ltr' id='par_1_93' title="bbox 2183 2824 3791 2889">
     <span class='ocr_line' id='line_1_98' title="bbox 2183 2824 3791 2889; baseline -0.002 -16"><span class='ocrx_word' id='word_1_691' title='bbox 2183 2825 2376 2889; x_wconf 81' lang='grc' dir='ltr'><strong>δέομαι,</strong></span> <span class='ocrx_word' id='word_1_692' title='bbox 2405 2826 2489 2876; x_wconf 78' lang='grc' dir='ltr'><strong>καὶ</strong></span> <span class='ocrx_word' id='word_1_693' title='bbox 2518 2826 2883 2889; x_wconf 81' lang='grc' dir='ltr'><strong>σπουδαιοτάτῃ</strong></span> <span class='ocrx_word' id='word_1_694' title='bbox 2914 2825 3105 2883; x_wconf 68' lang='grc' dir='ltr'><strong>αἰτήσει</strong></span> <span class='ocrx_word' id='word_1_695' title='bbox 3140 2828 3271 2889; x_wconf 82' lang='grc' dir='ltr'><strong>ὑμᾶς</strong></span> <span class='ocrx_word' id='word_1_696' title='bbox 3300 2824 3580 2887; x_wconf 78' lang='grc' dir='ltr'><strong>παρακαλῶ</strong></span> <span class='ocrx_word' id='word_1_697' title='bbox 3598 2862 3616 2885; x_wconf 81' lang='lat'><strong>,</strong></span> <span class='ocrx_word' id='word_1_698' title='bbox 3657 2825 3791 2878; x_wconf 65' lang='grc' dir='ltr'><strong>ὅπως</strong></span> 
     </span>
    </p>
   </div>
   <div class='ocr_carea' id='block_1_94' title="bbox 2184 2913 3789 2981">
    <p class='ocr_par' dir='ltr' id='par_1_94' title="bbox 2184 2913 3789 2981">
     <span class='ocr_line' id='line_1_99' title="bbox 2184 2913 3789 2981; baseline 0 -18"><span class='ocrx_word' id='word_1_699' title='bbox 2184 2914 2271 2970; x_wconf 80' lang='grc' dir='ltr'><strong>τὰς</strong></span> <span class='ocrx_word' id='word_1_700' title='bbox 2309 2915 2630 2981; x_wconf 80' lang='grc' dir='ltr'><strong>ἐπιχειρήσεις</strong></span> <span class='ocrx_word' id='word_1_701' title='bbox 2674 2917 2761 2970; x_wconf 87' lang='grc' dir='ltr'><strong>τὰς</strong></span> <span class='ocrx_word' id='word_1_702' title='bbox 2813 2915 3041 2973; x_wconf 72' lang='grc' dir='ltr'><strong>ἀναιδεῖς,</strong></span> <span class='ocrx_word' id='word_1_703' title='bbox 3095 2916 3182 2970; x_wconf 83' lang='grc' dir='ltr'><strong>τὰς</strong></span> <span class='ocrx_word' id='word_1_704' title='bbox 3229 2913 3451 2968; x_wconf 80' lang='grc' dir='ltr'><strong>ἐναντίας</strong></span> <span class='ocrx_word' id='word_1_705' title='bbox 3499 2918 3562 2975; x_wconf 79' lang='grc' dir='ltr'><strong>τῇ</strong></span> <span class='ocrx_word' id='word_1_706' title='bbox 3612 2914 3789 2963; x_wconf 69' lang='grc' dir='ltr'><strong>ἐνόσει</strong></span> 
     </span>
    </p>
   </div>
   <div class='ocr_carea' id='block_1_95' title="bbox 2182 3001 3789 3068">
    <p class='ocr_par' dir='ltr' id='par_1_95' title="bbox 2182 3001 3789 3068">
     <span class='ocr_line' id='line_1_100' title="bbox 2182 3001 3789 3068; baseline -0.001 -17"><span class='ocrx_word' id='word_1_707' title='bbox 2182 3001 2267 3051; x_wconf 78' lang='grc' dir='ltr'><strong>καὶ</strong></span> <span class='ocrx_word' id='word_1_708' title='bbox 2302 3007 2362 3066; x_wconf 81' lang='grc' dir='ltr'><strong>τῇ</strong></span> <span class='ocrx_word' id='word_1_709' title='bbox 2392 3002 2555 3066; x_wconf 74' lang='grc' dir='ltr'><strong>εἰρήνῃ</strong></span> <span class='ocrx_word' id='word_1_710' title='bbox 2594 3002 2693 3051; x_wconf 82' lang='grc' dir='ltr'><strong>τῶν</strong></span> <span class='ocrx_word' id='word_1_711' title='bbox 2722 3003 3057 3068; x_wconf 72' lang='grc' dir='ltr'><strong>Χριστιανῶν,</strong></span> <span class='ocrx_word' id='word_1_712' title='bbox 3103 3001 3201 3051; x_wconf 83' lang='grc' dir='ltr'><strong>ἀπὸ</strong></span> <span class='ocrx_word' id='word_1_713' title='bbox 3245 3002 3407 3059; x_wconf 79' lang='grc' dir='ltr'><strong>πάσης</strong></span> <span class='ocrx_word' id='word_1_714' title='bbox 3447 3002 3789 3057; x_wconf 71' lang='grc' dir='ltr'><strong>συναινέσεως</strong></span> 
     </span>
    </p>
   </div>
   <div class='ocr_carea' id='block_1_96' title="bbox 2183 3087 3787 3157">
    <p class='ocr_par' dir='ltr' id='par_1_96' title="bbox 2183 3087 3787 3157">
     <span class='ocr_line' id='line_1_101' title="bbox 2183 3087 3787 3157; baseline 0.001 -18"><span class='ocrx_word' id='word_1_715' title='bbox 2183 3088 2271 3149; x_wconf 79' lang='grc' dir='ltr'><strong>τῆς</strong></span> <span class='ocrx_word' id='word_1_716' title='bbox 2313 3091 2555 3157; x_wconf 80' lang='grc' dir='ltr'><strong>ὐμετέρας</strong></span> <span class='ocrx_word' id='word_1_717' title='bbox 2600 3090 2850 3146; x_wconf 79' lang='grc' dir='ltr'><strong>εὐσεϐείας</strong></span> <span class='ocrx_word' id='word_1_718' title='bbox 2890 3088 2911 3122; x_wconf 82' lang='grc'>⁸</span> <span class='ocrx_word' id='word_1_719' title='bbox 2962 3090 3336 3157; x_wconf 79' lang='grc' dir='ltr'><strong>ἀποκηρύξητε,</strong></span> <span class='ocrx_word' id='word_1_720' title='bbox 3386 3088 3473 3138; x_wconf 76' lang='grc' dir='ltr'><strong>καὶ</strong></span> <span class='ocrx_word' id='word_1_721' title='bbox 3513 3087 3616 3138; x_wconf 86' lang='grc' dir='ltr'><strong>τοῦ</strong></span> <span class='ocrx_word' id='word_1_722' title='bbox 3663 3087 3787 3152; x_wconf 70' lang='grc' dir='ltr'><strong>ἐμοῦ</strong></span> 
     </span>
    </p>
   </div>
   <div class='ocr_carea' id='block_1_97' title="bbox 2182 3177 3783 3243">
    <p class='ocr_par' dir='ltr' id='par_1_97' title="bbox 2182 3177 3783 3243">
     <span class='ocr_line' id='line_1_102' title="bbox 2182 3177 3783 3243; baseline -0.001 -14"><span class='ocrx_word' id='word_1_723' title='bbox 2182 3177 2392 3242; x_wconf 80' lang='grc' dir='ltr'><strong>ἀλελφοῦ</strong></span> <span class='ocrx_word' id='word_1_724' title='bbox 2451 3180 2726 3229; x_wconf 78' lang='grc' dir='ltr'><strong>Ἀνατολίου</strong></span> <span class='ocrx_word' id='word_1_725' title='bbox 2778 3181 2867 3237; x_wconf 73' lang='grc' dir='ltr'><strong>τὴν</strong></span> <span class='ocrx_word' id='word_1_726' title='bbox 2916 3179 3148 3238; x_wconf 70' lang='grc' dir='ltr'><strong>ἐπιϐλαᾶῆ</strong></span> <span class='ocrx_word' id='word_1_727' title='bbox 3202 3180 3384 3243; x_wconf 72' lang='grc' dir='ltr'><strong>ἐαυτῷ,</strong></span> <span class='ocrx_word' id='word_1_728' title='bbox 3434 3179 3477 3227; x_wconf 81' lang='grc' dir='ltr'><strong>εί</strong></span> <span class='ocrx_word' id='word_1_729' title='bbox 3532 3178 3783 3242; x_wconf 71' lang='grc' dir='ltr'><strong>ἐπιμένοι,</strong></span> 
     </span>
    </p>
   </div>
   <div class='ocr_carea' id='block_1_98' title="bbox 2182 3267 3783 3335">
    <p class='ocr_par' dir='ltr' id='par_1_98' title="bbox 2182 3267 3783 3335">
     <span class='ocr_line' id='line_1_103' title="bbox 2182 3267 3783 3335; baseline -0.001 -18"><span class='ocrx_word' id='word_1_730' title='bbox 2182 3267 2436 3329; x_wconf 81' lang='grc' dir='ltr'><strong>ἐπιθυμίαν</strong></span> <span class='ocrx_word' id='word_1_731' title='bbox 2484 3268 2814 3335; x_wconf 85' lang='grc' dir='ltr'><strong>σωτηριωδῶς</strong></span> <span class='ocrx_word' id='word_1_732' title='bbox 2848 3268 3104 3334; x_wconf 84' lang='grc' dir='ltr'><strong>ἐπίσχητε,</strong></span> <span class='ocrx_word' id='word_1_733' title='bbox 3141 3271 3225 3317; x_wconf 74' lang='grc' dir='ltr'><strong>ἵνα</strong></span> <span class='ocrx_word' id='word_1_734' title='bbox 3272 3269 3338 3332; x_wconf 75' lang='grc' dir='ltr'><strong>μὴ</strong></span> <span class='ocrx_word' id='word_1_735' title='bbox 3388 3267 3615 3326; x_wconf 72' lang='grc' dir='ltr'><strong>τοῦτον,</strong></span> <span class='ocrx_word' id='word_1_736' title='bbox 3662 3270 3783 3333; x_wconf 70' lang='grc' dir='ltr'><strong>ἅπερ</strong></span> 
     </span>
    </p>
   </div>
   <div class='ocr_carea' id='block_1_99' title="bbox 2181 3355 3786 3427">
    <p class='ocr_par' dir='ltr' id='par_1_99' title="bbox 2181 3355 3786 3427">
     <span class='ocr_line' id='line_1_104' title="bbox 2181 3355 3786 3427; baseline 0.001 -23"><span class='ocrx_word' id='word_1_737' title='bbox 2181 3355 2243 3427; x_wconf 74' lang='grc' dir='ltr'><strong>τῇ</strong></span> <span class='ocrx_word' id='word_1_738' title='bbox 2274 3356 2491 3422; x_wconf 76' lang='grc' dir='ltr'><strong>ὑμετέρᾳ</strong></span> <span class='ocrx_word' id='word_1_739' title='bbox 2533 3356 2646 3420; x_wconf 74' lang='grc' dir='ltr'><strong>δόξῃ</strong></span> <span class='ocrx_word' id='word_1_740' title='bbox 2685 3356 2768 3405; x_wconf 76' lang='grc' dir='ltr'><strong>καὶ</strong></span> <span class='ocrx_word' id='word_1_741' title='bbox 2805 3357 2909 3412; x_wconf 88' lang='grc' dir='ltr'><strong>τοῖς</strong></span> <span class='ocrx_word' id='word_1_742' title='bbox 2942 3357 3141 3421; x_wconf 87' lang='grc' dir='ltr'><strong>χρόνοις</strong></span> <span class='ocrx_word' id='word_1_743' title='bbox 3188 3358 3338 3422; x_wconf 77' lang='grc' dir='ltr'><strong>ἐχθρὰ</strong></span> <span class='ocrx_word' id='word_1_744' title='bbox 3383 3357 3644 3421; x_wconf 76' lang='grc' dir='ltr'><strong>τυγχάνει,</strong></span> <span class='ocrx_word' id='word_1_745' title='bbox 3684 3359 3786 3406; x_wconf 67' lang='lat' dir='ltr'><strong>im-</strong></span> 
     </span>
    </p>
   </div>
   <div class='ocr_carea' id='block_1_100' title="bbox 2181 3440 3783 3510">
    <p class='ocr_par' dir='ltr' id='par_1_100' title="bbox 2181 3440 3783 3510">
     <span class='ocr_line' id='line_1_105' title="bbox 2181 3440 3783 3510; baseline 0.001 -18"><span class='ocrx_word' id='word_1_746' title='bbox 2181 3444 2363 3508; x_wconf 83' lang='grc' dir='ltr'><strong>θυμῶν,</strong></span> <span class='ocrx_word' id='word_1_747' title='bbox 2395 3445 2569 3508; x_wconf 77' lang='grc' dir='ltr'><strong>μείζων</strong></span> <span class='ocrx_word' id='word_1_748' title='bbox 2604 3446 2782 3509; x_wconf 82' lang='grc' dir='ltr'><strong>θελήσῃ</strong></span> <span class='ocrx_word' id='word_1_749' title='bbox 2812 3440 2937 3496; x_wconf 76' lang='grc' dir='ltr'><strong>εἷναι</strong></span> <span class='ocrx_word' id='word_1_750' title='bbox 2974 3447 3072 3495; x_wconf 84' lang='grc' dir='ltr'><strong>τῶν</strong></span> <span class='ocrx_word' id='word_1_751' title='bbox 3102 3442 3196 3507; x_wconf 74' lang='grc' dir='ltr'><strong>ἤδη</strong></span> <span class='ocrx_word' id='word_1_752' title='bbox 3240 3444 3399 3496; x_wconf 81' lang='grc' dir='ltr'><strong>ὄντων</strong></span> <span class='ocrx_word' id='word_1_753' title='bbox 3428 3444 3676 3510; x_wconf 69' lang='grc' dir='ltr'><strong>πρώτων,</strong></span> <span class='ocrx_word' id='word_1_754' title='bbox 3704 3446 3783 3494; x_wconf 72' lang='grc' dir='ltr'><strong>καὶ</strong></span> 
     </span>
    </p>
   </div>
   <div class='ocr_carea' id='block_1_101' title="bbox 2178 3536 3783 3605">
    <p class='ocr_par' dir='ltr' id='par_1_101' title="bbox 2178 3536 3783 3605">
     <span class='ocr_line' id='line_1_106' title="bbox 2178 3536 3783 3605; baseline 0.001 -19"><span class='ocrx_word' id='word_1_755' title='bbox 2178 3536 2255 3586; x_wconf 81' lang='grc' dir='ltr'><strong>ἐπ’</strong></span> <span class='ocrx_word' id='word_1_756' title='bbox 2301 3536 2466 3592; x_wconf 80' lang='grc' dir='ltr'><strong>ἀδείας</strong></span> <span class='ocrx_word' id='word_1_757' title='bbox 2508 3538 2679 3603; x_wconf 81' lang='grc' dir='ltr'><strong>ἐκείνῳ</strong></span> <span class='ocrx_word' id='word_1_758' title='bbox 2728 3537 2824 3601; x_wconf 77' lang='grc' dir='ltr'><strong>εἴη,</strong></span> <span class='ocrx_word' id='word_1_759' title='bbox 2852 3540 2992 3594; x_wconf 84' lang='grc' dir='ltr'><strong>δσαις</strong></span> <span class='ocrx_word' id='word_1_760' title='bbox 3028 3536 3087 3589; x_wconf 81' lang='grc' dir='ltr'><strong>ἂν</strong></span> <span class='ocrx_word' id='word_1_761' title='bbox 3130 3541 3305 3604; x_wconf 81' lang='grc' dir='ltr'><strong>ἐθέλοι,</strong></span> <span class='ocrx_word' id='word_1_762' title='bbox 3352 3538 3625 3600; x_wconf 79' lang='grc' dir='ltr'><strong>ἐκλάμπειν</strong></span> <span class='ocrx_word' id='word_1_763' title='bbox 3675 3541 3783 3605; x_wconf 75' lang='grc' dir='ltr'><strong>ἀρε-</strong></span> 
     </span>
    </p>
   </div>
   <div class='ocr_carea' id='block_1_102' title="bbox 2178 3617 3783 3692">
    <p class='ocr_par' dir='ltr' id='par_1_102' title="bbox 2178 3617 3783 3692">
     <span class='ocr_line' id='line_1_107' title="bbox 2178 3617 3783 3692; baseline 0.002 -16"><span class='ocrx_word' id='word_1_764' title='bbox 2178 3626 2303 3687; x_wconf 86' lang='grc' dir='ltr'><strong>ταῖς,</strong></span> <span class='ocrx_word' id='word_1_765' title='bbox 2357 3617 2424 3673; x_wconf 79' lang='grc' dir='ltr'><strong>ὧν</strong></span> <span class='ocrx_word' id='word_1_766' title='bbox 2472 3626 2565 3691; x_wconf 82' lang='grc' dir='ltr'><strong>οὐχ</strong></span> <span class='ocrx_word' id='word_1_767' title='bbox 2606 3627 2785 3692; x_wconf 78' lang='grc' dir='ltr'><strong>ἐτέρως</strong></span> <span class='ocrx_word' id='word_1_768' title='bbox 2833 3627 3068 3684; x_wconf 86' lang='grc' dir='ltr'><strong>κοινωνός</strong></span> <span class='ocrx_word' id='word_1_769' title='bbox 3106 3625 3128 3661; x_wconf 82' lang='grc'><strong><em>⁸</em></strong></span> <span class='ocrx_word' id='word_1_770' title='bbox 3175 3630 3326 3690; x_wconf 83' lang='grc' dir='ltr'><strong>ἐστιν,</strong></span> <span class='ocrx_word' id='word_1_771' title='bbox 3364 3628 3406 3677; x_wconf 79' lang='grc' dir='ltr'><strong>εί</strong></span> <span class='ocrx_word' id='word_1_772' title='bbox 3443 3628 3508 3691; x_wconf 80' lang='grc' dir='ltr'>μή</span> <span class='ocrx_word' id='word_1_773' title='bbox 3558 3628 3783 3679; x_wconf 74' lang='grc' dir='ltr'><strong>διαθέσει</strong></span> 
     </span>
    </p>
   </div>
   <div class='ocr_carea' id='block_1_103' title="bbox 2178 3714 3777 3781">
    <p class='ocr_par' dir='ltr' id='par_1_103' title="bbox 2178 3714 3777 3781">
     <span class='ocr_line' id='line_1_108' title="bbox 2178 3714 3777 3781; baseline 0.003 -17"><span class='ocrx_word' id='word_1_774' title='bbox 2178 3716 2360 3778; x_wconf 83' lang='grc' dir='ltr'><strong>μᾶλλον</strong></span> <span class='ocrx_word' id='word_1_775' title='bbox 2406 3714 2562 3764; x_wconf 73' lang='grc' dir='ltr'><strong>ἐθέλοι</strong></span> <span class='ocrx_word' id='word_1_776' title='bbox 2613 3715 2937 3780; x_wconf 84' lang='grc' dir='ltr'><strong>κοσμεῖσθαι,</strong></span> <span class='ocrx_word' id='word_1_777' title='bbox 2983 3715 3111 3781; x_wconf 83' lang='grc' dir='ltr'><strong>ἥπερ</strong></span> <span class='ocrx_word' id='word_1_778' title='bbox 3155 3717 3399 3778; x_wconf 76' lang='grc' dir='ltr'><strong>ἀμόιτίονι</strong></span> <span class='ocrx_word' id='word_1_779' title='bbox 3445 3716 3777 3768; x_wconf 81' lang='grc' dir='ltr'><strong>ἐκτείνεσθαι.</strong></span> 
     </span>
    </p>
   </div>
   <div class='ocr_carea' id='block_1_104' title="bbox 2174 3802 3777 3868">
    <p class='ocr_par' dir='ltr' id='par_1_104' title="bbox 2174 3802 3777 3868">
     <span class='ocr_line' id='line_1_109' title="bbox 2174 3802 3777 3868; baseline 0.002 -16"><span class='ocrx_word' id='word_1_780' title='bbox 2174 3803 2372 3862; x_wconf 77' lang='grc' dir='ltr'><strong>Ταύτην</strong></span> <span class='ocrx_word' id='word_1_781' title='bbox 2420 3802 2472 3852; x_wconf 75' lang='grc' dir='ltr'><strong>δὲ</strong></span> <span class='ocrx_word' id='word_1_782' title='bbox 2521 3804 2609 3861; x_wconf 79' lang='grc' dir='ltr'><strong>τὴν</strong></span> <span class='ocrx_word' id='word_1_783' title='bbox 2654 3804 2826 3863; x_wconf 80' lang='grc' dir='ltr'><strong>ἀναιδῆ</strong></span> <span class='ocrx_word' id='word_1_784' title='bbox 2859 3804 3114 3868; x_wconf 88' lang='grc' dir='ltr'><strong>ἐπιθυμίαν</strong></span> <span class='ocrx_word' id='word_1_785' title='bbox 3158 3806 3397 3855; x_wconf 84' lang='grc' dir='ltr'><strong>οὐδέποτε</strong></span> <span class='ocrx_word' id='word_1_786' title='bbox 3435 3804 3522 3868; x_wconf 80' lang='grc' dir='ltr'><strong>μὲν</strong></span> <span class='ocrx_word' id='word_1_787' title='bbox 3568 3804 3777 3867; x_wconf 74' lang='grc' dir='ltr'><strong>ὤφειλεν</strong></span> 
     </span>
    </p>
   </div>
   <div class='ocr_carea' id='block_1_105' title="bbox 2174 3884 3776 3958">
    <p class='ocr_par' dir='ltr' id='par_1_105' title="bbox 2174 3884 3776 3958">
     <span class='ocr_line' id='line_1_110' title="bbox 2174 3884 3776 3958; baseline 0.001 -18"><span class='ocrx_word' id='word_1_788' title='bbox 2174 3890 2227 3941; x_wconf 85' lang='grc' dir='ltr'><strong>ἐν</strong></span> <span class='ocrx_word' id='word_1_789' title='bbox 2255 3897 2314 3955; x_wconf 80' lang='grc' dir='ltr'><strong>τῇ</strong></span> <span class='ocrx_word' id='word_1_790' title='bbox 2352 3888 2508 3942; x_wconf 89' lang='grc' dir='ltr'><strong>αὐτοῦ</strong></span> <span class='ocrx_word' id='word_1_791' title='bbox 2536 3884 2661 3956; x_wconf 70' lang='grc' dir='ltr'><strong>ἔχειν</strong></span> <span class='ocrx_word' id='word_1_792' title='bbox 2696 3898 2755 3956; x_wconf 80' lang='grc' dir='ltr'><strong>τῇ</strong></span> <span class='ocrx_word' id='word_1_793' title='bbox 2792 3893 2949 3958; x_wconf 79' lang='grc' dir='ltr'>ψυχῇ,</span> <span class='ocrx_word' id='word_1_794' title='bbox 2990 3892 3094 3942; x_wconf 80' lang='grc' dir='ltr'><strong>ἀλλ’</strong></span> <span class='ocrx_word' id='word_1_795' title='bbox 3130 3894 3343 3952; x_wconf 80' lang='grc' dir='ltr'><strong>ὁπηνίκα</strong></span> <span class='ocrx_word' id='word_1_796' title='bbox 3379 3894 3517 3956; x_wconf 76' lang='grc' dir='ltr'><strong>αὐτῷ</strong></span> <span class='ocrx_word' id='word_1_797' title='bbox 3555 3896 3607 3943; x_wconf 73' lang='grc' dir='ltr'><strong>οι</strong></span> <span class='ocrx_word' id='word_1_798' title='bbox 3644 3895 3776 3942; x_wconf 80' lang='grc' dir='ltr'><strong>ἀδελ-</strong></span> 
     </span>
    </p>
   </div>
   <div class='ocr_carea' id='block_1_106' title="bbox 2174 3976 3770 4047">
    <p class='ocr_par' dir='ltr' id='par_1_106' title="bbox 2174 3976 3770 4047">
     <span class='ocr_line' id='line_1_111' title="bbox 2174 3976 3770 4047; baseline 0.002 -19"><span class='ocrx_word' id='word_1_799' title='bbox 2174 3976 2272 4043; x_wconf 77' lang='grc' dir='ltr'><strong>φοὶ,</strong></span> <span class='ocrx_word' id='word_1_800' title='bbox 2313 3978 2397 4028; x_wconf 80' lang='grc' dir='ltr'><strong>καὶ</strong></span> <span class='ocrx_word' id='word_1_801' title='bbox 2448 3980 2800 4030; x_wconf 85' lang='grc' dir='ltr'><strong>συνεπίσκοποι</strong></span> <span class='ocrx_word' id='word_1_802' title='bbox 2844 3979 2976 4045; x_wconf 80' lang='grc' dir='ltr'><strong>ἐμοὶ,</strong></span> <span class='ocrx_word' id='word_1_803' title='bbox 3021 3982 3068 4030; x_wconf 75' lang='grc' dir='ltr'><strong>οι</strong></span> <span class='ocrx_word' id='word_1_804' title='bbox 3102 3980 3226 4045; x_wconf 76' lang='grc' dir='ltr'><strong>ὑπὲρ</strong></span> <span class='ocrx_word' id='word_1_805' title='bbox 3276 3979 3401 4043; x_wconf 88' lang='grc' dir='ltr'><strong>ἐμοῦ</strong></span> <span class='ocrx_word' id='word_1_806' title='bbox 3418 3981 3770 4047; x_wconf 63' lang='grc' dir='ltr'><strong>,πράττοντεῆ</strong></span> 
     </span>
    </p>
   </div>
   <div class='ocr_carea' id='block_1_107' title="bbox 2173 4064 3770 4137">
    <p class='ocr_par' dir='ltr' id='par_1_107' title="bbox 2173 4064 3770 4137">
     <span class='ocr_line' id='line_1_112' title="bbox 2173 4064 3770 4137; baseline 0.001 -22"><span class='ocrx_word' id='word_1_807' title='bbox 2173 4066 2468 4126; x_wconf 79' lang='grc' dir='ltr'><strong>αντέὄησαν,</strong></span> <span class='ocrx_word' id='word_1_808' title='bbox 2499 4064 2597 4114; x_wconf 81' lang='grc' dir='ltr'><strong>ἀπὸ</strong></span> <span class='ocrx_word' id='word_1_809' title='bbox 2619 4066 2705 4126; x_wconf 76' lang='grc' dir='ltr'><strong>τῆς</strong></span> <span class='ocrx_word' id='word_1_810' title='bbox 2728 4066 3023 4133; x_wconf 88' lang='grc' dir='ltr'><strong>παρανόμου</strong></span> <span class='ocrx_word' id='word_1_811' title='bbox 3062 4068 3244 4131; x_wconf 86' lang='grc' dir='ltr'><strong>τόλμης</strong></span> <span class='ocrx_word' id='word_1_812' title='bbox 3273 4066 3366 4137; x_wconf 81' lang='grc' dir='ltr'><strong>κᾲν</strong></span> <span class='ocrx_word' id='word_1_813' title='bbox 3402 4068 3461 4117; x_wconf 83' lang='grc' dir='ltr'><strong>ἐκ</strong></span> <span class='ocrx_word' id='word_1_814' title='bbox 3489 4068 3575 4127; x_wconf 77' lang='grc' dir='ltr'><strong>τῆς</strong></span> <span class='ocrx_word' id='word_1_815' title='bbox 3606 4070 3770 4117; x_wconf 58' lang='lat' dir='ltr'><strong>uiti&quot;</strong></span> 
     </span>
    </p>
   </div>
   <div class='ocr_carea' id='block_1_108' title="bbox 2172 4153 3769 4225">
    <p class='ocr_par' dir='ltr' id='par_1_108' title="bbox 2172 4153 3769 4225">
     <span class='ocr_line' id='line_1_113' title="bbox 2172 4153 3769 4225; baseline 0.002 -18"><span class='ocrx_word' id='word_1_816' title='bbox 2172 4153 2375 4221; x_wconf 73' lang='grc' dir='ltr'><strong>ὤφειλεν</strong></span> <span class='ocrx_word' id='word_1_817' title='bbox 2418 4156 2631 4222; x_wconf 78' lang='grc' dir='ltr'><strong>ἀργῆσαι</strong></span> <span class='ocrx_word' id='word_1_818' title='bbox 2672 4157 2970 4222; x_wconf 75' lang='grc' dir='ltr'><strong>ἀντιλογίαςσ</strong></span> <span class='ocrx_word' id='word_1_819' title='bbox 3016 4158 3101 4208; x_wconf 81' lang='grc' dir='ltr'><strong>καὶ</strong></span> <span class='ocrx_word' id='word_1_820' title='bbox 3140 4160 3234 4225; x_wconf 83' lang='grc' dir='ltr'><strong>γὰρ</strong></span> <span class='ocrx_word' id='word_1_821' title='bbox 3274 4159 3359 4209; x_wconf 78' lang='grc' dir='ltr'><strong>καὶ</strong></span> <span class='ocrx_word' id='word_1_822' title='bbox 3396 4160 3484 4220; x_wconf 77' lang='grc' dir='ltr'><strong>τῆς</strong></span> <span class='ocrx_word' id='word_1_823' title='bbox 3528 4162 3769 4223; x_wconf 74' lang='grc' dir='ltr'><strong>ὑμετέρας</strong></span> 
     </span>
    </p>
   </div>
   <div class='ocr_carea' id='block_1_109' title="bbox 2154 4332 3792 4406">
    <p class='ocr_par' dir='ltr' id='par_1_109' title="bbox 2154 4332 3792 4406">
     <span class='ocr_line' id='line_1_114' title="bbox 2154 4332 3792 4406; baseline -0.002 -15"><span class='ocrx_word' id='word_1_824' title='bbox 2154 4335 2227 4406; x_wconf 89' lang='lat' dir='ltr'><strong>(e)</strong></span> <span class='ocrx_word' id='word_1_825' title='bbox 2258 4332 2767 4404; x_wconf 80' lang='lat' dir='ltr'><strong>Vindebon.Hisp.</strong></span> <span class='ocrx_word' id='word_1_826' title='bbox 2792 4332 2963 4388; x_wconf 88' lang='lat' dir='ltr'><strong>addit</strong></span> <span class='ocrx_word' id='word_1_827' title='bbox 2998 4334 3185 4388; x_wconf 79' lang='lat' dir='ltr'><strong>etiam.</strong></span> <span class='ocrx_word' id='word_1_828' title='bbox 3226 4335 3359 4387; x_wconf 87' lang='lat' dir='ltr'><strong>Vat.</strong></span> <span class='ocrx_word' id='word_1_829' title='bbox 3398 4332 3566 4405; x_wconf 87' lang='lat' dir='ltr'><strong>Hisp.</strong></span> <span class='ocrx_word' id='word_1_830' title='bbox 3590 4338 3651 4388; x_wconf 86' lang='lat' dir='ltr'><strong>et</strong></span> <span class='ocrx_word' id='word_1_831' title='bbox 3670 4333 3792 4389; x_wconf 79' lang='lat' dir='ltr'><strong>Isid-</strong></span> 
     </span>
    </p>
   </div>
   <div class='ocr_carea' id='block_1_110' title="bbox 2156 4406 2739 4462">
    <p class='ocr_par' dir='ltr' id='par_1_110' title="bbox 2156 4406 2739 4462">
     <span class='ocr_line' id='line_1_115' title="bbox 2156 4406 2739 4462; baseline -0.005 0"><span class='ocrx_word' id='word_1_832' title='bbox 2156 4406 2382 4462; x_wconf 90' lang='lat' dir='ltr'><strong>addunt</strong></span> <span class='ocrx_word' id='word_1_833' title='bbox 2405 4406 2739 4461; x_wconf 73' lang='lat' dir='ltr'><strong>charissimi.</strong></span> 
     </span>
    </p>
   </div>
   <div class='ocr_carea' id='block_1_111' title="bbox 2228 4474 3792 4605">
    <p class='ocr_par' dir='ltr' id='par_1_111' title="bbox 2228 4474 3792 4605">
     <span class='ocr_line' id='line_1_116' title="bbox 2228 4474 3792 4603; baseline -0.003 -71"><span class='ocrx_word' id='word_1_834' title='bbox 2228 4479 2297 4558; x_wconf 95' lang='lat'><strong>(</strong></span> <span class='ocrx_word' id='word_1_835' title='bbox 2312 4477 2539 4603; x_wconf 78' lang='lat' dir='ltr'><strong>Betis</strong></span> <span class='ocrx_word' id='word_1_836' title='bbox 2554 4475 2707 4558; x_wconf 81' lang='lat' dir='ltr'><strong>delet</strong></span> <span class='ocrx_word' id='word_1_837' title='bbox 2716 4477 2930 4548; x_wconf 81' lang='lat' dir='ltr'><strong>saltem,</strong></span> <span class='ocrx_word' id='word_1_838' title='bbox 2945 4480 3003 4533; x_wconf 90' lang='lat' dir='ltr'><strong>et</strong></span> <span class='ocrx_word' id='word_1_839' title='bbox 3018 4493 3121 4603; x_wconf 62' lang='lat' dir='ltr'><strong>pro</strong></span> <span class='ocrx_word' id='word_1_840' title='bbox 3133 4475 3348 4532; x_wconf 78' lang='lat' dir='ltr'><strong>salubri</strong></span> <span class='ocrx_word' id='word_1_841' title='bbox 3356 4474 3792 4558; x_wconf 73' lang='lat' dir='ltr'><strong>babetsalutari.</strong></span> 
     </span>
     <span class='ocr_line' id='line_1_117' title="bbox 2228 4547 3792 4605; baseline -0.001 -1"><span class='ocrx_word' id='word_1_842' title='bbox 2228 4563 2391 4605; x_wconf 79' lang='lat' dir='ltr'><strong>rique</strong></span> <span class='ocrx_word' id='word_1_843' title='bbox 2410 4564 2475 4603; x_wconf 92' lang='lat' dir='ltr'><strong>co</strong></span> <span class='ocrx_word' id='word_1_844' title='bbox 2521 4548 2575 4602; x_wconf 91' lang='lat' dir='ltr'><strong>d.</strong></span> <span class='ocrx_word' id='word_1_845' title='bbox 2601 4549 2929 4605; x_wconf 85' lang='lat' dir='ltr'><strong>deebon.</strong></span> <span class='ocrx_word' id='word_1_846' title='bbox 2956 4549 3027 4604; x_wconf 91' lang='lat' dir='ltr'><strong>de</strong></span> <span class='ocrx_word' id='word_1_847' title='bbox 3054 4548 3399 4605; x_wconf 75' lang='lat' dir='ltr'><strong>entsalubn.</strong></span> <span class='ocrx_word' id='word_1_848' title='bbox 3423 4552 3559 4605; x_wconf 80' lang='lat' dir='ltr'><strong>Vat.</strong></span> <span class='ocrx_word' id='word_1_849' title='bbox 3583 4547 3792 4605; x_wconf 84' lang='lat' dir='ltr'><strong>collect.</strong></span> 
     </span>
    </p>
   </div>
   <div class='ocr_carea' id='block_1_112' title="bbox 2564 4563 3649 4605">
    <p class='ocr_par' dir='ltr' id='par_1_112' title="bbox 2564 4563 3649 4605">
     <span class='ocr_line' id='line_1_118' title="bbox 2564 4563 3649 4605; baseline 0.004 -4"><span class='ocrx_word' id='word_1_850' title='bbox 2564 4590 2575 4602; x_wconf 91' lang='lat'><strong>.</strong></span> <span class='ocrx_word' id='word_1_851' title='bbox 2611 4563 2929 4605; x_wconf 76' lang='grc' dir='ltr'><strong>νωαθοοιι,</strong></span> <span class='ocrx_word' id='word_1_852' title='bbox 2956 4563 3399 4605; x_wconf 75' lang='lat' dir='ltr'><strong>delentsatuon.</strong></span> <span class='ocrx_word' id='word_1_853' title='bbox 3431 4563 3559 4605; x_wconf 81' lang='lat' dir='ltr'><strong>vat.</strong></span> <span class='ocrx_word' id='word_1_854' title='bbox 3583 4565 3649 4605; x_wconf 70' lang='grc' dir='ltr'><strong>ΩΟ</strong></span> 
     </span>
    </p>
   </div>
   <div class='ocr_carea' id='block_1_113' title="bbox 2221 4689 3793 4772">
    <p class='ocr_par' dir='ltr' id='par_1_113' title="bbox 2221 4689 3793 4772">
     <span class='ocr_line' id='line_1_119' title="bbox 2221 4689 3793 4772; baseline -0.001 -29"><span class='ocrx_word' id='word_1_855' title='bbox 2221 4692 2298 4772; x_wconf 66' lang='grc' dir='ltr'><strong>(ρ)</strong></span> <span class='ocrx_word' id='word_1_856' title='bbox 2320 4689 2554 4772; x_wconf 83' lang='lat' dir='ltr'><strong>Vu_l_gat_i</strong></span> <span class='ocrx_word' id='word_1_857' title='bbox 2575 4690 2944 4772; x_wconf 38' lang='lat' dir='ltr'><strong>i‘nserunt‘ei;</strong></span> <span class='ocrx_word' id='word_1_858' title='bbox 2961 4690 3283 4772; x_wconf 64' lang='lat' dir='ltr'><strong>delevimus</strong></span> <span class='ocrx_word' id='word_1_859' title='bbox 3298 4692 3650 4772; x_wconf 66' lang='lat' dir='ltr'><strong>auctoritate</strong></span> <span class='ocrx_word' id='word_1_860' title='bbox 3661 4703 3793 4772; x_wconf 69' lang='lat' dir='ltr'><strong>mss.</strong></span> 
     </span>
    </p>
   </div>
   <div class='ocr_carea' id='block_1_114' title="bbox 2140 4760 3792 4830">
    <p class='ocr_par' dir='ltr' id='par_1_114' title="bbox 2140 4760 3792 4830">
     <span class='ocr_line' id='line_1_120' title="bbox 2140 4760 3792 4830; baseline -0.002 -12"><span class='ocrx_word' id='word_1_861' title='bbox 2140 4760 2371 4830; x_wconf 78' lang='lat' dir='ltr'><strong>Ratisp.</strong></span> <span class='ocrx_word' id='word_1_862' title='bbox 2394 4760 2719 4817; x_wconf 82' lang='lat' dir='ltr'><strong>Vindebon.</strong></span> <span class='ocrx_word' id='word_1_863' title='bbox 2742 4760 2969 4818; x_wconf 87' lang='lat' dir='ltr'><strong>collect.</strong></span> <span class='ocrx_word' id='word_1_864' title='bbox 2990 4764 3045 4830; x_wconf 89' lang='lat'><strong>5,</strong></span> <span class='ocrx_word' id='word_1_865' title='bbox 3071 4780 3137 4818; x_wconf 90' lang='lat' dir='ltr'><strong>ac</strong></span> <span class='ocrx_word' id='word_1_866' title='bbox 3153 4762 3333 4818; x_wconf 90' lang='lat' dir='ltr'><strong>trium</strong></span> <span class='ocrx_word' id='word_1_867' title='bbox 3364 4761 3623 4820; x_wconf 87' lang='lat' dir='ltr'><strong>aliorum</strong></span> <span class='ocrx_word' id='word_1_868' title='bbox 3636 4760 3792 4819; x_wconf 88' lang='lat' dir='ltr'><strong>codd.</strong></span> 
     </span>
    </p>
   </div>
   <div class='ocr_carea' id='block_1_115' title="bbox 2145 4832 3634 4906">
    <p class='ocr_par' dir='ltr' id='par_1_115' title="bbox 2145 4832 3634 4906">
     <span class='ocr_line' id='line_1_121' title="bbox 2145 4832 3634 4906; baseline -0.001 -15"><span class='ocrx_word' id='word_1_869' title='bbox 2145 4832 2599 4906; x_wconf 74' lang='lat' dir='ltr'><strong>cumSichardo,</strong></span> <span class='ocrx_word' id='word_1_870' title='bbox 2622 4849 2728 4888; x_wconf 92' lang='lat' dir='ltr'><strong>nec</strong></span> <span class='ocrx_word' id='word_1_871' title='bbox 2750 4850 2863 4889; x_wconf 92' lang='lat' dir='ltr'><strong>non</strong></span> <span class='ocrx_word' id='word_1_872' title='bbox 2884 4833 3381 4906; x_wconf 90' lang='lat' dir='ltr'><strong>interpretationis</strong></span> <span class='ocrx_word' id='word_1_873' title='bbox 3405 4834 3634 4892; x_wconf 68' lang='lat' dir='ltr'><strong>Graeca.</strong></span> 
     </span>
    </p>
   </div>
   <div class='ocr_carea' id='block_1_116' title="bbox 2216 4905 2749 4967">
    <p class='ocr_par' dir='ltr' id='par_1_116' title="bbox 2216 4905 2749 4967">
     <span class='ocr_line' id='line_1_122' title="bbox 2216 4905 2749 4967; baseline 0.008 -9"><span class='ocrx_word' id='word_1_874' title='bbox 2216 4908 2233 4941; x_wconf 77' lang='grc'>³</span> <span class='ocrx_word' id='word_1_875' title='bbox 2271 4905 2749 4967; x_wconf 55' lang='grc' dir='ltr'><strong>ΡΟΓίΘάπολαύσοι.</strong></span> 
     </span>
    </p>
   </div>
   <div class='ocr_carea' id='block_1_117' title="bbox 2212 4975 3786 5057">
    <p class='ocr_par' dir='ltr' id='par_1_117' title="bbox 2212 4975 3786 5057">
     <span class='ocr_line' id='line_1_123' title="bbox 2212 4975 3786 5057; baseline -0.001 -27"><span class='ocrx_word' id='word_1_876' title='bbox 2212 4978 2234 5011; x_wconf 86' lang='grc'>²</span> <span class='ocrx_word' id='word_1_877' title='bbox 2256 4975 2384 5031; x_wconf 57' lang='lat' dir='ltr'><strong>Haec</strong></span> <span class='ocrx_word' id='word_1_878' title='bbox 2407 4975 2693 5057; x_wconf 86' lang='lat' dir='ltr'><strong>particula</strong></span> <span class='ocrx_word' id='word_1_879' title='bbox 2717 4987 2813 5048; x_wconf 79' lang='grc' dir='ltr'><strong>γὰρ</strong></span> <span class='ocrx_word' id='word_1_880' title='bbox 2829 4976 3094 5057; x_wconf 82' lang='lat' dir='ltr'><strong>nihilhic</strong></span> <span class='ocrx_word' id='word_1_881' title='bbox 3118 4976 3255 5057; x_wconf 85' lang='lat' dir='ltr'><strong>facit</strong></span> <span class='ocrx_word' id='word_1_882' title='bbox 3286 4977 3359 5032; x_wconf 91' lang='lat' dir='ltr'><strong>ad</strong></span> <span class='ocrx_word' id='word_1_883' title='bbox 3409 4992 3537 5033; x_wconf 83' lang='lat' dir='ltr'><strong>rem</strong></span> <span class='ocrx_word' id='word_1_884' title='bbox 3564 4996 3577 5033; x_wconf 90' lang='lat'><strong>:</strong></span> <span class='ocrx_word' id='word_1_885' title='bbox 3609 4976 3786 5050; x_wconf 87' lang='lat' dir='ltr'><strong>legen-</strong></span> 
     </span>
    </p>
   </div>
   <div class='ocr_carea' id='block_1_118' title="bbox 2143 5054 3233 5119">
    <p class='ocr_par' dir='ltr' id='par_1_118' title="bbox 2143 5054 3233 5119">
     <span class='ocr_line' id='line_1_124' title="bbox 2143 5054 3233 5119; baseline 0.002 -17"><span class='ocrx_word' id='word_1_886' title='bbox 2143 5054 2285 5108; x_wconf 85' lang='lat' dir='ltr'><strong>dum</strong></span> <span class='ocrx_word' id='word_1_887' title='bbox 2308 5054 2522 5117; x_wconf 79' lang='lat' dir='ltr'><strong>potius,</strong></span> <span class='ocrx_word' id='word_1_888' title='bbox 2544 5055 2693 5112; x_wconf 80' lang='grc' dir='ltr'><strong>ἄλλος</strong></span> <span class='ocrx_word' id='word_1_889' title='bbox 2723 5057 2850 5118; x_wconf 82' lang='grc' dir='ltr'><strong>ὅμως</strong></span> <span class='ocrx_word' id='word_1_890' title='bbox 2879 5056 2905 5103; x_wconf 84' lang='grc' dir='ltr'>ὁ</span> <span class='ocrx_word' id='word_1_891' title='bbox 2932 5056 3091 5119; x_wconf 86' lang='grc' dir='ltr'><strong>λόγος,</strong></span> <span class='ocrx_word' id='word_1_892' title='bbox 3123 5054 3233 5105; x_wconf 89' lang='lat' dir='ltr'><strong>etc.</strong></span> 
     </span>
    </p>
   </div>
   <div class='ocr_carea' id='block_1_119' title="bbox 2213 5119 2601 5191">
    <p class='ocr_par' dir='ltr' id='par_1_119' title="bbox 2213 5119 2601 5191">
     <span class='ocr_line' id='line_1_125' title="bbox 2213 5119 2601 5191; baseline 0.005 -18"><span class='ocrx_word' id='word_1_893' title='bbox 2213 5124 2235 5158; x_wconf 80' lang='grc'><em>³</em></span> <span class='ocrx_word' id='word_1_894' title='bbox 2264 5119 2422 5191; x_wconf 53' lang='lat' dir='ltr'><strong>pag,</strong></span> <span class='ocrx_word' id='word_1_895' title='bbox 2447 5127 2601 5178; x_wconf 75' lang='grc' dir='ltr'><strong>ἔσται.</strong></span> 
     </span>
    </p>
   </div>
   <div class='ocr_carea' id='block_1_120' title="bbox 2214 5190 2678 5263">
    <p class='ocr_par' dir='ltr' id='par_1_120' title="bbox 2214 5190 2678 5263">
     <span class='ocr_line' id='line_1_126' title="bbox 2214 5190 2678 5263; baseline 0.006 -18"><span class='ocrx_word' id='word_1_896' title='bbox 2214 5195 2236 5228; x_wconf 76' lang='grc'><strong>⁸</strong></span> <span class='ocrx_word' id='word_1_897' title='bbox 2259 5190 2451 5263; x_wconf 84' lang='lat' dir='ltr'><strong>F_orte,</strong></span> <span class='ocrx_word' id='word_1_898' title='bbox 2472 5197 2678 5263; x_wconf 74' lang='grc' dir='ltr'><strong>ἀρκέσῃ.</strong></span> 
     </span>
    </p>
   </div>
   <div class='ocr_carea' id='block_1_121' title="bbox 2213 5261 3776 5338">
    <p class='ocr_par' dir='ltr' id='par_1_121' title="bbox 2213 5261 3776 5338">
     <span class='ocr_line' id='line_1_127' title="bbox 2213 5261 3776 5338; baseline -0.001 -22"><span class='ocrx_word' id='word_1_899' title='bbox 2213 5266 2235 5301; x_wconf 78' lang='grc'>⁸</span> <span class='ocrx_word' id='word_1_900' title='bbox 2291 5261 2449 5334; x_wconf 90' lang='lat' dir='ltr'><strong>Leg.,</strong></span> <span class='ocrx_word' id='word_1_901' title='bbox 2509 5261 2670 5318; x_wconf 81' lang='grc' dir='ltr'><strong>οὐδενί</strong></span> <span class='ocrx_word' id='word_1_902' title='bbox 2694 5286 2745 5317; x_wconf 80' lang='grc' dir='ltr'><strong>τε</strong></span> <span class='ocrx_word' id='word_1_903' title='bbox 2775 5269 2937 5334; x_wconf 84' lang='grc' dir='ltr'><strong>τρόπῳ</strong></span> <span class='ocrx_word' id='word_1_904' title='bbox 2983 5268 3173 5335; x_wconf 71' lang='grc' dir='ltr'><strong>ἐλπίσῃ,</strong></span> <span class='ocrx_word' id='word_1_905' title='bbox 3219 5269 3340 5338; x_wconf 80' lang='grc' dir='ltr'><strong>ὅπερ</strong></span> <span class='ocrx_word' id='word_1_906' title='bbox 3371 5270 3451 5321; x_wconf 75' lang='grc' dir='ltr'><strong>διὰ</strong></span> <span class='ocrx_word' id='word_1_907' title='bbox 3497 5272 3603 5338; x_wconf 81' lang='grc' dir='ltr'><strong>τοῦ,</strong></span> <span class='ocrx_word' id='word_1_908' title='bbox 3657 5264 3776 5326; x_wconf 68' lang='lat' dir='ltr'><strong>etc,</strong></span> 
     </span>
    </p>
   </div>
   <div class='ocr_carea' id='block_1_122' title="bbox 2140 5338 2867 5405">
    <p class='ocr_par' dir='ltr' id='par_1_122' title="bbox 2140 5338 2867 5405">
     <span class='ocr_line' id='line_1_128' title="bbox 2140 5338 2867 5405; baseline -0.006 -11"><span class='ocrx_word' id='word_1_909' title='bbox 2140 5338 2252 5394; x_wconf 88' lang='lat' dir='ltr'><strong>vel.</strong></span> <span class='ocrx_word' id='word_1_910' title='bbox 2284 5341 2395 5389; x_wconf 76' lang='grc' dir='ltr'><strong>οὐδέ</strong></span> <span class='ocrx_word' id='word_1_911' title='bbox 2424 5357 2517 5389; x_wconf 87' lang='grc' dir='ltr'><strong>τινι</strong></span> <span class='ocrx_word' id='word_1_912' title='bbox 2543 5340 2725 5405; x_wconf 84' lang='grc' dir='ltr'><strong>τρδπῳ,</strong></span> <span class='ocrx_word' id='word_1_913' title='bbox 2759 5339 2867 5390; x_wconf 88' lang='lat' dir='ltr'><strong>etc.</strong></span> 
     </span>
    </p>
   </div>
   <div class='ocr_carea' id='block_1_123' title="bbox 2211 5411 2678 5478">
    <p class='ocr_par' dir='ltr' id='par_1_123' title="bbox 2211 5411 2678 5478">
     <span class='ocr_line' id='line_1_129' title="bbox 2211 5411 2678 5478; baseline -0.011 -12"><span class='ocrx_word' id='word_1_914' title='bbox 2211 5412 2233 5446; x_wconf 83' lang='grc'>⁶</span> <span class='ocrx_word' id='word_1_915' title='bbox 2246 5411 2382 5478; x_wconf 88' lang='lat' dir='ltr'><strong>Leg.</strong></span> <span class='ocrx_word' id='word_1_916' title='bbox 2395 5447 2407 5471; x_wconf 89' lang='lat'><strong>,</strong></span> <span class='ocrx_word' id='word_1_917' title='bbox 2431 5412 2678 5472; x_wconf 84' lang='grc' dir='ltr'><strong>διοίκησις.</strong></span> 
     </span>
    </p>
   </div>
   <div class='ocr_carea' id='block_1_124' title="bbox 2213 5482 2762 5549">
    <p class='ocr_par' dir='ltr' id='par_1_124' title="bbox 2213 5482 2762 5549">
     <span class='ocr_line' id='line_1_130' title="bbox 2213 5482 2762 5549; baseline 0.002 -16"><span class='ocrx_word' id='word_1_918' title='bbox 2213 5482 2233 5549; x_wconf 60' lang='grc' dir='ltr'>ἶ</span> <span class='ocrx_word' id='word_1_919' title='bbox 2266 5482 2401 5549; x_wconf 88' lang='lat' dir='ltr'><strong>Leg.</strong></span> <span class='ocrx_word' id='word_1_920' title='bbox 2414 5520 2429 5544; x_wconf 92' lang='lat'><strong>,</strong></span> <span class='ocrx_word' id='word_1_921' title='bbox 2462 5484 2762 5536; x_wconf 84' lang='grc' dir='ltr'><strong>συναίνεσιν.</strong></span> 
     </span>
    </p>
   </div>
   <div class='ocr_carea' id='block_1_125' title="bbox 2212 5547 2842 5623">
    <p class='ocr_par' dir='ltr' id='par_1_125' title="bbox 2212 5547 2842 5623">
     <span class='ocr_line' id='line_1_131' title="bbox 2212 5547 2842 5623; baseline -0.003 -13"><span class='ocrx_word' id='word_1_922' title='bbox 2212 5547 2233 5623; x_wconf 50' lang='grc' dir='ltr'><strong>ξ</strong></span> <span class='ocrx_word' id='word_1_923' title='bbox 2256 5547 2392 5623; x_wconf 63' lang='grc' dir='ltr'><strong>Ῑλθέ.</strong></span> <span class='ocrx_word' id='word_1_924' title='bbox 2403 5588 2416 5615; x_wconf 86' lang='grc'><strong>,</strong></span> <span class='ocrx_word' id='word_1_925' title='bbox 2447 5556 2842 5623; x_wconf 72' lang='grc' dir='ltr'><strong>ἀποκηρύτι-ητε.</strong></span> 
     </span>
    </p>
   </div>
   <div class='ocr_carea' id='block_1_126' title="bbox 2212 5620 2851 5706">
    <p class='ocr_par' dir='ltr' id='par_1_126' title="bbox 2212 5620 2851 5706">
     <span class='ocr_line' id='line_1_132' title="bbox 2212 5620 2851 5706; baseline -0.008 -17"><span class='ocrx_word' id='word_1_926' title='bbox 2212 5620 2234 5663; x_wconf 76' lang='grc'><em>³</em></span> <span class='ocrx_word' id='word_1_927' title='bbox 2265 5620 2452 5706; x_wconf 68' lang='lat' dir='ltr'><strong>Forte,</strong></span> <span class='ocrx_word' id='word_1_928' title='bbox 2484 5620 2637 5687; x_wconf 57' lang='lat' dir='ltr'><strong>(nui.</strong></span> <span class='ocrx_word' id='word_1_929' title='bbox 2760 5620 2765 5623; x_wconf 44' lang='grc'><strong>⁷</strong></span> <span class='ocrx_word' id='word_1_930' title='bbox 2850 5628 2851 5631; x_wconf 58' lang='grc'><em>“</em></span> 
     </span>
    </p>
   </div>
  </div>
