3878 6222
347 361 504 422 1003

1472 359 1537 417 S.
1582 351 1862 417 LEONIS
1907 345 2157 413 MAGNI
2201 339 2630 408 EPISTOLIE.

3614 334 3780 398 ιοοι

346 497 530 550 vetare
554 491 740 564 (Eccli.
773 507 933 559 xvm,
965 491 1088 562 30):
1118 490 1319 546 multis
1349 489 1555 545 mundi
1587 488 1767 559 hujus
1798 485 1975 542 illece-

2140 497 2392 563 ἐπιθυμίας
2416 498 2502 554 τὰς
2528 499 2617 554 σὰς
2651 495 2748 546 ἀπὸ
2786 496 2873 555 τῆς
2909 495 3001 555 σῆς
3032 493 3375 564 προαιρέσεως
3424 497 3622 555 κὼλυε,
3655 499 3768 555 τοῖς

347 581 489 651 bris,
523 581 727 638 multis
760 579 1040 636 vanitatib
1062 597 1132 636 us
1164 580 1556 635 resistendum
1588 583 1696 646 est,
1747 581 1811 631 ut
1861 593 2005 630 verae

347 671 721 742 continentiae
754 670 1086 726 obtineatur
1110 669 1454 742 integritas:
1489 668 1658 739 cujus
1691 669 1878 740 prima
1914 671 2003 722 est

339 741 512 816 1abes
539 759 834 832 superbia,
859 759 1092 815 initium
1106 741 1614 831 tranSgressionis,
1630 762 1685 813 et
1698 757 1856 828 origo
1871 772 2001 828 pec-

353 848 487 905 cati.
520 848 807 914 Quoniam
837 865 989 903 MENS
1016 849 1290 921 potentiae
1334 848 1502 902 avida
1551 864 1655 902 nec
1704 847 1999 901 abstinere

346 937 732 1004 novitvetitis,
752 954 858 993 nec
881 939 1136 1010 gaudere
1153 936 1477 1005 concessis;
1501 937 1641 991 dum
1667 935 1998 990 inordinate

345 1043 638 1100 pravoque
659 1027 857 1083 1161
886 1043 1193 1099 progressu
1207 1071 1220 1095 ,
1242 1025 2002 1097 impunitarumtransgres-

347 1115 584 1172 sionum
614 1119 904 1188 augentur
932 1131 1224 1180 excessus,
1257 1119 1314 1170 et
1361 1114 1741 1168 crebrescunt
1791 1111 1996 1183 culpae,

349 1221 476 1276 qua:
505 1203 762 1260 toleratae
794 1208 934 1260 sunt
961 1204 1157 1260 studio
1191 1203 1322 1258 ﬁdei
1358 1203 1692 1274 reparandae
1725 1205 1779 1257 et
1800 1216 1998 1256 amore

349 1293 687 1349 concordiae.

421 1399 556 1456 CAP.
589 1400 660 1456 II.
685 1431 751 1441 —
769 1403 906 1456 Post
926 1399 1238 1472 illaitaque
1254 1397 1639 1454 ordinationis
1659 1400 1768 1451 tua;
1788 1398 1863 1468 (τι)
1881 1413 1996 1451 non

348 1487 646 1562 inculpata
662 1489 968 1561 principia,
993 1493 1125 1561 post
1141 1487 1636 1544 consecrationem
1653 1483 1998 1540 Antiocheni

346 1577 623 1650 episcopi,
659 1594 835 1650 quam
867 1577 1098 1633 tibimet
1127 1581 1330 1633 contra
1359 1575 1698 1632 canonicam
1733 1573 1995 1646 regulam

344 1667 421 1738 (ὁ)
453 1666 783 1733 vindicasti,
817 1665 983 1722 doleo
1014 1667 1190 1720 etiam
1221 1666 1280 1720 in
1303 1665 1412 1720 hoc
1438 1664 1806 1720 dilectionem
1837 1668 1996 1717 tuam

346 1771 474 1811 esse
505 1752 860 1826 prolapsam,
895 1757 960 1809 ut
989 1753 1418 1809 sacratissimas
1441 1752 1806 1807 Niczenorum
1829 1767 1998 1805 cano-

346 1860 490 1900 num
520 1843 965 1900 constitutiones
994 1841 1286 1898 conareris
1325 1841 1638 1912 infringere
1665 1843 1996 1911 ;tamquam

349 1935 680 2005 opportune
693 1947 754 1988 se
766 1931 871 1987 tibi
885 1931 992 1986 hoc
1005 1935 1237 2001 tempus
1250 1929 1740 2000 obtulerit,(c)quo
1755 1927 1995 1983 secundi

347 2021 588 2077 honoris
611 2019 978 2092 privilegium
997 2019 1164 2074 sedes
1183 2017 1574 2072 Alexandrina
1587 2017 1922 2088 perdiderit,
1942 2020 1998 2071 et

345 2109 708 2164 Antiochena
738 2106 995 2162 Ecclesia
1011 2106 1423 2178 preprietatem
1476 2105 1655 2160 tertiac
1693 2105 1998 2176 dignitatis

348 2193 643 2249 amiserit:
663 2192 831 2248 uthis
855 2191 1136 2262 locisjuri
1150 2197 1249 2247 tuo
1272 2191 1545 2257 subditis,
1571 2208 1774 2247 omnes
1792 2197 1997 2246 metro-

347 2281 590 2354 politani
623 2279 878 2353 episcopi
908 2281 1140 2352 proprio
1163 2281 1379 2335 honore
1409 2281 1728 2351 priventur.
1772 2282 1996 2346 Quibus

347 2369 634 2427 inauditis
653 2374 709 2425 et
725 2386 1009 2440 umquam
1033 2373 1166 2424 ante
1184 2369 1419 2424 tentatis
1443 2370 1522 2424 ita
1544 2370 1620 2441 (τί)
1643 2370 1994 2440 praeveniris,

349 2459 705 2526 excessibus,
729 2464 794 2514 ut
806 2462 1070 2514 sanctam
1095 2459 1404 2530 synodum,
1425 2459 1498 2513 ad
1512 2458 1996 2530 exstinguendam

351 2547 544 2606 solum
558 2548 851 2614 heresim,
865 2552 920 2602 et
941 2548 1010 2602 ad
1036 2546 1535 2602 conﬁrmationem
1553 2547 1683 2601 fidei
1702 2547 1995 2601 catholicae

351 2637 549 2693 studio
570 2635 1054 2691 Christianissimi
1078 2635 1359 2707 principis
1383 2639 1814 2707 congregatam,
1836 2636 1894 2690 in
1909 2652 2000 2690 oc-

352 2724 647 2781 casionem
681 2725 937 2780 ambitus
966 2724 1184 2792 trahas,
1209 2728 1266 2778 et
1288 2728 1351 2778 ut
1375 2724 1803 2779 conniventiam
1827 2741 1997 2779 suam

349 2813 456 2868 tibi
488 2814 558 2885 (e)
589 2813 783 2882 dedat,
815 2811 1112 2883 impellas:
1148 2816 1453 2883 tamquam
1485 2813 1725 2868 refutari
1749 2817 1999 2883 nequeat

355 2903 508 2974 quod
535 2901 738 2957 illicite
765 2900 1014 2957 voluerit
1044 2900 1380 2967 multitudo,
1414 2907 1470 2956 et
1501 2900 1602 2956 illa
1631 2902 1996 2956 Nicaanorum

352 3007 645 3046 canonum
668 3005 771 3061 per
786 2990 1067 3061 Spiritum
1086 2993 1153 3060 (f)
1174 3007 1302 3046 vere
1325 2994 1590 3044 sanctum
1616 2991 1820 3046 1163
1843 2990 1994 3044 ordi-

349 3083 488 3134 nata
516 3078 768 3134 conditio
797 3078 857 3132 in
889 3078 1086 3149 aliqua
1107 3079 1382 3150 cuiquam
1417 3080 1672 3150 sitparte
1705 3078 1993 3134 solubilis.

347 3167 519 3223 Nulla
531 3166 766 3223 sibimet
779 3168 848 3222 de
860 3166 1340 3238 multiplicatione
1353 3168 1818 3240 congregationis
1833 3185 1997 3240 syno-

349 3255 505 3312 dalia
519 3255 764 3312 concilia
774 3255 1366 3326 blandiantur,neque
1381 3257 1651 3311 trecentis
1664 3255 1780 3311 illis
1795 3257 1992 3311 decem

348 3349 524 3417 atque
553 3349 680 3401 octo
709 3345 999 3417 episcopis
1030 3344 1461 3416 quantumlibet
1486 3345 1774 3416 copiosior
1795 3363 1994 3401 nume-

351 3451 454 3491 rus
485 3435 855 3490 sacerdotum
885 3432 973 3488 vel
1005 3449 1343 3504 comparare
1373 3449 1433 3487 se
1460 3434 1690 3498 audeat,
1722 3434 1808 3489 vel
1850 3452 1990 3506 prae-

351 3523 529 3589 ferre;
563 3538 698 3577 cum
728 3525 890 3577 tanto
919 3521 1135 3576 divitus
1169 3520 1466 3593 privilegio
1499 3521 1729 3577 Nicaena
1777 3523 1853 3578 sit
1901 3541 1991 3595 sy-

350 3610 538 3688 nodus
561 3613 914 3678 consecrata,
939 3612 1003 3664 ut
1023 3610 1140 3664 sive
1163 3597 1598 3681 perpauciores,
1615 3611 1732 3666 sive
1749 3629 1852 3682 per
1868 3612 1993 3684 plu-

349 3716 443 3755 res
476 3697 872 3755 ecclesiastica
895 3696 1117 3768 judicia
1147 3698 1529 3767 celebrentur,
1565 3700 1724 3754 omni
1757 3701 1991 3772 penitus

349 3786 694 3845 auctoritate
725 3787 802 3842 sit
852 3802 1124 3857 vacuum,
1159 3786 1441 3858 quidquid
1465 3788 1538 3842 ab
1559 3787 1796 3843 illorum
1821 3789 1993 3845 fuerit

348 3875 763 3934 constitutione
785 3874 1101 3931 diversum.

417 3984 552 4040 CAP.
585 3983 680 4040 III.
715 4014 783 4024 —
813 3982 999 4038 Nimis
1031 3999 1166 4056 ergo
1197 3982 1314 4037 haec
1339 3982 1627 4055 improba,
1652 3983 1830 4040 nimis
1855 3989 1991 4040 sunt

345 4089 543 4147 prava,
561 4089 687 4146 quae
701 4072 1115 4128 sacratissimis
1132 4072 1454 4128 canonibus
1472 4072 1850 4128 inveniuntur
1861 4090 1990 4129 esse

347 4163 654 4220 contraria.
674 4161 738 4218 In
750 4161 930 4218 totius
950 4161 1212 4219 Ecclesiae
1231 4161 1725 4234 perturbationem
1739 4165 1991 4235 superba

347 4252 468 4309 haec
499 4252 688 4308 tendit
709 4250 900 4318 elatio,
925 4267 1052 4322 quae
1072 4249 1152 4306 ita
1173 4251 1334 4306 abuti
1360 4251 1544 4306 voluit
1563 4251 1806 4306 concilio
1823 4268 1990 4323 syno-

2139 587 2329 642 πολλοῖς
2358 584 2539 636 τούτου
2583 590 2672 636 τοῦ
2721 584 2918 648 κόσμου
2968 583 3301 650 δελέασμασι,
3351 587 3441 636 καὶ
3600 588 3760 649 πολὶῇ

2141 676 2431 738 ματαιότητι
2463 675 2714 735 ἀντιϐῆναι
2747 690 2870 739 χρη·
2910 675 3040 722 ὥστε
3075 676 3161 733 τῆς
3192 675 3409 734 ἀληθοῦς
3448 677 3764 742 ἐγκρατείας

2138 765 2227 823 τήν
2271 764 2590 832 καθαρότητα
2647 763 3041 828 κατασχεθῆναι,
3078 755 3280 822 ἧστινος
3329 764 3546 832 πρῶτός
3619 763 3760 814 tota

2139 851 2338 920 ὄλεθρος
2381 856 2658 922 ὑπεροψία,
2705 853 2833 918 ἄρχῃ
2877 853 2966 911 τῆς
3012 854 3355 913 μεταϐάσεως,
3403 855 3492 903 καὶ
3547 855 3765 919 ἀρχιγο-

2138 941 2216 990 νία
2239 941 2336 991 τῶν
2361 943 2757 1009 ἁμαρτημάτων.
3053 942 3251 1003 Ἐπειδὴ
3286 944 3301 976 ¹
3335 943 3391 992 δὲ
3417 942 3736 1007 ἐπιθυμητιι

2138 1028 2226 1090 τῆς
2257 1032 2544 1089 δυναστείας
2585 1051 2909 1101 τνγχανουσα
2946 1038 3063 1089 οὔτε
3105 1033 3417 1099 ἀποσχέσθαι
3466 1030 3614 1096 ἔγνω
3662 1031 3768 1080 «Tn

2138 1120 2514 1185 κεκωλυμένων,
2566 1123 2682 1174 οὔτε
2720 1127 2907 1192 χαίρειν
2953 1128 3060 1181 τοῖς
3101 1122 3614 1189 συγκεχωρημένας,
3647 1116 3674 1152 ³
3703 1126 3767 1185 τῇ

2138 1208 2395 1274 ἀκολούθῳ
2429 1211 2513 1260 καὶ
2550 1213 2708 1278 φαύλῃ
2744 1224 2975 1282 προκοπῇ
3010 1216 3109 1265 τῶν
3154 1212 3491 1278 ἀτιμωρήτων
3532 1209 3769 1278 παραϐέ-

2137 1313 2266 1347 σεων
2310 1293 2544 1356 αὔξονται
2584 1305 2633 1352 αἱ
2678 1305 2804 1365 ὁδοί,
2852 1306 2937 1356 καὶ
2983 1303 3340 1367 στυγνάζουσιν
3393 1304 3446 1352 αι
3485 1301 3770 1366 ἁμαρτίαι

2138 1388 2318 1444 αἵτινες
2343 1388 2720 1457 ἐϐαστάχθησαν
2750 1392 2901 1460 ἔρωτι
2938 1393 3028 1446 τοῦ
3058 1391 3433 1452 ἀνωεωσθῆναι
3464 1391 3564 1451 τήν
3596 1390 3768 1440 πίστιν

2137 1475 2220 1524 καὶ
2257 1478 2343 1536 τὴν
2385 1478 2641 1542 ὁμόνοιαν.
2668 1482 2797 1533 Μετ’
2828 1484 2992 1536 ἐκεῖνα
3020 1483 3186 1538 τοίνυν
3219 1483 3283 1532 τὰ
3322 1480 3405 1530 ἐπὶ
3445 1486 3509 1546 τῇ
3550 1486 3621 1545 ai
3658 1496 3770 1545 χιι-

2138 1566 2336 1632 ροτονίᾳ
2371 1569 2710 1636 ἡμαρτημέμα
2734 1573 2993 1639 προοίμια,
3025 1573 3153 1636 μετὰ
3187 1571 3277 1630 τὴν
3308 1569 3639 1635 χειροτονίαν
3667 1564 3770 1618 τ’οό

2153 1654 2445 1719 Ἀντιοχείας
2486 1657 2783 1722 ἐπισκόπου,
2808 1657 2979 1722 ἥντινα
3010 1661 3174 1725 ἑαυτῷ
3208 1659 3346 1724 παρὰ
3387 1657 3510 1716 τοὺς
3552 1674 3762 1709 ιανονν

2137 1741 2260 1798 νυοὺς
2282 1745 2498 1808 θεσμοὺς
2524 1747 2829 1812 ἑξεδίιιησας,
2863 1751 3065 1817 πάσχω,
3100 1749 3185 1800 καὶ
3215 1749 3283 1804 εἷς
3320 1751 3478 1798 τοῦτο
3523 1747 3625 1806 τὴν
3659 1746 3763 1806 σὴν

2138 1829 2329 1892 ἀγάπην
2365 1833 2696 1897 ἐξολισθῆσαι,
2736 1838 2869 1888 ὥστε
2897 1839 2985 1894 τὰς
3023 1836 3154 1892 θείας
3188 1834 3523 1890 διατυπώσας
3559 1833 3670 1882 τῦν
3706 1831 3762 1883 ἐν

2137 1920 2322 1985 Νικαία
2349 1921 2570 1973 κανόνων
2612 1925 2871 1993 ἐπιχειρεῖν
2913 1943 2972 1976 σε
3017 1924 3315 1992 παραλύεινο
3363 1921 3603 1989 καθάπερ
3649 1923 3758 1972 ἐπι-

2137 2007 2333 2064 τηδείου
2370 2028 2450 2061 σοι
2483 2015 2899 2080 προσενεχθέντος
2929 2019 3128 2081 καιροῦ,
3149 2012 3171 2046 ³
3203 2014 3341 2070 ὅπως
3381 2017 3473 2071 τῆς
3503 2012 3760 2076 δευτέρας

2137 2097 2279 2158 τιμῆς
2315 2097 2373 2146 τὸ
2409 2103 2672 2164 προοίμιον
2705 2105 2733 2153 ὁ
2765 2104 3097 2171 ἀλεξανδρέων
3147 2105 3349 2169 θρόνος,
3384 2100 3472 2150 καὶ
3501 2103 3542 2160 ἠ
3584 2101 3762 2150 huc.

2135 2188 2262 2249 χέων
2325 2187 2560 2247 ἐκκλησία
2611 2191 2699 2250 τὴν
2746 2191 3020 2257 κυριότητα
3069 2197 3155 2252 τῆς
3209 2190 3378 2256 τρίτης
3421 2185 3446 2222 ⁵
3494 2188 3760 2238 ἀπολέσει

2137 2274 2295 2329 ἀξίας·
2329 2277 2459 2326 ὥστε
2497 2279 2690 2330 τούτων
2727 2280 2826 2329 τῶν
2863 2280 3028 2331 τόπων
3052 2279 3125 2344 τῷ
3173 2280 3250 2344 σῷ
3279 2275 3457 2328 δικαίω
3495 2277 3760 2343 ὑπαχθέν-

2139 2378 2238 2410 των
2279 2363 2469 2422 πάντας
2503 2367 2620 2422 τοὺς
2663 2369 3025 2435 μητροπολίτας
3052 2367 3356 2424 ἐπισκόπους
3385 2366 3478 2426 τῆς
3511 2366 3655 2422 ιδίας
3685 2381 3758 2414 τι·

2139 2453 2232 2513 μῆς
2259 2456 2586 2520 στερηθῆναι’
2630 2457 2775 2508 ἅτινα
2815 2459 2941 2520 μήτε
2971 2458 3307 2519 ἀκουσθέντα,
3338 2455 3465 2519 μήτε
3496 2453 3758 2520 ἐπιχαρη·

2137 2541 2279 2588 θέντα
2316 2543 2439 2592 ποτὲ
2487 2543 2622 2594 οὕτω
2675 2547 2980 2614 προσέλαϐες
3025 2552 3084 2611 τῇ
3121 2544 3424 2612 παραϐάσει,
3471 2545 3620 2593 ὥστε
3663 2545 3755 2602 τήν

2137 2628 2274 2688 ἁγίαν
2319 2629 2527 2682 σύνοδον
2565 2634 2654 2690 τήν
2700 2634 2768 2689 εἷς
2802 2632 2862 2682 τὸ
2901 2633 3179 2684 ἀποσϐέσαι
3225 2632 3374 2699 μόνον
3397 2631 3490 2690 τὴν
3531 2633 3756 2697 αἰρεσιν,

2136 2721 2217 2768 καὶ
2253 2724 2521 2785 βεϐαιῶσαι
2549 2727 2636 2784 τὴν
2675 2729 2945 2787 καθολικὴν
2966 2729 3128 2779 πίστιν
3166 2727 3362 2795 σπουδῇ
3397 2729 3491 2775 τοῦ
3526 2742 3758 2792 19m-

2134 2815 2411 2864 νικωτάτου
2454 2819 2694 2880 βασιλέως
2736 2819 3183 2885 συναθροισθεῖσαν
3219 2821 3288 2875 εἷς
3320 2819 3559 2885 ἀφορμὴν
3605 2819 3756 2884 ἀμεβ

2135 2907 2296 2962 τίονος
2317 2910 2612 2969 ἑλκυσθῆναι
2643 2914 2779 2980 παρὰ
2802 2912 2917 2974 σοῦ,
2948 2915 3033 2966 καὶ
3056 2917 3126 2971 εἷς
3152 2913 3430 2964 συνδυάσαι
3469 2929 3556 2963 σοι
3589 2913 3752 2978 hq-

2135 3000 2374 3055 κασθῆναι
2391 3003 2610 3069 καθάπερ
2648 3005 2706 3053 οὐ
2736 3006 3015 3069 δυναμένου
3049 3007 3388 3072 ἀνατραπῆναι
3406 3002 3500 3054 τοῦ
3523 3004 3756 3071 παρανό-

2137 3109 2238 3152 μως
2257 3093 2492 3151 δόξαντος
2515 3098 2735 3156 πολλοῖςῤ
2753 3099 2872 3149 ἀλλὰ
2897 3100 3105 3164 κᾲκείνη
3123 3103 3154 3158 ἡ
3185 3101 3283 3148 τῶν
3305 3098 3356 3146 ἐν
3381 3097 3579 3163 Νικαῖιζ⁵
3603 3114 3753 3149 mo.

2134 3183 2396 3230 νισθέντων
2420 3184 2644 3234 κανόνων
2670 3188 2749 3236 διὰ
2769 3192 2858 3237 τοῦ
2879 3189 3023 3250 ἁγίου
3299 3187 3494 3245 ἀληθῶς
3511 3187 3752 3252 Πνεύμα-

2135 3285 2218 3323 τος
2243 3271 2543 3329 διατύπωσις
2566 3275 2616 3324 ἔν
2651 3292 2738 3324 τινι
2771 3277 2909 3340 μέρει
2937 3277 3062 3325 τισὶν
3094 3273 3170 3334 εἴη
3198 3276 3474 3326 ἀναλυτέα”
3502 3277 3751 3340 μηδαμῶς

2134 3361 2153 3391 5
2181 3363 2341 3425 ἑαυτῷ
2367 3363 2426 3413 ἐκ
2456 3365 2544 3414 τοῦ
2582 3368 2898 3431 συνηγμένου
2931 3370 3146 3427 πλήθους
3180 3369 3448 3419 συνοδικὸν
3482 3370 3749 3434 συνέδριον

2133 3454 2380 3517 ἀπατήσῃ,
2422 3459 2545 3519 μήτε
2571 3460 2668 3506 τῶν
2688 3460 2994 3524 τριακοσίων
3020 3461 3282 3510 δεκαοκτὼ
3307 3459 3601 3511 ἐπισκόπων
3625 3461 3748 3517 ὅσος

2133 3544 2312 3602 δήποτε
2347 3546 2548 3608 ἀριθμὸς
2580 3549 2752 3608 ἱερέων
2784 3545 2816 3608 ἢ
2849 3548 3115 3614 συγκρῖναι
3153 3550 3330 3598 ἑαυτὸν
3360 3547 3384 3581 ⁸
3411 3551 3683 3613 τολμήσαι,
3714 3547 3749 3611 ἦ

2132 3634 2417 3696 προκρῖναι”
2451 3635 2601 3682 ὁπότε
2631 3635 2854 3710 τοσαύτῃ
2890 3635 3021 3685 Θεοῦ
3042 3637 3205 3702 χάριτι
3227 3639 3258 3694 ἡ
3292 3637 3343 3685 ἐν
3375 3637 3570 3703 Nntan
3594 3638 3744 3688 σύνοο

2133 3721 2216 3772 δος
2270 3725 2630 3785 συνηθρ-,ίσθη,
2684 3726 2817 3774 ὥστε
2880 3723 2980 3775 εἴτε
3025 3725 3087 3774 δι’
3140 3725 3466 3784 ἐλασσόνων,
3516 3724 3615 3778 εἴτε
3662 3728 3744 3776 διὰ

2133 3810 2364 3855 πλειόνων
2402 3811 2791 3865 ἐκκλησιαστικὰ
2827 3812 3186 3876 συγκροτηθείη
3225 3811 3549 3877 δικαστήρια,
3580 3813 3746 3872 πάσης

2133 3896 2409 3957 στερεῖσθαι
2462 3897 2713 3952 αὐθεντίας
2748 3904 2844 3946 πᾶν
2893 3899 2972 3947 ὅτι
3016 3895 3075 3948 ἂν
3124 3900 3373 3960 τυπωθείη
3417 3906 3479 3964 τῇ
3535 3900 3737 3950 ἐκείνων

2133 3984 2430 4031 διατυπώσει
2481 3985 2882 4047 ἐναντιούμενον.
2936 3989 3088 4050 ’Ἀγαν
3144 3987 3311 4037 τοίνυν
3354 3989 3563 4050 ἀναιδῆ,
3615 3987 3737 4059 ἄγαἹῙ

2134 4072 2290 4128 me};
2338 4071 2565 4133 τυγχάνει
2619 4073 2680 4118 τὰ
2727 4071 2830 4127 τοῖς
2881 4073 3030 4127 θείοις
3083 4074 3290 4122 κανόσιν
3345 4072 3730 4138 ἑναντιούμενα’

2133 4159 2198 4207 si:
2247 4160 2460 4222 τάραχον
2513 4161 2674 4216 πάσης
2712 4159 2980 4217 ἐκκλησίας
3023 4165 3054 4221 ἡ
3096 4160 3328 4226 παροῦσα
3371 4162 3523 4213 τείνει
3563 4165 3730 4229 ὕπερο-

2134 4240 2251 4300 ψια,
2299 4245 2404 4298 ἣτις
2462 4240 2620 4295 οὕτως
2679 4242 3062 4307 ἀποχρήσασθαι
3117 4244 3330 4302 ἠθέλησε
3384 4251 3446 4309 τῇ
3520 4247 3736 4311 συνόδων

420 4401 1591 4475 (a)Principian_o-ninculpatadicunturob
1605 4402 1996 4458 ordinatorem
2026 4405 2074 4470 D
2103 4403 2171 4457 24
2202 4402 2312 4457 det.
2348 4401 2716 4475 Praetulimus
2747 4401 3058 4475 lectionem
3079 4401 3408 4475 vulgatam
3456 4400 3747 4475 Conciliogr.

349 4473 715 4541 DiOscorum,
751 4473 851 4544 qui
872 4473 1305 4545 $.__Flavianum
1339 4474 1691 4544 deposuerat
1728 4479 1786 4527 ct
1823 4478 1994 4545 Euty-

350 4545 517 4600 chem
547 4543 858 4615 receperat.
892 4543 1037 4615 Vide
1068 4545 1237 4615 plura
1265 4543 1431 4615 apud
1452 4545 1664 4608 Quesn.
1688 4547 1807 4598 not.
1835 4546 1884 4598 1.

420 4616 437 4685 (
448 4613 850 4685 b)Anaatolius
868 4613 1472 4670 scilicetordinaverat
1486 4615 1802 4675 Maximum
1819 4615 1876 4668 in
1888 4616 1999 4669 An-

349 4684 618 4756 tiochena
647 4686 803 4752 sede,
837 4701 1128 4756 quzecum
1161 4686 1232 4740 ad
1283 4685 1993 4756 Constantinopolitanum

349 4755 686 4836 episcopum
709 4772 830 4836 non
848 4755 1179 4836 pertineret,
1204 4757 1489 4836 ordinatio
1514 4755 1802 4836 ejusmodi
1827 4774 1998 4836 cano-

348 4824 740 4899 niczeregulze
762 4824 1196 4899 adversabatur.
1228 4827 1455 4899 Regula
1487 4824 1681 4883 autem
1704 4829 1994 4884 canonicae

349 4895 737 4976 nominejsive
765 4895 1173 4976 intelligantur
1182 4895 1448 4976 ‘canones
1479 4899 1716 4976 Niczeni,
1745 4901 1843 4970 qui
1889 4917 1996 4976 sua

349 4967 658 5039 quibusvis
690 4966 1003 5038 provinciis
1032 4966 1331 5038 privilegia
1362 4971 1577 5024 servari
1601 4966 1833 5038 jubent,
1878 4971 1995 5025 sive

349 5037 452 5095 alii
470 5037 1218 5110 quicumque_canones,aut
1232 5037 1994 5096 consuetudo’Ecclesiai-um

348 5111 422 5182 de
456 5108 572 5181 qua
602 5108 1112 5182 Queenellusnota
1138 5114 1193 5173 2,
1219 5127 1423 5182 parum
1446 5111 1636 5166 refert.
1669 5113 1846 5167 Paulo
1865 5117 1994 5182 post

346 5180 803 5254 loco’prolapsom
825 5180 1138 5254 Vindebon.
1164 5180 1386 5254 collect.
1408 5183 1444 5234 5
1469 5187 1524 5236 et
1541 5182 1834 5254 Vallicell.,
1857 5180 1992 5254 pro-

344 5250 761 5324 gressumDein
783 5252 939 5324 idem
963 5250 1268 5316 Vallicell.,
1292 5254 1525 5324 conaris,
1541 5253 1716 5324 forte,
1758 5250 1988 5308 con—eris.

418 5324 488 5395 (ο)
517 5323 838 5395 Vindebon.
866 5323 1049 5395 Hisp.,
1063 5338 1198 5395 cum
1211 5322 1512 5395 secundum
1531 5323 1750 5379 honoris
1765 5327 1990 5395 privile-

344 5392 519 5463 gium.
552 5395 682 5449 Vat.
717 5394 879 5463 Hisp.
913 5392 1147 5466 et'alius
1166 5393 1306 5466 Vat.
1340 5392 1546 5448 collect
1577 5396 1662 5460 11,
1694 5392 1799 5466 quo
1830 5413 1991 5450 suum

347 5465 566 5521 honoris
594 5466 962 5536 privilegium
998 5463 1127 5519 Vat.
1163 5464 1325 5531 Isid.,
1353 5481 1455 5534 quo
1470 5481 1633 5520 suum
1651 5463 1875 5522 secundi
1894 5469 1988 5523 ho-

344 5553 434 5591 no:
451 5539 496 5590 is
504 5537 881 5607 privilegium.

415 5607 490 5677 (ἀ)
519 5607 765 5681 Ratisp.,
794 5608 1150 5681 prwzienires.
1187 5607 1327 5662 Mss.
1363 5607 1488 5663 Vat.
1525 5609 1685 5681 Hisp.
1717 5614 1773 5665 et
1821 5611 1984 5678 Isid.,

345 5675 548 5758 Grie'ca
562 5675 829 5758 versione
860 5678 1236 5758 suqragante,
1253 5681 1591 5752 praevenisti.

448 5747 600 5812 Editi
631 5747 838 5808 Leonis
869 5753 926 5808 et
955 5747 1273 5810 Sichardus
1304 5767 1437 5810 cum
1461 5768 1606 5813 mss.
1631 5751 1849 5813 collect.
1871 5752 1907 5810 5
1929 5754 1986 5813 et

2107 4491 2233 4544 qua:
2247 4474 2402 4546 estin
2418 4473 2663 4544 Ratisp.,
2680 4473 2738 4526 in
2754 4474 3060 4546 utriusque
3073 4473 3259 4546 Hispi,
3274 4474 3332 4528 in
3349 4473 3747 4546 Vat.lsid.etin

2107 4543 2250 4598 mss.
2284 4543 2508 4598 collect.
2551 4543 2604 4598 11
2641 4561 2707 4599 ac
2737 4546 2826 4598 21.
2861 4543 3038 4600 Paulo
3069 4543 3202 4601 ante
3227 4543 3331 4601 pro
3349 4545 3746 4600 connivemliam

2105 4615 2163 4669 in
2199 4616 2430 4687 Ratisp.
2453 4616 2721 4687 et__Grim.
2752 4615 3001 4687 aliisque
3032 4614 3334 4671 nonnullis
3363 4617 3540 4671 codd.
3573 4614 3748 4671 conhi-

2105 4685 2380 4759 benliam,‘
2420 4685 2699 4759 Vallicell.
2729 4692 2798 4759 et,
2816 4685 2969 4759 apud
3002 4688 3366 4759 Facundum,
3390 4687 3744 4742 cohibentia":

2103 4757 2280 4882 faui?
2307 4762 2440 4829 post
2471 4758 2585 4813 duo
2609 4775 2754 4813 mss.
2788 4757 2916 4813 Vat.
2949 4757 3172 4813 collect.
3208 4760 3301 4826 21,
3331 4759 3512 4813 voluit
3544 4773 3646 4829 pro
3673 4771 3746 4810 vo-

2126 4844 2243 4882 ueri
2273 4871 2283 4882 .

2126 4837 2283 4884 ueril.

2172 4901 2244 4969 (Γ)
2269 4899 2397 4972 vat.
2409 4897 2634 4972 collect.
2654 4901 2686 4972 1
2701 4900 2751 4965 1,
2768 4899 2984 4954 omittit
3002 4917 3143 4955 rere.
3160 4903 3300 4972 Post
3311 4916 3501 4972 pauca
3513 4915 3616 4972 pro
3631 4900 3736 4972 cui:

2102 4987 2266 5040 quam
2283 4969 2422 5024 editi
2441 4971 2663 5041 antiqui
2680 4986 2812 5025 cum
2829 4972 3088 5042 quinque
3109 4969 3328 5026 nostris
3344 4971 3492 5025 codd
3505 4969 3742 5042 Chabept

2101 5038 2381 5112 umquam.
2411 5045 2481 5095 At
2512 5038 2768 5112 potiores
2793 5038 2925 5096 libri
2941 5038 3171 5112 utrique
3191 5042 3549 5110 Vindebon.,
3569 5038 3738 5094 Valli-

2101 5111 2251 5184 cell.,
2281 5111 2527 5184 l’tatisp;
2559 5113 2742 5167 Grim.
2775 5117 2832 5167 et
2861 5130 3002 5167 mss.
3037 5111 3263 5184 collect.
3294 5115 3387 5176 24,
3411 5129 3550 5167 cum
3573 5114 3734 5177 Ques-

2101 5182 2254 5267 nello
2286 5188 2342 5267 et
2356 5182 2635 5267 Sich'ardo
2659 5187 2932 5267 cuiquem.
2950 5183 3091 5267 Dein
3116 5202 3218 5267 pro
3239 5185 3498 5240 solubilis
3519 5183 3736 5253 utrique

2104 5255 2262 5326 Hisp.
2296 5254 2450 5319 Vat.,
2485 5255 2620 5336 Isid.
2653 5260 2710 5310 et
2737 5254 2908 5310 Barb.
2933 5254 3263 5310 resolubilis.

2172 5326 2184 5358 ¹
2227 5327 2380 5379 Hanc
2429 5325 2800 5396 particulam,
2851 5330 3050 5396 utpote
3096 5325 3548 5390 redundantem,
3582 5321 3726 5382 dele;

2100 5396 2308 5476 deinde
2340 5366 2546 5476 supple
2576 5402 2629 5476 ᾖ,
2663 5366 3355 5476 aut’quidvhujusmodi._
3381 5469 3396 5476 _
3471 5467 3482 5476 .
3536 5366 3566 5476 ’-

2169 5413 2308 5450 iinae
2340 5413 2408 5450 su
2456 5413 2546 5468 ple
2576 5413 2629 5463 η,
2663 5413 2765 5452 aut
2793 5413 2932 5468 quia
2966 5413 3329 5467 nu]usmom.

2169 5469 2190 5501 ²
2220 5467 2390 5540 Qeest
2415 5413 2513 5523 liic
2545 5467 2790 5540 aliquid,
2822 5472 2924 5524 aut
2954 5475 3089 5537 ὅταν,
3121 5472 3226 5524 aut
3256 5468 3398 5540 quid
3435 5464 3642 5524 simile.

2168 5540 2189 5572 ³
2219 5539 2405 5612 forte,
2439 5545 2587 5612 ᾧπερ.

2168 5612 2188 5644 ⁴
2220 5610 2404 5678 Forte,
2427 5610 2679 5670 ἀπολέσει.

2169 5683 2189 5716 ⁵
2220 5680 2374 5753 Leg.,
2409 5689 2569 5739 ἑαυτό.

2165 5753 2186 5791 ⁶
2219 5752 2408 5822 Forte,
2439 5760 2689 5829 τολμήσῆ.
