3878 6222
25 293 248 362 025
1521 298 1904 368 EPISTULA
1940 299 2154 370 CXIII.
3390 304 3546 376 1026

21 447 410 491 nemora
442 432 700 490 Flaviani
732 432 1172 498 accusatoribus
1203 433 1390 492 honor
1413 435 1697 500 redditur,
1727 439 1784 492 et
1810 435 1866 503 Α
1895 436 2208 493 sollicitus:
2243 453 2376 494 cum
2409 437 2457 498 si
2490 437 2630 510 quid
2664 434 2749 492 illi
2779 435 2998 493 inesset
3028 436 3353 510 spiritualis
3373 438 3547 495 indu-

21 519 749 582 uiissimicunfessoris
769 521 1081 597 participes
1103 526 1204 578 aut
1227 522 1495 596 discipuli
1517 525 1594 596 (at)
1615 541 1780 580 cons-
1894 527 2070 592 striae,
2101 527 2180 583 ita
2211 532 2267 585 et
2293 545 2326 584 a
2357 529 2572 601 quibus
2602 527 2908 583 ordinatus
2938 527 3034 591 sit,
3067 532 3123 583 et
3154 529 3245 584 cui
3278 530 3398 585 viro
3421 547 3552 586 suc-

21 615 462 678 eruuntur,
478 611 656 672 nimis
674 617 869 686 aperte
883 612 1024 685 quid
1038 613 1306 684 episcopo
1321 612 1610 669 Ecclesiaei
1623 613 1785 685 psius
1894 615 2134 670 cesserit
2159 617 2409 689 cogitare
2440 617 2694 682 deberet,
2728 620 2792 670 ut
2824 617 3011 689 magis
3041 618 3274 672 beatum
3328 618 3548 674 Flavia-

22 697 76 755 ιῙ
87 703 342 759 aceat
359 700 826 760 demonstratur.
841 701 904 757 ln
929 711 1104 773 quem
1122 718 1225 774 pro
1247 717 1437 757 causae
1456 701 1663 756 merito
1682 701 1787 756 dif-
1895 721 2058 769 num,
2085 721 2259 776 quam
2286 705 2376 759 sui
2404 704 2641 758 honoris
2658 711 3003 776 sequeretur
3020 710 3305 760 auctores.
3331 707 3397 760 Et
3419 707 3547 763 ideo

21 793 190 846 ’ero
243 789 667 860 commoveri;
699 795 756 847 et
785 788 924 863 quid
955 790 1080 864 ipse
1110 806 1342 847 mecum
1363 805 1497 846 cum
1521 789 1646 846 suis
1669 789 1786 863 epi-
1894 808 2028 848 cum
2047 791 2300 866 piissimi
2320 792 2614 865 principes
2638 793 2711 864 (g)
2735 793 3058 847 secundum
3085 794 3547 850 obsecrationem

21 877 265 936 stolis
308 883 484 953 agat,
518 895 667 952 quas
698 879 1022 936 missurum
1044 893 1178 934 eum
1197 878 1355 935 filius
1372 882 1572 935 noster
1586 877 1785 934 Aetius
1894 895 2088 936 meam
2111 880 2336 953 dignati
2360 880 2576 935 fuerint
2596 881 2832 936 fratrem
2857 880 3188 936 Anatolium
3213 882 3286 938 de
3306 880 3398 937 his
3420 899 3548 954 quae

21 985 94 1023 ,η
105 959 429 1038 dicavit,
453 972 720 1041 exspecto
740 984 752 1024 :
774 968 921 1024 dans
941 967 1136 1025 locum
1156 967 1493 1025 voluntaria
1516 966 1786 1024 emenda-

21 1057 267 1128 tioni,
289 1075 432 1131 qua
451 1057 710 1113 dolorem
733 1073 930 1114 meum
955 1056 1125 1130 cupio
1147 1057 1424 1130 mitigari.
1449 1055 1788 1112 Clementis-

21 1145 192 1202 εἰη]
205 1164 251 1204 ο
293 1145 512 1204 tamen
532 1146 782 1220 principi
799 1151 855 1202 et
869 1145 1148 1219 piissimae
1165 1148 1438 1220 Augusta:
1461 1147 1532 1202 de
1546 1144 1640 1201 his
1657 1161 1783 1218 qua

22 1237 132 1291 ad
179 1235 560 1292 custodiam
593 1235 755 1308 pacis
780 1234 1184 1292 ecclesiasticae
1215 1235 1508 1308 pertinent
1537 1233 1782 1306 scripsi;

28 1341 256 1398 quos
296 1325 615 1380 devotione
638 1342 756 1381 suae
772 1323 904 1379 fidei
925 1323 1261 1396 provisuros
1276 1340 1404 1380 esse
1421 1341 1535 1380 non
1558 1322 1782 1389 dubito,

35 1431 143 1472 ne
189 1417 436 1475 contru
455 1412 700 1487 gloriam
722 1413 914 1487 operis
936 1412 1222 1486 ipsorum,
1245 1413 1525 1470 damnata
1547 1410 1787 1470 haeresis

42 1505 154 1576 Cb)
198 1493 430 1562 valeat
459 1500 768 1577 pullulare.

1895 969 2104 1025 merito
2118 971 2177 1025 in
2195 967 2491 1042 querelam
2511 968 2752 1024 veniunt
2768 968 3083 1041 increpare,
3106 970 3181 1041 (ἡ)
3186 971 3401 1042 jungat
3413 971 3549 1026 cha-

1894 1057 2042 1112 ritas
2072 1061 2175 1112 tua
2208 1055 2572 1130 diligentiam
2604 1073 2797 1123 suam,
2831 1061 2895 1112 ut
2941 1058 3211 1114 universa
3251 1059 3548 1126 scandala,

1894 1145 2157 1202 adhibita
2179 1145 2521 1218 plenissima
2553 1145 2905 1202 correctione
2937 1150 3287 1213 resecentur,
3316 1151 3374 1203 et
3394 1166 3428 1203 a
3447 1148 3550 1203 filii

1895 1233 2081 1295 nostri
2094 1235 2243 1290 Aetii
2257 1239 2445 1292 cesset
2459 1235 2710 1306 injuriis.
2729 1234 2872 1289 Nam
2889 1235 3040 1305 apud
3057 1235 3408 1291 catholicum
3433 1237 3550 1309 epi-

1896 1339 2164 1395 scopum,
2198 1323 2260 1394 (i)
2293 1323 2465 1378 etiam
2500 1323 2547 1378 si
2571 1327 2695 1379 erat
2719 1323 2872 1394 quod
2899 1339 3270 1395 quacumque
3291 1324 3362 1380 de
3379 1341 3556 1382 causa

1896 1412 2368 1468 succensendum
2401 1411 2810 1467 archidiacono
2827 1411 3141 1479 videretur,
3164 1417 3401 1486 pr0pter
3421 1413 3553 1470 ﬁdei

1896 1501 2284 1556 reverentiam
2315 1501 2518 1556 debuit
2539 1500 2922 1573 praetermitti,
2949 1501 3145 1572 potius
3167 1518 3343 1574 quam
3361 1501 3554 1559 locum

148 1592 331 1649 CAP.
355 1591 426 1648 II.
451 1622 520 1633 -—
544 1591 790 1650 Studeat
809 1605 946 1664 ergo
964 1589 1198 1647 dilectio
1222 1594 1343 1658 tua,
1367 1590 1548 1646 frater
1562 1589 1786 1645 charis-
1897 1588 2169 1646 catholici
2195 1589 2597 1661 nequissimUs
2621 1588 2928 1645 haereticus
2949 1589 3251 1645 obtineret.
3277 1590 3424 1646 Cum
3448 1591 3555 1646 ita-

55 1682 287 1748 sime,
329 1679 491 1753 piam
522 1683 579 1736 et
602 1679 996 1736 necessariam
1019 1696 1220 1735 curam
1244 1678 1626 1735 sollicitudini
1650 1695 1786 1750 apo-
1898 1695 2012 1750 que
2036 1695 2161 1750 quae
2184 1683 2510 1750 sequantur
2531 1694 2838 1750 agnovero,
2863 1682 3002 1733 tunc
3026 1678 3396 1736 manifestius
3414 1681 3554 1752 quid

65 1770 349 1827 διοιὶοω
379 1768 538 1827 sedis
569 1768 931 1842 impendere,
960 1785 1087 1840 qua:
1115 1767 1221 1824 tibi
1252 1768 1407 1840 apud
1457 1784 1518 1824 se
1567 1767 1787 1823 nutrito
1816 1808 1862 1842 η
1897 1767 1989 1838 agi
2021 1770 2286 1840 oporteat
2315 1766 2638 1822 aestimabo.
2663 1767 2808 1822 Nam
2840 1766 3096 1837 interim,
3129 1766 3326 1824 dolore
3349 1771 3555 1827 1192

70 1857 480 1915 catholicam
498 1860 703 1913 contra
722 1856 1098 1914 Nestorianos
1119 1861 1174 1912 et
1192 1856 1584 1929 Eutychianos
1606 1855 1787 1912 haere-
1813 1853 1864 1873 ν
1895 1855 2172 1925 cohibito,
2198 1855 2264 1927 (ᾔ)
2285 1855 2466 1911 malui
2489 1853 2790 1926 indulgere
2808 1854 3121 1927 patientiae,
3145 1860 3209 1911 ut
3225 1856 3387 1913 locus
3405 1862 3558 1914 esset

73 1949 265 2004 ticos
303 1947 600 2004 actionem
624 1950 898 2003 materno
921 1947 1056 2018 jure
1083 1946 1477 2014 commendat,
1501 1949 1568 2002 ut
1587 1944 1785 2001 divino
1892 1945 2092 2002 venias.

79 2035 312 2093 fultus
375 2033 614 2100 auxilio,
671 2033 962 2107 speculari
1015 2035 1088 2090 de
1133 2033 1785 2106 COnstantinopolitanae
1969 2034 2105 2089 CAP.
2131 2033 2228 2089 III.
2253 2065 2320 2073 —
2348 2033 2428 2089 De
2449 2032 2774 2088 Palaestinis
2794 2049 2926 2088 vero
2951 2033 3275 2101 monachis,
3300 2035 3400 2106 qui
3429 2037 3555 2108 jam

83 2122 284 2178 urbis
322 2121 763 2194 opportunitate
785 2137 899 2177 non
923 2121 1270 2194 desinas;(c)
1291 2139 1361 2178 ne
1378 2121 1785 2195 praedictorum
1898 2123 2123 2196 pridem
2159 2122 2216 2177 in
2248 2120 2509 2178 tumultu
2542 2121 2928 2176 dissensionis
2956 2139 3084 2178 esse
3113 2122 3406 2191 dicuntur,
3441 2141 3556 2197 quo

88 2209 710 2285 dogmatumimpius
733 2225 986 2282 usquam
1007 2210 1178 2266 turbo
1201 2216 1534 2282 consurgat.
1562 2211 1628 2266 Et
1649 2211 1788 2282 quia
1897 2215 2089 2271 adhuc
2121 2212 2317 2268 animo
2349 2215 2694 2266 moveantur
2723 2210 2946 2283 ignoro.
2979 2211 3177 2283 Neque
3203 2213 3557 2285 cujusquam

93 2305 288 2356 tanta
300 2297 796 2371 estgloriosorum
809 2298 1138 2370 principum
1154 2297 1230 2370 (ἀ)
1246 2298 1787 2366 ﬁdes,utconﬁden-
1899 2317 2168 2359 sermone
2191 2300 2334 2356 mihi
2359 2299 2714 2372 patefactum
2739 2304 2827 2354 est
2848 2316 2993 2371 quas
3016 2316 3224 2356 causas
3253 2301 3560 2358 videantur

92 2393 202 2446 ter
218 2389 318 2448 eis
339 2387 677 2461 possisque:
696 2386 1562 2460 suntinsinuandasuggerere,
1578 2387 1790 2459 pietate
1899 2391 2164 2448 antcfatae
2182 2389 2452 2460 praeferre
2474 2388 2781 2444 discordiae
2804 2405 2816 2444 :
2839 2393 3037 2443 utrum
3057 2388 3278 2446 scilicet
3303 2390 3376 2462 (lc)
3392 2391 3561 2464 Euty-

95 2478 399 2549 ipsorum
431 2476 503 2532 ad
536 2475 847 2532 utilitatem
880 2475 1146 2534 Ecclesiae
1185 2474 1535 2540 universalis
1582 2478 1784 2532 1191

100 2563 341 2622 utaris.
375 2564 448 2637 (e)
478 2563 830 2625 Consulente
858 2568 1055 2621 autem
1078 2563 1388 2621 dilectione
1408 2568 1510 2620 tua
1525 2565 1598 2620 de
1616 2563 1710 2620 his
1730 2564 1790 2620 in

106 2655 352 2728 quibus
372 2653 667 2726 putaveris
690 2653 1134 2726 ambigendum,
1156 2669 1272 2710 non
1287 2653 1479 2710 deerit
1499 2652 1792 2709 relationi-

108 2745 236 2808 bus
246 2743 378 2802 tuis
390 2759 531 2799 mea;
544 2741 943 2814 responsionis
957 2742 1263 2799 instructio
1279 2742 1450 2814 :(f)~u-t
1461 2745 1791 2814 sequestra-

107 2837 398 2893 taaarum
411 2831 635 2888 actione
645 2830 1796 2904 causarum,queinquibusqueEoclesiis

114 2920 458 2995 presulum
489 2936 732 2976 suorum
763 2921 977 2976 debent
1003 2920 1334 2993 cognitione
1363 2919 1606 2988 ﬁrmari,
1641 2919 1795 2976 hanc

115 3009 451 3084 specialem
482 3026 684 3066 curam
715 3009 837 3065 vice
859 3025 990 3065 mea
1009 3009 1242 3066 functus
1262 3025 1558 3078 assumas,
1583 3023 1654 3065 ne
1676 3008 1795 3064 hae»

118 3100 285 3156 rasis
318 3097 407 3155 vel
437 3097 782 3154 Nestorisna
806 3098 896 3153 vel
926 3097 1292 3170 Eutychiana
1319 3098 1380 3154 in
1411 3097 1610 3170 aliqua
1633 3102 1797 3171 parte

1899 2479 2120 2534 chianae
2150 2475 2517 2550 perversitati
2549 2475 2651 2531 tali
2685 2476 2878 2532 furore
2910 2476 3289 2546 famulentur,
3331 2495 3406 2535 an
3447 2479 3559 2534 im-

1901 2565 2266 2640 placabiliter
2287 2563 2523 2620 doleant
2541 2564 2880 2636 episcopum
2904 2582 3078 2620 suum
3103 2566 3160 2620 in
3185 2566 3335 2622 hanc
3353 2567 3556 2640 impie-

1900 2659 2077 2712 tatem
2093 2656 2154 2727 (ἰ)
2180 2653 2439 2726 potuisse
2461 2652 2712 2719 traduci,
2737 2654 2891 2724 quod
2910 2657 3113 2708 contra
3132 2654 3393 2725 ipsorum
3412 2654 3560 2712 loco-

1902 2761 2034 2801 rum
2065 2747 2402 2800 sanctorum
2435 2741 2794 2810 testimonia,
2829 2741 3044 2813 quibus
3093 2745 3252 2798 totus
3298 2745 3560 2801 mundus

1903 2833 2238 2900 instruitur,
2259 2832 2330 2887 ab
2348 2830 2769 2886 incarnationis
2790 2830 3107 2885 Dominicae
3129 2829 3368 2887 veritate
3381 2832 3562 2889 desci-

1902 2923 2070 2987 verit,
2102 2926 2159 2977 et
2187 2921 2341 2993 quod
2371 2920 2428 2976 in
2467 2918 2598 2975 aliis
2628 2937 2732 2992 per
2761 2919 3188 2991 indulgentiam
3220 2921 3410 2976 curari
3443 2921 3564 2994 pla-

1905 3011 2044 3079 cuit,
2079 3010 2134 3065 in
2165 3009 2264 3065 illo
2295 3012 2500 3082 putent
2523 3025 2638 3064 non
2662 3024 2792 3064 esse
2814 3007 3056 3064 veniale.
3091 3008 3254 3064 Unde
3275 3010 3447 3082 cupio
3469 3027 3562 3066 me

1906 3096 2431 3172 superhisplenius
2447 3097 2695 3163 edoceri,
2716 3102 2780 3152 ut
2796 3097 2970 3154 etiam
2990 3095 3198 3153 talium
3218 3099 3562 3156 correctioni

119 3187 480 3243 revirescet:
506 3185 644 3258 quia
667 3185 727 3242 in
749 3186 1018 3258 episcopo
1038 3185 1676 3260 Constantinopolitano
1697 3204 1791 3243 ca-
1822 3176 1865 3243 C
1905 3205 2159 3262 congrue
2177 3187 2482 3243 studeatur
2501 3203 2513 3242 :
2530 3187 2671 3258 quia
2687 3185 2844 3241 aliud
2865 3191 2954 3241 est
2970 3190 3173 3242 contra
3186 3187 3360 3242 fidem
3383 3187 3562 3260 impie

122 3275 394 3333 tholicus
423 3274 586 3347 vigor
614 3290 731 3330 non
761 3278 873 3344 est,
906 3291 1011 3331 nec
1040 3273 1293 3331 multum
1324 3280 1426 3332 aut
1455 3292 1559 3348 pro
1599 3293 1794 3334 sacra—

126 3368 336 3422 mento
367 3361 577 3421 salutis
610 3362 905 3433 humanae,
937 3368 1036 3420 aut
1066 3381 1170 3436 pro
1187 3368 1396 3422 suaest
1411 3365 1794 3422 aestimatione

200 3561 288 3631 (α)
319 3557 417 3616 Sic
447 3560 660 3626 Quesn.
684 3575 754 3617 ex
772 3559 1795 3629 Grim.Caeterieditietcodices,con-

128 3633 417 3688 teruntur.

296 3701 446 3832 Ε’ἓὶἰί

225 3772 279 3844 c)
296 3772 446 3832 Editi
468 3776 601 3828 ante
613 3773 854 3848 Quesn.,
876 3778 937 3829 ut
956 3774 1340 3846 pradictorum
1363 3774 1676 3848 dogmazum
1691 3777 1796 3832 im-

131 3847 280 3918 pius»
295 3860 601 3918 numquam
629 3846 785 3900 turbo
808 3855 1118 3916 consurgat.

207 3915 290 3983 (ά)
321 3914 772 3982 Α1.,⁷“ειενηθηίἰα.

209 3985 284 4058 (ε)
311 3985 398 4062 Ita
412 3987 560 4062 editi
593 3989 972 4062 antepQuesn.
1004 3985 1218 4062 melius
1241 4004 1416 4060 quam
1440 3989 1595 4062 apud
1618 3988 1796 4058 hunc,

137 4058 449 4115 consulenti
475 4065 657 4113 aedem
685 4059 972 4114 ditectioni
999 4061 1128 4116 tum.

211 4131 282 4202 (ι)
310 4127 546 4201 Vulgati
574 4135 707 4185 ante
728 4130 999 4185 eumdem
1023 4131 1260 4196 Quesn.,
1287 4145 1611 4202 perperam,
1636 4135 1698 4187 ut
1714 4147 1798 4187 se-

177 4203 423 4274 nestrata
449 4215 637 4274 eorum
666 4203 898 4267 actione,
928 4217 1128 4274 causae,
1151 4214 1278 4272 quae
1297 4203 1355 4256 in
1378 4203 1802 4274 quibuscumque

189 4271 722 4344 caesiispricsulum
749 4288 974 4327 suorum
1002 4271 1193 4328 deberit
1221 4271 1530 4342 cognitione
1556 4271 1796 4344 ﬁrmari,

150 4344 250 4398 hac
274 4343 503 4414 speciali
520 4357 662 4414 cura
689 4345 806 4398 vice
833 4358 954 4398 mea
972 4345 1194 4414 functus
1215 4345 1412 4412 utaris,
1452 4360 1522 4399 ne
1559 4343 1797 4410 fixi-esis,

151 4358 250 4398 nae
337 4358 501 4400 cctam
530 4358 662 4397 cura
689 4359 806 4398 vice
833 4358 954 4398 mea
972 4358 1194 4414 [unctus
1215 4358 1412 4412 utaris,
1452 4360 1522 4399 ne
1559 4358 1797 4410 axi-esis,

151 4419 254 4490 etcf
274 4358 580 4490 faucanelli
612 4414 1080 4490 emendationem
1121 4431 1188 4470 ex
1235 4415 1566 4490 Grimanico
1613 4417 1798 4490 nostri

153 4485 316 4558 codd.
346 4483 574 4540 collect.
593 4487 672 4558 ,24
693 4486 1066 4558 confirmant,
1093 4486 1346 4558 exceptis
1376 4487 1690 4558 postremis
1706 4504 1800 4542 vo-

1904 3277 2142 3346 armari,
2161 3277 2258 3349 (m)
2277 3275 2432 3330 aliud
2457 3292 2559 3348 pro
2581 3275 2693 3330 fide
2716 3274 3158 3330 immoderatius
3179 3277 3556 3332 commoveri.

1903 3366 2147 3424 Chartas
2178 3365 2353 3422 etiam
2388 3381 2535 3436 quas
2563 3363 2764 3420 Aetius
2795 3363 3097 3435 presbyter
3125 3368 3258 3419 ante
3281 3363 3564 3421 indicavit

1976 3562 2050 3635 (lc)
2082 3563 2162 3635 Ex
2176 3559 2539 3635 epistolaiOQ
2564 3561 2635 3616 ad
2656 3561 2930 3635 eumdem
2950 3559 3275 3635 Juliauum,
3295 3576 3472 3635 quam
3494 3577 3564 3616 ex

1905 3631 2102 3690 codice
2132 3631 2541 3704 Ratisponensi
2573 3631 3026 3704 publicavimus,
3076 3631 3260 3704 liquet
3308 3631 3561 3704 Leonem

1908 3722 2009 3776 pro
2039 3702 2418 3777 Eutycbianis
2447 3702 2728 3777 habuisse
2751 3703 2858 3758 hos
2879 3702 3201 3777 monachus
3223 3702 3323 3775 qui
3343 3708 3565 3777 tottur-

1907 3774 2012 3832 bas
2042 3778 2100 3831 in
2120 3774 2426 3831 Palestina
2441 3775 2852 3830 excitaverant.
2873 3774 3028 3829 Satis
3046 3774 3220 3829 etiam
3245 3774 3434 3845 quoad
3456 3791 3563 3830 cae-

1907 3856 2030 3904 tera
2047 3848 2500 3917 instructusjam
2517 3847 2589 3902 ab
2603 3847 2768 3901 initio
2791 3846 3177 3917 cognoscitur.
3204 3845 3562 3917 Quidautem

1908 3917 2327 3991 supervenerit,
2361 3915 2430 3991 ex
2459 3935 2584 3991 quo
2623 3918 2692 3991 de
2740 3915 3081 3991 eorumdem
3136 3915 3561 3991 monachorum

1909 3985 2103 4046 mente
2120 3985 2546 4045 dubitationem
2572 3988 2885 4058 induxerit,
2901 3986 3338 4058 planioremque
3352 3985 3568 4042 instru-

1907 4061 2158 4118 ctionem
2181 4059 2547 4123 desiderarit,
2570 4057 2931 4131 ignoramus.
2957 4058 3122 4131 Forte
3140 4057 3565 4131 Romamfama

1949 4132 2228 4188 ertulerat
2247 4148 2346 4186 eos
2366 4127 2687 4184 monachos
2711 4129 2834 4199 qui,
2857 4127 3122 4199 Juvenali
3148 4128 3354 4198 ejecto,
3381 4129 3565 4184 Theo-

1949 4151 2228 4188 ertmerat
2247 4151 2346 4186 eos
2366 4151 2687 4184 monacnos
2711 4151 2834 4199 qm,
2857 4151 3122 4182 duvcnuu
3148 4151 3354 4198 ejccw,
3391 4151 3415 4183 ι
3433 4151 3565 4184 neo-

1908 4151 2073 4260 gosio
2090 4205 2315 4258 intruso
2333 4201 2621 4266 favebant,
2643 4199 2958 4270 Eutychem
2975 4197 3173 4270 palam,
3191 4199 3565 4270 anathemate

1909 4277 2324 4338 condemnare,
2358 4278 2422 4326 ut
2452 4272 2510 4326 in
2544 4272 2670 4343 ipso
2705 4268 2897 4326 libello
2929 4268 2995 4324 su
3087 4268 3180 4323 lici
3213 4271 3283 4324 ad
3317 4269 3564 4327 Pulche-

1909 4347 2055 4395 riam
2077 4345 2323 4395 nrofessi
2344 4344 2591 4395 fuerant.
2613 4341 2756 4395 Vide
2773 4345 2914 4395 tom.
2942 4287 3400 4395 legoncilA’en.
3423 4343 3562 4395 edit.

1909 4347 2056 4402 riam
2077 4345 2323 4418 professi
2338 4339 2591 4418 iuverant:
2613 4341 2756 4418 Vide
2773 4345 2914 4418 tom.
2936 4339 3400 4418 Conci1.Ven_.
3423 4343 3562 4418 edit.

1909 4410 2134 4474 collect.
2155 4415 2312 4471 i799.
2338 4415 2482 4469 Hinc
2506 4417 2698 4468 autem
2724 4412 2896 4467 Leoni
2920 4410 3206 4466 dubitatio
3231 4411 3440 4467 exoriri
3463 4431 3562 4474 po-

1909 4431 2134 4474 couect.
2155 4431 2312 4471 I‘Iw.
2340 4431 2482 4469 tunc
2506 4431 2698 4468 autem
2726 4431 2896 4467 LCODI
2920 4431 3206 4466 uumtauo
3231 4431 3440 4467 exoriri
3503 4432 3562 4470 o-

1908 4490 2024 4545 tuit
2054 4493 2252 4543 utrum
2273 4486 2329 4540 hi
2349 4484 2618 4539 monachi
2634 4483 2896 4556 Juvenali
2915 4483 3184 4556 episcopo
3199 4483 3434 4552 infensi,
3451 4431 3564 4540 lgn-

155 4557 336 4624 cibus,
355 4572 476 4638 pro
505 4555 721 4638 quibus
743 4547 1172 4638 _habe‘nt_a2'que
1218 4547 1396 4625 Bene;
1434 4557 1535 4613 hac
1576 4560 1804 4631 speciali
1831 4547 1878 4611 D
1914 4559 2170 4632 tychiani
2190 4575 2321 4612 vere
2347 4547 3074 4638 essent,quemadmodum
3098 4547 3562 4638 antealputaba‘t;

156 4645 284 4685 cura
309 4628 424 4684 vice
448 4628 570 4682 mea
597 4628 818 4697 functus
851 4629 1044 4683 utaris.

222 4699 301 4780 (gl
325 4697 432 4766 AL,
451 4699 751 4784 secuudum
766 4700 1164 4784 obsecrationes
1181 4713 1366 4784 meas...
1380 4699 1509 4754 Hac
1527 4699 1804 4784 videntur

160 4771 433 4899 resng
458 4771 797 4842 petitionem
830 4787 862 4825 a
894 4771 1080 4826 Leone
1112 4771 1471 4851 propositam
1499 4771 1666 4843 epist.
1699 4773 1802 4827 104

165 4842 232 4898 ad
309 4856 613 4897 sarcianum
633 4847 694 4896 et
713 4842 818 4896 105
838 4841 910 4896 ad
933 4840 1321 4899 Pulchenam.
1346 4858 1493 4899 auos
1517 4857 1644 4899 can.
1659 4847 1688 4898 4
1707 4860 1798 4898 ro-

165 4858 232 4914 au
261 4858 613 4899 marcianum
633 4858 694 4896 et
713 4858 818 4896 wn
838 4858 910 4896 au
935 4858 1321 4908 ruicnenam,
1346 4858 1493 4913 quos
1517 4858 1644 4914 cap.
1659 4858 1688 4898 ιι
1707 4860 1798 4898 ro-

165 4913 316 4994 gavit
337 4911 684 4994 utHAnatolii
717 4912 1101 4994 cupiditatem
1125 4929 1236 4994 pro
1264 4912 1799 4994 Constantinopoli-

167 4983 302 5066 tanae
322 4983 485 5066 sedis
511 4983 891 5066 praerogativa
921 4983 1390 5066 comprimerent.

231 5056 305 5128 (ιι)
321 5054 732 5128 ξί-ᾶεωῇυιςδῐῖ
749 5055 924 5121 male,
943 5054 1124 5128 uideat
1139 5054 1378 5128 charilas
1394 5063 1490 5128 tua
1509 5055 1798 5125 diligentia

173 5126 512 5209 sua.'__Nostri
559 5126 812 5209 quatuor
857 5126 1102 5209 codices.
1134 5129 1191 5181 et
1231 5126 1569 5209 Sighardous,
1600 5128 1806 5209 ‘uigeat

176 5199 388 5255 charitas
416 5205 520 5253 tua
539 5197 827 5256 diliamtia
853 5214 974 5256 sua.
1007 5197 1325 5254 Grimanici
1355 5197 1571 5255 codicis
1599 5197 1799 5254 lectio-

180 5284 296 5354 non}
324 5267 689 5354 aQucspelIo
704 5268 1022 5354 inductam
1054 5269 1378 5354 sequimur.
1486 5298 1524 5354 vn
1564 5338 1578 5353 .
1730 5341 1740 5352 .
1785 5341 1796 5353 .

324 5340 504 5426 'Locus
533 5338 629 5426 hic
649 5356 683 5395 a
702 5338 1010 5425 Quesnello
1032 5338 1335 5424 restitutus
1356 5356 1463 5412 ope
1483 5338 1799 5397 Grimanici

276 5427 386 5468 ms.
422 5411 625 5467 Ceteri
657 5425 789 5467 cum
820 5411 1015 5468 editis.
1045 5415 1214 5467 etiam
1258 5428 1307 5466 si
1352 5421 1474 5468 erat
1513 5415 1799 5468 utcumaue

184 5411 386 5468 codicis.
422 5411 625 5467 Ceteri
657 5425 789 5467 cum
820 5411 1015 5479 editis,
1045 5413 1214 5467 etiam
1258 5413 1310 5466 si
1352 5421 1474 5468 erat
1513 5415 1698 5467 utcum
1732 5428 1802 5468 ue

184 5484 315 5541 decus
338 5482 987 5566 sacerdota‘te,hsacerdoti
1005 5483 1428 5566 archidiaconus
1435 5496 1656 5566 propter
1672 5428 1803 5557 [ὶᾳᾶθί

185 5556 508 5630 "versutiam
537 5552 726 5630 debuit
739 5556 1032 5630 praemitti,
1059 5555 1244 5630 potius
1270 5552 1456 5630 quam,
1491 5552 1599 5613 etc.

245 5628 299 5705 (ﬂ
323 5622 665 5704 Exemplum
691 5622 982 5699 Sichardi,
1017 5622 1229 5685 m'alim.

1910 4625 1984 4687 an
2017 4647 2152 4685 vero
2179 4633 2376 4684 essent
2407 4625 2696 4698 catholici,
2733 4627 2831 4698 qui
2866 4625 3047 4680 nimio
3076 4632 3243 4698 recta;
3276 4625 3408 4682 fidei
3444 4628 3566 4684 zelo
3619 4691 3626 4698 ,

1910 4701 2332 4774 abrepti,_cum
2365 4696 2645 4774 Eutychis
2676 4696 2857 4774 antea
2871 4699 3176 4774 fautorem,
3210 4697 3344 4774 licet
3375 4715 3566 4756 corre-

1911 4769 2444 4843 ctuni,episcopatu
2457 4769 2762 4842 indignum
2778 4769 3292 4843 arbitrarenturln
3307 4769 3415 4825 hac
3429 4787 3567 4843 ergo

1910 4862 1970 4900 re
2003 4849 2068 4899 ut
2098 4839 2356 4898 eiactius
2381 4839 2720 4896 edoceretur
2752 4858 2786 4895 a
2811 4839 3045 4895 Juliano
3067 4847 3260 4912 petere
3283 4841 3490 4913 potuit.

1981 4916 2043 5040 Si)
2080 4916 2165 4969 Ita
2195 4912 2406 4968 melius
2435 4913 2588 4983 apud
2622 4914 2835 4978 Quesn.
2860 4929 2926 4967 ex
2950 4912 3480 4984 ms.Grim.,’quam
3507 4912 3565 4967 in

2011 4985 2162 5040 satis
2176 4983 2426 5040 aliisaue
2444 4984 2587 5039 codd
2600 5025 2610 5037 .
2623 5026 2635 5040 .
2656 4999 2804 5040 posse
2821 4984 3051 5040 traduci.
3068 4999 3194 5040 qua?
3207 4989 3397 5038 contra
3419 4985 3565 5040 ipso-

1909 4983 2162 5058 vulgatis
2176 4983 2426 5058 aliisque
2444 4984 2587 5039 codd
2600 5025 2610 5037 .
2623 5026 2635 5050 ,
2649 4999 2804 5058 posse
2821 4984 3051 5058 traduci,
3067 4999 3194 5058 qua?
3207 4983 3397 5038 contra
3419 4985 3565 5058 ipso-

1909 5054 2052 5132 rum,
2085 5061 2220 5122 etc.,
2254 5054 2341 5111 vel
2373 5056 2433 5132 in
2466 5054 2780 5132 exemplari
2815 5054 3101 5132 Sichardi,
3134 5071 3242 5108 non
3263 5069 3420 5132 posse
3448 5055 3564 5132 tra-

1909 5130 2054 5198 duci,
2087 5143 2229 5199 quae,
2263 5133 2372 5182 etc.
2407 5126 2795 5199 Sermoenim
2829 5131 2918 5181 est
2947 5126 3017 5199 de
3047 5126 3344 5199 Juvenale,
3370 5126 3566 5199 quiin

1910 5196 2368 5275 pseudosynodo
2415 5197 2710 5275 Ephesius
2767 5196 3005 5275 Eutychi
3060 5196 3312 5275 faverat,
3362 5196 3568 5275 postea

1908 5263 2042 5328 vero
2074 5288 2135 5327 se
2158 5263 2368 5326 seniori
2387 5263 2617 5326 consilio
2639 5263 2988 5332 correxerat,
3014 5265 3096 5318 uti
3123 5263 3371 5318 traditur
3389 5263 3561 5332 epist.

1910 5344 2341 5488 wzizfyliilgatj
2357 5411 2685 5488 anteQ‘uesn
2697 5451 2707 5464 .
2719 5407 2839 5488 ,qui
2853 5405 3182 5488 eserman.
3210 5400 3560 5488 emendavit,

1912 5474 2044 5543 cum
2062 5474 2210 5542 'aliis
2225 5474 2405 5541 codd.
2440 5487 2498 5540 et
2519 5474 2826 5543 ’Sichard'o,
2854 5474 3010 5531 aliud
3035 5475 3095 5529 in
3143 5485 3327 5528 errore
3373 5485 3561 5545 quem-

1905 5561 2062 5634 piam
2090 5558 2341 5623 detineri,
