3878 6222
17 346 199 421 ίθιί

1471 353 1853 422 EPISTOLA
1893 355 2094 421 CXIX.

3329 357 3489 431 {043

86 519 177 533 -—
209 484 292 573 Il.
662 484 1118 573 inerit-inmitius
1134 488 1400 573 Ecclesia
1438 507 1539 565 pro
1588 490 1715 573 ﬁde:
1742 492 1799 562 Α
1827 492 2024 567 etejus
2037 491 2378 553 meminisse
2399 489 2893 571 doctrinm,quam
2911 488 3488 573 pracipuusaposto-

81 564 376 636 puritate
396 561 630 635 vigilare
648 560 860 621 debere.
894 595 964 606 —-
992 562 1089 620 III.
1122 560 1499 621 Ecclesiaru'm
1540 560 1713 635 privi-

94 635 283 709 legia
317 637 642 709 inconcussa
670 640 1076 709 esseroportere.
1101 667 1169 676 ——
1200 640 1294 690 ιν.
1345 637 1587 692 Anatolii
1633 653 1719 692 co-

90 707 293 763 nsitus
324 708 563 778 Nicaenis
587 708 890 763 canonibus
931 707 1199 775 adversos,
1254 710 1439 762 irritos
1482 709 1618 778 fore.
1652 739 1721 748 —

94 781 182 833 ν.
223 778 298 834 Si
325 777 457 851 quid
477 779 647 848 legati
675 779 735 851 in
748 777 958 851 synodo
978 780 1337 851 approbarint
1354 777 1562 850 praeter
1594 779 1723 848 ﬁdei

86 849 376 919 causam,
406 865 518 905 esse
542 849 981 922 rescindendu-m.
1010 849 1083 889 ’—’-
1112 849 1207 905 VI.
1249 849 1469 922 Neruini
1513 855 1721 922 prater

1832 581 2024 640 lorum
2058 583 2323 641 omnium
2352 585 2734 643 beatissimus
2767 585 2990 656 Petrus,
3023 603 3128 660 per
3154 591 3343 645 totum
3367 587 3493 663 qui-

1833 671 1965 728 dem
1998 674 2289 729 mundum
2321 674 2599 730 uniformi
2632 676 3066 748 praedicatione,
3100 677 3202 733 sed
3248 677 3491 751 speciali

1830 759 2251 834 (h)magisterio
2267 762 2280 816 i
2290 762 3024 821 nAntiochenaetRomana
3035 764 3182 821 urbe
3192 765 3489 823 fundavit:

1831 852 1898 903 ut
1920 847 2086 904 illum
2101 849 2160 905 in
2183 866 2303 905 suae
2325 849 2768 922 glorificationis
2790 852 3086 909 domicilio
3108 854 3492 926 prseeminen-s

89 923 403 994 episcopos
427 920 771 992 pradicandi
799 937 1000 976 munus
1031 937 1143 977 esse
1171 920 1588 977 concedendum.

420 1010 498 1082 (a)
534 1009 650 1064 Lso
678 1009 917 1065 MAXIMO
947 1009 1332 1065 Antiocheno.

94 1117 261 1174 CAP.
302 1117 346 1172 Ι.
364 1147 433 1156 —
449 1117 747 1182 Quantum
767 1115 1064 1172 dilectioni
1084 1121 1195 1172 tuae
1218 1115 1447 1188 placeat
1463 1133 1721 1173 commu-

17 1207 122 1264 nis
158 1205 322 1262 ﬁdei
351 1204 750 1262 sacratissime.
779 1204 998 1273 unitas,
1032 1210 1090 1262 et
1118 1206 1280 1278 pacis
1309 1205 1716 1262 ecclesiasticae

17 1295 295 1368 tranqui
306 1294 383 1351 lla
392 1293 717 1363 concordia,
732 1294 995 1350 litteraru
1005 1311 1059 1350 m
1072 1298 1309 1351 tuarum
1324 1298 1516 1351 textus
1529 1298 1720 1351 osten-

17 1385 135 1454 dit,
176 1401 346 1457 quas
374 1384 445 1439 ad
479 1399 573 1439 me
590 1381 697 1438 filii
714 1382 898 1439 nostri
923 1382 997 1454 (b)
1017 1382 1316 1438 Marianus
1341 1382 1646 1455 presbyter
1661 1386 1718 1440 et

17 1472 360 1547 Olympius
389 1471 672 1528 diaconus
702 1471 1065 1539 detulerunt,
1098 1488 1164 1528 eo
1213 1471 1383 1527 nobis
1429 1472 1714 1544 gratiores

17 1561 291 1635 quod(c)
306 1560 576 1633 peripsas
587 1559 844 1632 alloquia
855 1559 1080 1617 alterna
1093 1560 1432 1628 miscemus,
1452 1563 1510 1616 et
1526 1560 1714 1633 magis

17 1648 762 1725 magisque(d)innotescit
773 1649 961 1721 gratia
973 1648 1095 1716 Dei,
1111 1665 1228 1721 qua
1240 1648 1305 1704 ﬁt
1316 1654 1382 1704 ut
1401 1666 1502 1722 per
1522 1652 1712 1706 totum

18 1739 347 1797 mundum
377 1738 449 1793 de
479 1737 854 1794 manifestato
885 1737 1182 1794 catholicae
1205 1736 1467 1794 veritatis
1487 1737 1713 1794 lumine
1819 1738 2068 1807 utraque
2100 1734 2398 1808 impietate
2427 1736 2743 1810 vestigium
2772 1756 2785 1807 ;
2821 1739 2923 1795 sed
2955 1738 3256 1796 evidenter
3305 1744 3484 1814 atque

20 1824 711 1903 gaudeatur.0uamvis,
726 1826 881 1898 quod
895 1825 1146 1882 multum
1161 1825 1450 1893 dolemus,
1469 1826 1710 1898 quidam
1748 1862 1790 1903 η
1819 1823 2125 1896 perspicue
2141 1828 2198 1879 et
2210 1824 2543 1880 Nestorium
2556 1826 3032 1898 anathematizat,
3055 1828 3155 1901 qui
3170 1829 3345 1885 Verbi
3358 1846 3483 1887 car-

24 1917 242 1974 adhuc
257 1915 439 1988 (sicut
451 1930 644 1971 sermo
664 1913 881 1971 indicat
898 1915 1266 1987 nuntiorum)
1290 1916 1561 1971 tenebras
1575 1932 1715 1972 suas
1742 1911 1790 1927 "
1823 1911 2034 1983 nisque
2064 1916 2336 1975 naturam
2354 1913 2413 1968 in
2430 1914 2611 1970 beatae
2628 1915 2887 1988 Virginis
2899 1916 2975 1989 (k)
2989 1918 3365 1991 conceptione
3382 1934 3482 1976 se-

27 2005 328 2079 diligant,
358 2008 419 2061 et
449 2020 583 2059 cum
615 2003 833 2075 ubique
860 2003 970 2059 diei
1004 2003 1281 2077 splendor
1325 2007 1563 2060 exortus
1612 2005 1711 2072 sit,
1812 2000 3476 2078 jungens,unumque‘l2l4Christuminduosdividens,

1828 939 1946 992 tem
1961 953 2029 992 ea
2042 937 2334 1010 intelligas
2346 955 2670 1010 reposcere,
2698 940 2967 997 instituta
2990 957 3116 1013 quae
3127 941 3385 1011 tradidit,
3409 942 3488 1000 si-

1826 1026 2007 1081 cutab
2022 1025 2149 1098 ipsa
2161 1042 2338 1097 quam
2352 1027 2659 1084 confessus
2671 1030 3016 1086 estveritate
3028 1032 3488 1105 suscepitNeque

1826 1113 1947 1170 ullo
1961 1114 2134 1169 modo
2148 1114 2306 1170 sinas
2323 1115 2388 1186 (i)
2401 1114 2458 1169 in
2479 1115 2872 1173 Orientalibus
2888 1117 3183 1188 Ecclesiis,
3207 1120 3488 1179 maximae

1827 1218 1940 1275 que
1954 1202 2013 1258 in
2029 1203 2123 1259 his
2140 1220 2290 1275 quas
2306 1203 2677 1261 Antiochense
2697 1206 2822 1262 sedi
2840 1207 3371 1265 sacratissimorum
3383 1214 3488 1267 Pa-

1822 1295 1980 1347 trum
1999 1292 2218 1348 Nicaani
2237 1309 2490 1349 canones
2508 1294 2956 1366 deputaverunt,
2977 1296 3051 1353 ab
3073 1295 3357 1368 improbis
3373 1298 3488 1355 has-

1824 1379 2021 1437 reticis
2042 1380 2353 1454 Evangelio
2388 1382 2684 1451 resultari,
2718 1388 2777 1440 et
2805 1383 2897 1440 vel
2925 1383 3180 1442 Nestorii
3198 1384 3288 1442 vel
3307 1386 3487 1460 Euty-

1823 1468 1949 1525 chis
1970 1486 2005 1524 a
2026 1486 2322 1542 quoquam
2344 1470 2559 1543 dogma
2574 1472 2828 1529 defendi.
2844 1472 3153 1543 Quoniam,
3172 1474 3329 1531 sicut
3343 1474 3483 1544 dixi,

1821 1557 2119 1614 catholicae
2140 1559 2275 1615 ﬁdei
2293 1562 2477 1631 petra,
2495 1560 2667 1630 cujus
2681 1576 3005 1634 cognomen
3022 1562 3231 1621 beatus
3252 1568 3484 1637 aposto-

1820 1644 1917 1702 lus
1943 1649 2151 1703 Petrus
2183 1648 2440 1720 sumpsit
2472 1665 2506 1704 a
2535 1649 2804 1719 Domino,
2840 1650 3069 1707 nullum
3091 1651 3300 1725 recipit
3317 1653 3387 1725 (j)
3407 1654 3482 1710 ab

28 2095 224 2151 etiam
260 2108 422 2149 nunc
452 2091 728 2148 caecitatis
769 2108 889 2148 suae
937 2091 1294 2148 delectentur
1335 2092 1608 2159 obscuro,
1660 2096 1717 2148 et

29 2182 283 2257 perdita.
312 2181 447 2253 ﬁde,
482 2180 605 2237 solo
636 2197 702 2237 ac
730 2197 913 2237 vacuo
946 2180 1180 2238 nomine
1224 2182 1431 2238 1213
1482 2198 1712 2238 reman-

30 2271 233 2329 serint
267 2269 614 2339 Christiani;
650 2287 767 2326 non
794 2269 1078 2326 habentes
1111 2270 1556 2343 intelligentiam
1597 2287 1715 2342 qua

30 2376 313 2419 errorem
343 2359 415 2415 ab
440 2375 637 2415 errore
665 2358 1021 2428 discernant,
1054 2363 1113 2415 et
1143 2358 1570 2432 blasphemiam
1603 2360 1715 2416 Ne-

32 2449 213 2507 storii
250 2449 326 2505 ab
354 2447 633 2521 Eutychis
664 2446 964 2520 impietate
996 2448 1383 2520 distinguant.
1417 2448 1530 2503 Nec
1553 2448 1710 2504 enim

32 2539 179 2595 ideo
211 2534 568 2592 excusabilis
596 2534 780 2591 videri
811 2534 1008 2607 aliqua
1029 2552 1230 2592 eorum
1254 2535 1478 2592 falsitas
1499 2540 1711 2608 potest,

35 2626 191 2699 quia
217 2624 337 2697 ipsi
361 2624 476 2681 sibi
496 2626 636 2680 sunt
651 2623 709 2678 in
728 2640 836 2679 sua
853 2623 1229 2696 perversitate
1250 2625 1545 2681 contrarii.
1564 2625 1710 2680 Nam

35 2717 115 2787 (e)
125 2714 274 2770 licet
288 2711 622 2769 Nestorium
637 2711 916 2785 Eutychis
934 2711 1205 2785 discipuli
1223 2714 1603 2780 detestentur,
1651 2719 1715 2770 et

37 2801 351 2876 Eutychen
374 2800 869 2857 anathematizent
889 2801 1139 2858 Nestorii
1161 2805 1495 2870 sectatores,
1519 2802 1712 2858 catho-

35 2892 298 2949 licorum
328 2894 526 2947 tamen
551 2889 773 2961 judicio
804 2906 944 2963 pars
976 2894 1223 2958 utraque
1268 2891 1603 2958 damnatur,
1656 2895 1713 2947 et

33 2980 233 3037 amba
266 2978 444 3035 simul
481 2978 734 3035 haereses
751 2995 785 3034 a
804 2995 1044 3051 corpore
1055 2978 1327 3035 Ecclesia:
1350 2983 1705 3047 resecantur,

39 3068 191 3142 quia
218 3070 431 3123 neutra
449 3065 675 3122 falsitas
697 3066 1002 3122 nobiscum
1025 3070 1214 3138 potest
1234 3066 1449 3123 habere
1475 3084 1709 3123 concor-

1821 2089 1998 2145 aliam
2030 2089 2295 2158 Deitatis,
2321 2095 2378 2146 et
2399 2090 2576 2147 aliam
2602 2090 2991 2149 humanitatis
3004 2093 3187 2151 voluit
3205 2111 3334 2152 esse
3347 2112 3480 2169 per-

1821 2195 2027 2234 sonam
2048 2195 2213 2247 ;cum
2232 2179 2471 2235 omnino
2496 2197 2649 2236 unus
2671 2180 2942 2254 idemque
2958 2182 3058 2251 sit,
3076 2181 3177 2255 qui
3199 2186 3255 2240 et
3275 2201 3484 2242 secun-

1820 2267 1964 2322 dum
1997 2267 2420 2340 sempiternam
2453 2269 2739 2325 Deitatem
2770 2271 2842 2326 de
2864 2271 3029 2327 Patre
3048 2275 3138 2328 est
3157 2275 3333 2330 natus
3354 2274 3483 2331 sine

1820 2361 2104 2428 tempore,
2133 2361 2189 2412 et
2219 2357 2545 2412 secundum
2578 2374 2776 2414 veram
2808 2375 3044 2416 carnem
3075 2360 3147 2417 de
3177 2365 3363 2418 matre
3400 2362 3490 2420 est

1819 2450 1994 2500 natus
2025 2445 2084 2498 in
2116 2449 2412 2517 tempore;
2450 2450 2506 2501 et
2524 2446 2821 2519 Eutychen
2839 2446 3111 2504 similiter
3124 2454 3482 2517 exsecratur,

1822 2533 1921 2606 qui
1938 2533 1995 2588 in
2012 2533 2259 2589 Domino
2270 2533 2300 2589 J
2307 2551 2411 2589 esu
2434 2534 2663 2590 Christo
2675 2533 2977 2591 veritatem
3001 2535 3270 2593 humanm
3291 2538 3486 2596 carnis

1817 2638 2127 2687 evacuans,
2151 2620 2349 2692 ipsum
2366 2622 2610 2687 verbum
2631 2622 2691 2677 in
2709 2637 2946 2678 carnem
2960 2622 3023 2694 (Ζ)
3047 2625 3259 2681 asserit
3285 2629 3481 2685 transd-

1818 2710 2155 2778 formatum,
2174 2714 2236 2765 ut
2257 2709 2439 2780 nasci,
2462 2710 2692 2779 nutriri,
2717 2710 3015 2783 proficere,
3040 2712 3181 2783 pati,
3206 2713 3376 2782 mori,
3395 2719 3479 2770 at-

1817 2814 1931 2871 que
1952 2798 2205 2871 sepeliri,
2231 2802 2288 2854 et
2308 2798 2399 2854 die
2422 2798 2592 2854 tertio
2614 2798 2907 2868 suscitari,
2935 2799 3120 2857 solius
3140 2800 3315 2857 fuerit
3337 2801 3471 2858 Dei-

1817 2888 1974 2956 tatis,
2009 2904 2135 2959 quae
2184 2886 2411 2942 servilis
2433 2886 2629 2943 formae
2656 2904 2771 2944 non
2795 2888 3097 2945 veritatem
3124 2890 3466 2965 susceperit,

1816 2977 1917 3032 sed
1950 2976 2198 3049 figuram
2211 3017 2223 3030 .

1885 3067 2019 3121 CAP.
2053 3065 2151 3121 ΙΙΙ.
2183 3095 2252 3106 -
2280 3065 2526 3120 Summa
2556 3065 2751 3137 itaque
2779 3064 3085 3139 vigilantia
3126 3071 3362 3126 cautum
3408 3072 3467 3127 te

39 3157 233 3213 diam.
268 3155 385 3211 Nec
414 3155 658 3210 interest
685 3170 802 3227 quo
832 3154 1136 3228 sacrilegio
1167 3155 1241 3211 ab
1285 3156 1706 3214 incarnationis
1813 3170 1942 3210 esse
1972 3154 2260 3221 convenit,
2292 3169 2363 3209 ne
2386 3153 2525 3226 quid
2552 3154 2665 3209 sibi
2690 3153 2961 3210 haeretica
2980 3156 3235 3228 pravitas
3256 3158 3469 3215 audeat

39 3241 370 3301 Dominicis
396 3242 639 3298 veritate
668 3242 1019 3307 discordent,
1054 3259 1188 3299 cum
1220 3243 1278 3299 id
1309 3245 1465 3315 quod
1486 3246 1712 3317 pravis-
1741 3228 1782 3296 C
1819 3242 2138 3298 vindicare:
2174 3259 2309 3297 cum
2340 3247 2395 3298 te
2425 3243 2627 3299 deceat
2646 3242 2739 3299 his
2759 3244 3106 3301 sacerdotali
3126 3247 3470 3304 auctoritate

41 3334 204 3390 sime
234 3330 519 3398 sentiunt,
552 3330 620 3402 (Γ)
642 3347 746 3386 nec
767 3331 1083 3388 auctoritas
1104 3332 1418 3406 Evangelii,
1443 3350 1547 3389 nec
1564 3333 1710 3389 ratio

42 3420 343 3492 suscipiat
370 3420 741 3477 sacramenti.

116 3509 265 3565 CAP.
298 3508 368 3564 ll.
399 3539 468 3548 —
498 3508 567 3563 Et
594 3508 744 3575 ideo,
779 3508 958 3564 frater
985 3507 1350 3576 charissime,
1373 3514 1602 3582 oportet
1621 3511 1711 3566 di-

39 3597 364 3655 lectionem
393 3600 557 3651 tuam
587 3600 707 3653 toto
740 3597 911 3653 corde
941 3597 1016 3669 (g)
1048 3597 1395 3670 perspicere,
1418 3601 1587 3671 cujus
1610 3600 1709 3656 Ec-

40 3686 242 3744 clesiae
274 3684 688 3759 gubernaculis
712 3689 769 3742 te
797 3685 1084 3743 Dominus
1113 3686 1358 3744 voluerit
1378 3689 1709 3761 praesidere,

36 3881 177 3954 Vat.
210 3877 343 3946 541,
375 3878 859 3954 interspistolas,
894 3897 1021 3954 qua
1050 3880 1385 3954 collectioni
1408 3882 1469 3954 2|
1523 3883 1711 3954 subji-

37 3953 309 4019 ciuntur,
324 3967 392 4025 ac
413 3951 649 4025 tandem
667 3951 728 4007 in
746 3951 1062 4025 exemplari
1080 3952 1283 4024 primae
1300 3952 1575 4009 editionis
1591 3951 1709 4010 ser-

39 4038 299 4080 monum
332 4021 393 4077 S.
431 4022 658 4078 Leonis.

115 4095 197 4167 (a)
228 4097 294 4148 In
317 4092 573 4176 vulgatis
596 4098 728 4220 post
749 4093 1047 4176 Canisium
1072 4097 1128 4150 et
1148 4098 1282 4176 ante
1303 4094 1708 4177 Quesnellum:

39 4168 148 4223 Leo
177 4164 472 4221 catholicae
494 4166 594 4220 Ecc
618 4181 744 4220 essm
784 4181 1061 4223 emseozms
1105 4166 1339 4221 Maximo
1389 4166 1712 4222 charissimo

39 4181 148 4223 Leo
177 4181 472 4221 catnouca:
494 4181 744 4220 eccteszz
784 4181 1061 4237 episcOpus
1105 4181 1339 4221 maxime
1389 4181 1712 4222 charissima

39 4237 495 4309 fratrigepiscopo
524 4237 874 4309 Antiocheno.
908 4237 1069 4309 lianc
1099 4235 1543 4308 inscriptionem
1566 4236 1712 4292 nulli

42 4306 240 4364 nostri
274 4306 506 4363 codices
535 4308 871 4379 praeferunt.
905 4307 1049 4363 Vide
1081 4314 1199 4363 not.
1235 4306 1507 4374 ilQuesn.

117 4397 196 4469 (ὁ)
231 4395 347 4451 Ms.
381 4395 626 4467 Ratisp.,
658 4396 1044 4452 Martinianus.

118 4485 194 4567 (ο)
206 4483 607 4568 Idemﬁatisp.
622 4482 1209 4568 etvallicell_.collect.
1230 4486 1284 4551 8,
1301 4501 1540 4568 ac‘exem
1550 4484 1711 4568 plum

47 4555 259 4637 prima}
290 4555 590 4623 editionis,
619 4571 720 4627 per
749 4556 909 4627 ipsos.
946 4555 1076 4611 Mox
1107 4555 1222 4610 duo
1252 4557 1533 4628 postremi
1552 4555 1689 4612 libri

46 4630 306 4769 “ﬁliifilii
316 4711 451 4769 cum
466 4696 638 4769 editis
652 4695 1039 4752 Conciliorum
1052 4672 1304 4769 .Vulgati
1327 4698 1555 4768 Leonis,
1571 4700 1725 4753 inno-

52 4767 296 4850 φερέτω.
332 4767 474 4850 0οείζ
498 4767 722 4850 Ratisp‘.
734 4810 747 4835 ,
766 4767 1322 4850 utmag‘iamagisque
1347 4770 1720 4850 innotesceret.

52 4840 189 4897 Post
200 4853 416 4912 pauca,
438 4838 814 4912 demanifesto
827 4839 887 4894 in
903 4838 1076 4912 editis
1102 4838 1237 4895 ante
1248 4839 1623 4905 Quesnellum
1636 4884 1649 4910 ,
1668 4846 1725 4896 et

56 4912 113 4967 in
143 4909 360 4985 prima
386 4909 663 4966 editionis
694 4909 979 4983 exemplo.

126 5001 200 5072 (e)
232 5000 325 5053 Ita
353 5013 557 5072 omnes
588 4997 970 5072 nostri_codd.
1005 4998 1172 5072 Barb.
1197 5002 1252 5054 et
1273 4998 1396 5072 Vat.
1420 4998 1643 5072 collect.
1668 5000 1722 5065 3,

65 5068 321 5146 quatuor
348 5068 573 5146 collect.
599 5072 678 5133 8.,
698 5068 993 5146 et__Ratisp.
1013 5068 1238 5146 collect.
1256 5070 1351 5146 _19,
1374 5086 1507 5146 cum
1536 5071 1727 5146 prima

68 5138 356 5226 editione;
388 5144 447 5195 et
476 5157 617 5195 sane
648 5138 859 5196 melius
890 5138 1064 5212 quam
1096 5140 1154 5195 in
1176 5139 1449 5214 vulgatis,
1472 5138 1597 5197 cum
1618 5145 1723 5197 Ne-

67 5220 433 5415 ??ug‘ima
444 5281 623 5337 editio
633 5322 645 5346 ,
666 5298 765 5337 nec
777 5283 1073 5338 auctoritas
1087 5283 1375 5353 Evangelii
1390 5282 1607 5350 haheat,
1631 5299 1729 5338 nec

148 5360 205 5415 ie
216 5354 574 5411 sacramenti.
595 5352 760 5415 Dein,
773 5353 1036 5415 suscipiat
1055 5370 1156 5415 pro
1166 5356 1401 5415 recipiat
1416 5371 1484 5409 ex
1500 5354 1726 5415 Ratisp.

148 5353 205 5415 io
216 5354 574 5426 sacramenti.
595 5353 760 5420 Dein,
773 5353 1036 5425 suscipiat
1052 5370 1156 5426 pro
1166 5356 1401 5426 recipiat
1416 5371 1484 5409 ex
1500 5354 1726 5426 Ratisp.

72 5429 191 5488 eod.
226 5422 620 5500 praetulimus.

133 5520 212 5592 (g)
241 5514 370 5570 Duo
405 5510 638 5567 codices
667 5528 800 5567 cum
833 5513 1023 5586 prima
1050 5512 1326 5577 editione,
1358 5516 1634 5583 praescire.

132 5606 216 5681 (h)
240 5599 542 5681 Magarb.
560 5599 785 5681 collect,
800 5603 854 5670 3,
870 5604 1199 5681 ministerio.
1219 5602 1351 5681 Mox
1372 5606 1508 5681 ante
1532 5619 1730 5657 vocem

79 5673 322 5739 Boviano
354 5673 581 5744 Ratisp.
616 5676 673 5727 et
703 5674 891 5745 prima
918 5674 1091 5731 editio
1124 5676 1396 5745 repetunt
1426 5674 1504 5726 in.

1817 3331 2107 3399 resistere,
2123 3347 2348 3403 nosque
2361 3331 2573 3403 saepius
2590 3332 2660 3388 de
2677 3333 2938 3404 profectu
2952 3333 3341 3391 Ecclesiarum
3354 3335 3474 3393 tuis

1818 3418 2201 3475 relationibus
2215 3419 2353 3491 quid
2370 3424 2578 3492 agatur
2598 3420 2907 3476 instruere.
2934 3418 3190 3495 Dignum
3206 3425 3294 3479 est
3314 3423 3474 3479 enim

1816 3514 1874 3565 te
1905 3506 2233 3580 apostolicae
2256 3507 2413 3563 sedis
2443 3507 2503 3562 in
2533 3507 2643 3563 hac
2670 3507 3065 3565 sollicitudine
3087 3525 3216 3566 esse
3238 3525 3477 3567 consor-

1817 3601 1935 3653 tem
1953 3596 2049 3669 (m)
2073 3600 2129 3652 et
2160 3597 2227 3652 ad
2260 3596 2470 3669 agendi
2493 3596 2769 3653 fiduciam
2796 3596 3102 3671 privilegia
3120 3597 3301 3655 tertiae
3323 3599 3481 3656 sedis

1819 3701 2153 3759 agnoscere,
2169 3686 2251 3756 (n)
2264 3701 2391 3757 quae
2406 3685 2463 3740 in
2481 3684 2644 3742 nullo
2656 3685 3013 3758 cujusquam
3026 3686 3348 3745 ambitione
3368 3687 3480 3744 mi-

1893 3882 1957 3954 (i)
1990 3880 2203 3964 Eadem
2235 3881 2425 3953 prima
2455 3881 2663 3962 editio,
2688 3883 2749 3936 in
2781 3881 3019 3964 Orientis
3046 3882 3319 3964 Ecclesiis.
3339 3880 3479 3938 Late

1821 3952 2300 4033 h_aec_sumi,_nop
2331 3956 2528 4033 autem
2559 3956 2783 4019 stricte,
2815 3951 3056 4033 de‘sohs
3097 3952 3322 4033 scilicet
3362 3951 3473 4033 ljlcf

1822 4024 2019 4080 clesiis
2048 4023 2405 4079 Antiocheno
2431 4024 2704 4094 episcopo
2756 4022 3031 4094 subditis,
3066 4021 3479 4094 recte_probat

1823 4093 2169 4159 Quesnellus
2197 4099 2318 4149 not.
2349 4098 2412 4159 2;
2445 4092 2583 4165 cum,
2602 4092 2717 4165 qua
2737 4092 2935 4148 confer
2953 4096 3184 4149 nostras
3205 4092 3474 4149 observa-

1821 4166 2010 4221 tiones
2044 4165 2233 4220 eidem
2265 4164 2683 4221 subiiciendas.

1892 4238 1958 4309 (j)
1992 4236 2125 4293 Cod.
2160 4232 2443 4291 Vallicell.
2476 4239 2531 4291 et
2562 4234 2750 4305 prima
2765 4232 3350 4307 editio,adutramque
3370 4236 3476 4291 im-

1861 4309 2102 4363 ietatem.

1819 4324 2237 4450 mil-(Vinium
2270 4375 2739 4450 mendosissime,
2762 4376 3156 4450 conjunctione.
3181 4373 3478 4450 Quesnelli

1824 4447 2295 4519 emendationem
2327 4465 2395 4503 ex
2425 4447 2606 4503 Grim.
2627 4450 2685 4502 et
2706 4462 2821 4519 uno
2845 4447 3019 4519 Barb.
3039 4447 3224 4503 nostri
3244 4463 3480 4519 quoque

1824 4521 1993 4576 codd.
2026 4524 2156 4575 Vat.
2192 4518 2501 4590 collect.r3,
2534 4523 2652 4590 tres
2673 4517 2895 4590 collect.
2922 4520 2977 4588 8,
3002 4517 3228 4590 Ratisp.
3251 4517 3478 4590 collect.

1698 4600 1710 4624 ’
1746 4597 1791 4660 D
1824 4592 1892 4648 l9
1923 4596 1980 4646 et
2001 4589 2330 4661 exemplum
2355 4589 2555 4661 prima:
2571 4588 2844 4644 editionis
2865 4588 3234 4661 confirmant.
3256 4589 3336 4661 De
3353 4605 3479 4646 con-

1831 4665 2072 4742 ceptione
2089 4660 2294 4742 activa,
2319 4660 2435 4742 qua
2454 4661 2921 4742 Virgocopcepit
2940 4661 3040 4742 Dei
3062 4660 3309 4742 Filium,
3322 4660 3483 4742 hunc

1833 4731 2026 4788 locum
2058 4731 2502 4803 intelligendum
2536 4731 2687 4787 recte
2714 4731 3061 4795 Quesnellus
3089 4731 3319 4788 monuit
3356 4738 3480 4790 not.

1831 4805 1884 4860 3.
1902 4803 2082 4860 Paulo
2099 4806 2228 4876 post
2238 4794 2597 4876 auditionem
2614 4794 2820 4876 vocum
2837 4804 3133 4862 secundum
3153 4820 3335 4861 veram
3350 4821 3484 4861 car-
3596 4794 3615 4809 ’

1831 4893 1958 4931 nem
1987 4876 2059 4931 ab
2090 4874 2292 4930 eodem
2324 4874 2630 4939 Quesnello
2662 4874 2961 4932 inductam
2989 4875 3169 4933 iidem
3190 4875 3375 4934 nostri
3396 4893 3487 4933 co-

1833 4947 2012 5011 dices,
2046 4951 2102 5001 et
2135 4945 2324 5018 prima
2353 4945 2530 5001 editio
2564 4946 2908 5019 approbant.

1906 5027 1970 5098 (ι)
1991 5026 2216 5151 Ηῗιὶερ.
2251 5030 2308 5081 et
2338 5029 2467 5081 Vat.
2502 5024 2727 5082 collect.
2756 5027 2791 5081 8
2820 5043 2952 5084 cum
2985 5028 3179 5101 prima
3207 5025 3484 5093 editione,

1906 5114 2044 5151 serui
2074 5140 2084 5151 .

1834 5114 2084 5155 αδεθναιι.

1906 5167 2159 5241 (1n)Edi_t_i
2174 5171 2315 5241 ante
2331 5167 2546 5241 Queen.
2558 5212 2572 5236 ,
2585 5173 2634 5223 et
2646 5168 2717 5223 ad
2731 5169 3041 5241 augendam
3052 5166 3337 5241 ﬁduciam;
3356 5162 3487 5218 Duo

1837 5233 2004 5312 codd'.
2038 5238 2263 5296 collect.
2295 5240 2349 5308 8,
2380 5242 2429 5295 et
2460 5239 2531 5294 ad
2558 5233 2793 5312 augendi
2808 5233 3099 5312 'ﬁducian'z,
3132 5236 3263 5312 tuo;
3300 5233 3489 5312 Ques-

1840 5311 2030 5387 nellus
2059 5304 2355 5387 privilegia
2384 5313 2549 5387 tertia
2579 5304 2830 5375 in'duxit,
2862 5326 2965 5387 pro
2988 5306 3286 5387 privitegia

1836 5383 1999 5439 sedis.
2032 5371 2296 5439 Veterem
2321 5381 2629 5437 lectionem
2650 5397 2718 5436 ex
2740 5371 3015 5435 omnibus
3036 5371 3253 5432 nostris
3277 5371 3491 5429 codici-

1842 5456 1951 5510 bus
1982 5457 2036 5509 el
2070 5452 2256 5525 prima
2286 5452 2537 5507 editione
2570 5449 2952 5529 restituimus.
3057 5521 3093 5529 η
3174 5525 3183 5529 Α
3237 5523 3265 5529 _
3312 5519 3353 5529 _

1915 5517 2085 5603 (mlta
2102 5531 2453 5595 cquuosn.
2480 5532 2701 5603 Ratisp.
2721 5532 2777 5603 et
2795 5527 2973 5603 codd._
2988 5521 3211 5603 collect.
3234 5517 3491 5603 3.“Editi,

1843 5614 1901 5660 ut
1918 5590 1992 5658 ‘ai
2019 5604 2172 5659 nullo
2200 5590 2522 5673 cuiusquam
2549 5590 2848 5673 ambitione
2892 5597 3237 5673 minuantur.
3283 5590 3493 5673 Primae

1847 5620 1901 5660 ut
1933 5622 1992 5658 m
2019 5620 2172 5659 nullo
2200 5620 2355 5673 cujus
2394 5620 2522 5657 nam
2549 5620 2847 5655 amuuwnc
2892 5620 3237 5673 ﬂuuuurutu'.
3283 5620 3493 5644 ruqu

1847 5673 2118 5733 editionis
2146 5620 2480 5744 exemplar:
2512 5673 2646 5739 Quae
2676 5665 2919 5741 (scilicet
2943 5662 3111 5735 sedes)
3142 5679 3203 5719 in
3220 5659 3376 5717 nullo
3400 5671 3495 5715 cu-
