4150 6276
834 321 836 324 ’
1139 329 1194 382 S.
1236 327 1517 384 JOANMS
1562 327 2020 384 CllllejOSTOM

2127 330 2415 386 LRCIIIEI'.
2461 331 2998 389 CONSTANTINOP.

3665 340 3770 393 386

1602 513 1752 586 [ηδ]
1826 527 2218 614 ΟΜΙΛΙΑ
2294 523 2484 615 ΜΒ’.

784 677 1256 745 Ἕξιινασιάντες
1291 677 1360 731 δὲ
1400 683 1454 732 οὶ
1479 679 1694 749 ἄνδρες
1722 681 2068 752 ἐπέϐλεψαν
2095 685 2194 737 ἐπὶ
2224 684 2545 751 πρόσωπον
2570 685 2848 754 Σοδόμων
2879 684 2977 738 καί
3010 686 3336 755 Γομόρῤας.

407 819 478 870 α’.
517 795 828 882 Ἐμάθομεν
854 812 917 864 ἐκ
947 809 1054 863 τῶν
1083 809 1208 879 χθὲς
1227 810 1674 878 ἀνεγνωσμένων,
1707 813 1999 882 ἀγαπητοὶ,

336 905 434 976 τὴν
465 903 770 979 ὑπερϐολὴν
799 905 896 974 τῆς
925 903 1016 955 τοῦ
1041 903 1250 956 δικαίου
1288 902 1619 970 φιλοξενίας·
1653 904 1785 974 φέρε
1817 904 1881 976 δὴ
1912 906 2006 958 καὶ

336 1001 576 1070 σήμερον
623 998 690 1051 τά
742 997 868 1067 ἐξῆς
916 997 1250 1058 ἐπελθόντες,
1287 997 1449 1050 πάλιν
1478 999 1879 1070 καταμάθωμεν
1912 1001 2006 1054 τοῦ

337 1096 672 1165 πατριάρχου
700 1093 762 1146 τὺ
791 1093 1142 1161 φιλόστοργον
1170 1091 1264 1145 καὶ
1291 1093 1589 1162 συμπαθές.
1608 1094 1876 1165 Ἐκάστην
1900 1095 2006 1166 γὰρ

336 1191 443 1244 τῶν
475 1190 682 1262 ἀρετῶν
735 1189 850 1260 μεθ’
873 1187 1177 1259 ὑπερϐολῆς
1209 1190 1237 1240 ὁ
1273 1188 1480 1252 δίκαιος
1529 1184 1680 1254 οὗτος
1725 1190 2004 1261 ἐκέκτητο.

337 1286 472 1339 Οὑδέ
523 1286 633 1355 γὰρ
693 1285 853 1354 μόνον
905 1283 1277 1353 φιλόστοργος,
1308 1284 1428 1337 οὐδὲ
1475 1285 1747 1353 φιλόξενος
1797 1282 1864 1357 ἦν
1913 1289 2009 1341 καὶ⁸

339 1379 650 1451 συμπαθὴς,
687 1378 822 1432 ἀλλά
871 1379 963 1430 καὶ
1009 1377 1108 1460 τάς
1149 1377 1310 1440 ἄλλας
1356 1379 1556 1449 ἀρετὰς
1603 1381 1818 1445 ἁπάσας
1871 1383 2008 1452 μετὰ

336 1473 614 1544 δαψιλείας
649 1473 1007 1526 ἐπεδείκνυτο.
1032 1473 1129 1524 Ἂν
1157 1489 1216 1524 τε
1252 1471 1360 1542 γάρ
1395 1473 1664 1544 ὑπομονὴν
1690 1475 1785 1548 δέῃ
1813 1477 2011 1529 ἐπιδεί-

341 1569 557 1633 ξασθαι,
603 1569 856 1639 εὑρήσεις
890 1567 1053 1618 αὐτὸν
1077 1567 1156 1629 εἰς
1188 1566 1357 1638 αὐτὴν
1397 1568 1496 1638 τὴν
1544 1568 1718 1639 ἄκραν
1766 1571 2011 1642 κορυφὴν

338 1664 718 1736 ἀναϐεϐηκότα
742 1682 753 1693 ο
795 1663 860 1716 ἀν
896 1680 954 1715 τε
1000 1662 1516 1734 ταπεινοφροσύνην,
1545 1664 1664 1734 ὄψει
1710 1665 1871 1718 πάλιν
1916 1666 2012 1719 καὶ¹

339 1756 576 1812 ἐνταῦθα
605 1755 783 1810 οὐδενὶ
816 1754 1268 1827 παραχωροῦντα,
1298 1755 1435 1810 ἀλλά
1474 1757 1680 1820 πάντας
1711 1758 2012 1829 ὑπερακον-

340 1852 556 1916 τίζοντα
576 1869 589 1882 ·
622 1852 726 1905 κᾶν
755 1851 936 1904 πίστιν
961 1849 1330 1915 ἐπιδείξασθαι
1355 1851 1471 1924 δέῃ,
1505 1852 1597 1905 καὶ
1623 1853 1680 1904 ἐν
1712 1853 1886 1923 τούτῳ
1915 1853 2014 1906 πά-

339 1952 425 2005 λιν
453 1949 651 2020 μᾶλλον
681 1947 1034 2018 εὑρεθήσεται
1058 1946 1165 2000 τῶν
1193 1946 1368 2000 ἄλλων
1405 1948 1658 2001 ἀπάντων
1686 1948 2008 2018 εὐδοκιμῶν.

344 2044 606 2114 Καθάπερ
632 2044 738 2114 γάρ
766 2042 928 2096 εἰκών
966 2059 1052 2105 τις
1095 2042 1330 2113 ἔμψυχός
1370 2045 1514 2096 ἐστιν
1546 2045 1580 2112 ή
1620 2043 1811 2096 τούτου
1841 2042 2007 2114 ψυχὴ,

341 2142 410 2194 τά
447 2141 676 2212 διάφορα
720 2138 822 2209 τῆς
867 2139 1072 2208 ἀρετῆς
1097 2138 1362 2209 χρώματα
1391 2140 1449 2190 ἐν
1479 2140 1645 2208 ἑαυτῇ
1670 2138 2008 2194 δεικνύουσα.

343 2239 480 2291 Ποία
524 2233 623 2291 οὖν
663 2237 792 2306 ἡμῖν
818 2235 1170 2287 ὑπολείπεται
1198 2233 1385 2286 λοιπὸν
1424 2234 1710 2302 ἀπολογία,
1739 2235 1864 2288 ὅταν
1894 2236 2013 2298 ἐνὸς

344 2330 628 2404 ἀνθρώπου
669 2331 846 2393 πάσας
885 2330 984 2392 τὰς
1031 2330 1230 2399 ἀρετὰς
1276 2331 1333 2380 ἐν
1379 2328 1557 2398 ἐαυτῷ
1605 2331 2010 2400 περιφέροντος,

348 2432 503 2500 ἡμεῖς
533 2427 704 2489 οὑτως
737 2427 933 2497 ἔρημοι
974 2425 1353 2494 τυγχάνωμεν,
1395 2423 1469 2487 ὼς
1511 2424 1779 2494 μηδεμίαν
1810 2426 2014 2496 ἀρετὴν

347 2525 630 2598 βούλεσθαι
661 2522 958 2594 κατορθοῦν
979 2539 994 2587 ;
1016 2523 1139 2574 Ὀτι
1161 2521 1269 2590 γὰρ
1294 2521 1353 2573 οὐ
1386 2519 1537 2592 παρά
1556 2520 1618 2572 τὸ
1639 2520 1716 2591 μὴ
1733 2520 2012 2585 δύνασθαι,

344 2623 481 2678 ἀλλά
509 2620 660 2692 παρά
702 2619 764 2673 τδ
803 2619 878 2690 μὴ
917 2617 1200 2689 βούλεσθαι
1231 2616 1429 2688 ἐρημοι
1463 2616 1680 2670 πάντων
1714 2617 1879 2686 ἐσμὲν
1904 2616 2016 2669 τῶν

345 2719 584 2788 ἀγαθῶν,
618 2715 790 2787 σαφὴς
817 2713 1087 2780 ἀπόδειξις
1114 2713 1174 2766 τὸ
1199 2712 1427 2776 πολλοὺς
1453 2711 1562 2766 τῶν
1587 2712 1864 2783 ὁμογενῶν
1883 2713 2014 2784 ἡμῖν

345 2815 522 2886 εὑρεῖν
554 2811 954 2881 διαλάμποντας
991 2812 1047 2862 ἐν
1076 2811 1262 2880 ἀρετῇ,
1303 2807 1414 2862 Καὶ
1445 2807 1576 2861 αὐτὸ
1606 2807 1663 2860 δὲ
1695 2807 1852 2861 τοῦτο
1866 2821 1915 2871 ει,
1953 2810 2016 2862 τὸ

345 2909 437 2963 τὸν
465 2905 810 2979 πατριάρχην
831 2907 926 2960 καὶ
957 2905 1064 2976 πρὸ
1085 2906 1184 2976 τῆς
1208 2904 1449 2976 χάριτος,
1477 2903 1573 2956 καὶ
1601 2903 1708 2974 πρὸ
1733 2903 1828 2958 τοῦ
1854 2905 2016 2977 νόμου

347 3005 628 3076 γεγονότα,
676 3001 887 3056 οἴκοθεν
925 3001 1020 3056 καὶ
1059 3001 1166 3055 ἀπὸ
1208 3000 1313 3071 τῆς
1358 3001 1416 3052 ἐν
1445 3001 1510 3071 τῇ
1557 2997 1717 3070 φύσει
1761 3000 2020 3072 κειμένης

348 3102 602 3172 γνώσεως
624 3100 704 3165 είς
725 3097 975 3154 τοσοῦτον
1005 3097 1198 3170 μέτρον
1220 3097 1424 3170 ἀρετῆς
1450 3095 1646 3160 ἐλθεῖν,
1675 3097 1854 3168 πάσης
1873 3099 2019 3170 ἡμᾶς

351 3196 648 3265 ἀπολογίας
697 3193 1070 3264 ἀποστερῆσαι
1119 3193 1427 3264 δυνήσεται.
1468 3191 1606 3244 Ἀλλ’
1661 3191 1790 3254 ίσως
1835 3191 2020 3261 ἐροῦσί

352 3311 519 3358 τινες,
551 3294 631 3345 δτι
660 3289 861 3360 πολλῆς
887 3288 1163 3342 ἀπέλαυσε
1189 3287 1289 3357 τῆς
1319 3287 1472 3358 παρά
1500 3285 1597 3339 τοῦ
1624 3285 1758 3338 Θεοῦ
1786 3287 2018 3357 κηδεμο-

353 3389 474 3452 νίας
499 3390 528 3440 6
556 3387 715 3457 ἀνὴρ,
737 3385 831 3438 καὶ
861 3381 1058 3453 πολλὴν
1085 3381 1398 3445 ἐπεδείξατο
1421 3381 1520 3454 τὴν
1550 3381 1676 3452 περὶ
1708 3381 1868 3433 αὐτὸν
1897 3383 2024 3452 πρό-

351 3501 500 3538 νοιαν
532 3485 560 3536 ὁ
584 3481 692 3534 τῶν
733 3479 868 3532 ὅλων
892 3477 1044 3540 Θεός.
1078 3475 1204 3540 Ναὶ,
1235 3476 1481 3546 ὁμολογῶ
1505 3493 1518 3508 ·
1553 3475 1668 3529 ἀλλ’
1697 3478 1744 3528 εί
1793 3475 1866 3547 μὴ
1893 3475 2024 3546 πρό-

351 3597 505 3652 τερος
537 3578 605 3632 τὰ
634 3574 764 3645 παρ’
785 3572 978 3628 ἑαυτοῦ
1008 3573 1102 3626 καὶ
1132 3571 1294 3634 αὐτὸς
1323 3570 1655 3636 ἐπεδείξατο,
1687 3572 1787 3624 οὐκ
1824 3571 1888 3625 ἂν
1916 3571 2024 3624 τῶν

355 3678 505 3749 παρὰ
541 3673 634 3728 τοῦ
679 3671 947 3725 Δεσπότου
995 3668 1298 3740 ἀπήλαυσε.
1334 3668 1427 3740 Μὴ
1459 3667 1640 3722 τοίνυν
1666 3669 1826 3722 τοῦτο
1865 3669 2025 3738 μόνον

355 3776 476 3845 ὅρα,
527 3769 664 3824 ἀλλά
711 3766 832 3822 καθ’
855 3766 1085 3819 ἕκαστον
1124 3761 1393 3829 ἐξετάζων
1443 3764 1848 3835 καταμάνθανε,
1909 3765 2027 3828 πῶς

357 3868 617 3939 πρότερον
641 3865 738 3935 τῆς
766 3861 966 3925 οίκείας
993 3861 1198 3933 ἀρετῆς
1223 3862 1281 3913 ἐν
1311 3860 1445 3913 πᾶσι
1477 3859 1574 3928 τὴν
1605 3859 1835 3930 βάσανον
1885 3877 2026 3930 παρ-

357 3961 628 4035 εσχηκὼς,
667 3958 837 4022 οὕτως
865 3957 1078 4026 ἠξιοῦτο
1104 3957 1201 4026 τῆς
1233 3955 1381 4026 παρά
1410 3954 1503 4008 τοῦ
1529 3954 1662 4008 Θεοῦ
1690 3954 2024 4026 συμμαχίας,

359 4062 469 4115 Καὶ
496 4057 668 4111 ταῦτα
701 4052 957 4117 πολλάκις
983 4053 1111 4123 ὑμῖν
1140 4051 1443 4120 ἐδείξαμεν,
1473 4050 1638 4119 ἡνίκα
1665 4050 1733 4102 τά
1767 4050 1908 4102 κατά
1929 4050 2027 4121 τὴν

365 4155 689 4228 μετάστασιν
723 4149 885 4202 αὑτοῦ
918 4147 1015 4215 τὴν
1063 4149 1128 4199 ἐκ
1171 4147 1274 4215 γῆς
1321 4146 1421 4215 τῆς
1464 4143 1722 4214 πατρῴας
1771 4145 2025 4207 ἐποιεῖτο,

361 4255 507 4314 ὅπως
530 4249 650 4302 οὐδὲ
670 4246 776 4300 ἀπὸ
797 4244 1075 4313 προγόνων
1096 4241 1384 4312 σπέρματα
1409 4238 1689 4302 εὐσεϐείας
1717 4238 2028 4306 δεξάμενος,

362 4348 570 4404 οἴκοθεν
597 4343 690 4396 καὶ
720 4342 849 4411 παρ’
881 4336 1080 4391 ἐαυτοῦ
1115 4336 1247 4388 πολὺ
1279 4333 1340 4387 τὸ
1379 4332 1622 4402 φιλόθεον
1667 4333 2026 4396 ἐπεδείκνυτο,

363 4443 457 4498 καὶ
504 4442 788 4512 ἄνθρωπος
837 4437 960 4505 ἄρτι
1011 4434 1110 4504 τῆς
1146 4430 1418 4492 Χαλδαίας
1452 4427 1810 4496 μεταναστὰς,
1838 4428 2031 4498 ἀθρόον

364 4530 716 4598 κελευόμενος
765 4523 862 4595 τήν
905 4519 1190 4590 ἀλλοτρίαν
1219 4518 1318 4589 τῆς
1345 4516 1552 4578 οἰκείας
1578 4514 2027 4581 ἀνταλλάξασθαι,

364 4620 465 4671 οὐκ
493 4615 812 4674 ἐνεδοίασεν,
839 4609 940 4662 οὐκ
963 4605 1304 4669 ἀνεϐάλλετο,
1335 4603 1449 4656 ἀλλ’
1472 4602 1672 4665 εὐθέως
1707 4601 1945 4673 ἐπλήρου
1969 4602 2030 4654 τὸ

367 4701 674 4773 ἐπιταχθὲν,
711 4698 804 4752 καὶ
832 4696 1004 4750 ταῦτα
1031 4694 1130 4747 οὐκ
1161 4691 1316 4755 εἰδὼς
1342 4692 1476 4744 ὅπου
1501 4691 1755 4761 στήσεται
1780 4687 1930 4757 αὑτῷ
1962 4688 2030 4739 τὰ

366 4793 464 4863 τῆς
509 4789 736 4856 πλάνης,
775 4786 870 4838 καὶ
898 4781 1122 4836 ἔσπευδε
1152 4780 1244 4832 καὶ
1282 4777 1560 4848 ⁴ἠπείγετο,
1593 4776 1667 4839 ώς
1700 4776 1790 4828 ἐπὶ
1822 4775 2030 4844 ὡμολο-

370 4877 647 4949 γημένοις,
673 4876 784 4936 τοῖς
819 4871 1055 4940 ἀδήλοις,
1085 4867 1147 4921 τὸ
1169 4867 1262 4949 τοῦ
1296 4866 1431 4949 Θεομῦ
1459 4864 1784 4949 πρόσταγμα
1817 4863 2031 4949 πάντων

370 4943 759 5032 προτιμότερον
797 4952 1115 5022 ἡγούμενος.
1149 4946 1303 5010 Εἶδες
1335 4945 1452 5010 πῶς
1502 4945 1560 5012 ἐξ
1603 4943 1779 5015 ἀρχῆς
1826 4943 1922 4996 καὶ
1969 4945 2033 4996 ἐιι

370 5047 665 5121 προοιμίων
709 5044 777 5096 τὰ
818 5043 945 5112 παρ’
980 5038 1172 5093 ἐαυτοῦ
1207 5037 1478 5108 είσέφερε,
1507 5035 1601 5088 καὶ
1628 5034 1718 5088 διὰ
1746 5033 1903 5087 τοῦτο
1939 5033 2033 5086 καὶ

372 5119 440 5189 τά
468 5133 617 5201 παρά
646 5131 738 5183 τοῦ
765 5127 900 5180 Θεοῦ
930 5126 1050 5178 καθ’
1081 5125 1314 5192 ἑκάστην
1338 5121 1645 5192 ἐκαρποῦτο
1673 5121 1810 5191 μετά
1836 5119 2034 5189 πολλῆς

374 5218 474 5288 τῆς
514 5213 826 5282 δαψιλείαςς
873 5208 1026 5280 [42η
1059 5207 1164 5259 Τὸν
1190 5205 1351 5258 αὐτὸν
1469 5204 1681 5288 τρόπον
1717 5203 1812 5257 καλ⁸
1838 5204 2030 5288 Δἡμεῖς,

373 5285 669 5370 ἀγαπητοὶ,
697 5297 745 5348 εί
779 5292 1101 5363 βουλοίμεθα
1129 5290 1230 5358 τῆς
1255 5287 1458 5342 ἀνωθεν
1481 5287 1773 5339 ἀπολαύειν
1800 5285 2032 5348 εὐνοίας,

376 5387 712 5458 ζηλώσωμεν
737 5382 830 5434 τὸν
861 5378 1222 5448 πατριάρχην,
1254 5375 1344 5458 καί
1392 5373 1465 5458 μή
1508 5371 1862 5458 ἀναδυώμεθα
1900 5372 2034 5458 πρὸς

374 5453 472 5541 τήν
521 5453 743 5538 ἀρετὴν,
788 5463 901 5517 ἀλλ’
943 5461 1178 5529 ἑκάστην
1220 5457 1603 5519 ἀπολαϐόντες,
1649 5454 1792 5508 οὑτω
1836 5453 2034 5522 ταύτην

381 5557 517 5629 μετά
551 5553 782 5622 σπουδῆς
821 5545 1240 5620 μετερχώμεθα,
1272 5544 1346 5607 ὡς
1380 5543 1471 5595 τδν
1503 5541 1803 5611 ἀκοίμητον
1831 5543 2036 5593 ἐκεῖνον

381 5625 650 5709 όφθαλμὸν
672 5631 1076 5689 ἐπισπάσασθαι
1099 5631 1232 5700 πρὸς
1251 5628 1349 5697 τὴν
1371 5627 1468 5696 τῆς
1494 5626 1727 5696 ἀμοιϐῆς
1747 5625 2034 5678 ἀντίδοσιν.

389 5732 446 5783 'U
491 5727 599 5796 γὰρ
643 5723 709 5776 τὰ
743 5721 1029 5792 ἀπόρρητα
1054 5720 1154 5787 τῆς
1181 5715 1414 5778 διανοίας
1458 5713 1614 5783 ἡμῶν
1656 5711 2034 5782 ἐπιστάμενος,

439 5838 465 5866 ⁸
491 5833 620 5882 Sani]
663 5834 709 5881 ci
735 5829 819 5882 alii
847 5829 921 5876 καὶ
945 5826 1062 5875 αὗτὸ
1083 5826 1170 5888 γὰρ
1193 5823 1352 5871 τοῦτο.

2108 817 2328 870 ἐπειδὰν
2357 817 2440 888 ἴδῃ
2466 818 2590 887 ὑγιῆ
2618 817 2840 889 γνώμην
2871 818 3364 889 ἐπιδεικνυμένους,
3382 819 3475 872 καὶ
3497 818 3633 891 πρὸς
3654 822 3774 885 τοὺς

2107 917 2210 988 τῆς
2258 920 2459 991 ἀρετῆς
2512 920 2728 988 ἀγῶνας
2773 919 3103 972 ἀποδύεσθαι
3139 919 3562 984 ἐσπουδακότας,
3597 937 3778 990 παρα-

2108 1020 2296 1090 χρῆμα
2340 1020 2432 1072 καὶ
2462 1019 2562 1090 τὴν
2597 1021 2727 1091 παρ’
2751 1018 2945 1073 ἐαυτοῦ
2991 1019 3219 1088 παρέχει
3267 1019 3460 1089 ῥοπὴν,
3507 1020 3643 1090 ὁμοῦ
3687 1023 3777 1074 καὶ

2107 1120 2233 1182 τοὺς
2261 1119 2452 1182 πόνους
2482 1120 2612 1189 ήμίν
2640 1118 3024 1187 ἐπικουφίζων,
3048 1118 3139 1170 καὶ
3172 1117 3232 1170 τὸ
3263 1117 3484 1181 ἀσθενὲς
3515 1118 3616 1188 τῆς
3645 1121 3780 1189 ἠμε-

2108 1221 2272 1293 τέρας
2316 1219 2529 1289 φύσεως
2562 1219 2918 1290 ἐπιρῤωννὺς,
2960 1218 3054 1271 καὶ
3097 1215 3338 1284 δαψιλεῖς
3385 1217 3484 1280 τὰς
3535 1218 3778 1288 ἀμοιϐάς
3869 1217 3876 1222 ’

2110 1317 2376 1388 χορηγῶν.
2409 1319 2517 1370 Καὶ
2563 1319 2656 1370 ἐπὶ
2703 1316 2801 1387 μὲν
2843 1317 2950 1369 τῶν
2986 1314 3372 1384 Ὀλυμπιακῶν
3404 1314 3633 1382 ἀγώνων
3680 1318 3779 1370 οὐκ

2109 1421 2174 1474 ἀν
2213 1437 2340 1472 ποτε
2389 1419 2567 1490 εὕροις
2618 1436 2670 1471 τι
2718 1418 2956 1471 τοιοῦτον
2996 1417 3311 1487 γινόμενον·
3348 1418 3460 1470 ἀλλ’
3482 1418 3710 1488 ἕστηκεν
3751 1419 3782 1469 6

2111 1518 2482 1589 παιδοτρίϐης,
2503 1516 2699 1588 θεατὴς
2723 1516 2882 1586 μόνον
2901 1516 3183 1586 γινόμενος
3209 1516 3315 1569 τῶν
3341 1516 3776 1585 ἀγωνιζομένων,

2111 1619 2206 1671 καὶ
2236 1619 2386 1672 οὐδὲν
2419 1619 2606 1688 ἓτερον
2643 1617 3068 1682 συνεισενεγκεῖν
3095 1615 3408 1686 δυνάμενος,
3439 1616 3552 1669 ἀλλ’
3575 1615 3778 1684 ἀναμέ-

2111 1735 2218 1771 νων
2247 1718 2346 1788 τὴν
2373 1716 2526 1786 νίκην
2553 1715 2803 1784 γενέσθαι
2827 1731 2842 1745 ο
2872 1716 2902 1766 6
2925 1715 2982 1766 δὲ
3012 1713 3288 1784 Δεσπότης
3319 1716 3349 1766 6
3377 1714 3652 1784 ἡμέτερος
3679 1714 3778 1782 οὐχ

2112 1817 2302 1881 οὕτως,
2327 1816 2462 1869 ἀλλά
2504 1817 2596 1868 καὶ
2630 1813 3072 1882 συναγωνίζεται,
3107 1813 3201 1866 καὶ
3245 1817 3401 1884 χεῖρα
3446 1813 3648 1884 ὀρέγει,
3687 1814 3780 1864 καὶ

2115 1914 2532 1982 συνεφάπτεται,
2563 1914 2653 1965 καὶ
2691 1912 2974 1981 μονονουχὶ
3007 1910 3340 1980 πανταχόθεν
3373 1911 3463 1964 τὸν
3491 1910 3782 1964 ἀντίπαλον

2114 2014 2542 2084 ὑποτεταγμένον
2590 2015 2719 2083 ἡμῖν
2768 2010 3124 2082 παραδίδωσι,
3163 2011 3256 2062 καὶ
3291 2009 3466 2063 πάντα
3513 2011 3658 2060 ποιεῖ
3688 2009 3781 2060 καὶ

2117 2111 2582 2182 πραγματεύεται,
2617 2111 2755 2163 ὥστε
2783 2109 3075 2179 δυνηθῆναι
3103 2110 3251 2179 ήμᾶς
3285 2107 3782 2176 καταγωνίσασθαι,

2117 2211 2211 2264 καὶ
2253 2211 2351 2281 τὴν
2399 2212 2556 2281 νίκην
2603 2210 2858 2283 ἄρασθαι,
2891 2209 2980 2261 ἵνα
3009 2207 3100 2262 τὸν
3133 2207 3495 2280 ἀμαράντινον
3525 2208 3784 2283 στέφανον

2117 2291 2277 2380 ἐπιθῇ
2306 2279 2372 2380 τῇ
2405 2279 2654 2379 ἡμετέρᾳ.
2685 2308 2914 2378 κεφαλῇ.
2953 2293 3262 2376 Στέφανον
3294 2307 3421 2376 γάρ,
3455 2307 3641 2375 φησὶν,
3677 2279 3784 2373 χη-

2111 2408 2293 2476 ρίτων
2320 2407 2463 2475 δέξῃ
2494 2407 2578 2475 σῇ
2611 2406 2865 2476 κορυφῇ.
2897 2407 3006 2460 Καὶ
3041 2409 3098 2460 ἐν
3126 2407 3224 2477 μὲν
3250 2407 3362 2470 τοῖς
3397 2406 3786 2476 Ὀλυμπιακοῖς

2117 2505 2326 2568 τούτοις
2361 2506 2566 2574 ἀγῶσιν
2590 2509 2618 2558 ὁ
2647 2507 2906 2575 στέφανος
2942 2505 3078 2576 μετά
3113 2505 3212 2576 τὴν
3240 2505 3394 2574 νίκην
3423 2505 3574 2557 οὐδὲν
3599 2505 3684 2556 ἐτε
3696 2505 3784 2575 ρό)

2120 2603 2346 2674 ἐστιν,ἢ
2389 2603 2561 2672 φύλλα
2604 2603 2830 2674 δάφνης,
2867 2603 2964 2656 καὶ
2995 2603 3206 2674 κρότος,
3239 2603 3333 2656 καλ⁸
3371 2603 3467 2672 βοὴ
3510 2600 3661 2672 παρά
3693 2600 3786 2652 τοῦ

2119 2703 2292 2774 δήμου
2324 2702 2600 2774 γινομένη,
2621 2701 2762 2772 άπερ
2791 2702 3028 2765 ἅπαντα,
3060 2703 3158 2773 τῆς
3186 2702 3424 2771 ἑσπέρας
3450 2700 3783 2754 καταλαϐού-

2125 2819 2244 2873 σης,
2269 2802 2654 2873 κατεμαράνθη
2686 2804 2779 2855 καὶ
2808 2802 3052 2855 ἀπώλετο
3071 2817 3086 2834 ο
3135 2805 3164 2855 ό
3203 2803 3259 2855 δὲ
3293 2801 3434 2873 ὑπὲρ
3461 2802 3563 2871 τῆς
3587 2804 3788 2873 ἀρετῆς

2124 2903 2216 2955 κα)⁵
2243 2901 2349 2955 τῶν
2385 2902 2586 2972 ταύτης
2615 2901 2849 2973 ἱδρώτων
2882 2903 3140 2971 στέφανος
3170 2902 3321 2955 οὐδὲν
3366 2901 3622 2972 αἰσθητὸν
3651 2900 3786 2972 ἔχει,

2123 3001 2242 3054 οὐδὲ
2269 3003 2328 3054 ἐν
2345 3001 2422 3073 τῷ
2445 3003 2599 3056 αίῶνι
2618 3002 2790 3074 τούτῳ
2813 3004 3336 3075 συγκαταλυόμενον,
3359 3003 3494 3058 ἀλλά
3513 3002 3784 3074 διηνεκὴς,

2124 3100 2405 3165 ἀθάνατος,
2437 3101 2607 3155 άπασι
2639 3102 2752 3163 τοῖς
2791 3101 2947 3154 αίῶσι
2975 3101 3598 3172 συμπαρεκτεινόμενος.
3631 3099 3734 3152 Καὶ
3764 3102 3791 3151 ό

2129 3202 2227 3272 μὲν
2272 3201 2434 3264 πόνος
2478 3201 2613 3272 πρὸς
2641 3201 2828 3272 χρόνον
2865 3201 3092 3282 βραχὺν,
3123 3203 3156 3272 ή
3188 3201 3245 3254 δὲ
3275 3201 3414 3272 ὑπὲρ
3455 3201 3565 3253 τῶν
3613 3199 3792 3252 πόνων

2128 3300 2327 3371 ἀμοιϐὴ
2354 3301 2505 3364 τέλος
2547 3301 2645 3354 οὐκ
2689 3296 2850 3365 οἶδεν,
2881 3301 3000 3354 οὑδὲ
3032 3301 3167 3354 εἴκει
3195 3300 3273 3371 τῷ
3301 3301 3502 3371 χρόνῳ,
3535 3300 3654 3352 οὐδὲ
3685 3315 3789 3368 μα-

2129 3407 2385 3478 ραίνεται.
2413 3408 2522 3460 Καὶ
2554 3407 2638 3460 ἵνα
2675 3406 2902 3477 μάθητε,
2937 3405 3045 3460 ίδοὺ
3070 3405 3210 3458 πόσα
3244 3403 3340 3474 ἐτη
3368 3401 3665 3473 διελήλυθε,
3699 3404 3791 3453 καὶ

2125 3506 2292 3560 πόσαι
2332 3506 2532 3575 γενεαὶ,
2562 3504 2623 3570 ἐξ
2651 3499 2710 3560 οὑ
2744 3505 3084 3577 πατριάρχης
3128 3498 3280 3567 οὗτος
3325 3502 3544 3571 γέγονε⁸
3581 3502 3676 3554 καὶ
3715 3501 3792 3564 ὡς

2126 3605 2250 3676 χθὲς
2277 3606 2372 3659 καὶ
2400 3607 2658 3678 σήμερον,
2687 3606 2828 3659 οὑτω
2857 3604 3251 3674 διαλάμπουσιν
3273 3602 3436 3656 αὐτοῦ
3463 3601 3512 3654 οί
3533 3600 3672 3671 ὑπὲρ
3693 3601 3792 3670 τῆς

2125 3705 2324 3777 ἀρετῆς
2357 3705 2628 3774 στέφανοι,
2660 3705 2755 3758 καὶ
2791 3704 2952 3774 μέχρι
2981 3702 3084 3768 τῆς
3121 3699 3428 3763 συντελείας
3459 3699 3634 3769 αὐτῆς
3659 3700 3791 3750 πᾶσι

2127 3806 2238 3867 τοῖς
2275 3799 2333 3857 εὖ
2363 3802 2616 3875 φρονοῦσι
2645 3802 2994 3864 διδασκαλίας
3024 3800 3281 3862 ὑπόθεσις
3307 3798 3539 3867 γίνεται.

2199 3903 2263 3973 β’.
2309 3903 2460 3956 Ἐπεὶ
2480 3897 2570 3955 οῦν
2599 3901 2819 3970 τοιαύτη
2841 3901 2933 3954 τοῦ
2957 3899 3166 3952 δικαίου
3205 3898 3395 3951 τούτου
3425 3899 3458 3968 ἡ
3487 3895 3678 3968 ἀρετὴ,
3716 3895 3793 3955 είς

2128 4003 2284 4072 ζῆλον
2307 4001 2495 4054 τούτου
2521 3999 2906 4072 διεγερθῶμεν,
2937 4000 3030 4053 καὶ
3050 3999 3146 4068 ὀψὲ
3169 3997 3297 4067 γοῦν
3319 4014 3448 4049 ποτε
3470 3995 3569 4067 τήν
3589 3994 3794 4047 οίκείαν

2128 4101 2437 4170 ἐπιγνόντες
2469 4101 2764 4168 εὐγένειαν,
2793 4101 2884 4153 τὸν
2913 4100 3254 4171 πατριάρχην
3286 4095 3674 4169 μιμησώμεθα,
3699 4096 3793 4147 καὶ

2129 4200 2334 4253 ἔννοιάν
2359 4216 2479 4253 τινα
2510 4199 2761 4270 λάϐωμεν
2799 4198 2898 4269 τῆς
2942 4197 3212 4269 σωτηρίας
3247 4198 3345 4267 τῆς
3375 4195 3670 4266 ἡμετέρας,
3699 4194 3792 4245 καὶ

2131 4300 2328 4371 πολλὴν
2371 4298 2684 4368 ἐπιμέλειαν
2731 4296 3032 4370 ποιώμεθα,
3079 4297 3219 4350 ὥστε
3253 4298 3328 4367 μὴ
3355 4295 3415 4347 τὸ
3446 4294 3602 4364 σῶμα
3634 4293 3792 4363 μόνον

2132 4400 2410 4465 ὑγιαίνειν,
2445 4398 2580 4451 ἀλλά
2607 4399 2701 4452 καὶ
2723 4399 2821 4468 τῆς
2847 4397 3025 4468 ψυχῆς
3049 4396 3118 4449 τὰ
3140 4397 3368 4465 διάφορα
3393 4393 3676 4463 νοσήματα
3711 4392 3792 4444 ία-

2130 4499 2506 4570 τρεύειν.Ἐάν
2544 4498 2651 4570 γάρ
2680 4497 2994 4568 βουλώμεθα
3023 4498 3214 4568 νήφειν
3263 4495 3355 4547 γαί
3406 4491 3792 4563 ἐγρηγορέναι.

2130 4601 2237 4654 τῶν
2283 4599 2376 4653 τοῦ
2423 4598 2672 4669 σώματος
2715 4598 2902 4651 παθῶν
2959 4595 3321 4665 εὐκολώτερον
3360 4593 3429 4646 τά
3472 4591 3572 4660 τῆς
3617 4590 3794 4660 ψυχῆς

2137 4701 2394 4768 ἰασόμεθα
2422 4701 2723 4770 νοσήματα.
2753 4693 2876 4752 Οίον
2898 4696 3005 4768 γὰρ
3033 4695 3099 4749 ἂν
3125 4692 3314 4764 ἐνοχλῇ
3343 4693 3474 4762 ήμῖν
3497 4689 3686 4752 πάθος,
3703 4689 3794 4741 ἐὰν

2135 4793 2403 4863 ἐθέλωμεν
2431 4794 2644 4846 εὐσεϐεῖ
2670 4791 2912 4861 λογισμῷ
2939 4791 2996 4843 ἐν
3028 4786 3104 4858 νῷ
3125 4785 3410 4840 ἀναλαϐεῖν
3433 4783 3490 4836 τὸ
3519 4781 3795 4851 κριτήριον

2131 4889 2232 4959 τῆς
2260 4889 2494 4960 φοϐερᾶς
2531 4889 2741 4958 ἐκείνης
2765 4887 2995 4958 ἡμέρας,
3021 4884 3115 4937 καὶ⁵
3147 4882 3221 4953 μὴ
3254 4880 3386 4952 πρὸς
3415 4879 3477 4930 τὸ
3501 4877 3674 4947 παρὸν
3695 4875 3793 4944 ἡδὺ

2133 4984 2362 5047 ἀπιδεῖν,
2399 4983 2531 5036 ἀλλά
2554 4984 2650 5052 τὴν
2680 4983 2815 5052 μετά
2840 4981 3012 5034 ταῦτα
3033 4978 3222 5048 ὀδύνην
3251 4972 3604 5044 ἐγγινομένην
3642 4973 3792 5041 ἡμῖν,

2134 5079 2475 5150 παραχρῆμα
2499 5080 2870 5148 ἀποπτήσεται
2895 5077 2989 5129 καὶ
3005 5073 3345 5144 ἀποπηδήσει
3362 5069 3391 5108 ι’
3411 5069 3508 5138 τῆς
3527 5067 3793 5137 ἡμετέρας

2133 5173 2330 5245 ψυχῆς.
2356 5175 2445 5243 Μὴ
2470 5174 2647 5228 τοίνυν
2675 5171 3024 5243 ῥαθυμῶμεν,
3046 5168 3160 5223 ἀλλ’
3182 5165 3378 5227 εἰδότες
3401 5165 3482 5218 ὅτι
3511 5160 3658 5229 ἀγών
3680 5162 3790 5212 ἐστι

2135 5263 2230 5314 καὶ
2257 5261 2627 5331 παλαίσματα,
2659 5261 2787 5312 καῖε
2825 5259 2904 5310 δεῖ
2941 5251 3346 5327 παρατετάχθαι
3397 5247 3532 5320 πρὸς
3562 5248 3662 5315 τὴν
3695 5245 3795 5315 μά-

2135 5365 2256 5418 χην,
2285 5347 2406 5400 καθ’
2428 5348 2659 5416 ἑκάστην
2681 5347 2782 5415 ήμέ
2793 5345 2934 5414 ρανή
2944 5344 3059 5412 μῶν
3086 5341 3176 5393 τὸν
3200 5335 3456 5406 λογισμὸν
3485 5333 3796 5418 ἀκμάζοντα

2138 5435 2229 5487 καὶ
2255 5435 2444 5506 νεαρὸν
2467 5433 2697 5504 ἔχωμεν,
2716 5434 2802 5485 ἵνα,
2823 5431 2920 5501 τῆς
2942 5429 3145 5482 ἀνωθεν
3170 5421 3485 5494 συμμαχίας
3505 5417 3798 5506 ἀπολαύον.

2135 5538 2246 5585 τες,
2277 5503 2368 5573 τοῦ
2416 5503 2648 5590 πονηροῦ
2698 5518 2887 5570 τούτου
2926 5515 3135 5585 θηρίου,
3170 5509 3324 5582 [425]
3362 5507 3455 5559 τοῦ
3513 5503 3796 5590 ἐπιϐούλου

2136 5607 2278 5676 λέγω
2298 5607 2394 5677 τῆς
2416 5588 2686 5677 σωτηρίας
2709 5605 2807 5672 τῆς
2828 5603 3118 5673 ἡμετέρας,
3135 5597 3230 5668 τὴν
3257 5592 3494 5664 κεφαλὴν
3517 5588 3796 5658 συντρῖψαι

2200 5755 2228 5795 ὶι
2249 5757 2398 5805 ςαιὶι.
2431 5763 2483 5806 el
2501 5758 2682 5817 aiiquol
2713 5769 2826 5803 mss.
2849 5747 3422 5817 napaxpﬁuaﬁoimang
3450 5743 3532 5817 καὶ
3553 5743 3792 5817 ἀποπηδᾷ,

2207 5821 2228 5847 (⁷
2252 5819 2563 5880 (Ionjuucliva
2585 5805 2824 5880 'pnrlicula
2843 5831 2870 5865 ρ
2895 5805 3040 5866 (longi.
3057 5805 3119 5862 "et
3140 5812 3251 5860 Sav.
3279 5809 3508 5872 suppleta
3531 5813 3626 5855 est.
3659 5805 3792 5855 lion.
