4150 6276
388 448 492 501 585

1393 427 1458 480 IN
1497 426 1647 480 CAP.
1690 422 1872 477 XVIII.
1916 419 2155 475 GENES.
2198 416 2426 472 "031",.
2471 412 2628 467 XLII.

3518 398 3620 450 336

1538 762 2061 859 HOMILIA
2124 759 2434 850 XLII.

604 1034 733 1090 Cum
772 1030 1122 1085 surrexissent
1156 1033 1333 1082 autem
1358 1025 1479 1088 uiri,
1524 1026 1865 1089 respexerunt
1890 1018 1943 1069 in
1977 1016 2165 1087 {aciem
2199 1014 2545 1072 Sodomorum
2582 1016 2631 1061 et
2669 1006 2970 1063 Gomorrha'
3011 1002 3159 1062 (Cen.
3202 1000 3283 1052 l8.
3326 998 3433 1064 lii).

490 1290 537 1349 I.
572 1280 860 1349 Didicimus
886 1304 949 1345 cx
989 1270 1237 1342 hesterna
1268 1282 1516 1346 lectione,
1547 1276 1831 1342 carissimi,
1872 1274 1985 1327 exi-

414 1388 570 1443 miam
609 1384 734 1454 justi
776 1380 1184 1451 hospitalitatem
1212 1392 1227 1428 :
1254 1387 1352 1443 age
1384 1380 1438 1427 et
1466 1386 1528 1425 ea
1556 1384 1671 1440 qua:
1695 1375 1989 1436 sequuntur

417 1476 724 1540 tractantes,
757 1471 913 1526 hodie
933 1470 1201 1525 discamus
1230 1462 1605 1532 benignitatem
1631 1466 1687 1513 et
1704 1456 1987 1511 commise-

418 1567 675 1621 rationem
691 1558 1026 1632 patriarchae.
1049 1552 1295 1611 Possedit
1320 1552 1463 1608 enim
1490 1549 1685 1605 eximie
1706 1548 1881 1618 justus
1906 1545 1992 1598 ille

420 1656 642 1713 virtutes
686 1666 895 1710 omnes.
941 1649 1125 1719 Neque
1171 1646 1313 1701 enim
1360 1650 1561 1697 tantum
1599 1640 1734 1694 bene
1776 1636 1993 1692 affectus

421 1757 537 1804 erat
561 1747 613 1801 in
642 1744 934 1816 proximos,
965 1753 1137 1809 neque
1163 1731 1439 1805 hospitalis
1472 1741 1672 1787 tantum
1700 1740 1752 1784 et
1786 1727 1995 1782 miscri-

424 1853 569 1906 cors,
614 1836 706 1892 sed
737 1844 792 1890 et
816 1834 948 1888 alias
977 1832 1200 1886 virtutes
1226 1840 1414 1883 omnes
1440 1823 1667 1879 ubertim
1691 1820 1991 1877 exhibebat.

427 1928 559 1984 Nam
599 1928 711 1982 siVe
754 1921 1060 1995 patientiam
1100 1918 1353 1976 exhibere
1392 1928 1524 1984 opus
1553 1912 1643 1980 sit,
1671 1909 1906 1966 invenies
1933 1908 1998 1961 il-

430 2010 536 2075 lum
570 2019 620 2074 iu
641 2030 907 2073 summum
929 2014 1066 2069 illius
1092 2010 1343 2067 verticem
1367 2018 1703 2077 progressum
1732 2021 1745 2057 :
1777 2003 1887 2057 sive
1902 2000 2001 2053 hu-

430 2111 703 2165 utilitatem
728 2106 986 2176 requiras,
1017 2102 1223 2158 videbis
1250 2109 1305 2156 et
1334 2100 1387 2153 in
1416 2100 1515 2152 hac
1543 2095 1674 2150 nulli
1703 2094 2001 2157 cedentem,

431 2200 522 2254 se'il
545 2212 729 2254 omnes
751 2194 1212 2251 transcendentem
1237 2209 1249 2244 :
1280 2192 1393 2245 sive
1423 2189 1553 2243 ﬁdes
1578 2184 1895 2243 declaranda
1914 2185 2003 2248 sit,

434 2301 487 2344 ct
516 2292 567 2344 in
605 2289 705 2343 hoc
752 2302 861 2357 prae
888 2284 1134 2341 omnibus
1176 2283 1292 2337 aliis
1321 2280 1529 2335 laudem
1571 2276 1881 2333 merebitur.
1913 2275 2008 2329 Est

436 2380 576 2435 enim
603 2377 777 2433 anima
806 2376 922 2446 ejus
950 2375 1123 2443 imago
1148 2371 1387 2443 quzedam
1418 2370 1670 2433 animata,
1702 2368 1878 2422 varios
1898 2367 2009 2420 vir-

440 2478 606 2523 tutum
632 2467 838 2523 colores
854 2466 907 2520 in
928 2478 986 2519 se
1013 2472 1309 2519 ostentans.
1339 2460 1469 2529 Quze
1494 2458 1649 2529 igitur
1679 2458 1832 2512 nobis
1858 2466 2007 2527 post—

441 2556 539 2613 hac
566 2558 747 2613 relicta
786 2565 871 2612 est
896 2554 1188 2619 excusatio,
1230 2550 1351 2607 cum
1390 2564 1527 2605 unus
1576 2550 1737 2604 homo
1791 2556 2010 2604 cunctas

439 2648 492 2702 in
521 2661 579 2702 se
608 2648 827 2701 virtutes
856 2643 1144 2715 possideat,
1172 2657 1271 2697 nos
1300 2655 1426 2696 vero
1457 2641 1524 2695 ita
1554 2647 1800 2709 expertes
1827 2653 2008 2693 earum

440 2740 627 2805 simus,
661 2747 719 2793 ut
760 2747 829 2792 ne
875 2751 1033 2793 unam
1063 2734 1275 2806 quidem
1327 2746 1579 2788 exercere
1623 2729 1813 2800 juvet?
1860 2729 2012 2798 Quod

442 2830 582 2883 enim
627 2842 731 2882 non
771 2827 892 2897 quia
943 2840 1048 2881 non
1082 2837 1380 2895 possumus,
1414 2820 1507 2877 sed
1536 2821 1656 2892 quia
1687 2821 1953 2886 nolumus,
1982 2835 2012 2874 a

444 2919 598 2975 benis
644 2916 890 2974 omnibus
923 2915 1091 2971 simus
1118 2914 1294 2980 alieni,
1329 2913 1460 2969 illud
1491 2912 1773 2969 manifeste
1818 2912 2016 2968 indicat

444 3005 586 3081 quod
608 3008 757 3064 multi
782 3006 1018 3077 ejusdem
1042 3015 1246 3061 natura:
1275 3006 1519 3062 homines
1546 3005 1879 3060 inveniantur
1905 3005 2013 3059 vir-

445 3099 643 3156 tutibus
683 3097 977 3168 conSpicui.
1010 3098 1075 3153 Et
1102 3111 1227 3153 vero
1256 3096 1393 3152 istud
1416 3097 1587 3167 ipsum
1620 3096 1759 3166 quod
1789 3096 2016 3165 patriar-

444 3190 566 3257 cha,
612 3182 703 3259 qui
746 3197 870 3243 ante
915 3188 1101 3258 gratia:
1150 3190 1358 3258 tempus
1399 3186 1453 3242 et
1488 3194 1610 3242 ante
1643 3187 1813 3256 legem
1843 3184 1959 3251 fuit,
1989 3200 2019 3239 a

447 3281 623 3351 seipso
646 3288 700 3336 et
721 3295 751 3334 a
779 3277 999 3334 scientia
1029 3293 1147 3349 quae
1190 3286 1394 3333 naturai
1421 3279 1575 3333 insita
1604 3287 1707 3345 est,
1735 3278 1786 3332 in
1814 3285 2017 3332 tantum

448 3372 686 3442 pervenit
707 3370 916 3425 virtutis
953 3368 1241 3440 fastigium,
1280 3360 1474 3425 sufficit
1499 3380 1555 3424 ut
1598 3384 1785 3424 omnes
1813 3378 2021 3425 nostras

447 3464 815 3519 excusationes
846 3457 1058 3518 refutet;
1092 3465 1160 3516 At
1190 3463 1324 3517 forte
1352 3446 1530 3517 dicent
1553 3461 1716 3531 aliqui
1750 3478 1763 3515 :
1800 3461 1890 3515 Vir
1935 3461 2022 3515 ille

448 3553 668 3609 multam
694 3568 724 3607 a
766 3552 875 3608 Deo
900 3553 1122 3624 gratiam
1151 3563 1509 3623 consequutus
1546 3564 1628 3608 est
1660 3592 1674 3616 ,
1707 3563 1761 3608 ct
1786 3553 2020 3606 omnium

452 3648 704 3702 Dominus
726 3644 843 3716 ejus
866 3640 1189 3717 singularem
1217 3646 1397 3701 habuit
1425 3658 1627 3700 curam.
1660 3638 1856 3711 Etiam,
1888 3645 1939 3699 id
1971 3653 2024 3699 ct

450 3754 549 3809 ego
577 3738 743 3795 fateor
788 3756 803 3792 :
854 3755 1037 3794 verum
1084 3739 1184 3795 nisi
1226 3740 1430 3810 primus
1473 3747 1527 3793 et
1557 3740 1669 3808 ipse
1698 3738 1838 3808 quod
1867 3752 2024 3793 suum

451 3840 564 3884 erat
606 3826 835 3895 fecisset,
884 3845 988 3885 non
1016 3839 1158 3885 tanta
1200 3844 1229 3884 a
1274 3830 1498 3885 Domino
1536 3830 1874 3884 obtinuisset.
1924 3829 2027 3883 Ea-

454 3926 669 3989 proptcr
694 3935 801 3975 non
829 3920 928 3975 hoc
953 3921 1125 3976 solum
1156 3920 1381 3989 respice,
1406 3919 1496 3973 sed
1521 3920 1572 3973 in
1600 3934 1917 3988 unoquoque
1948 3919 2027 3971 di~

456 4009 679 4077 ligenter
720 4010 954 4075 attende,
986 4009 1251 4079 quomodo
1297 4010 1525 4078 primum
1558 4009 1609 4062 in
1648 4008 1893 4063 omnibus
1918 4008 2027 4062 vir-

456 4101 584 4155 tu'tis
612 4114 721 4156 sum
741 4102 1163 4171 experimentum
1175 4101 1490 4167 exhibuerit,
1514 4110 1671 4171 atque
1694 4101 1770 4156 sic
1789 4101 2027 4156 divinum

455 4193 708 4247 meruerit
738 4193 1058 4263 praesidium.
1102 4192 1224 4248 Haec
1264 4207 1405 4262 saepe
1433 4193 1580 4248 vobis
1623 4192 2024 4259 declaravimus,

455 4282 602 4336 illum
646 4298 855 4353 nempe,
883 4284 1094 4354 quando
1137 4299 1165 4338 a
1199 4285 1363 4354 patria
1394 4299 1489 4338 sua
1523 4284 1802 4355 migrabat,
1844 4300 1949 4340 non
1996 4300 2025 4338 a

457 4374 878 4443 progenitoribus
916 4388 1098 4430 semen
1144 4374 1265 4429 fidei
1312 4374 1605 4444 accepisse,
1657 4375 1750 4429 sed
1790 4390 1821 4430 a
1849 4376 2027 4445 seipso

455 4463 606 4520 valde
638 4465 939 4535 religiosam
958 4475 1117 4535 atque
1148 4467 1285 4534 piam
1325 4474 1557 4521 mentem
1594 4466 1898 4523 exhibuisse
1928 4484 1942 4533 ;
1975 4476 2029 4523 et

456 4555 725 4611 hominem
755 4555 923 4623 illum,
955 4572 1077 4611 cum
1103 4571 1272 4625 nuper
1295 4571 1325 4610 a
1345 4556 1593 4613 Chaldaeo
1626 4559 1914 4613 translatus
1939 4575 2029 4614 es-

454 4653 553 4707 set,
605 4647 797 4703 iterum
842 4648 1019 4703 subito
1062 4649 1269 4716 jussum
1306 4648 1410 4701 alio
1438 4663 1676 4718 pergere,
1722 4658 1777 4702 et
1800 4649 2029 4704 alienam

455 4745 651 4791 terram
667 4752 775 4792 suae
803 4738 1073 4807 prreferre,
1104 4753 1209 4793 non
1236 4739 1519 4793 lluctuasse
1538 4740 1714 4793 animo
1734 4779 1751 4805 ,
1782 4754 1886 4795 non
1914 4740 2027 4795 dis-

454 4826 660 4889 tulisse.
693 4826 786 4882 sed
832 4828 1009 4882 statim
1037 4828 1290 4898 imperata
1330 4826 1519 4884 fecisse
1543 4869 1558 4895 ,
1591 4828 1747 4898 idque
1789 4844 1909 4885 cum
1940 4846 2034 4886 ne-

454 4917 612 4971 sciret
629 4916 841 4973 ubinam
868 4918 1079 4973 errandi
1101 4918 1305 4974 futurus
1330 4927 1470 4974 esset
1496 4919 1634 4985 finis,
1657 4930 1709 4975 et
1732 4921 2025 4986 festinasse.

454 5018 508 5064 et
536 5022 864 5078 properasse,
910 5018 965 5064 ut
993 5010 1080 5081 qui
1120 5011 1173 5065 in
1204 5010 1267 5064 iis
1291 5026 1407 5081 qua:
1437 5012 1590 5080 plane
1620 5012 1819 5066 incerta
1849 5023 2024 5080 erant,

461 5122 727 5184 tamquam
753 5124 898 5169 certa
937 5122 1137 5181 essent,
1168 5115 1474 5170 mandatum
1504 5115 1595 5169 Dei
1620 5112 1866 5169 omnibus
1888 5126 2023 5183 prte-

453 5203 729 5260 ferendum
753 5203 987 5260 duceret.

530 5396 764 5450 Facient:
788 5394 921 5462 quod
945 5392 999 5445 in
1027 5406 1079 5444 se
1107 5399 1180 5443 est
1220 5388 1352 5441 Deus
1372 5387 1617 5441 auxilium
1644 5404 1744 5443 non
1770 5401 1933 5457 negat.
1963 5416 2031 5428 -ο

466 5488 646 5543 Vidisti
672 5484 940 5556 quomodo
969 5482 1035 5537 ab
1069 5480 1217 5536 initio
1245 5496 1364 5551 quae
1408 5494 1437 5533 a
1465 5481 1750 5549 semetipso
1779 5490 1930 5535 erant
1957 5492 2030 5534 at-

462 5576 661 5642 tulerit,
687 5584 743 5629 et
763 5580 1041 5643 propterea
1063 5569 1239 5624 divina
1267 5568 1504 5639 quotidie
1532 5568 1760 5623 ubertim
1786 5584 2028 5638 suscepe-

465 5667 573 5721 rit?
615 5665 819 5721 Eodem
863 5662 1044 5727 modo,
1080 5661 1281 5728 dilecti,
1310 5661 1470 5717 etiam
1500 5675 1616 5725 nos,
1641 5661 1684 5714 si
1716 5662 2037 5716 voluerimus

467 5771 691 5827 superna
741 5755 843 5811 frui
882 5755 1073 5826 gratia,
1120 5754 1387 5808 imitemur
1436 5754 1811 5823 patriarcham,
1866 5764 1921 5809 ct
1974 5770 2039 5810 ne

470 5858 781 5907 cunctcmur
832 5849 979 5904 obire
1031 5847 1304 5914 virtutem,
1353 5846 1444 5901 scil
1493 5861 1915 5922 unamquamque
1974 5848 2039 5901 ita

2093 1284 2455 1337 exerceamus,
2485 1279 2542 1325 ut
2568 1270 2779 1325 oculum
2805 1272 2972 1335 illum,
3000 1267 3089 1337 qui
3116 1270 3277 1337 sepiri
3304 1272 3493 1336 nescit,
3536 1288 3663 1323 rou-

2092 1362 2332 1417 uilicmus
2357 1360 2509 1415 nobis
2536 1360 2601 1414 ad
2630 1359 2931 1414 mercedem
2954 1358 3305 1413 tribuendam.
3340 1359 3551 1414 Etenim
3582 1362 3669 1427 qui

2094 1452 2192 1505 scit
2220 1464 2413 1505 arcana
2464 1452 2658 1505 mentis
2700 1460 2915 1514 nostrae,
2942 1464 3065 1503 cum
3096 1449 3285 1505 viderit
3311 1464 3495 1505 sanam
3523 1466 3672 1505 mcu-

2096 1551 2201 1595 tem
2248 1550 2507 1607 nostram,
2538 1550 2592 1596 et
2620 1556 2719 1596 nos
2747 1541 2927 1596 conari
2958 1550 3012 1595 et
3051 1542 3177 1596 eniti
3208 1542 3272 1595 ad
3315 1542 3525 1596 virtutis
3549 1557 3670 1597 cer-

2096 1636 2312 1703 tamina,
2340 1636 2518 1691 statim
2542 1644 2669 1690 nutu
2686 1634 2987 1690 etsuhsidio
3013 1646 3109 1690 suo
3134 1649 3232 1689 nos
3256 1635 3490 1705 adjuvat,
3516 1636 3675 1692 simul

2096 1739 2149 1783 et
2189 1729 2399 1784 labores
2428 1737 2638 1784 nostros
2667 1728 3019 1793 imminuens,
3062 1738 3113 1781 et
3140 1727 3403 1784 infirmam
3435 1738 3675 1783 naturam

2099 1831 2335 1876 nostram
2364 1819 2642 1884 roborans,
2680 1819 2975 1887 uberesque
3023 1819 3399 1874 retributiones
3424 1820 3678 1890 suppedi—

2104 1921 2242 1967 tans.
2273 1911 2413 1967 Sane
2444 1911 2497 1966 in
2518 1910 2812 1982 Olympicis
2836 1910 3212 1965 certaminibus
3234 1913 3540 1983 neutiquam
3558 1912 3676 1982 quis

2104 2005 2205 2058 tale
2227 2004 2351 2074 quid
2383 2004 2618 2059 inveniet
2646 2021 2660 2057 :
2692 2003 2786 2058 sed
2811 2012 2915 2057 stat
2943 2003 3255 2073 paadotrilta,
3290 2005 3453 2076 fitque
3474 2017 3680 2077 specta-

2106 2107 2185 2147 tor
2209 2104 2414 2149 tantum
2442 2095 2779 2159 certantium,
2810 2109 2980 2163 neque
3010 2094 3064 2148 in
3110 2096 3214 2149 ulla
3244 2108 3300 2149 re
3326 2101 3497 2165 potest
3526 2098 3679 2162 ad;tt-

2108 2201 2249 2249 vare,
2280 2185 2373 2239 sed
2404 2193 2681 2255 exspectat
2726 2185 2897 2240 donec
2942 2186 3158 2240 victoria
3201 2186 3500 2242 declaretur
3529 2204 3542 2241 :
3574 2188 3681 2241 Do-

2108 2278 2279 2331 minus
2325 2286 2503 2332 autem
2547 2287 2729 2333 noster
2767 2292 2871 2333 non
2918 2279 3010 2345 ita,
3060 2278 3154 2333 sed
3203 2279 3358 2334 simul
3408 2280 3683 2335 nobiscum

2108 2377 2294 2435 certat,
2335 2378 2390 2425 et
2437 2383 2651 2424 manum
2692 2370 2931 2440 porrigit,
2964 2378 3018 2424 et
3054 2369 3211 2425 simul
3240 2372 3601 2442 cengrcditur,
3634 2383 3685 2427 rt

2107 2460 2255 2528 quasi
2280 2458 2515 2528 ttndique
2539 2459 2757 2514 enititur
2781 2468 2840 2514 ut
2872 2459 3234 2516 adversarium
3258 2471 3499 2518 nostrum
3530 2464 3681 2517 nobis

2112 2549 2301 2614 tradat,
2334 2549 2569 2620 nihilque
2610 2564 2716 2605 non
2760 2549 2889 2620 a’git,
2938 2560 3183 2623 satagens
3215 2560 3271 2606 ut
3296 2552 3347 2607 in
3399 2555 3689 2608 certamine

2114 2642 2510 2710 praevaleamus,
2534 2651 2589 2697 et
2613 2642 2907 2707 vincamus,
2933 2657 3041 2712 quo
3064 2644 3223 2713 capiti
3266 2654 3448 2700 nostro
3470 2646 3685 2700 immar-

2113 2734 2413 2793 cescibilem
2440 2733 2677 2802 imponat
2713 2747 2988 2788 coronam.
3020 2734 3270 2789 Coronam
3299 2737 3462 2802 enim,
3499 2738 3688 2806 inquit,

2114 2825 2393 2895 gratiarum
2429 2824 2649 2895 accipies
2692 2825 2744 2878 iu
2780 2825 2946 2895 capite
2972 2834 3058 2878 tuo
3088 2824 3271 2895 (Prov.
3304 2827 3354 2881 i.
3387 2826 3464 2890 9).
3496 2826 3609 2882 Jatn
3641 2830 3692 2882 in

2118 2915 2222 2970 illis
2269 2914 2561 2985 Olympicis
2601 2915 2989 2971 certaminibus
3021 2924 3217 2971 corona
3264 2926 3385 2987 post
3416 2919 3693 2975 victoriam

2119 3007 2246 3060 nihil
2288 3006 2427 3061 aliud
2466 3016 2569 3074 cst,
2601 3008 2760 3077 quam
2791 3008 2914 3062 folia
2943 3008 3101 3074 lauri,
3130 3023 3287 3079 quam
3325 3009 3613 3079 applausns
3642 3022 3696 3065 et

2119 3099 2431 3155 acclamatio
2457 3100 2621 3170 vulgi,
2644 3114 2764 3171 qua:
2792 3100 2970 3155 omnia
3001 3108 3282 3171 appetente
3309 3113 3529 3172 vespera
3558 3119 3697 3159 mar-

2119 3197 2337 3245 cescunt
2360 3198 2412 3245 et
2440 3199 2700 3260 pereunt:
2730 3199 2785 3245 at
2809 3204 3003 3247 corona
3030 3194 3149 3261 quae
3170 3206 3267 3259 pro
3289 3191 3484 3248 virtute
3496 3202 3549 3249 et
3579 3195 3695 3263 ejus

2121 3278 2402 3336 sudoribus
2431 3280 2605 3347 datur,
2644 3280 2775 3335 nihil
2820 3280 2978 3336 habet
3010 3280 3285 3349 sensibile,
3318 3294 3488 3352 neque
3517 3286 3567 3339 in
3601 3284 3699 3347 hoc

2121 3370 2316 3425 saeculo
2346 3371 2621 3425 nobiscum
2649 3371 2981 3436 dissolvitur,
3011 3372 3106 3427 sed
3137 3383 3388 3442 perpetua
3416 3385 3498 3430 est
3526 3386 3581 3430 et
3603 3377 3701 3430 im-

2124 3462 2382 3526 mortalis,
2427 3461 2722 3516 extendens
2760 3476 2817 3516 se
2869 3464 2920 3515 in
2970 3464 3148 3518 omnia
3199 3465 3414 3519 sa-eula.
3462 3466 3525 3520 Et
3556 3467 3702 3522 labor

2125 3554 2335 3623 quidem
2377 3564 2458 3608 est
2496 3555 2643 3622 parvi
2672 3556 2929 3624 temporis
2957 3570 2972 3619 ;
3000 3570 3208 3611 merces
3236 3566 3412 3613 autem
3464 3559 3702 3614 laborum

2126 3642 2284 3699 finem
2327 3658 2431 3697 non
2459 3643 2637 3710 habet,
2678 3660 2851 3714 neque
2879 3645 3020 3700 cedit
3052 3648 3296 3716 tempori,
3345 3664 3515 3717 neque
3558 3665 3702 3703 mar-

2125 3736 2307 3792 cescit.
2339 3736 2407 3791 Et
2449 3746 2504 3792 ut
2531 3737 2770 3803 discatis,
2819 3752 2945 3793 ecce
2987 3748 3117 3806 quot
3153 3740 3279 3792 anni
3313 3742 3700 3807 przetericrunt,

2126 3827 2663 3897 quotgeneratioues,
2686 3841 2717 3880 a
2742 3842 2849 3894 quo
2874 3827 3168 3892 patriarcha
3201 3828 3287 3881 hic
3318 3830 3369 3881 in
3403 3829 3534 3884 vivis
3563 3830 3659 3884 fuit
3690 3850 3701 3883 :

2128 3925 2181 3970 et
2204 3917 2340 3969 sicut
2357 3914 2472 3969 lteti
2497 3923 2551 3969 et
2579 3914 2758 3978 hodie,
2786 3915 2856 3969 ita
2880 3914 3080 3984 fulgent
3116 3917 3230 3986 ejus
3260 3933 3353 3985 pro
3386 3918 3577 3974 virtute
3604 3935 3701 3975 co-

2131 4020 2297 4072 ronae,
2330 4015 2383 4061 et
2412 4019 2579 4075 usque
2604 4004 2671 4059 ad
2709 4007 3221 4062 consummationem
3249 4009 3427 4062 sicculi
3461 4011 3705 4067 omnibus

2130 4100 2217 4169 qni
2264 4107 2407 4154 recte
2458 4099 2694 4168 sapiunt,
2726 4107 3090 4169 argumentum
3122 4108 3203 4155 est
3246 4103 3506 4157 sermonis
3536 4114 3586 4157 et
3612 4104 3705 4157 do—

2131 4190 2334 4245 ett-inm.

2200 4281 2253 4335 2.
2284 4280 2513 4336 Facilius
2538 4282 2793 4337 medemur
2816 4282 2999 4341 anima:
3023 4322 3037 4347 ,
3067 4298 3220 4351 quant
3245 4285 3469 4353 corporis
3496 4286 3701 4341 morbis.

2132 4404 2200 4414 ——
2229 4374 2459 4429 Proinde
2474 4374 2596 4445 quia
2626 4374 2747 4429 talis
2770 4381 2852 4429 est
2880 4375 3048 4430 virtus
3071 4374 3223 4444 justi,
3254 4377 3319 4430 ad
3352 4379 3706 4434 :ctnulandtnn

2134 4465 2283 4519 illum
2331 4465 2783 4535 expergiseamur,
2831 4473 2887 4520 et
2923 4466 3005 4519 vel
3048 4480 3170 4521 sero
3218 4467 3429 4523 tandem
3476 4477 3708 4524 ueste-nt

2136 4564 2490 4627 agnoscentes
2534 4555 2888 4621 nobilitatem,
2930 4555 3280 4624 patriarcham
3343 4558 3629 4624 imitemur,
3661 4575 3711 4611 II.

2133 4650 2201 4704 de
2230 4648 2399 4703 salute
2428 4655 2610 4702 nostra
2650 4648 2966 4715 cogitemus,
2999 4648 3164 4701 multa
3212 4647 3445 4702 adhibita
3488 4651 3710 4718 diligen-

2136 4740 2229 4805 tia,
2261 4747 2319 4794 ut
2346 4752 2451 4792 non
2482 4737 2654 4793 solum
2683 4750 2877 4805 corpus
2906 4750 3094 4791 sanum
3120 4737 3209 4802 sit,
3238 4736 3331 4792 sed
3354 4746 3407 4791 et
3433 4748 3488 4791 ut
3512 4739 3706 4795 divo-.si

2136 4833 2327 4886 anima:
2344 4831 2514 4887 morbi
2541 4837 2810 4886 curentur.
2850 4827 2981 4881 Nam
3003 4826 3048 4881 si
3070 4826 3393 4881 voluerimus
3404 4828 3569 4883 sobrii
3597 4846 3716 4885 esse

2136 4938 2198 4979 ac
2214 4924 2414 4995 vigiles,
2432 4922 2638 4979 facilius
2654 4921 2870 4975 morbos
2890 4919 3077 4973 anima:
3096 4932 3253 4988 quam
3275 4921 3514 4989 corporis
3528 4936 3713 4976 emen-

2135 5014 2399 5069 dabimus.
2450 5013 2583 5067 Nam
2610 5011 2819 5080 quoties
2850 5023 2949 5064 nos
2975 5008 3187 5063 affectio
3214 5010 3475 5079 quwpiam
3508 5022 3717 5080 pertur-

2138 5109 2249 5174 bat,
2280 5107 2325 5162 si
2353 5105 2676 5161 voluerimus
2716 5103 2800 5172 pia
2851 5102 3202 5172 religiosaque
3244 5111 3422 5158 mente
3478 5104 3714 5174 cogitare

2132 5199 2388 5268 judicium
2417 5196 2521 5251 diei
2571 5195 2712 5250 illius
2746 5193 3018 5259 terribilis,
3060 5202 3115 5248 et
3156 5208 3261 5248 non
3298 5194 3365 5248 ad
3392 5203 3711 5264 prresentetn

2138 5291 2463 5360 voluptatem
2497 5296 2761 5358 spectare,
2811 5285 2903 5341 sed
2945 5284 3013 5340 ad
3036 5286 3302 5341 cruciatus
3335 5299 3475 5355 quos
3504 5296 3721 5357 propter

2141 5382 2289 5436 illam
2309 5380 2558 5443 feremus,
2586 5379 2764 5433 statim
2794 5377 2862 5432 ab
2881 5376 3057 5431 anima
3086 5386 3268 5431 nostra
3298 5377 3499 5433 resiliet
3516 5386 3719 5435 etavo-

2140 5472 2287 5527 labit.
2331 5470 2624 5539 EaprOpter
2654 5484 2721 5523 nc
2764 5467 2936 5522 simus
2962 5467 3315 5537 negligentes,
3351 5468 3446 5523 sed
3491 5470 3721 5526 scientes

2140 5576 2365 5631 agonem
2392 5574 2510 5615 esse
2550 5568 2605 5614 ct
2632 5567 2928 5625 certamen,
2958 5567 3016 5611 ut
3057 5557 3109 5610 in
3138 5556 3321 5625 przelio
3350 5556 3593 5614 hostibus
3623 5576 3721 5616 nos

2138 5655 2452 5724 objiciamus
2496 5661 2742 5721 oportet,
2773 5650 3012 5721 quotidie
3053 5659 3361 5718 renovetur,
3395 5664 3457 5706 ac
3482 5652 3717 5723 vigorem

2138 5748 2423 5817 juvenilem
2471 5747 2689 5804 rcciuiat
2720 5746 2930 5800 animus
2973 5752 3173 5809 noster,
3223 5753 3281 5799 ut
3323 5760 3556 5815 superno
3600 5746 3720 5800 frcli

2145 5838 2411 5909 prmsidio,
2444 5838 2592 5893 mala:
2623 5835 2780 5907 hujus
2811 5836 3015 5903 DCSlizl‘,
3042 5834 3367 5891 insidiatoris
3394 5836 3513 5892 dico
3536 5835 3723 5890 salutis
