4150 6276
417 335 518 390 387

421 461 634 516 nostrae,
660 458 816 520 caput
855 449 1031 504 statim
1069 459 1347 506 conterere
1385 449 1675 505 valeamus.
1704 449 1821 521 lpse
1847 449 1988 520 enim

423 543 680 595 Dominus
709 541 860 594 nobis
884 541 1146 611 promisit,
1170 539 1354 594 dicens
1382 555 1397 593 :
1431 539 1559 594 Ecce
1595 541 1708 594 dedi
1735 541 1872 595 vobis
1899 557 1993 609 po-

418 642 638 685 testatem
664 631 894 685 culcandi
916 647 1069 701 super
1096 641 1347 700 serpentes
1367 641 1413 684 et
1440 633 1748 702 scorpiones,
1775 639 1824 685 et
1842 648 1997 700 super

417 739 610 776 onmem
639 723 869 776 virtutem
899 723 1091 776 inimici
1120 723 1269 793 (Luc.
1307 722 1391 777 l0.
1424 723 1536 793 l9).
1569 723 1854 794 Vigilemus
1893 724 1992 794 igi-

415 825 519 878 tur,
551 814 796 875 obsecro,
831 823 887 866 ut
924 815 1143 884 vestigia
1171 815 1324 883 hujus
1367 815 1678 881 pafriarclne
1708 823 1994 883 sequentes

412 906 478 958 ad
527 904 774 958 virtutem
815 907 1168 960 exercendam
1205 947 1220 970 ,
1265 905 1477 958 easdem
1523 919 1750 958 coronas
1800 903 1992 958 mereri

413 997 700 1065 possimus,
726 1007 780 1052 et
806 999 868 1051 ad
896 999 1011 1067 ejus
1048 1000 1195 1051 sinus
1234 996 1529 1065 pervenire,
1563 1005 1615 1049 ct
1641 996 1872 1065 etl‘ngere
1903 1011 1994 1065 ge-

412 1088 606 1142 henna:
640 1103 872 1158 pinnam,
897 1098 952 1142 et
995 1087 1207 1155 assequi
1259 1087 1394 1140 bona
1427 1087 1511 1140 illa
1547 1086 1844 1142 ineffabilia.
1881 1087 1990 1141 Ve-

411 1195 530 1234 rum
558 1190 614 1234 ut
653 1180 879 1249 amplior
924 1178 1012 1231 ﬁat
1055 1187 1230 1230 vestra
1280 1179 1570 1243 annulatio,
1609 1187 1664 1232 et
1711 1180 1877 1249 magis
1923 1178 1990 1233 ad

413 1273 724 1327 imitandum
756 1270 1106 1338 hunejustmn
1131 1284 1222 1321 vos
1252 1284 1606 1337 provocemus
1637 1284 1774 1340 :age
1799 1271 1988 1324 iterum

408 1383 470 1422 ex
498 1366 712 1420 historia
736 1365 876 1418 illius
895 1379 1015 1418 cum
1034 1373 1210 1418 vestra
1239 1363 1461 1417 caritate
1491 1363 1878 1432 colloquentes,
1903 1379 1987 1418 se-

409 1460 621 1529 quentia
658 1455 1046 1526 aggrediamur.
1081 1453 1240 1524 Igitur
1271 1464 1388 1523 post
1419 1456 1614 1524 largam
1639 1454 1780 1508 illam
1808 1453 1992 1524 hospi-

409 1552 687 1615 talitatem,
719 1564 879 1618 quam
907 1547 1177 1611 exercuit,
1210 1561 1314 1601 non
1352 1547 1551 1601 lautitia
1572 1546 1656 1600 vel
1687 1546 1992 1615 multiplici-

407 1651 517 1696 tate
543 1640 863 1696 ferculorum
889 1680 906 1706 ,
936 1638 1030 1694 sed
1057 1635 1331 1693 alacritate
1359 1648 1409 1693 et
1454 1638 1768 1693 liberalitate
1795 1638 1988 1692 mentis

407 1733 743 1797 :estimatam,
775 1730 952 1785 statim
979 1729 1349 1800 hospitalitatis
1381 1727 1678 1783 mercedem
1705 1729 1934 1783 obtinuit
1969 1747 1982 1781 :

405 1834 459 1879 et
486 1824 670 1879 didicit
694 1823 936 1892 quisnam
969 1835 1204 1891 praesens
1247 1821 1336 1874 ille
1363 1830 1535 1882 esset,
1560 1828 1613 1874 ct
1637 1828 1832 1890 quanta
1872 1819 1989 1888 ejus

409 1917 597 1970 virtus.
630 1915 880 1970 Abitnros
910 1913 1052 1968 illinc
1078 1911 1146 1966 ad
1175 1910 1526 1966 subvertenda
1561 1909 1789 1963 Sodoma
1812 1909 1990 1980 sequi-

409 2017 490 2061 tur
515 2007 810 2078 patriarcha
835 2046 850 2071 ,
882 2013 938 2060 ct
980 2003 1196 2058 honoris
1236 2016 1393 2054 causa
1433 2002 1750 2064 comitatur,
1796 2001 1986 2070 inquit.

328 2111 334 2116 '
410 2097 539 2154 Vide
571 2097 778 2152 Domini
797 2095 1130 2151 clementiam
1159 2100 1213 2146 et
1241 2100 1436 2162 quanta
1469 2091 1984 2161 benignitateimlul—

408 2195 688 2262 gentisque
709 2205 854 2254 usus,
886 2187 1200 2255 simuljusto
1226 2185 1480 2238 honorem
1514 2185 1787 2253 impendit,
1809 2185 1986 2239 etvir-

408 2293 571 2339 tutem
601 2281 654 2338 itt
694 2284 867 2335 anima
907 2281 1024 2348 ejus
1064 2280 1312 2332 latentem
1353 2279 1602 2346 detegi-re
1653 2278 1836 2332 voluit.
1895 2278 1981 2332 ili.

407 2377 530 2431 Cum
557 2377 886 2428 surrexissent
905 2382 1087 2435 autem,
1122 2371 1308 2438 inquit,
1339 2371 1456 2434 viri,
1486 2380 1806 2440 respexerunt
1827 2370 1883 2423 in
1905 2373 1988 2441 fa-

408 2470 530 2521 ciem
562 2466 899 2521 Sodomorum
927 2474 972 2518 et
997 2462 1312 2516 Gomorrhae.

477 2561 616 2614 Deus
637 2559 890 2612 Abraham
904 2556 1232 2612 consiliorum
1253 2571 1458 2608 suorum
1472 2553 1762 2623 participat.
1785 2553 1988 2621 Quanto

410 2655 596 2708 honore
611 2653 809 2722 justum
828 2650 1066 2720 dignatur
1087 2645 1243 2702 Deus.
1268 2675 1341 2686 —
1371 2647 1444 2700 De
1463 2645 1665 2715 angelis
1689 2646 1838 2699 dicit.
1853 2643 1985 2698 Nam

412 2748 498 2802 hic
523 2745 736 2817 quidem
764 2745 816 2798 in
847 2741 1188 2797 tabernaculo
1217 2738 1465 2805 Abraltm,
1509 2747 1563 2792 et
1592 2737 1785 2807 angeli,
1809 2745 1866 2790 et
1893 2752 1988 2791 co-

412 2855 526 2892 rum
558 2837 811 2890 Dominus
840 2834 1089 2905 peridem
1120 2841 1329 2900 tempus
1358 2831 1452 2884 visi
1472 2838 1594 2884 sunt
1618 2846 1630 2882 :
1655 2837 1837 2898 postea
1862 2842 1989 2882 vero

412 2930 487 2983 illi
527 2928 741 2999 quidem
773 2935 830 2980 ut
859 2924 1085 2979 ministri
1116 2924 1260 2978 missi
1306 2929 1430 2976 sunt
1477 2921 1542 2974 ad
1585 2920 1986 2974 subversionem

413 3022 617 3076 illarum
669 3019 962 3086 civitatum,
1016 3017 1129 3086 ipse
1171 3025 1348 3070 autem
1402 3012 1654 3068 Dominus
1695 3011 1907 3076 mansit,
1938 3021 1992 3064 et

412 3112 559 3182 quasi
581 3111 781 3165 amicus
810 3109 983 3164 amico
1004 3108 1150 3178 justo
1172 3105 1603 3162 communicabat
1630 3117 1874 3172 qutenam
1914 3101 1994 3155 fa-

418 3217 603 3260 cturus
628 3210 788 3257 esset.
817 3200 970 3257 Unde
1013 3199 1116 3254 illis
1153 3197 1427 3268 proiectis,
1465 3197 1552 3251 l7.
1593 3194 1755 3259 Dixit,
1800 3193 1988 3262 inquit,

417 3295 668 3350 Dominus
696 3309 714 3346 :
762 3291 882 3345 Non
918 3290 1090 3344 celabo
1117 3289 1370 3342 Abraham
1398 3301 1609 3357 puerum
1653 3299 1836 3346 meum,
1882 3295 1994 3351 qua:

412 3406 502 3461 rgo
522 3389 724 3460 faciam.
755 3385 936 3455 Magna
968 3383 1058 3437 Dei
1089 3378 1433 3447 indulgentia,
1464 3389 1518 3431 et
1541 3391 1751 3429 onmem
1791 3376 2024 3428 scrtno—'

415 3498 536 3538 nem
575 3495 833 3551 superans
858 3479 1000 3548 justo
1052 3476 1221 3528 honor
1249 3472 1552 3526 exhibetur.
1602 3468 1735 3521 Vide
1765 3481 1994 3536 namque

415 3589 518 3645 quo
556 3581 711 3644 pacto
745 3572 917 3642 ipsum
959 3569 1260 3636 alloquatur
1303 3563 1452 3630 quasi
1500 3562 1658 3615 homo
1696 3558 1992 3626 hominem,

417 3669 794 3722 demonstrans
823 3661 996 3727 nobis,
1027 3667 1226 3729 quanto
1254 3657 1456 3710 honore
1481 3655 1726 3724 dignetur
1754 3651 1997 3706 homines

418 3760 608 3813 virtute
632 3755 900 3826 prteditos.
924 3753 986 3806 lit
1007 3761 1062 3804 ut
1088 3764 1154 3804 ne
1173 3757 1324 3817 putes
1351 3746 1607 3800 honorem
1632 3742 1996 3812 tantumjusto

416 3863 727 3906 concessum
741 3847 908 3901 solius
930 3842 1124 3897 divina:
1152 3854 1273 3898 esse
1299 3839 1571 3902 bonitatis,
1591 3835 1711 3891 vide
1731 3834 1998 3906 quomodo

417 3945 596 4000 divina
624 3941 895 4010 Scriptura
938 3938 1127 3992 doceat
1173 3949 1294 4001 nos,
1323 3932 1494 4002 ipsum
1522 3931 1621 3984 sibi
1653 3929 1749 3999 ipsi
1781 3929 1999 3983 honoris

425 4038 588 4092 fuisse
618 4043 892 4088 auctorem
911 4071 925 4096 ,
968 4026 1232 4084 mandatis
1258 4038 1448 4095 nempe
1477 4022 1670 4076 divinis
1697 4035 1887 4090 magna
1914 4034 2019 4073 μοι

417 4130 640 4184 dalitate
668 4125 1047 4194 obscquutum.
1075 4120 1362 4188 Postquam
1389 4115 1530 4169 enim
1564 4113 1697 4167 dixit
1725 4129 1737 4164 :
1771 4111 1891 4165 Non
1909 4127 1997 4164 ce-

417 4221 531 4276 labo
557 4218 812 4272 Abraham
837 4229 1047 4284 puerum
1075 4226 1258 4276 meum,
1288 4223 1402 4279 qua:
1427 4223 1517 4278 ego
1541 4206 1748 4276 faciam,
1775 4213 2004 4257 nonsta-

418 4313 510 4368 tim
553 4311 684 4367 dicit
710 4306 836 4378 quid
883 4305 1116 4360 futurum
1159 4301 1226 4356 sit
1262 4317 1276 4354 :
1320 4310 1652 4367 consequens
1679 4294 1822 4350 enim
1863 4304 1999 4358 erat,

421 4414 476 4458 ut
501 4415 724 4472 pergens
747 4399 950 4453 diceret
966 4411 1026 4451 se
1054 4398 1394 4449 incensurmn
1417 4388 1671 4445 Sodoma.
1695 4386 1764 4441 At
1787 4384 2001 4454 dignum

418 4503 520 4560 est,
550 4501 606 4547 ttt
631 4506 806 4562 neque
835 4487 965 4543 illud
1004 4492 1384 4556 prattereamus
1418 4498 1432 4535 :
1466 4493 1639 4550 neque
1663 4478 1806 4534 enim
1834 4475 2002 4548 sylla-

421 4590 566 4652 bam,
617 4597 794 4652 nequc
835 4578 1039 4649 apicem
1085 4577 1136 4631 in
1184 4573 1361 4630 divina
1407 4571 1682 4641 Scriptura
1729 4566 2005 4638 praeterire

421 4683 651 4747 oportet.
695 4673 919 4739 Quanta:
965 4669 1110 4723 enim
1133 4663 1406 4736 dignitatis
1437 4676 1560 4718 esse
1600 4667 1752 4730 putas
1781 4659 1831 4712 id
1861 4656 2003 4728 quod

422 4768 572 4831 dicit,
599 4764 856 4819 Abraham
880 4776 1092 4832 puerum
1121 4773 1285 4811 nteant
1305 4754 1523 4825 ?aptanti
1540 4750 1801 4807 allectus?
1821 4750 2004 4819 quanti

425 4856 666 4914 amoris?
695 4854 806 4908 lloe
828 4852 971 4909 enim
1004 4849 1338 4920 potissimum
1361 4853 1624 4900 nionstrat
1649 4843 1896 4897 eximiam
1923 4841 2005 4895 di-

423 4953 680 5022 gnitatem
706 4958 760 5002 ct
781 4946 1036 5000 honorem
1058 4943 1204 5012 justo
1225 4939 1542 4996 exhibitmn.
1572 4936 1771 4990 Deinde
1792 4934 1842 4988 id
1865 4933 2006 5004 quod

422 5042 689 5106 diceltam,
717 5045 996 5110 postquam
1027 5034 1180 5100 dixit,
1217 5032 1333 5087 Non
1363 5031 1533 5085 celabo
1562 5045 1580 5083 :
1607 5044 1710 5082 non
1735 5027 1914 5082 statim
1931 5025 2010 5079 al-

425 5140 528 5192 l‘ert
551 5143 606 5190 et
629 5131 758 5188 dicit
786 5127 929 5198 quod
953 5136 1067 5182 erat
1096 5125 1326 5180 futurum
1353 5140 1367 5188 ;
1400 5122 1493 5176 sed
1522 5120 1682 5191 quid?
1725 5119 1791 5175 Ut
1828 5117 2003 5173 disca-

425 5243 544 5285 mus
570 5244 675 5284 non
722 5225 922 5293 absque
961 5235 1143 5283 causa,
1175 5231 1346 5286 neque
1382 5225 1585 5271 temere
1611 5214 1774 5269 Deum
1804 5221 2007 5267 tantum

425 5340 550 5394 erga
595 5321 740 5377 illum
779 5317 1054 5372 declarare
1081 5310 1336 5376 studimn,
1378 5309 1546 5378 inquit
1576 5326 1588 5360 :
1621 5309 1707 5362 l8.
1752 5305 2009 5359 Abraham

425 5426 594 5467 autem
618 5413 820 5477 futurus
843 5417 914 5460 est
956 5406 1010 5458 in
1041 5411 1237 5475 gentem
1267 5415 1500 5470 magnam
1538 5407 1584 5452 et
1612 5396 1841 5460 multam,
1875 5405 1922 5450 et
1958 5396 2012 5448 in

426 5509 536 5573 ipso
576 5503 929 5558 benedicentur
954 5515 1127 5552 omnes
1154 5505 1325 5568 gentes
1365 5505 1529 5548 (errat.
1566 5491 1651 5547 l9.
1701 5489 1836 5544 Novi
1880 5491 2012 5544 enim

431 5602 563 5668 quod
589 5597 854 5651 constituet
876 5594 996 5661 [iliis
1022 5603 1066 5645 et
1088 5590 1262 5644 domui
1283 5603 1390 5642 sutr-
1410 5595 1519 5656 post
1548 5601 1621 5650 se,
1650 5595 1695 5638 et
1731 5582 2013 5637 custodiret

427 5692 540 5745 vias
585 5691 787 5746 Domini
828 5689 941 5752 Dei,
983 5695 1036 5740 ut
1083 5686 1273 5755 faciant
1297 5681 1550 5752 justitiam
1593 5687 1640 5730 et
1658 5676 1932 5747 judicium,
1962 5687 2015 5727 ut

429 5791 652 5845 adducat
680 5785 925 5842 Dominus
945 5798 1094 5854 super
1120 5777 1377 5834 Abraham
1405 5774 1575 5827 omnia
1599 5783 1924 5840 quacumque
1940 5768 2014 5823 lo-

1161 332 1202 389 S
1255 333 1531 390 JOANNIS
1566 332 2033 390 ςιιιιγευετωιι
2074 333 2386 392 ΑΠΕΙΙΞΕΡ.
2427 337 2957 396 CONSTANTINOP.

3579 343 3679 399 583

2105 459 2290 517 quatas
2315 461 2387 505 est
2410 453 2478 504 ad
2503 469 2636 506 eum.
2668 453 2843 524 νίψω,
2875 465 3068 525 quanta
3096 455 3436 527 benignitatis
3469 457 3678 513 Donnni

2106 541 2439 610 magnitudo!
2471 542 2728 611 Quoniam
2751 556 2931 614 postea
2959 547 3269 603 inducturus
3286 559 3399 603 erat
3415 551 3681 606 excidium

2103 631 2479 695 Sodomorum,
2527 649 2668 688 nunc
2716 636 2861 703 prius
2903 638 3260 706 patriarcham
3310 639 3376 693 ad
3432 639 3680 696 fiduciam

2103 722 2357 784 concitat,
2387 722 2542 776 simul
2568 724 2821 792 pollicens
2845 727 2892 778 ei
2917 727 3341 782 benedictionem
3367 731 3671 792 maximam,

2103 810 2379 880 ipsumque
2422 813 2472 865 iu
2515 829 2758 882 magnam
2800 816 3188 872 multitudinem
3231 819 3462 872 httnrum
3513 834 3679 888 esse:

2099 900 2299 956 ducens
2345 919 2465 956 eum
2518 907 2657 973 quod
2690 907 3008 962 mercedem
3052 908 3186 962 hanc
3225 909 3322 977 piae
3349 926 3459 964 sua:
3488 911 3681 965 mentis

2097 1005 2416 1062 accepturus
2462 997 2548 1048 sit.
2595 996 2776 1066 Cogita
2821 998 2962 1051 enim
3004 1011 3196 1066 quanta
3251 1001 3318 1054 sit
3367 1001 3678 1069 patriarcha:

2098 1086 2286 1151 virtus,
2328 1087 2539 1154 quando
2571 1089 2705 1142 Deus
2727 1089 2854 1142 dicit
2883 1107 2898 1144 :
2929 1090 3047 1142 Scio
3075 1093 3208 1143 enim
3237 1099 3370 1162 quod
3414 1091 3678 1146 constituet

2097 1177 2216 1244 filiis
2247 1177 2349 1229 suis
2376 1187 2486 1245 post
2524 1195 2596 1243 se,
2628 1189 2672 1231 et
2700 1179 2977 1232 custodieut
2998 1181 3103 1233 vias
3133 1180 3333 1234 Domini
3355 1181 3468 1235 Dei.
3493 1181 3675 1251 Magna

2097 1269 2210 1324 hmc
2231 1282 2310 1324 est
2333 1272 2536 1325 virtutis
2561 1271 2826 1326 accessio:
2853 1288 2954 1325 non
2983 1277 3124 1328 enim
3153 1285 3351 1328 tantum
3378 1274 3678 1329 mercedem

2095 1362 2286 1430 accipit
2311 1363 2430 1430 quia
2455 1363 2568 1432 ipse
2595 1362 2728 1417 bene
2748 1363 2848 1432 egit
2872 1381 2885 1427 ;
2917 1365 3011 1418 sed
3040 1374 3093 1418 et
3120 1368 3238 1432 quia
3270 1367 3519 1435 pra-cepit
3541 1366 3679 1419 natis

2094 1451 2226 1517 SttiS,
2261 1453 2430 1521 largas
2459 1453 2833 1508 retributiones
2875 1455 3084 1524 accipit.
3130 1455 3286 1522 idque
3315 1458 3505 1510 merito
3549 1472 3564 1508 ε
3596 1457 3674 1509 si-

2094 1542 2306 1610 quidem
2354 1544 2466 1612 ipse
2505 1545 2751 1599 omnibus
2791 1544 3041 1615 deinceps
3083 1546 3336 1615 magister
3388 1557 3442 1601 et
3491 1547 3678 1601 doctor

2092 1637 2277 1689 evasit.
2309 1635 2357 1690 is
2381 1639 2521 1691 enim
2547 1638 2633 1706 qui
2660 1637 2974 1706 principium
3010 1639 3210 1707 prabet
3237 1653 3299 1692 ac
3320 1639 3486 1704 initia,
3515 1639 3675 1693 etiam

2094 1743 2277 1781 eorum
2312 1743 2429 1797 qua:
2448 1737 2627 1796 postea
2647 1729 2776 1781 liunt
2795 1712 2978 1782 auctor
3013 1739 3116 1781 est.

2165 1818 2216 1872 5.
2258 1819 2324 1871 Ει
2347 1817 2468 1872 vide
2499 1818 2703 1872 Domini
2734 1817 3043 1873 bonitatem.
3068 1818 3184 1873 Non
3211 1820 3382 1873 solum
3413 1835 3508 1890 pro
3537 1835 3674 1889 pra:-

2095 1910 2246 1963 terita
2280 1910 2496 1976 virtute,
2523 1909 2614 1962 sed
2645 1917 2698 1964 et
2729 1924 2822 1979 pro
2855 1908 3026 1962 l‘utnra
3059 1909 3258 1978 justum
3283 1920 3668 1964 remuneratur.

2094 1998 2214 2052 Scio
2243 2000 2394 2062 enim,
2427 2000 2615 2068 inquit,
2641 2000 2775 2069 quod
2800 2000 3061 2052 constituet
3089 2000 3208 2067 ﬁliis
3232 2000 3358 2052 suis.
3390 1999 3672 2066 Quoniam,

2093 2090 2292 2159 inquit,
2348 2091 2576 2158 przettovi
2601 2090 2725 2157 justi
2758 2100 3011 2153 mentem,
3055 2090 3255 2144 idcirco
3284 2092 3674 2144 remuneratio-

2093 2181 2249 2234 nibus
2277 2181 2563 2249 prmvenio.
2592 2180 2701 2235 Scit
2747 2181 2887 2233 enim
2929 2179 3104 2239 abdita
3146 2181 3323 2234 eordis
3366 2183 3569 2246 no.1ri,
3621 2191 3674 2234 ct

2091 2272 2304 2337 quando
2347 2275 2488 2327 videt
2529 2273 2870 2328 consulentes
2903 2283 2954 2326 ut
2983 2281 3192 2342 Oportet
3234 2288 3295 2326 ac
3339 2287 3519 2326 sanam
3567 2289 3676 2341 prta

2092 2377 2151 2418 se
2181 2363 2411 2417 lcrentes
2437 2374 2690 2427 mentem,
2723 2380 2934 2416 manum
2967 2365 3204 2433 porrigit,
3238 2373 3291 2417 et
3319 2372 3437 2416 ante
3467 2363 3675 2416 labores

2093 2454 2396 2510 mercedem
2428 2454 2632 2520 tribuit,
2683 2455 2970 2509 alacriores
3017 2456 3114 2507 hac
3155 2455 3360 2508 ratione
3392 2454 3670 2509 emt-iens:

2093 2548 2144 2602 id
2184 2547 2322 2616 qttod
2374 2548 2425 2600 in
2467 2548 2626 2614 justis
2668 2547 2912 2601 munibus
2938 2547 3049 2599 ﬁeri
3079 2547 3333 2600 invenies.
3386 2545 3513 2598 Nulli
3553 2561 3673 2598 cum

2093 2639 2226 2692 sciat
2247 2637 2660 2692 imbecillitatem
2687 2637 2929 2691 humanm:
2958 2646 3179 2701 natum,
3199 2645 3256 2690 ut
3285 2651 3391 2689 non
3420 2637 3474 2689 in
3497 2636 3676 2689 arduis

2095 2728 2256 2783 homo
2276 2729 2509 2782 animum
2537 2727 2880 2797 despondeat,
2901 2727 3038 2782 inter
3059 2726 3402 2781 laborandum
3429 2727 3497 2780 ita
3521 2741 3675 2781 suum

2093 2821 2348 2877 auxilium
2384 2829 2438 2874 et
2467 2820 2923 2873 remunerationes
2949 2819 3167 2888 praebet,
3213 2827 3269 2872 ut
3293 2826 3349 2874 et
3373 2817 3520 2872 labor
3547 2817 3674 2870 sub-

2095 2915 2319 2980 levetur,
2371 2923 2424 2966 et
2473 2910 2647 2964 fervor
2689 2917 2911 2964 crescat.
2969 2908 3102 2962 Novi
3127 2909 3280 2973 enim,
3310 2909 3497 2976 inquit,
3541 2910 3676 2976 quod

2094 3009 2356 3063 constituet
2384 3006 2504 3074 ﬁliis
2531 3005 2654 3062 suis.
2683 3013 2727 3056 et
2753 3003 3030 3057 custodient
3053 3002 3160 3055 vias
3193 3001 3397 3055 Domini
3419 3000 3532 3054 Dei.
3561 2999 3676 3054 Non

2095 3100 2265 3153 solum
2293 3099 2360 3153 de
2387 3097 2502 3165 ipso
2525 3093 2782 3165 prmdicit,
2799 3093 3092 3157 Constituet,
3121 3093 3210 3147 sed
3235 3092 3374 3147 etde
3398 3091 3515 3145 liliis
3539 3090 3676 3160 ejus,

2095 3191 2384 3248 Custodient
2411 3191 2519 3244 vias
2554 3187 2753 3241 Domini
2781 3185 2897 3251 Dei,
2942 3187 3084 3240 Isaac
3109 3195 3161 3240 et
3191 3185 3354 3240 Jacoh
3382 3184 3675 3238 insinuans.

2108 3283 2226 3337 Vias
2273 3281 2495 3345 Dattuni,
2543 3280 2643 3333 hoc
2670 3288 2772 3343 est,
2822 3279 3068 3332 mandata
3093 3286 3148 3332 et
3176 3287 3459 3347 praecepta.
3510 3275 3576 3329 Ut
3601 3279 3683 3345 fa-

2097 3377 2253 3438 ciunt,
2296 3373 2482 3440 inquit,
2502 3370 2753 3442 judicium
2785 3379 2833 3422 et
2852 3369 3106 3439 justitiam
3139 3386 3151 3422 :
3185 3367 3314 3422 nihil
3352 3366 3681 3436 pra-ferendo

2095 3467 2330 3536 justitiam,
2381 3474 2434 3520 et
2477 3463 2703 3518 vivendo
2750 3463 2880 3517 citra
2922 3475 3136 3515 omnem
3178 3458 3508 3528 injustit’am.
3557 3455 3682 3510 l|;rc

2098 3562 2246 3616 enim
2283 3560 2518 3614 maxima
2545 3558 2712 3612 virtus
2738 3566 2821 3611 est
2849 3573 2862 3608 :
2893 3565 3172 3624 prepterea
3211 3551 3458 3605 evenient
3505 3549 3682 3602 omnia

2101 3667 2219 3722 qua:
2262 3652 2512 3720 loquutus
2542 3658 2622 3701 est
2647 3648 2694 3703 ei
2727 3646 2998 3701 Dominus.
3030 3643 3231 3712 Opinor
3256 3649 3433 3694 autem
3460 3648 3513 3692 et
3537 3637 3682 3692 aliud

2101 3744 2354 3814 quiddam
2391 3741 2708 3811 signiﬁcare,
2741 3752 2863 3791 cum
2901 3735 3029 3790 dicit
3059 3752 3071 3786 :
3101 3732 3356 3786 Al'rtthant
3397 3740 3564 3783 autem
3595 3733 3680 3799 {u-

2102 3845 2248 3889 turus
2272 3843 2342 3887 est
2374 3834 2425 3886 in
2465 3839 2660 3902 gentem
2699 3843 2939 3898 magnam
2965 3837 3011 3879 et
3043 3825 3254 3878 multum
3284 3839 3302 3876 :
3327 3822 3475 3892 quasi
3504 3820 3681 3875 dicat:

2101 3929 2181 3984 Tu
2212 3927 2425 3997 quidem
2453 3924 2540 3995 qui
2567 3922 2818 3976 virtutem
2849 3915 3187 3986 amplexaris,
3220 3924 3272 3969 et
3302 3915 3436 3968 meis
3473 3914 3683 3967 obtem-

2106 4036 2259 4092 peras
2291 4018 2588 4090 prreceptis,
2611 4012 2966 4070 obedientiam
2987 4024 3070 4079 pte
3095 4023 3202 4078 [me
3231 4017 3283 4060 te
3314 4004 3436 4066 fers,
3474 4004 3526 4058 in
3554 4019 3684 4074 gen-

2108 4125 2214 4169 tem
2253 4125 2499 4181 magnam
2536 4122 2590 4163 et
2615 4107 2837 4162 multam
2861 4103 2968 4157 eris
2997 4121 3010 4157 :
3039 4101 3184 4170 impii
3211 4107 3386 4153 autem
3415 4098 3488 4152 illi
3518 4096 3688 4151 Sodo-

2106 4218 2317 4258 morum
2376 4199 2650 4269 regionem
2698 4193 3052 4249 inhabitantes
3093 4187 3424 4258 diSperibuat
3475 4198 3681 4240 omnes.

2107 4296 2240 4351 Nam
2281 4294 2419 4349 sicut
2461 4293 2627 4345 virtus
2665 4287 2852 4342 salutis
2879 4298 3036 4338 causa
3063 4291 3146 4336 est
3178 4296 3296 4336 eam
3323 4277 3684 4348 operantibus,

2108 4390 2183 4444 ita
2205 4397 2257 4442 et
2284 4385 2481 4441 malitia
2507 4381 2769 4437 interitus.
2801 4379 2967 4433 Porro
2996 4382 3274 4447 postquam
3303 4367 3686 4424 benedictioni-

2110 4484 2209 4538 bus
2236 4491 2288 4535 et
2317 4478 2560 4534 laudibus
2588 4473 2832 4529 ﬁduciam
2853 4468 3110 4540 majorem
3137 4463 3338 4520 addidit
3362 4461 3527 4530 justo,
3554 4459 3686 4513 inci-

2109 4575 2187 4645 pit
2221 4572 2273 4627 id
2319 4569 2459 4642 quod
2503 4568 2743 4623 dicturus
2789 4570 2926 4624 erat,
2954 4570 3008 4614 ct
3032 4559 3104 4612 ait
3130 4575 3144 4611 :
3171 4556 3260 4610 20.
3295 4553 3496 4608 Clamor
3524 4550 3692 4606 ευιιο.

2110 4680 2306 4718 morum
2352 4670 2399 4715 et
2445 4658 2743 4712 Gontcrrhat
2782 4652 3138 4719 multiplicatus
3176 4656 3248 4701 est
3289 4645 3426 4716 apud
3473 4660 3583 4708 me,
3645 4650 3690 4694 et

2111 4763 2312 4828 peccata
2337 4765 2508 4806 eorum
2535 4762 2717 4816 magna
2733 4742 2899 4798 valde.
2919 4741 3008 4795 2|.
3030 4739 3156 4794 Cum
3182 4737 3336 4808 igitur
3365 4732 3686 4793 descendere,

2111 4824 2282 4901 uidebo
2305 4855 2472 4896 utrum
2492 4841 2644 4911 juxta
2670 4837 2940 4890 clamorem
2965 4832 3211 4902 ipsorum,
3244 4828 3330 4898 qui
3359 4825 3426 4878 ad
3447 4841 3522 4878 me
3543 4824 3692 4887 venit,

2115 4937 2405 5010 perﬁciunt,
2447 4947 2536 4986 nec
2579 4946 2660 4993 ne,
2714 4936 2768 4981 ut
2813 4925 2990 4978 sciam.
3036 4919 3313 4974 Terribilia
3359 4917 3540 4971 verba.
3579 4914 3696 4968 Clu-

2113 5005 2246 5096 mor,
2295 5025 2493 5095 inquit,
2544 5020 2882 5075 Sodomorum
2924 5025 2970 5066 et
3011 5011 3325 5066 Gomorrltaz.
3356 5005 3608 5076 Quamvis
3645 5014 3700 5060 et

2113 5120 2230 5174 alia:
2276 5117 2520 5171 civitates
2561 5108 2720 5164 simul
2770 5103 3043 5176 perierint,
3094 5100 3186 5156 sed
3224 5099 3343 5169 quia
3372 5097 3456 5152 lue
3486 5096 3700 5153 fuerunt

2116 5211 2398 5273 clariores,
2448 5207 2591 5275 ipsas
2629 5201 2804 5264 solum
2837 5193 3292 5253 commemoravit.
3330 5189 3700 5260 .llultipticatus

2114 5313 2188 5359 est
2211 5300 2350 5372 apud
2376 5314 2473 5364 me,
2505 5305 2551 5349 ct
2579 5301 2784 5364 peccata
2810 5304 2980 5342 eorum
3006 5300 3189 5354 magna
3219 5282 3381 5336 ralde.
3408 5281 3542 5336 Vide
3565 5295 3698 5372 quo-

2118 5367 2278 5451 modo
2302 5391 2439 5447 mala
2466 5389 2866 5442 eoacerventur.
2894 5377 3010 5433 Non
3035 5377 3207 5431 solum
3241 5388 3428 5442 magna
3457 5377 3540 5425 est
3569 5367 3701 5422 mul-

2119 5485 2291 5544 titudo
2355 5481 2636 5541 clamoris,
2683 5473 2777 5529 sed
2831 5471 2991 5525 etiam
3021 5467 3310 5536 injustiti:e.
3367 5461 3502 5517 Nam
3549 5458 3700 5523 illud,

2121 5578 2323 5634 Clamor
2363 5573 2703 5629 Sodomorum
2749 5575 2793 5618 et
2835 5561 3132 5617 Gomorrhw
3182 5555 3541 5624 multiplicatus
3589 5563 3661 5606 est
3685 5592 3701 5617 ,

2120 5672 2310 5740 opinor
2347 5663 2645 5735 signiﬁcare
2667 5701 2680 5724 ,
2710 5658 2853 5726 ipsos
2881 5667 3002 5707 cum
3041 5646 3376 5705 inenarrabili
3403 5654 3458 5700 et
3497 5645 3706 5698 veniam

2124 5735 2323 5819 nullam
2367 5763 2606 5812 merente
2650 5749 2925 5819 iniquitate
2968 5743 3162 5800 multas
3209 5739 3368 5794 etiam
3423 5735 3705 5806 iniustitiam
