4150 6276
361 351 462 406 589

362 469 554 530 τοίνυν,
581 461 732 534 φησι,
765 463 898 516 πολὺ
949 465 1044 533 τῆς
1073 465 1315 534 κραυγῆς
1343 466 1404 518 τὸ
1431 463 1642 528 πένθος,
1677 465 1810 518 ἀλλὰ
1837 465 1930 518 καὶ
1957 467 2012 519 αἱ

359 549 622 622 ἁμαρτίαι
643 549 821 604 αὐτῶν
847 549 946 618 οὐχ
979 551 1035 602 αί
1063 549 1322 618 τυχοῦσαι
1355 553 1514 613 εἰσιν,
1540 549 1676 603 ἀλλά
1713 551 1808 602 καὶ
1849 552 2016 619 μεγά-

359 639 472 704 λαι,
493 636 586 690 καὶ
605 637 810 704 σφόδρα
845 635 1098 706 μεγάλαι.
1129 635 1290 689 Ξένον
1311 637 1419 708 7&9
1445 637 1643 708 τρόπον
1670 637 2014 706 παρανομίας

363 722 682 792 ἐπενόησαν,
723 721 816 775 καὶ
847 720 1164 788 ἀλλοκότους
1215 723 1308 776 καὶ
1352 723 1622 794 ἀθέσμους
1662 722 1771 775 τῶν
1815 723 2013 791 μίξεων

359 807 553 878 νόμους
599 807 850 879 ἐφεῦρον,
897 809 991 862 καὶ
1035 808 1270 878 τοσαύτη
1314 809 1411 876 τῆς
1443 808 1638 870 κακίας
1670 809 1703 877 ή
1743 807 1904 876 φορά,
1940 807 2015 868 ὡς

359 895 602 958 ἅπαντας
638 895 737 964 τῆς
774 893 953 965 λύμης
983 895 1387 964 ἀναπλησθῆναι
1405 894 1600 961 πάσης,
1623 893 1716 946 καὶ
1745 893 2013 964 μηδεμίαν

359 983 542 1042 λοιπὸν
584 981 868 1054 διόρθωσιν
923 983 1123 1046 αὐτοὺς
1161 979 1526 1050 ἐπιδέχεσθαι,
1562 980 1678 1034 ἀλλ’
1703 979 2011 1050 ,ἀφανισμοῦ

357 1068 564 1134 δεῖσθαι
583 1069 878 1132 παντελοῦς
901 1084 916 1100 °
945 1068 1062 1120 οὐδέ
1091 1068 1199 1136 γὰρ
1228 1067 1466 1136 ἰατρείαν
1493 1066 1676 1120 λοιπὸν
1703 1066 2011 1136 ἐπιδέχεται

358 1156 428 1210 τὰ
451 1156 652 1211 τούτων
675 1157 818 1226 πάθη
843 1153 1036 1209 ἀνίατα
1087 1152 1368 1221 γεγονότα.
1407 1149 1536 1206 Εἶτα
1572 1152 1840 1206 παιδεύων
1870 1152 2010 1206 Ema-

361 1261 460 1294 σαν
487 1242 592 1298 τῶν
623 1241 922 1312 ἀνθρώπων
954 1239 1051 1308 τὴν
1077 1239 1260 1308 φύσιν,
1289 1241 1388 1292 κᾶν
1419 1236 1680 1312 μεγάλαῇ
1711 1239 1918 1310 σφόδρα
1941 1240 2010 1292 τὰ

358 1329 731 1400 ἁμαρτήματα
759 1327 850 1380 καὶ
865 1325 1276 1395 ὡμολογημένα,
1296 1326 1369 1396 μὴ
1385 1328 1645 1397 πρότερον
1674 1326 1772 1390 τὰς
1799 1325 2010 1396 ψήφους

359 1417 628 1485 ἐκφέρειν,
666 1413 793 1482 πρὶν
829 1411 894 1464 ἂν
923 1411 1168 1480 ἐναργεῖς
1213 1411 1510 1476 ἀποδείξεις
1536 1413 1816 1480 γένωνται,
1843 1413 2006 1483 φησί·

357 1500 626 1564 Καταϐὰς
663 1499 901 1568 ὄψομαι,
937 1500 990 1552 εὶ
1017 1501 1165 1564 κατὰ
1195 1499 1308 1566 τὴν
1346 1499 1830 1568 κραυγὶιναὺτῶν
1860 1515 2010 1554 συν-

359 1586 670 1641 τελοῦνται
697 1583 809 1653 τὴν
826 1585 1160 1653 ἐρχομένην
1175 1587 1324 1654 πρός
1334 1601 1411 1656 με
1431 1601 1446 1616 ·
1468 1585 1602 1639 εἰδὲ
1615 1577 1726 1656 μὴ,
1743 1587 1844 1644 ἵνα
1869 1585 2006 1656 γνῶ.

359 1675 424 1726 Τί
467 1671 710 1743 βούλεται
743 1671 842 1741 τῆς
900 1671 1096 1742 λέξεως
1135 1673 1170 1742 ἡ
1228 1671 1664 1742 συγκατάϐασις;
1721 1673 2008 1738 Καταϐἰις,

359 1761 542 1830 φησιν,
575 1759 812 1828 ὄψομαι.
839 1759 1016 1812 Τόπον
1045 1759 1152 1829 7&9
1191 1759 1255 1811 ἐκ
1300 1759 1463 1812 τόπου
1507 1759 1821 1829 μεταϐαίνει
1846 1761 1874 1812 6
1907 1761 2014 1812 τῶν

357 1850 491 1908 ὅλων
523 1847 686 1912 Θεός;
715 1847 868 1918 Οὐχὶ,
904 1846 978 1917 μὴ
998 1847 1226 1915 γένοιτο.
1256 1847 1329 1898 Ού
1357 1845 1513 1902 τοῦτο
1543 1847 1712 1916 λέγει,
1743 1847 1854 1900 ἀλλ’
1878 1849 2014 1920 ὅπερ

359 1936 616 1999 πολλάκις
639 1935 792 2006 έφην,
823 1937 888 2006 τῇ
909 1933 1175 2004 παχύτητι
1205 1936 1304 2004 τῆς
1337 1933 1533 1998 λέξεως
1553 1936 1696 2004 ἡμᾶς
1727 1935 2014 1990 παιδεῦσαι

361 2023 630 2094 βούλεται,
647 2024 727 2075 ὅτι
755 2021 834 2088 δεῖ
850 2020 1014 2091 πολλῇ
1039 2023 1105 2090 τῇ
1134 2020 1387 2091 ἀκριϐείᾳ
1403 2020 1722 2092 κεχρῆσθαι,
1748 2022 1843 2074 καὶ
1876 2025 2012 2094 μήτε

359 2111 464 2164 ἀπὸ
489 2109 658 2180 ἀκοῆς
689 2105 1068 2172 καταδικάζειν
1095 2107 1223 2170 τοὺς
1265 2108 1673 2178 ἡμαρτηκότας,
1724 2109 1858 2180 μήτε
1887 2110 2012 2164 ἄνευ

359 2197 681 2262 ἀποδείξεως
735 2197 834 2260 τὰς
875 2195 1088 2265 ψήφους
1132 2193 1404 2266 ἐκφέρειν.
1482 2194 1792 2264 Ἀκούωμεν
1843 2196 2014 2250 ταῦτα

358 2286 616 2348 ἅπαντες.
657 2285 731 2338 Οὐ
774 2283 882 2352 7&9
917 2282 1074 2351 μόνον
1105 2279 1154 2334 οἱ
1187 2281 1278 2334 τὸν
1320 2281 1629 2336 δικαστικὸν
1682 2282 1869 2352 θρόνον
1918 2286 2015 2336 έπ-

359 2375 593 2442 έχοντες,
623 2369 808 2423 τοῦτον
841 2365 1356 2438 παραφυλάττεσθαι
1405 2367 1675 2436 ὀφείλουσι
1709 2369 1803 2422 τὸν
1832 2370 2011 2438 νόμον,

359 2459 494 2512 άλλὰ
523 2459 614 2526 καὶ
641 2455 796 2528 ἡμῶν
852 2453 1079 2524 ἐκαστος
1109 2453 1374 2524 μηδέποτε
1416 2453 1525 2506 ἀπὸ
1568 2453 1729 2525 ψιλῆς
1765 2454 2017 2526 διαϐολῆς

361 2533 704 2614 κατακρίνειν
733 2542 822 2612 τῂν
851 2541 1094 2611 πλησίον.
1136 2539 1234 2592 Διά
1262 2539 1369 2610 7&9
1391 2541 1546 2612 τοῦτο
1563 2543 1654 2594 καὶ
1685 2543 1820 2612 μετά
1850 2543 2016 2602 ταῦτα

359 2639 386 2686 ὀ
421 2632 684 2704 μακάριος
717 2621 868 2690 οὗτος
896 2627 1136 2698 Μωῦσῆς
1171 2627 1532 2697 ἐνηχούμενος
1568 2627 1672 2686 ὑπὸ
1713 2627 1808 2696 τοῦ
1855 2627 2018 2690 Πνεύτ

365 2735 530 2790 ματος
559 2715 995 2787 παρῄνει,λέγων
1019 2731 1032 2744 ·
1069 2713 1290 2779 ’Λκοὴν
1307 2713 1566 2781 ματαίαν
1580 2713 1664 2782 μὴ
1691 2713 2013 2784 παραδέξῃ.

363 2807 470 2870 καὶ
495 2807 524 2857 ὀ
561 2805 826 2874 μακάριος
873 2801 928 2854 δὲ
983 2799 1191 2862 Παῦλος
1245 2799 1472 2869 γράφων
1518 2799 1682 2852 ἐϐόα·
1727 2801 1811 2854 Σὺ
1849 2800 1918 2854 δὲ
1960 2801 2019 2854 τί

363 2893 582 2960 κρίνεις
607 2889 711 2941 τὸν
736 2887 1005 2955 ἀδελφόν
1034 2900 1192 2948 σου;
1237 2886 1347 2939 Καὶ
1398 2885 1427 2937 6
1461 2885 1695 2955 Χριστὸς
1737 2885 2018 2941 διατασσό-

366 2995 522 3048 μενος
577 2979 688 3039 τοῖς
741 2975 1025 3046 μαθηταῖς,
1059 2972 1155 3025 καὶ
1206 2971 1474 3024 διδάσκων
1515 2971 1618 3025 τῶν
1668 2973 1934 3028 Ἰουδαίων
1959 2973 2019 3028 τὸ

363 3065 583 3134 πλῆθος,
612 3064 735 3126 τοὺς
763 3059 1121 3131 γραμματέας
1149 3057 1326 3112 αὐτῶν
1356 3059 1449 3110 καὶ
1466 3059 1807 3129 Φαρισαίους,
1835 3059 2014 3132 ἐλεγε-

363 3151 458 3217 Μῖι
493 3151 744 3220 κρίνετε,
761 3149 862 3202 ἵνα
878 3145 963 3216 μὴ
994 3141 1253 3214 κριθῆτε.
1271 3143 1338 3197 Τί
1363 3144 1492 3214 7&9,
1519 3147 1672 3216 φησὶ,
1695 3147 1802 3218 πρὸ
1826 3147 2018 3216 καιροῦ

361 3240 628 3310 ἀρπάξεις
647 3237 708 3289 τὺ
733 3233 828 3288 τοῦ
856 3229 1107 3288 δικαστοῦ
1141 3229 1383 3301 ἁξίωμα;
1413 3232 1467 3284 τί
1497 3233 1900 3304 προλαμϐάνεις
1921 3235 2020 3304 τὴν

363 3325 574 3396 ἡμέραν
602 3321 814 3390 ἐκείνην
836 3319 934 3389 τὴν
958 3317 1229 3388 φοϐεράν;
1257 3317 1442 3371 Βούλει
1471 3319 1660 3389 κριτὴς
1687 3314 1858 3386 dvas;
1885 3321 2022 3374 Σαυ-

362 3413 456 3466 τοῦ
490 3411 662 3478 γίνου,
696 3409 790 3486 καὶ
813 3405 921 3464 τῶν
949 3421 1029 3460 σοι
1059 3403 1211 3476 [428]
1243 3403 1811 3476 πεπλημμελημένων.
1837 3407 2020 3472 Οὐδεὶς

363 3501 390 3552 ό
423 3496 663 3552 κωλύων.
689 3491 842 3547 Οὕτω
869 3491 979 3562 γὰρ
1007 3491 1102 3544 καὶ
1127 3489 1196 3544 τά
1223 3491 1586 3562 ἡμαρτημένα
1613 3509 1694 3558 σοι
1727 3492 2017 3566 διορθώσῃ,

365 3586 458 3640 καὶ
475 3581 731 3653 οὐδεμίαν
765 3581 828 3632 ἐκ
851 3578 948 3636 τοῦ
973 3577 1301 3649 πράγματος
1335 3579 1616 3658 ὑποστὴση
1657 3578 1878 3650 (suam,
1896 3581 2021 3634 Ἐὰν

363 3673 418 3726 δὲ
444 3669 513 3724 τὰ
541 3667 682 3722 κατὰ
719 3665 913 3720 σαυτὸν
948 3663 1265 3720 καταλιπὼν
1299 3665 1518 3735 ἐτέρους
1555 3665 1762 3736 καθέζῃ
1797 3665 2018 3734 κρίνων,

368 3756 590 3829 μείζονα
607 3753 788 3822 σαυτῴ
819 3752 888 3807 τά
913 3751 1110 3823 φορτία
1139 3749 1250 3805 τῶν
1298 3751 1712 3823 ἁμαρτημάτων
1749 3753 2023 3823 συλλέγων

365 3846 464 3898 οὐκ
511 3840 762 3912 αἰσθάνῃ.
823 3839 899 3892 Δι’
943 3837 994 3903 6,
1053 3839 1378 3910 παρακαλῶ,
1415 3839 1706 3911 φεύγωμεν
1747 3841 1922 3911 πάντη
1963 3841 2024 3894 τὸ

367 3926 746 3991 καταδικάζειν
805 3927 931 3990 τοὺς
981 3925 1226 3996 πλησίον.
1263 3926 1328 3979 El
1371 3925 1482 3996 7&9
1513 3929 1607 3980 καὶ
1645 3931 1742 3998 τῆς
1775 3927 2024 3994 δξουσίας

365 4019 461 4086 τῆς
489 4014 806 4084 δικαστικῆς
835 4014 896 4067 οὑ
927 4013 1194 4084 μετέχεις,
1221 4013 1438 4083 ἀλλάτῇ
1451 4014 1643 4085 γνώμῃ
1677 4016 2022 4087 κατέκρινας,

368 4105 460 4158 καί
509 4101 806 4155 ὑπεύθυνον
857 4099 934 4170 τῷ
987 4101 1341 4172 ἁμαρτήματι
1395 4101 1718 4170 πεποίηκας,
1771 4103 2024 4174 οὐδεμίαν

366 4185 639 4250 ἀπόδειξιν
693 4185 1004 4255 δεξάμενος,
1049 4185 1186 4238 ἀλλά
1239 4185 1496 4247 πολλάκις
1541 4187 1600 4252 ἐξ
1647 4187 1879 4256 ὑποψίας
1932 4191 2026 4243 καὶ

366 4275 618 4344 διαϐολῆς
637 4272 817 4343 ψιλῆς.
849 4269 949 4324 Διά
999 4269 1106 4342 γὰρ
1162 4269 1320 4324 τοῦτο
1365 4272 1454 4324 καὶ
1486 4273 1515 4324 6
1564 4273 1832 4344 μακάριος
1861 4275 2026 4330 Δαυῒδ

369 4363 498 4415 ἐϐόα
533 4359 723 4428 λέγων·
763 4357 880 4411 Τὸν
927 4355 1382 4410 καταλαλοῦντα
1405 4357 1592 4432 λάθρα
1625 4360 1730 4414 τοῦ
1762 4363 2027 4434 πλησίον

367 4447 571 4512 αὐτοῦ,
599 4445 812 4500 τοῦτον
841 4441 1179 4508 ἑξεδίωκον.

437 4587 497 4640 δ’.
541 4580 693 4648 Εἶδες
723 4583 922 4654 ἀρετῆς
955 4580 1289 4652 ύπερϐολήν;
1311 4583 1385 4638 Οὐ
1417 4583 1576 4652 μόνον
1601 4583 1662 4640 ού
1697 4585 2022 4656 παρεδέχετο

369 4675 530 4737 αὐτὸς
547 4674 616 4728 τά
641 4672 928 4742 λεγόμενα,
951 4669 1090 4723 ἀλλά
1118 4669 1212 4724 καὶ
1245 4669 1524 4740 ἀπήλαυνε
1549 4669 1640 4724 τὸν
1667 4669 1762 4724 τοῦ
1789 4672 2022 4742 ἀδελφοῦ

373 4761 694 4816 καταλαλεῖν
759 4757 1098 4829 βουλόμενον.
1144 4755 1271 4810 Ἐὰν
1315 4758 1494 4809 τοίνυν
1557 4756 1874 4828 βουλώμεθα
1929 4762 2024 4814 καὶ

371 4849 530 4916 ἡμεῖς
554 4842 808 4897 ἐλαττοῦν
842 4843 910 4896 τά
935 4843 1146 4906 ἑαυτοῖς
1187 4843 1548 4912 ἐπταισμένα,
1593 4841 1750 4900 τοῦτο
1787 4845 2022 4914 μάλιστα

371 4934 588 4986 πάντων
619 4929 1032 5002 φυλαττώμεθα,
1065 4932 1204 5002 μήτε
1235 4929 1708 5000 καταψηφίζεσθαι
1731 4931 1840 4984 τῶν
1867 4933 2025 4986 ἁδελ-

371 5041 393 5086 ς
410 5019 486 5080 ῶν
511 5017 620 5070 τῶν
649 5017 950 5090 ἡμετέρων,
980 5021 1116 5087 μήτε
1133 5018 1258 5081 τοὺς
1275 5017 1596 5070 καταλαλεῖν
1615 5018 2024 5088 ἐπιχειροῦντας

371 5103 710 5174 προσίεσθαι,
741 5102 936 5174 μᾶλλον
979 5103 1037 5156 δὲ
1069 5103 1211 5156 κατά
1253 5103 1343 5156 τὸν
1369 5105 1654 5174 προφήτην
1681 5105 2024 5173 ἀπελαύνειν,

371 5191 464 5244 καὶ
497 5189 674 5259 πάντη
729 5188 1186 5263 ἀποστρέφεσθαι.
1225 5189 1394 5242 Τοῦτο
1449 5191 1556 5258 7&9
1618 5185 1770 5261 οἶμαι
1809 5193 1903 5246 καὶ
1940 5195 2027 5249 τὸν

371 5277 655 5347 προφήτην
683 5277 924 5346 Μωῦσῆν
956 5273 1149 5346 δηλοῦν
1185 5275 1272 5328 διά
1311 5275 1405 5327 τοῦ
1451 5275 1648 5344 λέγειν,
1691 5278 2030 5348 ’Λκοὴνμίι-

369 5363 544 5416 ταίαν
558 5363 643 5432 μὴ
683 5363 1012 5431 παραδέξῃ.
1050 5361 1149 5416 Διά
1173 5361 1422 5415 τοιτοῦτο
1450 5363 1544 5414 καὶ
1573 5359 1666 5414 νῦν
1693 5365 1723 5416 6
1751 5365 1859 5418 τῶν
1891 5367 2028 5419 ὅλων

372 5447 648 5519 Δεσπότης
699 5449 932 5522 τοσαύτῃ
987 5447 1256 5520 παχύτητι
1327 5447 1526 5516 λέξεως
1579 5449 1848 5520 ἐχρήσατο
1892 5455 2027 5524 πρὸς

372 5536 636 5604 ὠφέλειαν
667 5535 774 5590 τῶν
829 5537 1109 5609 ἡμετέρων
1141 5535 1346 5606 ψυχῶν,
1414 5536 1506 5589 καί
1559 5553 1688 5606 φησι
1715 5555 1728 5567 ’
1761 5540 2026 5606 Καταϐὰς

375 5622 612 5698 ὄψομίιι.
663 5621 728 5674 Τί
771 5623 911 5694 γὰρ;
949 5623 1062 5676 Οὐκ
1103 5621 1402 5692 ﬂuidum;
1431 5622 1530 5675 οὐκ
1579 5623 1690 5692 ᾔδει
1714 5623 1774 5675 τὸ
1801 5624 2030 5694 μέγεθος

373 5711 482 5787 Ιτῶν
529 5712 962 5784 ἁμαρτημὰτι-)ν;
1007 5714 1102 5768 οῦκ
1147 5715 1402 5782 ἐγίνωσκε
1463 5711 1883 5798 τδιάδιόρθωτον
1925 5715 2026 5768 τῶν

1145 347 1201 403 S.
1242 347 1522 405 JOANNIS
1561 346 2034 405 CIIRYSOSTOMI
2073 347 2390 406 ARCHIEP.
2431 348 2970 408 CONSTANTINOP.

3665 351 3768 410 390

2121 465 2530 534 ἐπταισμένων;
2575 466 2712 518 Ἀλλ’
2768 465 2954 538 ὥσπερ
2993 465 3286 534 ἀπολογίαν
3327 467 3446 520 τινὰ
3503 467 3768 534 συντιθεὶς

2115 553 2230 614 τοῖς
2260 551 2395 620 μετὰ
2431 551 2603 605 ταῦτα
2621 552 2994 622 ἀναισχύντως
3021 553 3269 620 ἐγκαλεῖν
3300 553 3656 624 βουλομένοις,
3675 555 3770 608 καὶ

2115 635 2326 699 δεικνὺς
2340 637 2516 690 αὐτῶν
2535 637 2596 690 τὸ
2623 634 2946 700 ἀκάθεκτον,
2983 639 3077 692 καὶ
3101 639 3198 709 τὴν
3227 640 3424 709 πολλὴν
3455 641 3647 694 σπάνιν
3669 641 3771 710 τῆς

2115 723 2336 792 ἀρετῆς,
2366 725 2602 796 τοσαύτῃ
2631 724 2893 795 κέχρηται
2927 728 2993 796 τῇ
3043 725 3408 796 μακροθυμία.
3439 727 3589 796 Τάχα
3621 727 3678 780 δέ
3707 729 3768 781 οὐ

2115 805 2202 858 διὰ
2230 807 2388 861 τοῦτο
2410 809 2592 878 μόνον,
2621 809 2734 866 ἀλλ’
2775 809 2916 864 ὥστε
2957 811 3049 864 καὶ
3106 811 3184 880 τῷ
3253 811 3447 882 δικαίῳ
3503 813 3766 884 ἀφορμὴν

2116 895 2415 964 παρασχεῖν
2442 895 2611 958 δεῖξαι
2635 895 2733 964 τῆς
2765 895 2987 968 γνώμης
3011 897 3176 951 αὐτοῦ
3203 898 3264 950 τὸ
3286 899 3564 968 συμπαθὲς
3589 901 3684 954 καὶ
3707 901 3772 962 τὸ

2116 978 2483 1052 φιλόστοργον.
2505 981 2566 1033 Οἱ
2603 982 2701 1052 μέν
2725 977 2816 1035 οὖν
2836 982 3074 1052 ἄγγελοι,
3093 982 3342 1052 καθάπερ
3380 983 3549 1054 ἔφθην
3577 985 3767 1056 εἰπὼν,

2115 1065 2352 1133 ἀπῆλθον
2377 1067 2459 1130 είς
2484 1069 2552 1122 τά
2577 1067 2809 1139 Σόδομα·
2831 1069 2860 1120 6
2885 1069 2941 1138 δέ
2970 1070 3312 1141 πατριάρχης
3340 1070 3584 1140 εἱστήκει
3615 1071 3769 1126 ἐναν-

2114 1151 2228 1204 τίον
2253 1153 2478 1223 Κυρίου.
2509 1153 2618 1208 Καὶ
2654 1155 2920 1224 ἐγγίσας,
2975 1159 3161 1226 φησὶν,
3219 1157 3464 1227 Ἀϐραὰμ
3489 1153 3639 1212 εἷπε·
3669 1159 3768 1226 Μὴ

2115 1241 2546 1308 συναπολέσῃς
2581 1241 2814 1296 δίκαιον
2857 1243 3008 1312 μετὰ
3047 1243 3327 1310 ἀσεϐοῦς,
3382 1244 3482 1298 καὶ
3542 1245 3714 1299 ἔσται
3736 1249 3772 1300 ό

2114 1327 2340 1392 δίκαιος
2370 1328 2450 1394 ὡς
2470 1331 2502 1383 ό
2534 1329 2796 1399 ἀσεϐής;
2851 1330 2916 1382 Ὦ
2943 1329 3042 1399 τῆς
3078 1330 3171 1384 τοῦ
3198 1330 3403 1384 δικαίου
3434 1331 3768 1406 παρρησίας,

2119 1413 2318 1483 μᾶλλον
2339 1414 2415 1480 δὲ,
2433 1414 2478 1467 ὢ
2493 1415 2666 1486 ψυχῆς
2689 1416 3019 1486 συμπάθειαο
3042 1415 3189 1479 ὅπως
3209 1419 3274 1488 τῇ
3299 1416 3399 1486 τῆς
3424 1417 3770 1486 συμπαθείας

2121 1501 2259 1572 μέθῃ
2291 1503 2560 1572 καρωθεὶς
2589 1504 2710 1556 οὐδὲ
2737 1502 2765 1554 ὃ
2791 1503 2936 1572 λέγει
2970 1503 3202 1572 συνίησι.
3245 1505 3354 1558 Καὶ
3394 1503 3710 1558 δεικνύουσα
3735 1507 3770 1580 ἡ

2117 1585 2236 1639 θεία
2265 1587 2471 1658 Γραφὴ,
2495 1589 2576 1642 ὅτι
2605 1589 2742 1660 μετὰ
2768 1589 2933 1658 φόϐου
2963 1590 3158 1643 πολλοῦ
3191 1591 3284 1644 καὶ
3307 1591 3510 1661 τρόμου
3539 1593 3638 1663 τὴν
3662 1593 3772 1646 ἱκε-

2117 1672 2235 1724 σίαν
2261 1675 2509 1737 ποιεῖται,
2537 1674 2716 1744 φησίν·
2745 1675 3022 1745 Ἐγγίσας
3053 1675 3298 1746 Ἀϐραὰμ
3320 1671 3469 1730 εἷπε·
3503 1677 3600 1744 Μὴ
3619 1693 3770 1732 συνι

2115 1760 2424 1829 απολέσῃς
2460 1761 2694 1815 δίκαιον
2746 1761 2896 1830 μετὰ
2925 1761 3224 1828 ἀσεϐοῦς;
3280 1762 3346 1814 Τί
3377 1765 3570 1826 ποιεῖς,
3596 1757 3640 1818 ὦ
3665 1781 3771 1834 μα-

2117 1845 2271 1914 κάριε
2334 1847 2674 1918 πατριάρχας
2725 1849 2835 1917 Τῆς
2887 1849 3037 1919 παρὰ
3072 1848 3166 1902 σοῦ
3196 1849 3772 1922 δεῖταιπαρακλήσεως

2115 1933 2143 1983 6
2169 1933 2463 2004 Δεσπότης,
2511 1933 2650 1987 ὥστε
2688 1935 2762 2004 μὴ
2791 1935 2948 1988 τοῦτο
2985 1935 3211 2006 ποιῆσαι
3243 1951 3260 2000 ;
3308 1935 3468 2000 Ἀλλά
3508 1934 3582 2006 μὴ
3614 1935 3772 2004 τοῦτο

2116 2017 2412 2090 νοήσωμεν·
2443 2019 2562 2072 οὐδὲ
2587 2019 2693 2090 7&9
2709 2019 2784 2083 ὡς
2797 2019 2890 2072 τοῦ
2913 2021 3181 2078 Δεσπότου
3198 2020 3355 2084 τοῦτο
3376 2023 3548 2075 ποιεῖν
3563 2021 3772 2091 μέλλον-

2117 2123 2206 2168 τος
2229 2097 2396 2174 λέγει,
2445 2104 2558 2158 ἀλλ’
2585 2105 2770 2175 ἐπειδὴ
2799 2103 2859 2170 ἒξ
2885 2106 3098 2170 εὐθείας
3123 2107 3209 2159 διὰ
3226 2107 3318 2160 τὸν
3346 2106 3662 2178 ἀδελφιδοῦν
3693 2109 3772 2160 εί·-

2117 2195 2237 2244 πεῖν
2258 2191 2355 2246 οὐκ
2387 2191 2626 2262 ἐθάρρει,
2683 2192 2867 2260 κοινὴν
2920 2193 3061 2264 ὑπὲρ
3105 2193 3358 2247 ἁπάντων
3411 2195 3644 2250 ποιεῖται
3671 2193 3772 2264 τὴν

2121 2279 2344 2332 ἱκεσίαν.
2365 2277 2683 2348 βουλόμενος
2703 2279 2841 2348 μετά
2856 2279 2962 2333 τῶν
2981 2280 3155 2334 ἄλλων
3199 2281 3296 2333 καὶ
3335 2279 3523 2334 τοῦτον
3571 2279 3772 2338 διασῶεε

2123 2381 2232 2428 σαι,
2299 2366 2394 2417 καὶ
2449 2365 2586 2434 μετὰ
2635 2363 2822 2418 τούτου
2879 2367 2971 2420 καὶ
3032 2368 3152 2430 τοὺς
3202 2366 3392 2432 ἄλλους
3446 2367 3769 2438 ἐξαρπάσαιο

2121 2451 2214 2504 καὶ
2242 2450 2466 2520 ἄρχεται
2490 2451 2589 2520 τῆς
2635 2451 3049 2522 παρακλήσεως,
3097 2453 3191 2507 καί
3226 2469 3410 2524 φησιν·
3476 2454 3618 2508 Ἐὰν
3657 2449 3772 2509 ὦσι

2119 2539 2493 2606 πεντήκοντα
2526 2538 2740 2594 δίκαιοι
2757 2541 2826 2592 ἐν
2845 2539 2918 2606 τῇ
2944 2540 3136 2604 πόλει,
3155 2540 3480 2606 ἀπολέσεις
3511 2541 3736 2614 αὐτούς
3751 2557 3772 2606 ;

2073 2697 2076 2702 _
2123 2627 2244 2678 Οὐκ
2274 2625 2526 2692 ἀνήσεις
2559 2624 2795 2688 ἅπαντα
2821 2625 2930 2678 τόν
2953 2626 3141 2680 τόπον
3169 2625 3378 2680 ἕνεκεν
3399 2626 3518 2680 τῶν
3553 2627 3772 2694 πεντή-

2119 2727 2301 2764 κοντα
2362 2709 2630 2778 δικαίων,
2687 2710 2795 2774 ἐὰν
2842 2706 2996 2764 ὦσιν
3034 2712 3104 2765 ἐν
3131 2711 3284 2780 αὐτῇ
3305 2713 3668 2783 ;Μηδαμῶς·
3699 2717 3773 2776 οὐ

2120 2798 2396 2865 ποιήσεις
2431 2798 2498 2850 τὸ
2518 2796 2686 2866 ῥῆμα
2716 2797 2891 2854 τοῦτο
2915 2808 2954 2862 ⁸,
2986 2799 3092 2853 τοῦ
3137 2799 3480 2854 ἀποκτεῖναι
3538 2801 3775 2855 δίκαιον

2115 2875 2263 2953 μετᾶ
2296 2882 2570 2950 ἀσεϐοῦς,
2595 2883 2874 2948 καίὲσται
2903 2887 2936 2940 ὁ
2958 2883 3184 2950 δίκαιος
3207 2885 3288 2950 ὡς
3315 2887 3348 2938 ό
3379 2885 3623 2952 ἀσεϐής.
3651 2891 3774 2954 Μη-

2121 2969 2333 3040 δαμῶς.
2367 2967 2518 3042 [ίῖθ]
2549 2970 2602 3023 Ὀ
2636 2971 2855 3038 κρίνων
2879 2967 3086 3026 πᾶσαν
3113 2969 3228 3038 τήν
3261 2969 3377 3042 γῆν
3401 2973 3474 3026 οὐ
3501 2972 3776 3039 ποιήσεις

2121 3061 2356 3128 κρίσιν;
2390 3060 2531 3130 Ὅρα
2561 3058 2678 3121 πῶς
2717 3059 2811 3122 καὶ
2854 3060 2912 3114 ἐν
2959 3061 3025 3130 τῇ
3070 3059 3250 3129 ἱκεσία
3303 3059 3568 3114 δείκνυσιν
3609 3061 3775 3116 αὐτοῦ

2121 3146 2217 3215 τῆς
2245 3145 2467 3218 γνώμης
2489 3145 2550 3198 τὸ
2577 3143 2840 3214 φιλόθεον,
2863 3145 2956 3200 καὶ
2981 3147 3172 3216 κριτὴν
3195 3145 3374 3218 πάσης
3403 3147 3503 3216 τῆς
3523 3147 3626 3218 γῆς
3649 3149 3776 3218 όμο-

2121 3231 2286 3300 λογεῖ,
2321 3233 2414 3285 καὶ
2446 3231 2586 3296 ἀξιοῖ
2615 3231 2690 3302 μὴ
2719 3231 3077 3285 συναπολέσαι
3102 3232 3310 3286 δίκαιον
3343 3235 3480 3304 μετά
3522 3233 3774 3298 ἀσεϐοῦς.

2121 3313 2254 3369 Εἶτα
2281 3317 2310 3370 6
2331 3317 2536 3398 ἥμερος
2573 3315 2668 3370 καὶ
2701 3315 3076 3388 φιλάνθρωπος
3103 3317 3236 3382 Θεὸς
3264 3318 3503 3372 ἐπινεύει
3526 3321 3591 3390 τῇ
3623 3321 3774 3390 αἰτή-

2125 3419 2228 3468 σει,
2261 3403 2351 3457 καί
2381 3421 2536 3474 φησι·
2565 3403 2708 3458 Ποιῶ
2738 3405 2872 3475 ὅπερ
2893 3403 3142 3476 εἴρηκας,
3189 3404 3284 3458 καὶ
3307 3405 3532 3478 δέχομαί
3566 3423 3658 3460 σου
3681 3405 3778 3477 τήν

2125 3489 2486 3560 παράκλησιν.
2525 3489 2667 3550 Ἐὰν
2709 3490 2993 3558 εὐρεθῶσι
3049 3489 3426 3557 πεντήκοντα
3453 3491 3672 3547 δίκαιοι
3708 3493 3779 3546 ἐν

2125 3577 2199 3648 τῇ
2257 3578 2450 3641 πόλει,
2503 3577 2577 3630 δι’
2609 3577 2881 3644 ἐκείνους
2921 3578 3137 3648 ἀφήσω
3177 3577 3374 3633 πάντα
3425 3579 3535 3633 τὸν
3569 3580 3774 3635 τόπον.

2125 3665 2451 3736 Χαρίζομαι,
2478 3681 2550 3734 φη
2557 3663 2628 3728 σὶ,
2645 3667 2756 3729 τοῖς
2775 3665 3106 3736 πεντήκοντα
3119 3666 3368 3732 δικαίοις,
3384 3665 3480 3720 ἐάν
3493 3667 3777 3737 εὑρεθῶσι,

2125 3752 2231 3806 τῶν
2251 3751 2452 3804 λοιπῶν
2477 3753 2576 3823 τὴν
2597 3752 2888 3822 σωτηρίαν,
2927 3752 3020 3806 καὶ
3045 3751 3141 3823 τὴν
3172 3752 3389 3823 αἴτησιν
3423 3752 3522 3824 τὴν
3567 3755 3666 3824 σὴν
3699 3757 3778 3818 εἰς

2125 3837 2284 3910 ἔργον
2331 3837 2544 3908 ἀγάγω.
2611 3837 2751 3902 Ἀλλ’
2797 3838 2994 3908 ἴδωμεν
3017 3837 3108 3890 τδν
3151 3837 3358 3893 δίκαιον
3389 3837 3598 3904 τοῦτον,
3632 3841 3780 3906 ὅπως

2129 3925 2438 3996 παρρησίας
2471 3923 2876 3996 ἐπιλαϐόμενος,
2908 3925 3002 3978 καὶ
3034 3923 3127 3978 τοῦ
3157 3923 3292 3977 Θεοῦ
3343 3925 3443 3994 τὴν
3476 3925 3781 3998 φιλανθρω-

2128 4005 2256 4066 πίαν
2281 4011 2456 4078 εἰδὼς,
2487 4011 2647 4066 πάλιν
2668 4011 2924 4086 δευτέραν
2955 4010 3170 4082 αἴτησιν
3187 4011 3475 4081 προσάγει,
3504 4013 3598 4067 καί
3623 4031 3775 4084 φησι·

2127 4101 2253 4172 Νῦν
2270 4099 2547 4168 ἠρξάμην
2569 4095 2836 4166 λαλῆσαι
2857 4098 3005 4168 πρὸς
3032 4099 3139 4152 τὸν
3169 4099 3391 4166 Κύριόν
3409 4116 3550 4170 μου·
3576 4101 3690 4170 ἐγὼ
3713 4101 3782 4156 δέ

2127 4189 2239 4255 ειμι
2263 4185 2338 4256 γῆ
2362 4187 2460 4240 καὶ
2485 4185 2731 4251 σποδός.
2764 4183 2856 4254 Μή
2882 4183 3128 4256 νομίσῃς.
3185 4185 3340 4256 φησὶ,
3380 4187 3644 4254 Δέσποτα,
3681 4191 3782 4257 ἀγ-

2128 4275 2266 4326 νοεῖν
2305 4290 2373 4343 με
2403 4271 2661 4342 ἐμαυτὸν,
2705 4273 2802 4324 καὶ
2846 4271 3190 4341 ὑπερϐαίνειν
3225 4289 3292 4342 με
3330 4271 3392 4326 τὸ
3428 4273 3648 4346 μέτρον,
3689 4277 3782 4330 καὶ

2127 4359 2360 4431 τοσαύτῃ
2389 4357 2684 4429 κεχρῆσθαι
2727 4359 2792 4428 τῇ
2817 4357 3117 4428 παρρησία.
3152 4352 3282 4412 Οῐδα
3328 4359 3438 4430 γάρ
3459 4360 3542 4414 ὅτι
3568 4362 3637 4430 γῆ
3667 4364 3780 4433 είμι

2129 4445 2223 4510 καὶ
2259 4445 2471 4508 σποδός·
2503 4443 2620 4497 ἀλλ’
2653 4444 2840 4516 ὥσπερ
2867 4443 3024 4496 τοῦτο
3051 4440 3191 4508 οῖδα,
3225 4443 3319 4498 καὶ
3346 4445 3532 4516 σαφῶς
3559 4448 3784 4502 ἐπίστα-

2134 4551 2255 4604 μαι,
2277 4531 2448 4596 οὓτως
2474 4531 2594 4585 οὐδὲ
2621 4533 2798 4586 ἐκεῖνο
2831 4530 3028 4598 ἀγνοῶ,
3058 4533 3139 4585 ὅτι
3166 4531 3300 4585 πολὺ
3331 4531 3390 4586 τὸ
3421 4533 3642 4604 μέγεθος
3681 4537 3782 4606 τῆς

2131 4619 2231 4690 σῆς
2260 4617 2683 4690 φιλανθρωπίας,
2708 4619 2802 4672 καὶ
2833 4619 2914 4671 ὅτι
2947 4617 3199 4682 πλούσιος
3225 4613 3277 4671 εί
3309 4619 3367 4672 ἐν
3398 4619 3693 4690 ἀγαθότητι
3729 4625 3781 4692 δ,

2131 4707 2224 4762 καὶ
2273 4706 2450 4778 βούλει
2495 4707 2701 4769 πάντας
2731 4705 3050 4776 ἀνθρώπους
3079 4703 3338 4774 σωθῆναι.
3379 4705 3438 4758 '0
3460 4707 3568 4779 7&9
3601 4709 3665 4762 ἐκ
3687 4711 3782 4765 τοῦ

2133 4795 2207 4866 μὴ
2235 4795 2384 4858 ὄντος
2400 4794 2752 4865 παραγαγὼν,
2769 4793 2885 4856 πῶς
2908 4792 2972 4846 ἄν
2999 4810 3130 4846 ποτε
3149 4793 3471 4864 γενομένους
3491 4797 3781 4870 ἀπολέσῃς,

2129 4884 2178 4936 εί
2207 4883 2282 4960 μὴ
2307 4881 2474 4952 πολλὴ
2493 4881 2601 4935 τῶν
2639 4878 3050 4950 ἁμαρτημάτων
3077 4874 3145 4949 ἦν
3177 4881 3210 4949 ἡ
3241 4881 3413 4951 φορά;
3441 4883 3518 4934 Δι’
3544 4883 3572 4936 ὃ
3593 4883 3782 4956 δέομαι

2132 4959 2292 5022 πάλιν
2327 4967 2420 5021 καὶ
2447 4965 2603 5034 ἀξιῶ,
2649 4967 2781 5019 Ἐὰν
2800 4965 3090 5030 ἐλάττους
3123 4965 3241 5019 τῶν
3277 4967 3653 5036 πεντήκοντα
3686 4974 3784 5027 εὐ·

2123 5053 2361 5124 ρεθῶσι,
2393 5053 2487 5108 καὶ
2519 5051 2972 5121 τεσσαράκοντα
3029 5053 3208 5106 πέντε
3224 5047 3461 5109 ὧσινέν
3503 5054 3580 5124 τῇ
3609 5059 3784 5111 πόλει

2129 5141 2362 5206 δίκαιοι,
2390 5141 2462 5194 οὐ
2483 5139 2702 5205 σώσεις
2734 5138 2848 5206 τὴν
2871 5141 3052 5194 πόλιν
3074 5156 3093 5204 ;
3117 5139 3224 5194 Καὶ
3247 5137 3436 5196 εἶπεν·
3453 5143 3594 5198 Ἐὰν
3619 5147 3783 5212 εὐρε-

2130 5227 2275 5282 θῶσι
2307 5227 2757 5296 τεσσαράκοντα
2784 5225 2982 5288 πέντε,
3011 5227 3081 5280 οὐ
3116 5225 3202 5296 μὴ
3237 5227 3538 5283 ἀπολέσω.
3587 5229 3682 5293 Τίς
3716 5231 3783 5286 ἀν

2131 5313 2250 5366 κατ’
2274 5313 2429 5376 ἀξίαν
2477 5311 2568 5364 τὸν
2616 5311 2724 5365 τῶν
2777 5312 2914 5365 ὅλων
2957 5311 3088 5364 Θεὸν
3108 5313 3366 5384 ὑμνήσειε
3389 5317 3487 5382 τῆς
3515 5315 3782 5386 τοσαύτης

2135 5399 2510 5470 μακροθυμίας
2535 5399 2628 5452 καὶ⁵
2683 5399 3159 5466 συγκαταϐάσεως,
3185 5401 3218 5472 ἡ
3247 5401 3337 5455 τὸν
3363 5402 3568 5456 δίκαιον
3601 5419 3782 5473 μακα-

2135 5487 2302 5557 ρίσειε
2335 5485 2602 5556 τοσαύτης
2633 5485 3012 5540 ἀπολαύσαντα
3061 5487 3410 5559 παρῤησίας;
3453 5489 3563 5542 Καὶ
3599 5505 3782 5556 προσ-

2197 5602 2218 5668 ξ¹
2249 5599 2299 5668 ιιι
2331 5599 2500 5668 l?i_bl_i_is
2520 5601 2701 5668 Grmcis
2725 5605 2951 5668 μηδαμῶς
2981 5605 3036 5668 ού
3061 5605 3274 5668 ποιήσεις
3295 5607 3358 5660 ὡς
3394 5605 3448 5652 τὸ
3481 5607 3606 5668 ρῇμα
3623 5604 3781 5668 τοῦτο.

2195 5660 2406 5731 δ-ξωη.
2437 5663 2515 5730 ὅτι¹
2547 5660 2766 5722 πηγαὶζεις
2799 5660 2862 5712 ἐν’
2885 5665 3152 5724 ἀγαθὸτητι.
3199 5666 3322 5714 Tres
3351 5660 3568 5714 mssfé'ﬁ
3597 5667 3782 5731 τιτι-[αξη

2144 5725 2206 5772 ἐν.
2239 5723 2388 5772 Morel
2432 5731 2484 5771 ut
2505 5722 2552 5771 iu
2574 5731 2728 5772 lcxlu.
