4150 6276
463 375 565 432 389

461 486 593 538 alias
640 485 951 540 exhibuisse
985 503 997 539 :
1027 493 1081 539 et
1116 486 1465 540 insurrcxisse
1495 483 1819 554 potentiores
1851 491 2039 537 contra

464 574 828 641 invalidiorcs,
878 575 1199 644 ditioresque
1244 584 1427 629 contra
1473 590 1754 645 pauperes.
1818 573 2044 627 Proinde

463 680 567 717 non
599 665 791 731 solum,
836 665 1021 733 inquit,
1069 680 1290 734 magnus
1334 674 1449 718 erat
1494 666 1734 732 planctus
1775 665 2042 730 clamoris,

464 753 557 806 sed
582 765 633 806 et
665 764 877 821 peccata
904 755 1139 822 ipsorum
1168 769 1274 808 non
1304 755 1538 824 vulgaria
1583 753 1751 819 fuere,
1798 753 1891 807 sed
1936 769 2046 805 ma-

460 858 585 911 gna,
635 853 791 912 atque
838 844 1089 912 ingentia.
1140 844 1412 898 InSolitum
1455 845 1599 899 enim
1626 844 1915 913 iniquitatis
1940 858 2047 896 mo-

463 933 589 985 dum
631 933 1095 1001 excogitaverunt,
1124 943 1181 989 et
1223 934 1425 988 alienas
1473 944 1526 989 et
1572 935 1783 988 illicitas
1820 932 2043 987 coeundi

465 1024 608 1091 leges
659 1024 991 1080 invenerunt.
1038 1027 1212 1096 Atque
1252 1036 1394 1081 tanta
1440 1036 1555 1080 erat
1598 1026 1811 1081 malitia:
1856 1026 2047 1095 procli-

460 1117 618 1181 vitas,
670 1126 725 1169 ut
769 1132 955 1171 omnes
1002 1119 1142 1172 omni
1188 1120 1328 1173 malo
1375 1120 1728 1188 replerentur,
1767 1128 1822 1173 et
1847 1118 2044 1172 nullam

462 1215 649 1274 postea
702 1210 1087 1263 correctionem
1135 1210 1511 1275 admitterent,
1574 1210 1822 1280 dignique
1866 1219 2046 1266 essent

462 1297 551 1365 qui
611 1300 819 1366 penitus
859 1300 1200 1353 abolereutur
1243 1318 1256 1355 :
1304 1316 1477 1371 neque
1527 1302 1673 1356 enim
1726 1302 2044 1357 incurabiles

463 1389 670 1443 illorum
698 1391 866 1443 morbi
896 1391 1135 1445 medicos
1159 1391 1418 1447 ferebant.
1446 1393 1635 1447 Postea
1661 1393 1859 1448 docens
1886 1408 2045 1448 omne

463 1482 737 1537 hominum
765 1499 954 1553 genus,
998 1485 1123 1539 licet
1150 1501 1339 1555 magna
1371 1486 1527 1540 valde
1555 1497 1610 1540 et
1638 1487 1908 1555 explorata
1939 1485 2044 1539 sint

463 1585 695 1640 peccata,
724 1590 827 1628 non
849 1584 1003 1628 antea
1034 1584 1208 1630 tamen
1231 1577 1675 1645 pronuntiandam
1701 1578 2041 1643 sententiam,

461 1681 615 1731 quam
662 1667 955 1720 manifesta:
1004 1669 1344 1737 probationes
1385 1668 1582 1734 adsint,
1634 1670 1805 1738 inquit
1855 1687 1867 1721 :
1911 1668 2040 1722 Cum

460 1759 779 1825 descendere,
827 1760 1002 1813 videbo
1056 1770 1223 1813 utrum
1257 1763 1411 1830 juxta
1459 1761 1730 1814 clamorem
1776 1760 2001 1830 ipsorum
2023 1800 2039 1825 ,

459 1850 545 1917 qui
589 1849 656 1902 ad
702 1867 782 1904 me
822 1852 973 1916 venit,
1012 1852 1294 1921 perficiant,
1339 1868 1511 1915 necne,
1563 1861 1616 1903 ut
1644 1852 1818 1905 sciant.

533 1941 651 1995 Non
699 1953 815 1995 sunt
867 1944 1044 1995 auditu
1093 1943 1200 1995 solo
1246 1943 1616 1996 condemnandi
1664 1943 1757 1996 rei.
1798 1971 1872 1982 ——
1907 1942 2042 2008 Quid

459 2032 560 2085 sibi
606 2033 738 2097 vult,
779 2042 833 2087 et
878 2048 975 2087 cur
1019 2048 1323 2087 sermonem
1372 2048 1527 2087 suum
1572 2034 1641 2087 ita
1689 2034 2044 2102 attemperat?

461 2121 587 2175 Cum
613 2123 931 2188 descendere,
967 2125 1155 2192 inquit,
1203 2124 1396 2177 videbo.
1427 2125 1688 2194 Numquid
1728 2125 1795 2179 de
1836 2126 1951 2179 loco
1992 2127 2044 2179 in

461 2211 634 2264 locum
682 2213 873 2267 transit
921 2213 1289 2267 universorum
1336 2213 1632 2268 Dominus?
1701 2214 1872 2268 Absit.
1928 2215 2043 2270 Non

463 2302 563 2357 hoc
603 2303 703 2357 sibi
750 2304 899 2368 vult;
953 2304 1047 2358 sed
1097 2313 1152 2357 ut
1199 2303 1329 2370 dixi,
1360 2304 1608 2359 crassiori
1659 2320 1906 2359 sermone
1947 2320 2044 2359 nos

463 2394 739 2449 instituere
780 2395 959 2463 cupit,
1018 2409 1206 2464 magna
1259 2409 1392 2463 opus
1438 2408 1558 2449 esse
1602 2393 1868 2464 diligentia
1924 2410 1938 2446 :
1988 2403 2043 2450 et

462 2499 567 2537 non
625 2485 806 2539 auditu
860 2486 976 2540 solo
1041 2496 1345 2554 peccatores
1404 2485 1838 2541 condemnandos
1883 2501 2039 2554 esse,

462 2590 632 2643 neque
660 2577 978 2630 sententiam
1008 2576 1296 2642 ferendam,
1342 2576 1444 2632 nisi
1501 2577 1867 2647 comprobatio
1896 2593 2037 2647 prcc-

458 2668 631 2720 cedat.
687 2666 979 2722 Audiamus
1004 2667 1118 2722 haec
1142 2683 1347 2723 omnes.
1378 2667 1493 2723 Non
1522 2668 1665 2723 enim
1693 2669 1868 2725 solum
1893 2670 1926 2724 ii
1952 2670 2042 2739 qui

462 2771 559 2824 pro
587 2756 838 2811 tribunali
877 2758 1083 2826 sedent,
1128 2759 1421 2815 observare
1449 2760 1588 2815 hanc
1622 2760 1795 2831 legem
1822 2761 2036 2829 debent,

462 2851 554 2905 sed
586 2861 641 2905 et
670 2851 847 2906 nullus
886 2868 1137 2923 umquam
1166 2853 1234 2909 ob
1262 2853 1459 2908 nudam
1497 2855 1889 2909 accusationem
1916 2871 2041 2924 pro-

459 2944 661 2997 ximum
694 2945 1032 2999 condemnet.
1082 2945 1285 3000 Idcirco
1320 2947 1464 3001 enim
1487 2954 1541 3001 et
1570 2954 1690 3016 post
1715 2946 1829 3001 haec
1856 2947 2041 3001 beatus

462 3035 634 3089 Moses
669 3034 867 3105 Spiritu
897 3045 1083 3091 sancto
1111 3036 1320 3090 afﬂatus
1343 3037 1623 3101 admonet,
1668 3037 1853 3092 dicens
1881 3053 1896 3090 :
1931 3036 2036 3091 Au-

459 3128 621 3181 ditum
653 3144 839 3183 vanum
878 3145 941 3182 ne
983 3120 1230 3199 accipias'
1251 3127 1271 3200 (
1296 3127 1465 3182 Exod.
1490 3129 1582 3183 23.
1611 3129 1635 3183 1
1662 3126 1706 3197 ).
1749 3128 1816 3183 Et
1858 3128 2042 3185 beatus

462 3218 676 3285 Paulus,
730 3219 991 3285 scribens,
1038 3218 1301 3273 clamabat
1334 3237 1347 3272 :
1377 3217 1454 3272 Tu
1495 3228 1664 3272 autem
1713 3234 1803 3272 cur
1836 3219 2042 3289 judicas

460 3311 666 3379 fratrem
694 3319 835 3362 tuum
883 3308 1058 3379 (Rom.
1088 3309 1174 3363 14.
1204 3308 1335 3378 10)ἳ
1360 3309 1602 3364 Christus
1645 3314 1856 3379 quoque
1901 3326 2038 3379 pra:-

459 3400 661 3468 cipicns
702 3398 974 3468 discipulis
1000 3400 1130 3464 suis,
1162 3408 1216 3453 et
1240 3399 1438 3453 docens
1466 3399 1773 3454 Judznorum
1799 3399 2041 3454 multitu-

459 3491 659 3555 dinem,
703 3491 905 3546 scribas
942 3505 1151 3557 eorum,
1182 3501 1237 3545 et
1266 3490 1584 3556 Pharisnos,
1621 3490 1812 3557 Nolite,
1850 3492 2039 3561 inquit,

449 3580 708 3653 judicare,
749 3593 801 3636 ut
840 3600 942 3637 non
965 3583 1265 3654 judicemini
1310 3582 1521 3655 (Matth.
1556 3584 1607 3637 7.
1644 3584 1715 3653 Ι).
1740 3584 1846 3638 Cur
1872 3585 2037 3651 enim,

460 3674 648 3744 inquit,
696 3684 821 3730 ante
862 3683 1071 3744 tempus
1110 3675 1316 3729 invadis
1360 3675 1554 3743 judicis
1584 3677 1709 3743 jus?
1751 3692 1848 3731 cur
1898 3693 2038 3746 prrs-

463 3767 611 3821 venis
637 3766 777 3821 diem
806 3766 953 3822 illum
983 3766 1309 3822 terribilem?
1344 3768 1431 3821 \is
1452 3767 1613 3834 judex
1645 3768 1811 3823 esse?
1856 3768 2040 3823 iudica

461 3858 822 3927 temetipsum,
866 3866 921 3912 et
950 3866 1037 3912 tua
1065 3858 1277 3912 delicta.
1306 3857 1491 3912 Nullus
1515 3868 1597 3912 est
1623 3858 1711 3927 qui
1736 3866 1898 3913 vetet.
1953 3858 2041 3914 Sic

462 3948 604 4000 enim
644 3956 699 4002 et
739 3958 955 4017 peccata
984 3959 1069 4001 tua
1097 3947 1428 4013 emendabis,
1458 3956 1511 4003 et
1540 3947 1669 4001 nihil
1698 3964 1765 4002 ex
1808 3949 1912 4003 hoc
1961 3952 2042 4003 in-

420 4088 425 4095 .
461 4037 727 4091 commodi
766 4038 963 4106 capies.
992 4036 1144 4105 Quod
1173 4036 1219 4090 si
1247 4037 1445 4091 relictis
1470 4037 1630 4091 rebus
1655 4036 1758 4091 tuis
1791 4038 1946 4093 sedes
1973 4039 2041 4094 ad

460 4126 803 4195 judicandum
837 4126 990 4193 alios,
1040 4126 1270 4196 majores
1299 4134 1350 4181 te
1378 4126 1469 4181 tibi
1498 4126 1597 4196 ipsi
1624 4126 1875 4196 colligere
1914 4141 2042 4197 pec-

463 4227 703 4271 catorum
733 4216 969 4272 sarcinas
994 4231 1099 4271 non
1128 4217 1313 4272 sentis.
1346 4215 1569 4281 Idcirco,
1600 4216 1844 4283 obsecro,
1877 4216 2043 4287 fugia-

464 4323 582 4361 mus
603 4308 819 4362 omnino
842 4322 874 4361 a
897 4306 1314 4362 condemnandis
1340 4306 1481 4362 aliis.
1522 4306 1656 4362 Nam
1691 4308 1789 4364 etsi
1816 4308 2041 4376 judicia-

465 4402 555 4452 riae
586 4400 858 4468 potestatis
895 4414 1000 4454 non
1038 4400 1113 4454 sis
1156 4399 1455 4469 particeps,
1514 4408 1746 4455 attamen
1791 4401 2038 4469 judicasti

464 4498 664 4555 mente,
690 4498 744 4542 et
770 4498 989 4558 peccato
1028 4489 1197 4544 fecisti
1234 4497 1285 4544 te
1310 4489 1621 4557 obnoxium,
1660 4491 1873 4560 quando
1900 4493 2041 4547 nulla

465 4578 914 4632 demonstratione
951 4588 1200 4647 accepta,
1250 4577 1344 4634 sed
1385 4595 1756 4647 saepenumero
1796 4580 1907 4635 sola
1952 4597 2040 4636 su-

464 4672 722 4739 spieione,
743 4680 797 4725 et
814 4672 954 4725 tenui
983 4671 1319 4725 accusatione
1346 4671 1690 4727 condemnas.
1709 4672 2042 4743 Quapropter

469 4763 654 4817 beatus
689 4762 855 4816 David
884 4762 1145 4816 clamabat
1181 4762 1363 4817 dicens
1406 4780 1418 4815 :
1454 4762 1809 4817 Detrahentem
1852 4775 2042 4819 secreto

468 4856 696 4924 proximo
732 4871 844 4917 suo,
887 4855 1019 4908 hunc
1058 4854 1387 4924 persequebar
1424 4854 1595 4924 (Psal.
1642 4855 1764 4911 100.
1800 4855 1876 4925 5).

534 4946 588 4998 4.
628 4943 821 4998 Aliena:
844 4948 995 5015 [antae
1020 4942 1345 5013 parcendum.
1369 4973 1441 4984 —
1459 4943 1643 4999 Vidisti
1668 4944 1878 4999 virtutis
1906 4945 2043 5001 emi,

468 5035 742 5089 nentiam?
773 5034 890 5089 Non
915 5035 1089 5090 solum
1116 5049 1221 5088 non
1244 5034 1532 5104 recipiebat
1559 5051 1677 5105 quae
1703 5035 2039 5103 dicebantur,

469 5125 561 5179 sed
590 5134 643 5179 et
661 5124 909 5195 abigebat
932 5124 1197 5179 volentem
1216 5124 1365 5182 fratri
1392 5140 1490 5180 suo
1513 5125 1847 5182 maledicere.
1882 5126 2044 5197 Igitur

466 5219 510 5271 si
557 5226 612 5273 ct
657 5231 755 5273 nos
799 5225 1013 5287 peccata
1058 5227 1239 5272 nostra
1272 5217 1588 5273 imminuere
1614 5218 1886 5284 volumus,
1941 5218 2044 5274 hoc

471 5308 699 5363 maxime
742 5309 979 5361 omnium
1024 5321 1320 5374 servemus,
1362 5322 1461 5362 nec
1499 5307 1917 5364 condemnemus
1942 5308 2044 5364 fra-

470 5410 579 5454 tres
603 5408 834 5464 nostros,
863 5412 1033 5467 neque
1059 5396 1341 5453 detrahere
1366 5398 1639 5467 cupientes
1666 5398 2043 5459 admittamus:

472 5493 578 5546 imo
605 5491 892 5546 secundum
919 5489 1228 5559 prophetam
1248 5489 1541 5559 abigamus,
1567 5499 1622 5546 et
1650 5492 1867 5546 omnino
1895 5506 2046 5547 avere

471 5598 669 5639 somur.
694 5582 806 5637 IIoc
823 5582 963 5637 enim
994 5580 1181 5650 opinor
1201 5590 1254 5636 et
1282 5580 1593 5651 prophetam
1626 5581 1823 5636 Mosem
1847 5582 2046 5636 insinu-

473 5688 584 5737 are,
622 5688 742 5727 cum
780 5672 938 5727 dicit:
968 5671 1207 5726 Auditum
1250 5688 1432 5725 vanum
1474 5688 1534 5725 ne
1566 5673 1812 5740 acceperis
1851 5669 2047 5740 (Exod.

475 5764 562 5821 23.
614 5762 682 5836 l).
722 5765 787 5820 Et
820 5763 918 5819 hac
952 5762 1017 5819 dc
1052 5776 1211 5818 causa
1255 5762 1412 5817 etiam
1455 5778 1591 5823 nunc
1639 5761 1890 5823 Dominus
1938 5768 2045 5816 tam

1477 370 1538 425 IN
1578 370 1725 425 CAP.
1772 363 1951 422 XVIII.
1993 363 2234 421 GENES.
2267 362 2493 417 IIUMIL.
2539 362 2697 417 XLII.

3615 371 3720 428 ωδ

2150 494 2330 534 crasso
2375 495 2621 536 sermone
2678 496 2805 536 usus
2851 491 2932 537 cst
2990 482 3042 537 in
3088 483 3365 539 utilitatem
3427 484 3721 540 animarum

2149 582 2470 625 nostrarum.
2500 573 2633 627 Dicit
2654 572 2795 627 enim
2829 589 2843 626 :
2872 573 2998 628 Cum
3022 574 3324 629 descendere
3347 579 3733 640 autem,videho.

2146 662 2255 716 Cur
2302 662 2485 716 enim?
2530 662 2663 715 Num
2723 662 3024 718 nesciebat?
3079 664 3426 733 ignorabatne
3482 678 3723 735 peccato-

2148 768 2264 805 rum
2310 753 2771 822 magnitudincm?
2810 769 2878 807 an
2917 754 3185 809 nesciebat
3229 755 3405 825 lapsos
3433 758 3721 812 corrcCtio-

2149 856 2269 895 nem
2301 858 2405 895 non
2433 844 2818 910 suscepturos?
2860 845 3031 901 Absit.
3079 846 3273 901 Verum
3314 849 3463 918 quasi
3510 851 3722 902 satisfa-

2147 934 2376 989 ctionem
2405 935 2685 1003 quamdam
2722 935 2875 989 affert
2922 937 2985 991 iis
3023 940 3357 1008 qui'posthac
3390 941 3727 1010 impudenter

2148 1040 2411 1081 accusare-
2450 1026 2653 1093 volent,
2707 1038 2759 1083 et
2788 1031 3129 1083 monstrando
3153 1046 3335 1086 eorum
3377 1034 3722 1102 pervicaciam

2147 1126 2201 1171 et
2236 1118 2444 1172 virtutis
2477 1120 2788 1189 penuriam,
2839 1128 2983 1174 tanta
3014 1130 3140 1177 usus
3169 1132 3251 1178 est
3275 1127 3544 1194 patientia.
3591 1128 3719 1182 For—

2149 1210 2303 1265 tassis
2328 1219 2505 1266 autem
2535 1227 2640 1266 non
2671 1221 2887 1281 propter
2910 1212 3011 1267 hoc
3035 1215 3229 1279 solum,
3279 1217 3383 1271 sed
3414 1227 3468 1271 et
3496 1226 3553 1273 ut
3581 1219 3727 1288 justo

2144 1303 2302 1356 detur
2327 1304 2536 1357 occasio
2559 1302 2863 1358 declarandi
2903 1314 3133 1359 mentem
3167 1320 3317 1359 suam
3350 1304 3727 1363 misericordia:

2146 1395 2380 1464 plenam,
2428 1406 2478 1449 et
2508 1396 2642 1449 bene
2667 1395 2719 1448 in
2745 1396 2877 1449 alios
2904 1395 3170 1451 affectam.
3213 1398 3404 1469 Angeli
3447 1400 3620 1467 cnim,
3669 1411 3728 1457 ut

2140 1486 2278 1550 dixi,
2327 1485 2569 1540 abierant
2616 1487 2670 1541 in
2714 1486 2944 1541 Sodoma
2996 1487 3567 1559 (v.22):patriarcha
3602 1507 3728 1547 vero

2147 1576 2325 1631 stabat
2371 1591 2552 1631 coram
2597 1577 2823 1632 Domino
2866 1593 2881 1631 :
2926 1579 3016 1634 2'5.
3064 1578 3130 1632 Et
3175 1590 3229 1632 ut
3272 1582 3755 1652 appropinquavit,‘

2149 1666 2335 1735 inquit,
2359 1665 2637 1735 Abraham,
2676 1668 2803 1721 dixit
2830 1683 2850 1721 :
2877 1666 3141 1738 Numquid
3160 1671 3507 1740 perdessimul
3529 1672 3728 1741 justum

2147 1771 2263 1808 cum
2298 1756 2477 1823 impio,
2523 1765 2570 1810 et
2608 1757 2703 1811 erit
2721 1758 2895 1827 justus
2932 1759 3060 1812 sicut
3096 1760 3329 1830 impius?
3363 1761 3409 1817 Ο
3453 1761 3582 1830 justi
3628 1763 3727 1817 viri

2148 1846 2428 1901 fiduciam!
2462 1847 2590 1914 imo,
2634 1863 2666 1901 ο
2707 1858 2902 1918 quanta
2943 1850 3105 1904 animi
3145 1852 3567 1908 commiseratio!
3597 1869 3728 1923 quo-

2145 1936 2307 1992 modo
2348 1939 2826 1993 commiserationis
2854 1939 3111 1995 ebrietate
3137 1952 3384 2011 gravatus
3410 1945 3576 1999 nescit
3599 1946 3725 2014 quid

2146 2028 2307 2081 dicat.
2342 2028 2409 2081 Et
2436 2029 2929 2084 ostendensdivina
2960 2030 3260 2100 Scriptura,
3314 2034 3486 2101 ipsum
3535 2052 3728 2107 magno

2149 2118 2339 2173 timore
2358 2129 2412 2173 et
2441 2131 2671 2175 tremore
2699 2136 2884 2190 preces
2910 2121 3162 2187 fundere,
3192 2124 3266 2178 ait
3293 2141 3307 2177 :
3344 2124 3412 2179 Ut
3449 2131 3729 2199 appropin-

2146 2210 2315 2278 quavit
2353 2211 2627 2275 Abraham,
2670 2213 2798 2266 dixit
2824 2227 2845 2266 :
2871 2210 3138 2283 Numquid
3163 2218 3340 2285 perdes
3365 2217 3520 2271 simul
3529 2219 3728 2288 justum

2146 2316 2259 2352 cum
2284 2301 2476 2371 impio?
2495 2301 2630 2368 Quid
2660 2302 2806 2367 facis,
2839 2319 2872 2357 o
2896 2302 3049 2358 beate
3074 2307 3404 2373 patriarcha?
3430 2310 3565 2377 Quid
3594 2326 3729 2380 opus

2148 2391 2307 2446 habet
2348 2402 2433 2447 tua
2472 2395 2847 2465 deprecatione
2877 2397 3151 2463 Dominus,
3204 2408 3263 2455 ut
3302 2417 3370 2457 ne
3405 2403 3507 2459 hoc
3536 2406 3728 2461 faciat?

2148 2476 2343 2538 Verum
2384 2501 2452 2540 ne
2491 2486 2590 2542 hoc
2632 2488 2929 2557 cogitemus
2963 2504 3110 2545 :non
3150 2492 3293 2546 enim
3320 2496 3471 2563 quasi
3500 2496 3727 2551 Domino

2147 2573 2251 2628 hoc
2278 2572 2480 2629 facturo
2510 2574 2656 2643 dicit,
2700 2577 2792 2632 sed
2822 2579 2946 2647 quia
2975 2579 3256 2637 manifeste
3294 2594 3512 2655 propter
3543 2585 3723 2641 fratris

2147 2663 2312 2718 filium
2339 2662 2518 2719 dicere
2541 2680 2647 2720 non
2676 2667 2941 2734 audebat,
2987 2684 3300 2727 communes
3340 2687 3438 2741 pro
3477 2675 3728 2731 omnibus

2144 2754 2317 2811 hindit
2358 2770 2565 2826 preces,
2605 2760 2789 2813 volens
2826 2776 2947 2815 cum
2995 2762 3114 2817 aliis
3158 2771 3212 2818 et
3262 2763 3404 2819 hunc
3468 2780 3722 2835 servare,

2143 2858 2199 2904 et
2246 2863 2367 2904 cum
2403 2849 2506 2905 hoc
2533 2850 2692 2905 etiam
2722 2853 2855 2906 alios
2885 2853 3133 2922 eripere:
3168 2854 3457 2926 incipitque
3493 2861 3726 2928 patroci-

2144 2940 2284 3005 nari,
2330 2954 2393 2995 ac
2438 2940 2564 2995 dicit
2610 2957 2624 2994 :
2673 2939 2764 2995 2i.
2796 2943 2857 2997 Si
2886 2944 3075 3014 fuerint
3109 2946 3472 3016 quinquaginta
3499 2950 3632 3019 justi
3672 2952 3727 3006 in

2143 3033 2360 3098 civitate,
2403 3048 2524 3085 num
2549 3033 2728 3093 perdes
2767 3049 2848 3087 eos
2864 3034 2890 3087 ?
2914 3033 3036 3087 Non
3056 3052 3232 3105 parces
3274 3040 3364 3091 toti
3388 3039 3498 3093 loco
3523 3052 3727 3112 prapter

2143 3122 2505 3192 quinquaginta
2549 3127 2734 3189 iustos,
2762 3124 2807 3177 si
2845 3125 3032 3179 inventi
3070 3127 3261 3197 fuerint
3293 3129 3346 3182 in
3374 3132 3476 3184 ea?
3497 3131 3586 3187 25.
3614 3132 3726 3188 Nec

2142 3229 2396 3282 quaquam
2438 3214 2599 3286 facies
2635 3214 2854 3271 imm
2892 3216 3006 3282 hoc,
3051 3227 3104 3270 ut
3148 3219 3351 3275 occidas
3378 3222 3579 3291 justum
3615 3241 3727 3279 cunt

2142 3303 2326 3375 impio,
2373 3312 2420 3358 et
2446 3306 2511 3359 sit
2521 3307 2699 3378 justus
2720 3309 2847 3362 sicut
2874 3307 3079 3377 impius.
3117 3306 3475 3380 Nequaquam.
3508 3313 3610 3380 Qui
3637 3316 3731 3386 ju-

2144 3394 2283 3448 dicas
2317 3409 2516 3449 omnem
2540 3405 2745 3457 terram,
2781 3413 2880 3451 non
2907 3398 3063 3468 [acies
3095 3399 3349 3467 judicium
3372 3400 3411 3454 ?'
3435 3401 3728 3474 Vide-quo-

2145 3484 2304 3540 modo
2348 3493 2404 3540 et
2439 3484 2491 3540 in
2543 3485 2643 3541 hac
2686 3490 2928 3543 oratione
2959 3501 3117 3545 suam
3149 3490 3451 3561 religiosam
3487 3502 3543 3549 et
3584 3495 3726 3565 piam

2144 3585 2379 3633 mentem
2424 3577 2699 3643 declarat,
2755 3589 2809 3635 et
2849 3579 3092 3649 judicent
3122 3584 3299 3638 omnis
3348 3592 3506 3641 terra:
3555 3587 3727 3642 contio

2146 3676 2306 3735 tetur,
2378 3678 2732 3740 precaturque
2779 3685 2846 3725 ne
2893 3680 3077 3740 pereat
3115 3672 3291 3741 justus
3334 3688 3457 3730 cum
3503 3676 3727 3745 injusto.

2145 3760 2332 3816 Postea
2364 3762 2507 3817 mitis
2533 3770 2589 3817 et
2624 3762 2887 3832 benignus
2933 3764 3187 3819 Dominus
3234 3767 3421 3821 annuit
3464 3767 3728 3837 petitioni,

2145 3859 2201 3905 et
2248 3850 2378 3906 dicit
2418 3869 2431 3904 :
2482 3850 2644 3906 Facio
2687 3851 2739 3905 id
2778 3852 2911 3921 quid
2929 3852 3126 3915 dixisti,
3156 3863 3211 3909 et
3237 3856 3440 3925 accipio
3462 3866 3605 3912 tuam
3633 3873 3730 3929 pe-

2149 3940 2409 3995 titionem.
2453 3939 2544 3996 26.
2596 3940 2659 3997 Si
2719 3942 3033 3996 invenientur
3086 3944 3451 4017 quinquaginta
3498 3948 3632 4018 justi
3672 3950 3729 4005 in

2147 4032 2362 4097 civitate,
2409 4042 2615 4103 propter
2641 4033 2759 4088 illos
2812 4050 3017 4105 parcam
3059 4037 3150 4090 toti
3188 4037 3337 4095 loco.
3384 4039 3530 4095 Dabo
3578 4041 3685 4098 hoc
3702 4080 3725 4109 ,

2147 4124 2335 4194 inquit,
2378 4125 2754 4196 quinquaginta
2773 4127 2955 4197 justis,
2985 4127 3030 4182 si
3060 4128 3262 4185 inventi
3283 4129 3504 4199 fuerint,
3527 4142 3582 4189 et
3605 4135 3727 4193 aliis

2146 4217 2367 4271 salutem
2420 4218 2715 4286 impertiam
2742 4259 2757 4283 ,
2815 4228 2870 4274 et
2911 4220 3220 4290 petitionem
3271 4230 3430 4278 tuam.
3470 4223 3725 4296 implebo.

2150 4306 2343 4362 Verum
2397 4308 2671 4363 videamus
2704 4309 2903 4379 justum
2956 4310 3100 4365 illum
3125 4351 3141 4378 ,
3200 4315 3469 4381 quomodo
3512 4328 3726 4389 arrepta

2148 4398 2362 4464 fiducia,
2397 4408 2450 4453 et
2472 4400 2648 4468 agnita
2674 4399 2956 4455 clementia
2997 4399 3129 4469 Dei,
3178 4402 3367 4458 iterum
3401 4404 3559 4460 aliam
3589 4409 3727 4475 peti.

2148 4490 2349 4544 tionem
2395 4489 2568 4554 ati‘ert,
2613 4498 2667 4544 et
2709 4490 2880 4559 inquit
2927 4506 2942 4544 :
2985 4491 3075 4546 27.
3123 4490 3280 4547 Nunc
3320 4496 3449 4565 ccepi
3486 4496 3625 4567 loqui
3659 4498 3735 4553 ad.

2150 4579 2424 4632 Dominum
2472 4595 2658 4641 meum,
2692 4595 2786 4649 ego
2831 4588 2999 4635 autem
3045 4598 3157 4635 sum
3203 4593 3337 4639 terra
3378 4594 3426 4638 et
3451 4587 3600 4642 cinis.
3649 4588 3730 4643 No

2149 4678 2320 4739 putes,
2370 4670 2558 4738 inquit,
2614 4668 2865 4733 Domine,
2917 4685 3003 4724 me
3050 4671 3294 4740 ignorare
3336 4674 3620 4742 meipsum,
3676 4688 3732 4734 et

2151 4759 2446 4831 transgredi
2496 4774 2840 4823 mensuram,
2896 4766 2952 4814 et
3004 4768 3146 4813 tanta
3191 4761 3264 4814 uti
3320 4761 3530 4820 fiducia.
3602 4765 3729 4822 Scio

2150 4855 2313 4917 enim,
2364 4866 2451 4906 me
2500 4859 2695 4905 terram
2736 4864 2855 4905 esse
2907 4858 2963 4904 et
3005 4849 3237 4905 cinerem
3271 4853 3401 4907 :sed
3447 4854 3585 4909 sicut
3628 4855 3732 4913 hoc

2150 4942 2280 5006 scio,
2309 4950 2364 4996 et
2388 4939 2667 4995 manifeste
2694 4940 2825 5003 scio,
2855 4939 2925 4993 ita
2956 4954 3130 5009 neque
3166 4941 3290 4996 illud
3320 4943 3524 5013 ignoro,
3549 4948 3734 5017 copio-

2150 5047 2265 5091 sam
2306 5046 2425 5087 esse
2468 5042 2572 5084 tua:
2601 5029 2897 5085 clementia;
2922 5030 3359 5101 magnitudinem,
3401 5042 3456 5088 et
3494 5043 3549 5091 te
3594 5038 3736 5092 divi-

2154 5130 2259 5177 tem
2309 5135 2428 5175 csse
2482 5119 2746 5185 bonitate,
2802 5120 3042 5189 velleque
3070 5134 3257 5176 omnes
3288 5123 3528 5180 homines
3552 5126 3738 5183 salvos

2154 5214 2288 5268 ﬁeri.
2338 5211 2469 5265 Nam
2514 5226 2647 5281 quos
2684 5226 2748 5266 ex
2798 5212 2964 5266 nihilo
2990 5212 3302 5282 produxisti,
3340 5215 3609 5283 quomodo
3660 5216 3737 5270 fa-

2154 5314 2268 5359 ctos
2301 5303 2575 5374 perderes,
2614 5302 2713 5359 nisi
2752 5317 2942 5372 magna
2990 5312 3135 5358 esset
3175 5315 3513 5373 peccatorum
3540 5308 3734 5377 copia?

2154 5396 2353 5451 Idcirco
2390 5396 2581 5449 iterum
2612 5409 2707 5448 oro
2732 5404 2784 5449 et
2811 5409 3020 5464 precor,
3052 5395 3143 5450 28.
3183 5396 3246 5450 Si
3279 5398 3541 5466 pauciores
3579 5402 3732 5469 quin-

2154 5487 2393 5558 quaginta
2445 5485 2632 5539 inventi
2676 5486 2883 5556 fuerint,
2914 5495 2960 5540 et
2997 5486 3333 5555 quadraginta
3374 5489 3593 5558 quinque
3645 5494 3728 5561 fu-

2156 5578 2285 5632 rrint
2331 5578 2383 5632 in
2431 5577 2629 5631 civitate
2664 5578 2813 5646 justi,
2862 5594 2962 5631 non
2992 5576 3208 5631 salvabis
3236 5577 3528 5633 civitatem?
3552 5580 3620 5634 Et
3649 5583 3703 5635 di
3716 5604 3742 5617 -·

2154 5667 2229 5720 xit
2278 5683 2296 5719 :
2337 5666 2397 5721 Si
2433 5666 2619 5721 inventi
2641 5671 2827 5738 fuerint
2856 5666 3195 5736 quadraginta
3230 5668 3466 5739 quinque,
3491 5686 3589 5723 non
3614 5689 3732 5740 per-

2161 5761 2297 5814 dam.
2340 5760 2468 5830 Quis
2506 5776 2603 5834 pro
2637 5760 2888 5832 dignitate
2914 5758 3193 5814 Dominum
3222 5761 3457 5816 omnium
3490 5760 3732 5827 laudarit.
