4150 6276
436 267 533 323 591
1148 263 1203 320 S.
1246 264 1524 323 JOANNIS
1561 262 2037 324 CllRYSOSTOMl
2075 264 2392 327 ARCIIIEP.
2432 271 2965 333 CONSTANTINOP.
3611 284 3713 344 592

437 387 507 441 ob
552 394 748 438 tantam
799 383 1103 453 patientiam
1147 392 1306 453 atque
1354 383 1735 454 indulgentiam
1767 403 1781 439 :
1809 383 1891 441 vel
1937 381 2022 451 ju-

435 488 575 530 stum
604 475 815 529 beatum
844 471 1167 544 prazdicarit,
1192 481 1335 529 tanta
1367 476 1649 547 praeditum
1680 474 1905 532 ﬁducia?
1929 474 2021 529 29.

438 566 506 622 Et
549 566 763 637 adjecit,
814 566 1005 637 inquit,
1051 567 1189 621 ultra
1219 567 1373 639 loqui,
1421 579 1470 624 et
1510 570 1637 625 dixit
1670 586 1689 625 :
1735 570 1798 625 Si
1837 569 2024 623 inuenti

433 661 619 728 fuerint
643 659 712 713 ibi
738 658 1124 731 quadraginta?
1169 658 1237 714 Et
1266 660 1393 715 dixit
1438 675 1457 715 :
1495 659 1617 714 Non
1645 659 1854 731 perdam
1898 675 2020 728 pro-

433 763 542 822 pter
590 752 949 823 quadraginta.
1002 753 1138 808 Exin
1182 754 1333 825 quasi
1381 753 1643 808 reveritus
1692 749 2017 806 ineﬁ'abilem

435 845 524 900 Dei
576 846 884 915 patientiam
925 845 1121 917 justus,
1172 854 1227 900 et
1269 844 1463 899 timens
1488 858 1556 898 ne
1585 842 1724 897 forte
1752 840 2017 910 precando

432 936 675 993 videatur
718 937 1105 997 transcendere
1132 935 1371 1002 modum,
1403 935 1531 989 dicit
1562 954 1574 990 :
1606 934 1693 991 30.
1728 932 2011 1005 Numquid,

432 1026 671 1097 Domine,
711 1031 757 1085 si
796 1031 973 1102 loquar
1012 1045 1032 1083 :
1082 1027 1143 1082 Si
1187 1028 1377 1081 inventi
1423 1027 1611 1097 fuerint
1649 1025 1719 1081 ibi
1768 1026 2017 1096 triginta?

429 1121 563 1188 Quia
608 1131 849 1193 paratum
892 1119 1093 1175 invenit
1135 1117 1203 1173 ad
1245 1116 1702 1181 misericordiam,
1761 1130 1867 1171 non
1902 1115 2013 1185 jam

430 1215 683 1284 paulatim
723 1211 993 1277 diminuit,
1045 1224 1216 1280 neque
1262 1209 1498 1280 quinque
1537 1208 1711 1278 justos
1739 1207 2011 1273 detrahit,

427 1308 521 1364 sed
571 1307 779 1372 decem,
838 1313 893 1360 et
941 1304 1022 1360 sic
1061 1303 1216 1359 affert
1263 1302 1618 1373 patrocinium
1660 1318 1673 1354 :
1722 1300 1785 1356 Si
1829 1299 2014 1355 inventi

428 1402 611 1474 fuerint
641 1401 746 1455 illic
770 1398 978 1468 triginta
999 1398 1026 1452 ?
1052 1396 1120 1451 Et
1147 1396 1275 1451 dixit
1299 1412 1318 1450 :
1342 1394 1463 1450 Non
1485 1394 1716 1464 perdam,
1742 1394 1785 1448 si
1807 1394 2011 1448 iuvene-

425 1494 521 1551 rim
547 1492 653 1546 illic
694 1489 922 1561 triginta.
966 1488 1348 1545 Animadverte
1374 1495 1571 1557 quanta
1597 1485 1727 1555 justi
1755 1493 2010 1541 constan-

427 1584 537 1647 tia;
585 1582 740 1654 quasi
766 1582 883 1652 ipse
912 1579 1050 1637 foret
1077 1578 1341 1636 obnoxius
1367 1577 1671 1640 sententiae,
1698 1577 1766 1630 ita
1803 1576 2013 1644 eripere

424 1673 602 1729 studet
648 1688 682 1729 a
727 1688 885 1744 poena
918 1672 1312 1729 Sodomitarum
1338 1678 1571 1739 gentem.
1601 1669 1689 1725 51.
1742 1669 1811 1723 Ει
1840 1670 2008 1737 dixit,

423 1765 662 1829 quoniam
691 1781 895 1834 possunt
917 1764 1054 1833 loqui
1079 1762 1148 1817 ad
1175 1762 1448 1817 Dominum
1484 1778 1503 1817 :
1530 1761 1591 1816 Si
1615 1762 1800 1816 inventi
1825 1762 2012 1833 fuerint

424 1856 493 1911 ibi
518 1856 734 1927 viginti?
785 1854 854 1910 Et
896 1854 1024 1910 dixit
1077 1870 1096 1909 :
1140 1852 1261 1909 Non
1307 1853 1515 1922 perdam
1574 1864 1781 1923 propter
1812 1854 2005 1925 viginti.

424 1947 649 2004 Omnem
679 1962 980 2003 sermonem
1013 1944 1339 2001 transcendit
1380 1954 1435 2001 et
1476 1960 1691 2001 omnem
1732 1946 2011 2017 cogitatio-

425 2053 549 2093 nem
578 2037 787 2094 Domini
813 2038 1041 2094 bonitas.
1072 2036 1201 2104 Quis
1228 2036 1370 2091 enim
1398 2047 1658 2100 nostrum,
1699 2038 1788 2107 qui
1819 2037 1870 2092 in
1901 2052 2014 2093 me-

424 2131 515 2185 dio
558 2130 886 2186 inﬁnitornm
934 2128 1194 2183 malorum
1241 2143 1538 2193 versamur,
1587 2128 1748 2184 vellet
1792 2128 2011 2183 ferendo

423 2223 741 2276 sententiam
772 2230 958 2276 contra
988 2220 1259 2289 proximos
1293 2227 1439 2275 tanta
1469 2221 1545 2275 uti
1572 2219 1899 2290 indulgentia
1926 2230 2011 2274 at-

423 2327 526 2384 que
549 2310 868 2366 clementia?

493 2403 548 2457 5.
591 2400 969 2456 Verumtamen
993 2401 1169 2469 justus
1199 2401 1289 2456 ille
1326 2400 1515 2456 videns
1539 2399 1753 2455 divitias
1774 2400 2011 2455 clemen-

424 2492 510 2546 lizt:
540 2490 656 2558 Dei,
683 2506 787 2545 non
807 2492 1067 2554 subsistit,
1090 2491 1183 2547 sed
1207 2493 1399 2548 iterum
1419 2492 1547 2548 dicit
1571 2510 1584 2547 :
1607 2492 1696 2549 52.
1724 2493 2010 2563 Numquid,

423 2583 641 2637 Domine
662 2624 678 2647 ,
710 2583 753 2637 si
782 2583 961 2655 loquar
988 2584 1157 2638 adhuc
1185 2584 1378 2639 semel?
1406 2584 1537 2638 Nam
1582 2586 1703 2654 quia
1732 2585 2013 2641 ineﬁ‘abilis

424 2684 540 2729 erat
577 2674 879 2739 tolerantia,
909 2684 1124 2744 propter
1150 2675 1252 2731 hoc
1290 2676 1551 2731 reveritus
1576 2692 1643 2731 ne
1671 2686 1726 2732 et
1769 2676 2011 2747 indigna-

430 2768 627 2820 tionem
653 2766 908 2822 adversus
935 2781 995 2821 se
1013 2775 1252 2822 moveret
1268 2767 1383 2837 ejus
1408 2766 1498 2837 qui
1527 2769 1830 2839 rogabatur,
1858 2769 2009 2825 dicit:

431 2857 721 2930 Numquid,
752 2856 1007 2913 Domine?
1034 2858 1169 2913 Num
1194 2859 1531 2915 temerarium
1558 2860 1804 2930 quiddam
1834 2862 2012 2918 facio?

427 2948 557 3005 dicit
588 2967 600 3002 :
630 2964 756 3003 num
802 2948 1185 3018 impudentiam
1228 2965 1338 3021 pra}
1384 2966 1470 3005 mc
1511 2951 1665 3006 fero?
1710 2968 1837 3007 num
1876 2967 2011 3023 Opus

428 3040 875 3096 condemnationc
905 3039 1121 3109 dignum
1150 3038 1306 3105 facio,
1331 3044 1376 3095 si
1394 3050 1579 3109 loquar
1606 3041 1779 3098 adhuc
1804 3044 2011 3098 semel?

423 3131 528 3187 Pro
550 3147 739 3200 magna
751 3139 806 3184 et
825 3130 1162 3186 inenarrabili
1176 3130 1412 3187 bonitate
1425 3147 1510 3187 tua
1523 3148 1696 3187 aonuc
1712 3150 1869 3187 unam
1890 3150 2010 3189 ora-

418 3227 616 3280 tionem
632 3224 856 3292 accipito
876 3239 905 3277 a
918 3224 1093 3289 mc,Si
1108 3234 1275 3279 autem
1295 3227 1476 3280 inuenti
1487 3226 1675 3295 fuerint
1693 3224 1799 3279 illic
1815 3227 2011 3282 det-em?

418 3316 485 3370 Et
509 3315 640 3371 dixit
659 3331 679 3370 :
710 3313 831 3369 Non
854 3314 1063 3385 perdam
1078 3325 1283 3386 prapter
1302 3317 1490 3371 decem.
1513 3316 1579 3372 Et
1607 3317 1726 3387 quia
1752 3319 1899 3387 prius
1923 3318 2008 3372 di-

418 3410 501 3465 xit
532 3428 547 3465 :
578 3410 758 3464 Adhuc
781 3410 933 3463 semel
960 3410 1183 3481 loquar?
1210 3412 1300 3467 35.
1323 3411 1478 3479 Abiit,
1536 3413 1728 3483 inquit,
1764 3412 2008 3468 Dominus

418 3512 682 3573 postquam
701 3512 978 3559 cessaverat
997 3504 1133 3575 loqui
1153 3503 1404 3571 Abrabw;
1427 3515 1471 3559 et
1496 3504 1753 3559 Abraham
1783 3522 2008 3561 reversus

416 3597 560 3651 estin
593 3596 759 3651 locum
787 3613 955 3652 suum.
980 3596 1197 3652 Vidistis
1227 3598 1510 3652 Dominum
1546 3597 1612 3652 ad
1652 3607 1887 3653 nostram
1919 3600 2007 3653 in-

416 3688 720 3745 ﬁrmitatem
748 3703 809 3743 se
841 3687 1237 3744 demittentem?
1276 3690 1481 3744 vidistis
1501 3699 1554 3745 et
1578 3692 1706 3760 justi
1723 3706 1845 3761 erga
1874 3692 2007 3747 alios

413 3778 700 3835 allectum?
747 3778 1006 3835 didicistis
1048 3788 1245 3851 quanta
1274 3780 1354 3835 vis
1391 3781 1461 3835 sit
1489 3796 1673 3836 eorum
1703 3783 1791 3852 qui
1830 3784 2001 3837 virtu-

414 3881 523 3927 tem
548 3872 840 3926 exercent?
864 3871 919 3927 Si
945 3872 1088 3926 enim
1122 3873 1319 3928 inventi
1350 3872 1564 3937 fuerint,
1596 3875 1785 3945 inquit,
1817 3876 2001 3932 decem

407 3960 569 4031 justi,
619 3969 838 4031 propter
890 3961 1012 4018 illos
1048 3964 1295 4019 omnibus
1349 3965 1717 4019 remissionem
1766 3970 2002 4023 concedo

417 4059 787 4123 peccatorum.
818 4052 932 4107 Non
959 4054 1097 4109 bene
1124 4054 1384 4119 dicebam,
1406 4054 1522 4109 haec
1542 4057 1718 4110 omnia
1749 4056 1885 4112 facta
1911 4074 1999 4113 es-

414 4161 497 4211 se,
527 4153 590 4201 ut
615 4145 760 4201 nulla
786 4153 973 4216 postea
999 4146 1335 4217 relinquatur
1365 4146 1706 4217 impudenter
1736 4148 2001 4219 loquenti—

408 4238 512 4295 bus
535 4238 931 4296 contradicendi
961 4240 1208 4295 occasio?
1235 4239 1368 4303 Sunt
1384 4240 1525 4294 enim
1546 4240 1698 4294 multi
1726 4240 1997 4296 insanien-

411 4332 563 4397 tium,
594 4331 685 4403 qui
732 4331 924 4388 infreni
976 4332 1151 4402 lingua
1176 4340 1231 4386 et
1277 4332 1674 4402 reprehendere
1712 4342 1767 4388 et
1817 4333 1995 4391 dicere

407 4424 608 4481 audent
642 4441 657 4480 :
699 4424 878 4492 Quare
924 4424 1144 4479 incensa
1186 4431 1310 4479 sunt
1353 4424 1625 4479 Sodoma?
1652 4426 1706 4480 Si
1737 4426 1998 4495 patienter

408 4515 617 4572 tulisset
657 4529 752 4571 eos
802 4515 1091 4581 Dominus,
1143 4515 1279 4571 forte
1324 4516 1693 4586 paenitentiam
1739 4520 1991 4589 egissent.

410 4610 637 4681 Propter
665 4609 767 4665 hoc
792 4608 1136 4664 ostendittibi
1167 4609 1416 4679 nequitia:
1442 4612 1890 4679 exsuperantiam;
1922 4611 1993 4666 ita

407 4710 467 4757 ut
492 4703 545 4757 in
578 4711 722 4757 tanta
759 4699 1097 4756 multitudine
1145 4710 1288 4756 tanta
1325 4702 1536 4757 virtutis
1566 4704 1780 4771 penuria
1811 4702 1989 4771 fuerit,

407 4802 463 4846 nt
492 4792 598 4846 alio
621 4790 852 4862 quodam
895 4791 1095 4846 diluvio
1124 4792 1403 4864 indigeret,
1449 4801 1504 4849 et
1548 4795 1704 4864 quale
1745 4795 1894 4866 prius
1938 4797 1988 4851 in

408 4880 607 4938 mundo
642 4880 759 4936 fuit.
794 4880 898 4937 Sed
950 4882 1071 4953 quia
1094 4884 1377 4954 promissio
1400 4884 1492 4939 Dei
1527 4895 1630 4952 est,
1678 4897 1730 4940 ut
1765 4903 1869 4941 non
1911 4888 1993 4942 ul-

405 4984 483 5028 tra
512 4973 617 5028 tale
653 4972 909 5029 inferatur
950 4976 1293 5045 supplicium,
1323 4987 1603 5048 propterea
1632 4980 1795 5035 alium
1815 4996 1986 5051 poena:

401 5064 620 5120 modum
648 5066 932 5137 excogitat,
960 5066 1117 5122 simul
1138 5067 1206 5122 de
1232 5068 1335 5123 illis
1363 5084 1546 5137 punias
1568 5084 1787 5126 sumens
1813 5082 1866 5127 ct
1888 5089 1987 5143 po-

401 5157 561 5212 steris
590 5157 840 5213 omnibus
873 5168 1184 5228 perpetuam
1210 5159 1453 5229 prtebens
1482 5161 1800 5220 doctrinam.
1840 5166 1985 5234 Quo-

400 5248 542 5304 niam
562 5250 705 5305 enim
726 5260 930 5307 natura:
949 5249 1093 5321 leges
1118 5252 1511 5319 subverterent,
1558 5266 1613 5311 et
1652 5258 1854 5313 alienos
1880 5261 1984 5315 illi-

398 5341 639 5412 citosque
661 5343 1033 5414 excogitarant
1056 5345 1249 5411 coitus,
1274 5346 1473 5403 idcirco
1490 5349 1757 5408 insolitum
1780 5356 1983 5426 suppli-

395 5433 466 5488 cii
517 5434 734 5489 modum
766 5434 974 5493 induxit
1016 5447 1238 5509 propter
1286 5439 1497 5497 illorum
1526 5442 1897 5515 iniquitatem:
1928 5458 1984 5505 et

398 5533 556 5581 teme
580 5525 782 5582 viscera
812 5526 1015 5583 inutilia
1046 5528 1296 5596 reddens,
1328 5540 1381 5587 et
1409 5532 1595 5588 relicto
1620 5537 1844 5604 posteris
1865 5554 1981 5593 mo~

393 5618 635 5732 διίηγξιιιξν
664 5628 950 5732 ervere:
1066 5638 1134 5677 ηε
1175 5623 1361 5732 me
1390 5629 1622 5732 “sese
1669 5628 1978 5732 ίιιξλεάοιη
2081 5618 2562 5732 {emersisse
2578 5618 2754 5717 eae
2772 5618 3674 5732 ἐῖιῖξῖιῖτῗτέξξειςξιῖξςτςιῖιιέεῖξςιτ

392 5710 627 5769 incidant
652 5726 859 5795 pinnas.
893 5712 1233 5774 Licctautcm
1259 5720 1452 5777 volenti
1485 5720 1552 5777 ad
1578 5721 1692 5779 loca
1725 5724 1809 5780 illa
1849 5740 1972 5798 pcr-

2132 396 2261 453 gcre
2286 384 2467 444 videro
2498 387 2666 457 ipsam
2698 401 2891 446 terram
2912 433 2927 458 ,
2956 401 3012 447 ut
3047 393 3117 448 ita
3147 393 3351 463 dicam,
3393 397 3712 457 clamantem

2129 485 2184 530 et
2210 478 2581 535 ostendentem
2610 483 2851 553 supplicii
2871 486 3089 557 vestigia
3108 497 3228 557 post
3255 498 3360 544 tam
3391 493 3535 545 mult:
3558 509 3584 546 s
3611 509 3703 547 an-

2127 583 2247 637 nos,
2280 572 2430 639 quasi
2462 572 2577 627 heri
2621 576 2704 630 vel
2748 577 2906 634 hodie
2945 580 3201 649 impressa
3232 598 3246 635 :
3292 594 3399 637 tam
3433 586 3709 641 manifesta

2124 662 2422 718 ostenditur
2452 663 2763 737 indignatio.
2789 668 2913 724 Ideo
2930 671 3178 739 obsecro,
3198 684 3255 727 ιιι
3282 674 3439 730 alieni
3467 678 3707 747 supplicii

2122 752 2368 822 exemplo
2400 770 2497 810 nos
2512 757 2853 827 castigemnr.

2196 842 2296 899 Hic
2314 847 2518 918 impune
2537 860 2793 919 peccantes
2808 854 3035 908 acerbius
3057 855 3389 923 punienturiu
3410 844 3569 913 altera
3585 865 3711 927 vim;

2122 934 2394 1003 proborum
2421 954 2577 994 causa
2614 940 2754 997 Deus
2784 945 3029 1012 patienter
3052 949 3150 1016 fert
3182 958 3484 1017 peccatores.
3501 981 3572 991 —
3600 950 3705 1007 Sed

2120 1024 2256 1082 forte
2297 1028 2492 1085 dixerit
2530 1032 2722 1102 aliquis
2751 1052 2764 1087 :
2797 1034 2935 1103 Quid
2964 1038 3128 1106 ergo?
3156 1054 3251 1094 cur
3276 1040 3349 1094 illi
3388 1056 3571 1111 pmnas
3608 1044 3706 1098 de-

2118 1117 2335 1173 derunt?
2358 1135 2537 1177 nonne
2563 1134 2687 1179 sunt
2712 1126 2872 1180 etiam
2894 1143 3035 1183 nunc
3064 1130 3217 1184 multi
3236 1131 3323 1200 qui
3346 1131 3533 1187 eadem
3554 1148 3707 1188 com-

2116 1208 2334 1265 mittunt
2355 1213 2578 1279 scelera,
2614 1229 2786 1284 neque
2816 1226 2990 1271 tamen
3013 1219 3338 1287 puniuntur?
3365 1221 3543 1277 Etiam
3572 1241 3586 1278 :
3611 1225 3703 1279 sed

2118 1299 2222 1357 hoc
2262 1302 2593 1372 potissimum
2622 1306 2882 1376 majorem
2913 1323 3126 1377 pcenam
3164 1312 3471 1367 conciliabit
3500 1314 3567 1368 iis
3614 1317 3703 1383 qui

2118 1390 2242 1445 talia
2268 1396 2639 1463 perpetrant‘.
2659 1396 2885 1464 Quando
2910 1400 3053 1454 enim
3079 1416 3186 1454 non
3210 1402 3530 1472 castigamur
3547 1421 3610 1459 ex
3641 1406 3706 1460 iis

2117 1494 2235 1548 quae
2258 1481 2364 1537 illis
2381 1484 2723 1552 acciderunt,
2750 1496 2930 1544 etnec
2968 1490 3239 1559 quidpiam
3270 1492 3422 1549 nobis
3465 1499 3707 1564 provenit

2115 1568 2248 1626 lucri
2275 1587 2339 1627 ex
2363 1574 2615 1644 patientia
2630 1576 2742 1639 Dei,
2774 1579 2946 1648 cogita
2970 1580 3240 1649 quomodo
3267 1582 3415 1637 illum
3445 1586 3706 1640 inexstin-

2114 1664 2369 1734 guibilem
2398 1667 2574 1737 ignem
2606 1668 2973 1726 vehementius
2996 1672 3396 1744 nobismetipsis
3427 1678 3707 1732 succendi-

2116 1770 2255 1823 mus,
2307 1766 2362 1812 et
2406 1759 2659 1815 acerbum
2706 1777 2941 1816 vermem
2989 1779 3256 1832 paramus.
3302 1765 3703 1835 Verumtamen,

2114 1846 2239 1917 quia
2260 1860 2477 1919 propter
2499 1853 2721 1921 gratiam
2755 1853 2846 1908 Dei
2874 1864 2999 1909 sunt
3040 1865 3096 1909 et
3144 1872 3285 1912 nunc
3316 1858 3465 1912 multi
3509 1860 3707 1915 virtute

2116 1941 2343 2009 prmditi,
2373 1943 2464 2012 qui
2518 1943 2730 2013 placare
2770 1956 2992 2015 possunt
3031 1947 3346 2014 Dominum,
3394 1951 3531 2005 sicut
3582 1961 3705 2007 tunc

2116 2031 2414 2101 patriarcha
2445 2050 2457 2086 :
2493 2036 2699 2090 tametsi
2728 2051 2846 2101 nos,
2878 2050 3000 2091 cum
3031 2052 3132 2092 nos
3159 2040 3305 2109 ipsos
3345 2043 3701 2110 attendimus,

2115 2130 2171 2177 et
2196 2131 2434 2178 nostram
2464 2124 2704 2181 videmus
2728 2125 3008 2196 desidiam,
3042 2138 3289 2199 putamus
3318 2133 3506 2187 miram
3531 2135 3702 2189 virtu-

2118 2212 2185 2267 tis
2208 2214 2487 2270 raritatem
2517 2234 2529 2269 :
2558 2226 2794 2274 attamen
2822 2228 3042 2289 propter
3072 2220 3288 2276 illorum
3321 2222 3591 2290 virtutem,
3618 2240 3703 2279 er-

2115 2320 2181 2374 ga
2202 2306 2336 2362 alios
2365 2307 2503 2363 Deus
2545 2310 2851 2378 patientiam
2890 2310 3126 2368 exhibet.
3159 2312 3229 2367 Et
3253 2322 3312 2367 ut
3344 2316 3482 2370 scias
3520 2316 3703 2371 talium

2117 2398 2392 2456 hominum
2457 2402 2649 2459 ﬁducia
2696 2405 2852 2459 nobis
2891 2404 2984 2461 Dei
3045 2405 3352 2476 patientiam
3404 2408 3700 2475 conciliari,

2115 2490 2238 2545 audi
2276 2507 2342 2545 cx
2395 2491 2495 2547 hac
2541 2493 2654 2562 ipsa
2698 2494 2942 2562 historia,
2973 2496 3099 2565 quid
3143 2496 3288 2552 dicat
3335 2499 3650 2568 patriarcha:
3688 2520 3699 2553 :

2116 2582 2181 2637 Si
2210 2584 2377 2637 decem
2413 2585 2579 2654 justas
2622 2587 2856 2642 invenero
2879 2628 2894 2652 ,
2928 2604 3029 2642 non
3079 2589 3290 2658 perdant
3323 2590 3592 2646 civitatem.
3638 2593 3702 2648 Et

2116 2673 2241 2744 quid
2271 2674 2391 2730 dico
2417 2675 2601 2731 decem
2628 2676 2840 2746 justos?
2868 2678 3051 2734 Nullus
3078 2680 3324 2735 inventus
3355 2682 3459 2737 illic
3502 2684 3570 2738 ab
3599 2684 3701 2738 ini-

2116 2764 2317 2834 quitate
2357 2766 2583 2832 alienus,
2617 2768 2719 2824 nisi
2744 2769 2890 2825 solus
2920 2767 3228 2840 L0tjustus,
3258 2782 3312 2826 et
3347 2773 3461 2843 ejus
3484 2775 3603 2829 duce
3635 2774 3701 2829 ﬁ-

2118 2856 2221 2911 liae.
2255 2857 2402 2913 Uxor
2430 2859 2574 2914 enim
2610 2870 2826 2930 propter
2856 2861 3027 2931 ipsum
3070 2863 3206 2917 forte
3235 2877 3448 2933 poenam
3472 2866 3701 2923 civitatis

2115 2948 2317 3019 ell‘ugit,
2347 2960 2528 3018 postea
2557 2960 2729 3006 tamen
2754 2953 3363 3024 pmnamdeditignavia:
3387 2972 3517 3010 sum.
3548 2956 3701 3013 Nunc

2115 3048 2291 3095 autem
2329 3051 2549 3111 propter
2588 3043 2908 3099 inell'abilcm
2943 3045 3035 3099 Dei
3076 3046 3533 3114 misericordiam,
3577 3051 3698 3119 quia

2116 3134 2285 3204 pietas
2318 3136 2705 3191 incrementum
2749 3138 2999 3207 sumpsit,
3046 3139 3195 3193 multi
3226 3141 3384 3195 etiam
3427 3142 3478 3195 in
3510 3143 3700 3197 mediis

2113 3228 2417 3282 civitatibus
2444 3228 2668 3283 latentes
2703 3238 2927 3298 possunt
2966 3229 3176 3299 placare
3206 3231 3390 3294 Deum,
3420 3241 3476 3286 et
3506 3232 3596 3285 alii
3646 3233 3697 3287 in

2115 3318 2383 3374 montibus
2407 3328 2461 3374 et
2479 3320 2766 3390 speluncis,
2799 3335 3192 3392 paucorumque
3221 3322 3386 3377 virtus
3413 3322 3698 3379 multorum

2113 3418 2293 3481 tegere
2310 3411 2449 3466 valet
2468 3411 2745 3466 malitiam.
2773 3410 2931 3466 Multa
2957 3413 3098 3466 enim
3122 3412 3329 3467 Domini
3358 3413 3565 3467 bonitas
3588 3424 3693 3480 est,

2112 3512 2166 3558 et
2190 3518 2332 3573 saepe
2378 3502 2515 3557 solet
2534 3504 2694 3557 etiam
2721 3510 2937 3573 propter
2962 3516 3160 3572 paucos
3189 3501 3371 3557 multis
3396 3503 3523 3558 dare
3548 3503 3696 3557 salu-

2114 3604 2240 3650 tem.
2283 3595 2349 3649 Et
2375 3595 2499 3665 quid
2543 3595 2683 3658 dico,
2739 3604 2957 3665 propter
3000 3608 3200 3664 paucos
3242 3594 3455 3662 justos?
3508 3594 3689 3665 Smpe,

2110 3688 2322 3759 quando
2346 3703 2451 3743 non
2478 3688 2726 3743 inventus
2749 3697 2831 3741 est
2864 3688 2915 3740 in
2946 3686 3197 3755 pra-senti
3231 3685 3539 3754 vitajustus,
3571 3701 3695 3756 pro-

2109 3792 2229 3852 pter
2267 3782 2636 3837 defunctorum
2662 3783 2947 3847 virtutem,
2990 3779 3276 3833 viventium
3316 3779 3602 3834 miseretur
3641 3790 3695 3835 et

2108 3890 2290 3930 curam
2320 3874 2479 3929 habet
2504 3892 2518 3926 :
2543 3873 2684 3929 unde
2700 3872 2892 3928 clamat
2912 3871 3095 3925 dicens
3116 3888 3129 3923 :
3153 3868 3424 3941 Protegam
3445 3872 3694 3925 civitatem

2108 3968 2239 4020 hanc
2284 3975 2487 4035 propter
2517 3981 2612 4029 me,
2651 3975 2697 4018 et
2742 3974 2949 4034 propter
2995 3962 3160 4017 David
3188 3979 3401 4032 puerum
3442 3979 3608 4016 nteant
3638 3964 3693 4031 (4

2108 4055 2237 4126 Reg.
2270 4054 2355 4109 19.
2386 4056 2522 4122 54);
2566 4054 2717 4123 quasi
2746 4053 2949 4107 diceret
2978 4069 2992 4106 :
3026 4054 3175 4108 Licet
3213 4052 3311 4124 ipsi
3345 4052 3543 4124 indigni
3587 4054 3694 4107 sint

2105 4148 2194 4217 qui
2220 4154 2520 4209 serventur,
2542 4154 2597 4199 ct
2621 4145 2819 4199 nullam
2847 4145 3032 4198 salutis
3058 4143 3291 4200 habeant
3318 4147 3689 4199 occasionem:

2105 4255 2288 4295 verum
2314 4239 2437 4309 quia
2468 4238 2654 4293 solitus
2694 4251 2811 4290 sum
2855 4236 3271 4292 misericorditer
3317 4252 3497 4307 agere,
3538 4246 3594 4290 et
3621 4236 3687 4290 ad

2105 4329 2465 4386 miserandum
2517 4339 2792 4399 promptus
2815 4343 2932 4382 sum
2958 4337 3012 4383 et
3032 4327 3099 4382 ad
3134 4327 3466 4398 eripiendum
3494 4345 3525 4382 e
3549 4329 3690 4382 cala-

2103 4423 2391 4487 mitatibus,
2427 4430 2643 4492 propter
2658 4421 2943 4491 meipsum,
2963 4429 3019 4476 et
3033 4430 3252 4491 pr0pter
3268 4434 3493 4491 puerum
3509 4435 3685 4475 meum

2104 4515 2267 4571 David
2300 4524 2573 4585 protegam
2598 4530 2612 4565 :
2636 4522 2690 4568 et
2710 4514 2800 4583 qui
2837 4522 2959 4567 ante
2987 4521 3066 4567 tot
3105 4525 3274 4566 annos
3298 4526 3329 4565 e
3355 4512 3461 4565 vita
3488 4515 3689 4581 migra-

2100 4608 2193 4673 vit,
2230 4607 2315 4662 hic
2341 4614 2527 4661 auctor
2554 4614 2637 4661 est
2664 4605 2848 4660 salutis
2877 4605 2943 4659 iis
2966 4604 3054 4674 qui
3081 4618 3174 4657 sua
3199 4616 3319 4657 sese
3345 4601 3688 4671 perdiderant

2099 4699 2321 4755 desidia.
2340 4698 2530 4754 Vidisti
2552 4698 2889 4755 clementiam
2918 4696 3150 4762 Domini,
3168 4693 3436 4766 quomodo
3464 4709 3559 4751 eos
3594 4696 3683 4766 qui

2103 4792 2304 4847 virtute
2360 4791 2597 4861 pollent,
2663 4790 2867 4843 honore
2906 4787 3104 4853 afﬁcit,
3147 4788 3440 4856 pra-ponit,
3480 4796 3535 4842 et
3588 4787 3683 4841 toti

2098 4881 2425 4937 multitudini
2445 4879 2775 4951 mquiparat?
2799 4878 3135 4948 Quapropter
3154 4887 3207 4932 et
3231 4876 3424 4933 Paulus
3449 4877 3681 4933 dicebat:

2101 4972 2561 5027 Obambulaverunt
2580 4972 2635 5025 in
2660 4969 2823 5026 ouillis
2837 4968 3157 5039 caprinisque
3181 4968 3416 5039 pellibus,
3434 4969 3680 5035 destituti,

2098 5065 2276 5135 pressi,
2304 5064 2493 5137 afflicti,
2529 5064 2709 5134 quibus
2733 5062 2974 5133 indignus
2995 5070 3101 5115 erat
3122 5060 3338 5114 mundus
3368 5059 3389 5133 (
3414 5059 3570 5115 Hebr.
3593 5063 3681 5116 ll.

2096 5157 2184 5213 37.
2209 5157 2321 5229 38).
2353 5156 2521 5211 Totus
2542 5197 2557 5221 ,
2591 5154 2789 5225 inquit,
2836 5154 2937 5209 iste
2982 5152 3213 5207 mundus
3236 5192 3251 5218 ,
3280 5161 3335 5206 ct
3365 5160 3505 5206 totus
3538 5152 3683 5206 orbis

2096 5264 2203 5304 non
2226 5262 2307 5305 εει
2334 5247 2689 5304 conferendas
2718 5248 2783 5301 iis
2811 5245 2901 5316 qui
2946 5245 3000 5299 in
3039 5242 3420 5299 afﬂictionibus
3446 5250 3502 5297 et
3533 5255 3682 5310 pres-

2103 5342 2263 5408 suris,
2294 5349 2348 5396 et
2366 5339 2603 5395 nuditate
2627 5346 2791 5409 agunt
2814 5345 2868 5392 et
2910 5333 3273 5400 obambulant,
3300 5340 3354 5387 et
3389 5332 3443 5387 in
3468 5330 3683 5402 spelun-

2092 5434 2171 5489 cis
2196 5441 2478 5488 versantur
2498 5439 2715 5500 propter
2743 5430 2928 5484 Deum.

2158 5549 2174 5580 ί
2210 5547 2348 5596 Savil.
2378 5553 2430 5610 et
2451 5551 2659 5610 quatuor
2674 5551 2777 5610 Mss.
2804 5537 2991 5610 :Etiant
3011 5536 3131 5610 {sed
3150 5533 3558 5610 hocpotissimiqn

2145 5594 2559 5660 reniranxieteiem
2578 5604 2751 5654 animis
2772 5601 2947 5653 nostris
2969 5600 3171 5663 injicere
3186 5594 3373 5662 poterit.
3512 5594 3678 5645 lectu»

2092 5749 2187 5803 gna
2213 5723 2497 5785 observatur
2524 5732 2571 5781 iu
2591 5736 2697 5783 uss.
2728 5735 2779 5778 ct
2796 5727 2919 5791 apud
2939 5723 3078 5775 savii.
3105 5724 3331 5774 varietas.

4104 5784 4132 5847 ἦ
