4150 6276
279 297 371 352 391

276 409 465 478 έθηκε,
496 411 679 484 φησὶν,
711 415 798 470 ἔτι
811 419 1098 487 λαλῆσαι,
1136 418 1434 474 καὶεῖπεν-ο
1453 422 1588 476 Ἐὰν
1609 419 1930 488 δὲεὺρεθῶ-

279 511 380 549 σιν
406 499 535 552 ἐκεῖ
561 503 1045 572 τεσσαράκοντα;
1074 507 1183 560 Καὶ
1216 504 1413 562 εἶπεν·
1432 510 1514 562 Οὐ
1533 507 1620 577 μὴ
1650 506 1934 561 ἀπολέσω

279 582 484 639 ἕνεκεν
507 587 625 642 τῶν
662 593 1130 658 τεσσαράκοντα.
1162 591 1295 648 Εἶτα
1336 595 1522 648 λοιπὸν
1552 594 1740 666 ὥσπερ
1785 593 1932 646 αἰδε-

279 669 430 734 σθεὶς
468 673 562 726 τοῦ
609 675 742 730 Θεοῦ
774 679 869 747 τὴν
900 678 1106 748 ἄφατον
1140 682 1520 752 μακροθυμίαν
1541 681 1808 746 όδίκαιος,
1840 679 1933 732 καὶ

276 756 463 820 δεδιὼς
489 761 698 832 μήποτε
730 765 822 816 καὶ
846 765 972 836 δόξῃ
1003 767 1371 838 ὑπερϐαίνειν,
1399 769 1494 822 καὶ¹
1537 767 1682 838 πέρα
1723 764 1816 819 τοῦ
1841 766 1933 835 μέ·

279 859 406 911 τρου
437 845 534 915 τὴν
562 848 769 904 ἱκεσίαν
792 853 1080 917 ποιεῖσθαι,
1138 855 1292 925 φησί·
1319 855 1416 923 Μή
1471 871 1548 919 τι,
1589 853 1789 921 Κύριε,
1825 853 1934 905 ἐὰν

282 931 550 996 λαλήσω
588 934 728 990 Ἐὰν
748 938 1074 1006 εὑρεθῶσιν
1093 940 1225 995 ἐκεῖ
1237 942 1590 1010 τριάκοντα;
1624 940 1841 1010 Ἐπειδὴ
1866 932 1936 990 εἴ·

275 1012 364 1067 δεν
394 1017 610 1089 ἕτοιμον
659 1023 793 1092 πρὸς
833 1025 1262 1098 φιλανθρωπίαν,
1301 1029 1402 1082 οὐκ
1438 1028 1520 1082 ἐτι
1569 1028 1711 1081 κατά
1739 1025 1933 1097 μικρὸν

282 1101 623 1188 καθυφίησιν,
677 1111 798 1163 οὐδὲ
840 1112 999 1166 πέντε
1045 1113 1286 1178 δικαίους
1343 1113 1665 1188 παραλιπὼν
1695 1127 1747 1178 ιι,
1801 1110 1932 1165 ἀλλά

279 1187 429 1254 δέκα,
459 1192 599 1246 οὕτω
630 1199 895 1267 προσάγει
917 1201 1016 1270 τὴν
1038 1202 1406 1273 παράκλησιν,
1429 1187 1522 1256 καί
1553 1215 1737 1274 φησιν·
1791 1197 1934 1254 Ἐὰν

279 1277 599 1342 εὑρεθῶσιν
611 1283 740 1337 ἐκεῖ
755 1286 1065 1352 τριάκοντα
1080 1305 1099 1352 ;
1115 1291 1223 1343 Καὶ
1234 1287 1420 1344 εἷπεν·
1443 1293 1525 1344 Οὐ
1535 1289 1620 1359 μὴ
1633 1286 1930 1350 ἀπολέσω,

275 1361 384 1414 ἐὰν
411 1365 560 1432 εὕρω
615 1368 735 1422 ἐκεῖ
777 1372 1110 1439 τριάκοντα.
1147 1377 1345 1428 Σκόπει
1375 1377 1516 1446 πόση
1541 1375 1633 1428 τοῦ
1667 1373 1933 1442 δικαίουή

278 1451 512 1504 ε-ὖτονία’
547 1455 794 1529 καθάπερ
834 1461 998 1524 αὐτὸς
1049 1463 1258 1533 μέλλων
1311 1463 1610 1526 ὑπεύθυνος
1663 1465 1730 1534 τῇ
1769 1461 1934 1531 ψήφῳ

275 1536 544 1634 γίνεσθαι,
578 1542 716 1634 οὕτω
750 1545 948 1634 πολλὴν
991 1547 1196 1603 τίθεται
1228 1551 1331 1620 τὴν
1367 1549 1599 1620 σπουδὴν
1629 1547 1934 1618 ἐξαρπάσαι

279 1626 375 1708 τῆς
415 1626 712 1698 μελλούσης
755 1632 1058 1701 ἐπάγεσθαι
1091 1638 1361 1708 τιμωρίας
1390 1637 1451 1690 τὺ
1495 1637 1602 1690 τῶν
1629 1633 1934 1705 Σοδομιτῶν

278 1707 446 1772 ἔθνος.
476 1713 582 1765 Kal
604 1711 790 1770 εἶπενο
809 1719 1044 1790 Ἐπειδὴ
1077 1722 1195 1791 ἔχω
1220 1707 1487 1793 λαλῆσαι
1521 1723 1668 1790 πρὸς
1692 1721 1798 1775 τὸν
1821 1721 1937 1775 Κύ-

273 1809 427 1860 Ριον,
471 1797 610 1852 Ἐὰν
634 1801 702 1853 δὲ
729 1806 1056 1872 εὑρεθῶσιν
1086 1808 1458 1874 ὲκεῖεῖκοσι;
1486 1809 1597 1864 Καὶ
1633 1805 1822 1862 εἶπενο
1852 1809 1934 1860 Οὐ

276 1880 358 1947 μὴ
384 1882 664 1940 ἀπολέσω
710 1889 919 1946 ἕνεκεν
952 1894 1072 1948 τῶν
1114 1897 1329 1952 εἴκοσι.
1383 1898 1568 1951 Πάντα
1587 1897 1743 1965 λόγον
1766 1896 1936 1965 ὑπερ-

279 1965 451 2019 δαίνει
485 1973 578 2025 καὶ
606 1976 782 2030 πᾶσαν
813 1978 1020 2034 ἔννοιαν
1046 1983 1078 2052 ή
1108 1982 1202 2035 τοῦ
1236 1984 1503 2036 Δεσπότου
1529 1981 1819 2051 ἀγαθότης,
1839 1981 1934 2043 Τίς

280 2058 388 2128 γὰρ
421 2062 576 2130 ἡμῶν
603 2065 710 2118 τῶν
751 2069 810 2121 ἐν
857 2071 1006 2141 μέσῳ
1068 2073 1277 2143 μυρίων
1323 2072 1508 2126 κακῶν
1555 2069 1938 2142 στρεφομένων

279 2145 450 2200 εἵλετό
481 2167 605 2202 ποτε
637 2155 776 2208 κατὰ
805 2156 910 2208 τῶν
945 2158 1220 2225 ὁμογενῶν
1253 2158 1431 2226 ψῆφον
1461 2157 1706 2227 ἐκφέρων
1741 2152 1939 2208 τοσαύ-

277 2249 347 2303 τῃ
379 2237 682 2304 χρήσασθαι
709 2243 1112 2308 συγκαταὸάσει
1143 2243 1236 2296 καὶ
1263 2244 1663 2315 φιλανθρωπίᾳζ

351 2319 412 2374 ε’.
440 2323 576 2374 Ἀλλ’
591 2324 737 2394 ὅμως
757 2330 785 2379 6
805 2328 1009 2392 δίκαιος
1032 2324 1183 2392 οὗτος
1207 2331 1350 2400 όρῶν
1371 2331 1458 2382 τὸν
1486 2329 1712 2382 πλοῦτον
1728 2330 1825 2398 τῆς
1844 2326 1936 2379 τοῦ

225 2420 231 2426 ·
281 2403 434 2478 [450]
457 2409 590 2463 Θεοῦ
617 2411 1024 2484 φιλανθρωπίας
1052 2417 1148 2486 ούχ
1177 2418 1407 2478 ἵσταται,
1426 2417 1559 2470 ἀλλά
1585 2415 1745 2468 πάλιν
1773 2413 1931 2483 φησί·

280 2497 339 2546 Μ
344 2493 375 2558 ἡ
396 2512 468 2555 τι,
488 2497 682 2564 Κύριε,
704 2499 814 2552 ἐὰν
841 2502 1095 2567 λαλήσω
1114 2503 1200 2556 ἔτι
1221 2503 1383 2567 ἅπαξ
1387 2519 1406 2566 ;
1435 2502 1647 2571 Ἐπειδὴ
1667 2501 1772 2572 γὰρ
1794 2502 1936 2568 ἀφα-

279 2593 372 2643 τος
388 2576 454 2652 ἦν
473 2585 505 2651 ή
530 2584 902 2654 μακροθυμία,
921 2587 1008 2640 διὰ
1025 2587 1181 2640 τοῦτο
1211 2589 1460 2652 δεδοικὼς
1490 2588 1563 2661 μὴ
1588 2588 1681 2640 καὶ
1701 2590 1780 2650 είς
1800 2589 1936 2655 ἁγα-

280 2667 540 2738 νάκτησιν
566 2669 660 2740 τὴν
683 2675 806 2724 κατ’
833 2672 996 2726 αὑτοῦ
1031 2678 1267 2746 κινήσειε
1295 2675 1386 2729 τὸν
1429 2673 1935 2746 παρακαλούμενον,

281 2756 413 2825 φησί
438 2775 446 2783 ·
470 2757 566 2825 Μή
594 2774 667 2820 τι,
699 2759 908 2826 Κύριες
939 2761 1030 2831 Μὴ
1055 2763 1324 2832 προπετές
1345 2780 1398 2815 τι
1443 2761 1614 2828 ποιῶ;
1672 2761 1743 2832 μὴ
1784 2760 1936 2813 ἀναί-

282 2843 508 2912 σχυντόν
535 2863 586 2898 τι
617 2847 982 2918 ἐπιδείκνυμι;
1019 2851 1091 2922 μὴ
1115 2851 1506 2920 καταγνώσεως
1532 2852 1677 2917 ἄξιον
1708 2851 1937 2920 πρᾶγμα

281 2928 702 3002 διαπράττομαι,
732 2934 826 2987 ἐὰν
855 2935 1069 3007 λαλήσω
1104 2937 1181 2990 ἔτι
1207 2938 1386 3003 ἃπαξ;
1416 2938 1570 2990 Μετὰ
1603 2938 1701 3006 τῆς
1739 2935 1938 3005 πολλῆς

282 3016 496 3086 ἐκείνης
536 3019 868 3090 ἀγαθότητος
905 3022 983 3074 ἔτι
1015 3023 1143 3093 μίαν
1173 3025 1379 3078 ἱκεσίαν
1432 3023 1578 3087 δέξαι
1605 3023 1734 3094 παρ’
1781 3023 1935 3093 ἐμοῦ.

294 3101 430 3155 Ἐὰν
458 3103 525 3156 δὲ
563 3107 888 3172 εὑρεθῶσιν
939 3110 1066 3162 ἐκεῖ
1098 3106 1270 3173 δέκα;
1326 3111 1438 3164 Καὶ
1480 3107 1677 3163 εἶπεν·
1713 3111 1794 3161 Οὐ
1852 3108 1937 3177 μὴ

280 3191 560 3245 ἀπολέσω
595 3193 805 3248 ἕνεκεν
861 3195 977 3248 τῶν
1033 3195 1197 3249 δέκα.
1257 3198 1366 3251 Καὶ
1418 3196 1600 3268 ἐπειδὴ
1659 3195 1939 3266 προλαϐὼν

282 3272 454 3338 εἶπεν,
508 3279 627 3330 Ἔτι
657 3278 820 3344 ἅπαξ
870 3281 1159 3347 λαλήσω;
1207 3281 1482 3350 Ἀπῆλθε,
1515 3282 1668 3352 φησὶ,
1701 3283 1936 3348 Κύριος,

280 3363 361 3428 ὠς
391 3364 696 3419 ἐπαύσατο
719 3367 925 3420 λαλῶν
950 3367 1031 3432 τῷ
1065 3368 1312 3437 Ἀϐραάμ
1331 3386 1344 3400 ·
1374 3369 1472 3422 καὶ
1527 3368 1778 3436 Ἀϐραὰμ
1825 3369 1941 3422 ὐπ-

283 3449 574 3519 έστρεψεν
605 3455 693 3520 εἷς
721 3456 826 3508 τὸν
856 3456 1042 3508 τόπον
1072 3456 1280 3510 αὐτοῦ.
1337 3456 1516 3509 Εῖδετε
1543 3455 1634 3508 τοῦ
1669 3456 1937 3508 Δεσπότου

282 3536 380 3607 τὴν
417 3540 819 3606 σὀγκατάϐασιν
841 3559 852 3606 ;
876 3543 1040 3595 εἴδετε
1068 3542 1160 3596 τοῦ
1182 3542 1389 3596 δικαίου
1407 3542 1503 3614 τὴν
1529 3542 1936 3614 φιλοστοργίαν;

283 3622 512 3691 ἐμάθετε
543 3625 640 3696 ὅση
671 3627 704 3697 ἡ
743 3629 893 3697 ἰσχῦς
924 3628 1032 3682 τῶν
1066 3629 1162 3699 τὴν
1214 3629 1413 3701 ἀρετὴν
1450 3630 1773 3698 μετιόντων;
1815 3630 1938 3682 Ἐὰν

282 3709 389 3780 γὰρ
411 3710 695 3782 εὑρεθῶσι,
728 3717 881 3784 φησὶ,
909 3717 1038 3769 δέκα
1063 3718 1283 3781 δίκαιοι,
1311 3719 1376 3770 δι’
1407 3719 1646 3780 ἐκείνους
1674 3719 1808 3770 πᾶσι
1841 3719 1940 3788 τὴν

284 3798 631 3870 συγχώρησιν
667 3801 774 3855 τῶν
807 3805 1211 3874 ἡμαρτημένων
1277 3805 1577 3876 δωροῦμαι.
1633 3806 1704 3858 Οὐ
1761 3805 1940 3868 καλῶς

281 3882 490 3953 ελεγον,
530 3885 611 3940 ὅτι
639 3889 810 3943 ταῦτα
839 3891 1014 3944 πάντα
1037 3890 1273 3959 ἐγένετο,
1309 3893 1395 3944 ἵνα
1437 3893 1676 3962 μηδεμία
1721 3891 1942 3945 καταλί-

281 3986 454 4040 πηται
491 3975 604 4035 τοῖς
637 3974 776 4044 μετὰ
823 3976 996 4029 ταῦτα
1021 3977 1462 4047 ἀναισχυντοῦσιν
1485 3978 1790 4047 ἀντιλογίας
1839 3979 1943 4046 ἀφ-

279 4058 425 4129 ορμή
449 4075 462 4124 ;
491 4060 610 4111 Εἰσὶ
630 4060 735 4130 γὰρ
753 4061 934 4114 πολλοὶ
957 4062 1063 4116 τῶν
1095 4065 1431 4134 μεμηνότων,
1450 4065 1745 4118 ἀκόλαστον
1771 4063 1940 4133 γλῶτ-

282 4162 381 4198 ταν
394 4146 722 4216 ἕχοντες,καὶ
739 4150 1011 4203 αἰτιᾶσθαι
1037 4149 1349 4222 βουλόμενοι
1373 4153 1465 4206 καὶ
1485 4152 1731 4220 λέγοντες
1745 4169 1759 4183 ο
1780 4151 1939 4214 Τίνος

281 4232 468 4286 ἕνεκεν
495 4236 802 4308 ἐνεπρήσθη
829 4238 896 4290 τά
925 4239 1130 4310 Σόδομα
1153 4256 1166 4304 ;
1197 4241 1258 4293 Εἰ
1295 4239 1672 4310 μακροθυμίας
1699 4238 1940 4310 ἀπήλαυ-

286 4337 408 4383 σαν,
442 4323 569 4386 ῖσως
599 4323 664 4377 ἂν
707 4327 1058 4398 μετενόησαν.
1094 4327 1190 4380 Διά
1223 4327 1380 4380 τοῦτο
1438 4326 1673 4381 δείκνυσί
1730 4344 1811 4379 σοι
1841 4325 1940 4396 τῆς

287 4408 483 4472 κακίας
519 4409 614 4480 τὴν
641 4413 951 4478 ἐπίτασινδ,
981 4413 1074 4466 καὶ
1117 4414 1201 4465 ὅτι
1233 4414 1290 4464 ἐν
1315 4412 1554 4482 τοσούτῳ
1613 4411 1808 4482 πλήθει
1849 4431 1940 4466 το-

285 4494 456 4567 σαύτη
484 4493 550 4568 ἦν
582 4499 776 4561 σπάνις
799 4498 1021 4570 ἀρετῆς,
1055 4499 1129 4562 ώς
1165 4499 1350 4570 ἐτέρου
1380 4498 1669 4552 κλυδωνίου
1697 4499 1937 4551 τοιούτου

281 4580 506 4648 δεῖσθαι,
534 4579 644 4637 οἷον
673 4585 936 4657 πρότερον
967 4585 1231 4639 κατέλαϐε
1253 4586 1350 4656 τὴν
1405 4586 1747 4656 οἰκουμένην.
1800 4587 1938 4639 Ἀλλ’

283 4669 470 4740 ἐπειδὴ
499 4671 790 4742 ὑπόσχεσίς
814 4675 929 4725 ἐστι
961 4673 1055 4726 τοῦ
1090 4673 1222 4725 Θεοῦ
1241 4716 1254 4739 ,
1283 4673 1422 4726 ὥστε
1460 4673 1656 4744 μηκέτι
1690 4672 1940 4742 τοιαύτην

281 4757 637 4829 ἐπενεχθῆναι
670 4760 959 4831 τιμωρίαν,
985 4760 1073 4814 διὰ
1116 4759 1270 4814 τοῦτο
1317 4761 1504 4834 ’έτερον
1547 4761 1745 4832 τρόπον
1773 4779 1942 4831 τιμω-

283 4843 405 4914 ρίας
437 4845 652 4912 ἐπάγει,
681 4847 815 4915 όμοῦ
870 4847 1154 4911 κάκείνους
1185 4848 1288 4900 ύπὸ
1338 4850 1436 4920 τὴν
1475 4849 1743 4921 τιμωρίαν
1772 4850 1938 4916 ἄγων,

281 4931 378 4984 καὶ
413 4935 526 4996 τοῖς
557 4933 686 5003 ἑξῆς
722 4934 1149 5006 ἆπασιδιηνεκῆ
1177 4936 1274 5006 τὴν
1329 4936 1674 4989 διδασκαλίαν
1703 4937 1940 5006 παρεχό-

284 5035 464 5088 μενος.
501 5020 718 5091 Ἐπειδὴ
743 5021 852 5094 γάρ
879 5022 1178 5094 ἀνέτρεψαν
1201 5025 1325 5086 τοὺς
1362 5023 1463 5093 τῆς
1489 5023 1701 5091 φύσεως
1723 5024 1938 5094 νόμους,

280 5105 378 5159 καὶ
409 5103 566 5172 ξένας
588 5108 682 5160 καὶ
711 5109 1060 5180 παρανόμους
1092 5109 1396 5180 ἐπενόησαν
1435 5109 1629 5182 μίξεις,
1661 5110 1749 5163 διὰ
1787 5111 1941 5164 τοῦτο

283 5190 433 5255 ξένον
458 5195 727 5265 τιμωρίας
764 5196 857 5250 τὸν
901 5198 1099 5268 τρόπον
1126 5199 1396 5269 ἐπήγαγε,
1439 5198 1526 5251 διά
1573 5198 1670 5269 τὴν
1719 5198 1941 5253 ἐκείνων

281 5281 628 5350 παρανομίαν
654 5283 746 5335 καὶ
767 5282 868 5352 τῆς
885 5283 986 5352 γῆς
1003 5282 1099 5354 τὴν
1115 5284 1356 5356 γαστέρα
1370 5302 1444 5355 πη
1452 5283 1653 5356 ρώσας,
1668 5286 1761 5338 καὶ
1777 5302 1942 5338 κατα-

281 5362 457 5420 λιπὼν
507 5367 806 5438 ὑπόμνημα
852 5369 1094 5439 διηνεκὲς
1130 5374 1249 5436 ταῖς
1297 5371 1434 5443 μετὰ
1487 5371 1657 5426 ταῦτα
1704 5374 1937 5441 γενεαῖς,

281 5450 421 5505 ὥστε
455 5453 529 5524 μὴ
555 5457 668 5518 τοῖς
697 5455 879 5519 αὐτοῖς
907 5457 1224 5530 ἐπιχειρεῖν,
1262 5458 1348 5512 ἵνα
1377 5458 1454 5531 μὴ
1477 5461 1588 5524 τοῖς
1625 5459 1808 5525 αὐτοῖς
1839 5476 1940 5512 πε-

344 5604 372 5671 _‘
394 5604 590 5671 ᾼίῖηυοι
611 5619 724 5654 mss.
749 5607 1051 5671 παραλαϐών,

343 5663 371 5708 δ
392 5663 626 5717 Scx'mss.
653 5675 734 5727 τῆς
761 5663 909 5724 αἰτίας
931 5671 1012 5728 τήν
1033 5669 1258 5720 ἐπίτασιν.

1362 304 1424 359 IN
1458 305 1614 364 CAP.
1655 301 1822 362 XVIII
1857 299 2098 357 GENES.
2143 300 2375 357 1101111..
2415 301 2569 356 XLII.

3588 303 3691 356 393

2041 417 2325 490 ριπέσωσι.
2377 420 2488 472 Καὶ
2519 418 2694 484 ἔξεστι
2733 417 2810 486 τῷ
2874 414 3177 486 βουλομένῳ
3222 415 3302 478 είς
3332 417 3457 479 τοὺς
3497 418 3691 482 τόπους

2041 514 2388 585 ἀφικνεῖσθαι
2417 515 2677 576 ἐκείνους,
2709 513 2802 565 καὶ
2823 513 2954 583 όρᾷν
3003 509 3192 581 αὐτὴν,
3242 510 3318 573 ὡς
3363 511 3557 579 είπεῖν,
3591 513 3690 584 τὴν

2038 610 2143 680 γῆν
2171 609 2378 678 βοῶσαν
2406 608 2501 663 καὶ
2536 607 2882 662 δεικνύουσαν
2911 606 3009 677 τῆς
3031 605 3300 677 τιμωρίας
3323 607 3392 661 τά
3422 607 3564 680 ῐχνη,
3595 611 3689 663 καὶ

2045 704 2183 775 μετὰ
2215 703 2482 757 τοσούτων
2504 703 2639 756 ἐτῶν
2669 701 2921 773 ἀριθμὸν,
2959 700 3035 764 ὡς
3078 701 3203 771 χθὲς
3234 701 3330 757 καὶ
3378 702 3570 774 πρώην
3594 705 3690 756 ἐπ·-

1970 845 1986 850 ..
2035 798 2292 870 αχθείσης
2321 799 2420 870 τῆς
2446 797 2734 869 τιμωρίας,
2756 796 2897 850 οὕτω
2922 798 3235 869 καταφανὴς
3262 798 3295 869 ἡ
3321 797 3688 868 ἀγανάκτησις

2036 894 2324 950 δείκνυται.
2366 895 2443 947 Δι’
2473 895 2521 959 ὃ,
2563 892 2862 964 παρακαλῶ
2887 935 2902 959 ,
2938 892 2997 956 ἐξ
3041 886 3113 946 ὧν
3151 893 3327 965 ἕτεροι
3382 894 3479 964 τὴν
3534 894 3690 966 δίκην

2040 991 2226 1045 ἔδοσαν
2283 992 2443 1062 ἡμεῖς
2475 986 2958 1060 σωφρονιζώμεθα.
2976 989 3114 1040 Ἀλλ’
3148 989 3276 1052 ἴσως
3303 990 3442 1043 εῖποι
3468 1007 3552 1054 τις
3581 991 3647 1045 ἄν
3669 1007 3685 1023 ⁸
3756 1013 3758 1015 ·

2040 1088 2106 1140 Τί
2142 1084 2263 1152 οὗν;
2302 1085 2488 1156 ἐπειδὴ
2503 1086 2698 1138 ἐκεῖνοι
2725 1083 2895 1146 οὓτως
2924 1083 3310 1154 ἐκολάσθησαν,
3338 1086 3439 1138 οὐκ
3459 1085 3565 1138 είσὶ
3595 1086 3691 1138 καὶ

2035 1180 2129 1234 νῦν
2181 1180 2368 1233 πολλοὶ
2394 1179 2462 1233 τὰ
2513 1178 2652 1232 αὺτά
2697 1177 2923 1240 ἐκείνοις
2973 1177 3435 1248 παρανομοῦντες,
3483 1179 3576 1232 καὶ
3612 1178 3688 1250 μὴ

2037 1273 2384 1344 κολαζόμενοι
2410 1289 2424 1338 ;
2489 1273 2627 1326 Ναί·
2671 1271 2806 1326 άλλά
2834 1270 2991 1326 τοῦτο
3021 1271 3221 1342 μᾶλλον
3257 1272 3522 1343 τιμωρίαν
3550 1289 3688 1344 προ-

2037 1374 2247 1444 ξενήσει
2274 1383 2296 1412 ο
2327 1374 2437 1435 τοῖς
2458 1369 2679 1424 τοιαῦτα
2705 1369 3101 1441 παρανομοῦσι.
3122 1371 3290 1424 Ὅταν
3318 1369 3427 1440 γὰρ
3462 1370 3596 1442 μήτε
3624 1370 3690 1423 ἐκ

2033 1465 2142 1518 τῶν
2185 1466 2264 1528 είς
2300 1466 2540 1528 ἐκείνους
2583 1461 3006 1534 συμϐεϐηκότων
3034 1459 3510 1534 σωφρονιζώμεθα,
3549 1462 3686 1533 μήτε

2035 1558 2142 1612 ἀπὸ
2162 1558 2261 1626 τῆς
2280 1557 2658 1629 μακροθυμίας
2685 1555 2777 1610 τοῦ
2812 1555 2944 1610 Θεοῦ
2967 1555 3333 1627 κερδαίνωμέν
3355 1555 3688 1622 τι,ἐννόησον

2033 1644 2126 1697 καὶ
2141 1645 2287 1707 ὅπως
2301 1645 2474 1697 ἐκεῖνο
2488 1643 2549 1696 τὸ
2563 1642 2820 1698 ἄσϐεστον
2836 1643 2949 1712 πῦρ
2980 1641 3330 1713 σφοδρότερον
3355 1642 3563 1704 ἑαυτοῖς
3589 1641 3691 1694 ὑπ-

2033 1732 2380 1804 ανάπτωμεν,
2393 1733 2590 1787 καὶτὸν
2605 1732 2858 1804 σκώληκα
2875 1732 3068 1804 πικρὸν
3090 1731 3464 1803 ἐργαζώμεθα.
3485 1730 3690 1795 Ἄλλως

2031 1820 2108 1882 δέ,
2125 1821 2312 1892 ἐπειδὴ
2329 1819 2512 1873 πολλοὶ
2524 1819 2611 1873 διὰ
2632 1819 2732 1890 τὴν
2749 1819 2842 1873 τοῦ
2858 1819 2990 1872 Θεοῦ
3010 1819 3166 1890 χάριν
3189 1819 3293 1871 είσὶ
3311 1817 3459 1890 [451]
3483 1819 3574 1872 καὶ
3595 1818 3690 1871 νῦν

2031 1908 2295 1978 ἐνάρετοι,
2309 1907 2576 1960 δυσωπεῖν
2589 1906 2873 1976 δυνάμενοι
2888 1905 2980 1958 τὸν
2996 1905 3288 1975 Δεσπότην,
3303 1903 3550 1974 καθάπερ
3571 1903 3690 1956 τότε

2033 1995 2062 2047 6
2093 1994 2468 2064 πατριάρχηςο
2494 1993 2542 2045 εί
2567 1993 2661 2046 καὶ
2688 1993 2846 2062 ἡμεῖς
2875 1993 2938 2044 ἐκ
2961 1989 3054 2044 τοῦ
3086 1990 3153 2044 τά
3180 1991 3300 2044 καθ’
3316 1989 3540 2052 ἑαυτοὺς
3561 2005 3690 2042 σκο-

2038 2083 2179 2144 πεῖν,
2212 2081 2474 2148 καὶπρὸς
2500 2080 2600 2150 τὴν
2653 2079 2926 2150 ῥαθυμίαν
2974 2078 3184 2148 ἀφορᾷν
3243 2078 3342 2148 τὴν
3387 2076 3690 2146 ἡμετέραν,

2038 2167 2334 2237 νομίζομεν
2361 2165 2562 2236 πολλὴν
2585 2163 2724 2218 εἶναι
2751 2166 2850 2236 τὴν
2897 2164 3093 2219 σπάνιν
3142 2163 3244 2234 τῆς
3268 2163 3469 2234 ἀρετῆς
3487 2180 3503 2196 ο
3541 2164 3691 2232 ὅμως

2035 2253 2126 2306 διά
2154 2254 2254 2324 τὴν
2280 2253 2500 2306 ἐκείνων
2526 2251 2726 2323 ἀρετὴν
2755 2253 2854 2323 τὴν
2885 2253 3010 2321 περὶ
3045 2250 3266 2315 τούτους
3315 2249 3692 2320 μακροθυμίαν

2037 2341 2424 2393 ἐπιδείκνυται.
2453 2339 2562 2392 Καὶ
2585 2339 2670 2392 ἴνα
2700 2338 2876 2409 μάθῃς
2904 2339 2985 2390 ὅτι
3031 2339 3065 2408 ὴ
3102 2337 3210 2390 τῶν
3245 2335 3500 2389 τοιούτων
3549 2337 3693 2407 παῤ-

2039 2426 2201 2496 ρησία
2228 2426 2327 2494 τῆς
2354 2425 2733 2498 μακροθυμίας
2757 2425 2887 2494 ἡμῖν
2911 2423 3169 2494 πρόξενος
3205 2421 3435 2490 γίνεται,
3461 2421 3692 2474 ἄκουσον

2034 2511 2092 2577 ἐξ
2121 2511 2292 2580 αὐτῆς
2313 2511 2518 2582 ταύτης
2530 2511 2630 2581 τῆς
2652 2509 2908 2581 ἱστορίας,
2933 2508 2986 2560 τί
3009 2524 3142 2577 φησι
3159 2507 3293 2578 πρὸς
3319 2505 3408 2560 τὸν
3432 2505 3693 2578 πατριάρ-

2033 2615 2154 2669 χην,
2180 2599 2260 2652 ὅτι
2305 2598 2446 2651 Ἐὰν
2473 2596 2618 2650 δέκα
2657 2596 2928 2660 δικαίους
2960 2595 3131 2661 εὕρω,
3170 2594 3242 2648 οὐ
3265 2591 3354 2661 μὴ
3411 2590 3693 2646 ἀπολέσω

2034 2683 2150 2752 τὴν·
2169 2686 2368 2738 πόλιν.
2401 2683 2509 2736 Καὶ
2528 2683 2580 2735 τί
2605 2683 2747 2751 λέγω
2779 2681 2909 2735 δέκα
2945 2680 3216 2744 δικαίους;
3261 2676 3451 2740 Οὐδεὶς
3492 2677 3690 2748 εὑρέθη

2038 2774 2155 2824 ἐκεῖ
2175 2775 2273 2842 τῆς
2295 2771 2636 2842 παρανομίας
2661 2768 2835 2831 ἐκτὸς,
2874 2769 2921 2820 εί
2947 2768 3021 2837 μὴ
3052 2767 3206 2836 μόνος
3240 2765 3362 2820 Λὼτ
3393 2767 3420 2818 ό
3466 2764 3690 2827 δίκαιος,

2039 2860 2132 2911 καὶ
2163 2860 2218 2910 αἱ
2240 2858 2428 2910 τούτου
2470 2857 2563 2909 δύο
2611 2856 2927 2925 θυγατέρες.
2990 2856 3053 2907 Ἦ
3085 2853 3193 2924 γὰρ
3223 2851 3360 2922 γυνὴ
3416 2852 3483 2904 δι’
3533 2852 3693 2904 αὐτὸν

2039 2947 2169 3008 ἴσως
2191 2944 2288 3014 τὴν
2317 2947 2373 2998 ἐν
2401 2947 2466 3014 τῇ
2491 2944 2644 2996 πόλει
2670 2943 2939 3014 τιμωρίαν
2963 2940 3315 3010 διαφυγοῦσα,
3346 2939 3566 3008 ὕστερον
3594 2937 3692 3006 τὴν

2037 3030 2192 3099 δίκην
2243 3029 2409 3081 ἔδωκε
2463 3029 2527 3080 δι’
2578 3028 2785 3081 οίκείαν
2839 3026 3129 3098 ῥᾳθυμίαν.
3184 3025 3320 3077 Νυνὶ
3354 3024 3411 3077 δὲ
3443 3023 3532 3076 διὰ
3593 3023 3692 3091 τὴν

2039 3117 2242 3185 ἄφατον
2275 3115 2369 3168 τοῦ
2400 3115 2533 3168 Θεοῦ
2557 3113 2746 3184 φιλανθ
2758 3114 2985 3184 ρωπίαν,
3020 3110 3206 3180 ἐπειδὴ
3234 3109 3473 3163 ἐπέδωκε
3496 3107 3565 3161 τὰ
3594 3108 3694 3177 τῆς

2041 3203 2339 3265 εὐσεϐείας,
2373 3201 2556 3254 πολλοὶ
2588 3202 2681 3253 καὶ
2711 3203 2768 3252 ἐν
2802 3199 2992 3269 μέσαις
3029 3201 3148 3260 ταῖς
3179 3197 3362 3250 πόλεσι
3401 3195 3693 3250 λανθάνον-

2039 3291 2130 3354 τές
2160 3293 2285 3354 εἰσι,
2342 3289 2627 3360 δυνάμενοι
2660 3289 2929 3342 δυσωπεῖν
2975 3287 3064 3340 τὸν
3115 3286 3266 3350 Θεὸν,
3319 3285 3416 3339 καὶ
3447 3285 3506 3336 ἐν
3543 3282 3694 3352 ὄρεσι

2039 3379 2133 3431 καὶ
2164 3377 2446 3448 σπηλαίοις
2471 3376 2667 3448 ἕτεροι,
2705 3375 2799 3428 καὶ
2831 3376 2864 3442 ἡ
2893 3373 3001 3426 τῶν
3048 3373 3243 3441 ὀλίγων
3291 3369 3495 3423 τούτων
3524 3367 3694 3438 ἀρετὴ

2039 3463 2134 3534 τὴν
2163 3463 2278 3516 τῶν
2315 3463 2523 3516 πολλῶν
2576 3462 2772 3515 κακίαν
2833 3459 3146 3529 ἀποκρύψαι
3199 3457 3418 3511 δύναται
3455 3472 3468 3486 ο
3505 3453 3692 3523 ἐπειδὴ

2039 3550 2208 3621 πολλὴ
2246 3551 2342 3603 τοῦ
2366 3547 2637 3603 Δεσπότου
2663 3550 2696 3618 ἡ
2727 3547 3022 3616 ἀγαθότης,
3065 3545 3161 3599 καὶ
3199 3544 3456 3606 πολλάκις
3484 3539 3592 3594 οἶδε
3625 3540 3692 3593 δι’

2037 3638 2251 3706 ὀλίγους
2275 3639 2512 3700 δικαίους
2537 3637 2643 3689 τῶν
2669 3635 2878 3689 πολλῶν
2907 3633 3225 3705 χαρίζεσθαι
3256 3632 3356 3702 τὴν
3401 3628 3692 3698 σωτηρίαν.

2037 3726 2148 3779 Καὶ
2175 3725 2227 3777 τί
2259 3724 2400 3792 λέγω
2427 3722 2495 3776 δι’
2524 3723 2737 3790 ὀλίγους
2784 3722 3060 3787 δικαίους;
3097 3718 3380 3780 Πολλάκις,
3438 3717 3566 3769 ὃταν
3618 3713 3693 3784 μὴ

2040 3811 2238 3881 εὑρεθῇ
2265 3813 2321 3863 ἐν
2350 3809 2426 3878 τῷ
2449 3809 2674 3877 παρόντι
2708 3807 2807 3876 βίῳ
2831 3807 3058 3870 δίκαιος,
3078 3803 3167 3857 διά
3193 3804 3291 3874 τὴν
3316 3803 3426 3854 τῶν
3455 3801 3695 3854 τετελευ-

2039 3897 2281 3966 τηκότων
2303 3896 2502 3966 ἀρετὴν
2532 3894 2640 3946 τῶν
2681 3891 2896 3955 ζώντων
2938 3891 3183 3962 κήδεται,
3220 3889 3315 3943 καὶ
3343 3889 3441 3959 βοᾷ
3469 3887 3641 3956 λέγων
3675 3902 3690 3915 ·

2051 3983 2416 4052 Ὑπερασπιῶ
2459 3983 2569 4049 τῆς
2608 3983 2840 4047 πόλεως
2880 3981 3102 4047 ταύτης
3147 3979 3220 4032 δι’
3256 3978 3362 4048 ἐμὲ
3381 4017 3396 4041 ,
3448 3978 3548 4030 καί
3595 3976 3693 4029 διὰ

2039 4071 2219 4125 Δαυῒδ
2242 4072 2349 4124 τόν
2367 4069 2548 4123 παῖδά
2570 4086 2708 4138 μου.
2739 4067 2800 4120 Et
2822 4067 2916 4120 καὶ
2944 4067 3115 4129 αὐτοὶ,
3143 4065 3327 4136 φησὶν,
3351 4063 3555 4130 ἀνάξιοί
3585 4063 3692 4115 είσι

2037 4157 2134 4211 τοῦ
2165 4156 2453 4220 σώζεσθαι,
2486 4157 2578 4209 καὶ
2607 4155 2862 4225 οὐδεμίαν
2891 4152 3144 4224 ἀφορμὴν
3185 4151 3365 4222 έχουσι
3398 4149 3690 4222 σωτηρίας,

2040 4244 2154 4298 ἀλλ’
2194 4243 2381 4314 ἐπειδὴ
2419 4242 2480 4295 τὸ
2532 4237 3073 4311 φιλανθρωπεύεσθαι
3123 4236 3348 4307 σύνηθες
3401 4235 3543 4306 ἐμοὶ,
3598 4235 3694 4287 καὶ

2041 4331 2168 4402 περὶ
2192 4329 2252 4382 τὸ
2279 4329 2448 4381 ἐλεεῖν
2472 4330 2586 4398 είμι
2618 4328 2854 4397 ἕτοιμος,
2886 4326 2980 4379 καὶ
2999 4323 3326 4393 ἐξαρπάζειν
3345 4321 3454 4376 τῶν
3482 4321 3690 4383 δεινῶν,

2039 4417 2104 4469 δι’
2134 4415 2367 4486 ἐμαυτὸν
2400 4417 2607 4485 ποιήσω
2637 4415 2728 4467 καὶ
2754 4413 2842 4466 διὰ
2867 4412 2956 4464 τὸν
2984 4410 3149 4465 παῖδά
3195 4427 3293 4480 μου
3339 4407 3500 4464 Δαυῗδ
3522 4407 3693 4477 ὑπερ-

2041 4503 2313 4572 ασπισμόν
2342 4519 2354 4532 ·
2415 4503 2508 4554 καὶ
2531 4502 2560 4553 6
2599 4501 2706 4570 πρὸ
2745 4499 3014 4553 τοσούτων
3043 4498 3177 4551 ἐτῶν
3226 4495 3319 4549 τοῦ
3366 4494 3481 4564 βίου
3539 4510 3697 4564 μετα-

2043 4590 2194 4652 στὰς,
2219 4584 2368 4650 οὗτος
2395 4587 2564 4649 αἴτιος
2588 4589 2686 4656 τῆς
2742 4585 3012 4656 σωτηρίας
3045 4584 3252 4652 γίνεται
3286 4585 3400 4644 τοῖς
3456 4580 3562 4634 ὑπὸ
3589 4579 3690 4648 τῆς

2040 4677 2245 4739 οἰκείας
2283 4674 2551 4746 ῥᾳθυμίας
2609 4673 3037 4744 προδεδομένοις.
3090 4665 3241 4731 Εἶδες
3285 4663 3694 4736 φιλανθρωπίαν

2041 4764 2332 4826 Δεσπότου,
2361 4762 2478 4824 πῶς
2503 4763 2640 4832 τιμᾷ
2663 4760 2789 4822 τοὺς
2827 4760 2883 4811 ἐν
2908 4759 3074 4828 ἀρετῇ
3108 4754 3508 4824 διαλάμποντας
3534 4767 3549 4781 ⁸
3576 4749 3694 4814 πῶς

2040 4853 2236 4914 αὐτοὺς
2261 4848 2567 4921 προτίθησι,
2626 4847 2721 4900 καὶ
2749 4843 3027 4908 ἀνταξίους
3080 4841 3318 4895 δείκνυσι
3371 4837 3568 4900 παντὸς
3596 4836 3693 4890 τοῦ

2043 4939 2279 5010 πλήθους
2313 4955 2330 5002 ;Δ
2351 4937 2447 4989 Διά
2480 4934 2635 4988 τοῦτο
2667 4933 2762 4986 καὶ
2795 4931 3008 4994 Παῦλος
3041 4929 3230 4997 ἔλεγε-ο
3255 4925 3585 4995 Περιῆλθον
3625 4927 3696 4977 ἐν

2034 5025 2358 5096 μηλωταῖς,
2383 5024 2453 5077 ἐν
2479 5021 2721 5090 αἰγείοις
2754 5018 3062 5087 δέρμασιν,
3092 5015 3535 5084 ὑστερούμενοι,
3570 5015 3697 5068 θλι-

2042 5118 2296 5184 ϐόμενοι,
2339 5110 2826 5179 κακουχούμενοι,
2847 5103 2934 5162 ὧν
2951 5108 3064 5162 οὐκ
3091 5103 3171 5176 ἦν
3198 5105 3368 5171 ἄξιος
3385 5107 3420 5159 ό
3444 5105 3693 5172 κόσμος.

1992 5226 1999 5232 ·
2042 5194 2210 5263 Οὗτος
2239 5199 2401 5263 ἄπας,
2437 5197 2620 5267 φησὶν,
2653 5197 2682 5248 6
2720 5195 2942 5264 κόσμος,
2990 5194 3019 5245 6
3047 5192 3187 5246 κατὰ
3227 5193 3325 5260 τὴν
3365 5187 3694 5258 οἰκουμένην

2043 5291 2283 5352 ἃπασαν,
2309 5287 2412 5338 οὑκ
2435 5283 2499 5337 ἂν
2524 5284 2609 5354 εἴη
2643 5282 2943 5345 ἰσοστάσιος
2962 5280 3166 5334 τούτων
3190 5277 3298 5332 τῶν
3344 5277 3402 5329 ἐν
3456 5274 3692 5343 θλίψεσιν

2042 5376 2149 5428 τῶν
2182 5378 2238 5428 ἐν
2271 5373 2607 5443 κακουχίαις,
2651 5369 2759 5423 τῶν
2804 5367 3272 5440 γυμνητευόντων,
3310 5363 3420 5416 τῶν
3451 5361 3694 5434 περιιόν-

2043 5481 2171 5529 των,
2202 5461 2308 5515 τῶν
2341 5462 2397 5514 ἐν
2422 5458 2704 5529 σπηλαίοις
2721 5457 3014 5525 διαγόντων
3034 5453 3120 5508 διὰ
3156 5453 3247 5507 τὸν
3275 5450 3428 5504 Θεόν.

2106 5612 2126 5640 ε
2154 5608 2303 5658 Savil.
2355 5614 2408 5656 et
2429 5611 2638 5668 quatuor
2673 5619 2785 5654 mss.
2829 5604 2949 5652 ἀλλὰ
2994 5617 3135 5650 τουτο
3163 5599 3332 5648 αᾶλλοκ
3373 5597 3564 5645 πλείονα
3584 5593 3694 5656 ἡμῖν

2043 5673 2123 5730 τὴν
2145 5671 2342 5732 ἀγωνίαν
2366 5667 2619 5726 ἐμποιῆσαι
2640 5667 2903 5725 δυνήσεται.
