4150 6276
431 308 538 367 393

497 423 746 484 ς’.”οταν
777 418 869 479 οὖν
898 424 1032 496 ίδῃς,
1053 426 1323 498 ἀγαπητὲ,
1343 428 1510 498 ἀνδρα
1530 428 1746 491 εὐτελὲς
1774 430 1872 500 μὲν
1902 430 2085 500 σχῆμα

425 506 622 573 ἔξωθεν
652 513 1050 582 περικείμενον,
1076 513 1276 585 ἀρετὴν
1299 514 1355 566 δέ
1371 514 1580 567 ἔνδοθεν
1601 514 2086 585 περιϐεϐλημένον,

430 594 503 662 μὴ
529 594 871 668 ὲξευτελίσῃς
897 599 1084 652 τοῦτον
1112 599 1200 652 διὰ
1240 600 1302 652 τὸ
1341 601 1686 670 φαινόμενον,
1706 599 1841 653 ἀλλὰ
1865 601 1954 653 τὸν
1986 601 2086 671 τῆς

423 679 600 750 ψυχῆς
628 681 855 736 πλοῦτον
881 684 1285 755 καταμάνθανε,
1303 687 1399 738 καὶ
1424 687 1521 756 τὴν
1540 685 1684 739 ἔνδον
1707 687 2081 758 περιφάνειαν,

426 767 524 816 καὶ
551 766 670 819 τότε
700 768 818 838 ὄψει
845 771 1177 840 πανταχόθεν
1204 771 1303 843 τὴν
1319 774 1518 844 ἀρετήν
1541 772 1882 842 λάμπουσαν.
1901 771 2086 825 Τοιοῦ-

424 868 513 914 τος
551 849 617 923 ἦν
654 855 682 906 6
722 856 992 928 μακάριος
1055 859 1238 923 Ἠλίας
1263 877 1276 890 ·
1331 859 1582 929 μηλωτὴν
1620 858 1778 928 μόνον
1823 855 1955 928 εἶχε,
1989 859 2086 912 καὶ

423 938 452 988 6
485 941 583 1010 τὴν
615 944 918 1013 πορφυρίδα
967 945 1431 1016 περιϐεϐλημένος
1485 944 1686 1013 Ἀχαάϐ
1724 945 1821 1015 τῆς
1871 944 2079 1000 ἐκείνου

427 1025 678 1096 μηλωτῆς
698 1029 886 1082 ἐδεῖτο.
912 1027 1070 1093 Εἶδες
1108 1031 1204 1084 106
1247 1032 1344 1102 μὲν
1385 1031 1588 1101 Ἀχαάϐ
1622 1032 1721 1102 τὴν
1747 1033 1958 1097 πενίαν,
1985 1032 2078 1086 τοῦ

419 1111 478 1164 δέ
520 1113 670 1166 Ἠλία
700 1116 793 1169 τὸν
817 1117 1076 1184 πλοῦτον;
1105 1119 1244 1188 Ὅρα
1277 1118 1373 1171 κα.)⁵
1413 1119 1513 1188 τῆς
1538 1119 1818 1189 δυνάμεως
1844 1120 1968 1173 ὅσον
2019 1120 2080 1174 16

423 1197 606 1265 μέσον.
659 1202 726 1254 Ἥ
762 1203 985 1274 μηλωτὴ
1028 1203 1220 1258 τούτου
1254 1204 1344 1258 τὸν
1378 1205 1605 1277 ούρανὸν
1635 1207 1947 1259 ἀπέκλεισε·
1971 1207 2080 1261 τῶν

421 1285 591 1338 ὑετῶν
641 1287 835 1359 ἔστησε
880 1289 978 1360 τὴν
1011 1292 1204 1362 φορὰν,
1233 1291 1328 1345 καὶ
1369 1293 1402 1362 ή
1429 1293 1650 1360 γλῶσσα
1682 1291 1776 1347 106
1800 1295 2077 1365 προφήτου

419 1373 634 1440 χαλινὸς
657 1377 870 1442 ἐγένετο
890 1377 968 1448 τῷ
999 1379 1234 1449 οὐρανῷ,
1263 1379 1358 1433 καὶ
1391 1381 1483 1432 ἐπὶ
1511 1380 1640 1450 τρία
1666 1380 1760 1451 ἔτη
1781 1383 1875 1434 καὶ
1906 1383 2077 1453 μῆνας

419 1459 476 1525 ἒξ
504 1461 656 1524 ὑετὸς
678 1464 776 1516 οὐκ
804 1464 1016 1532 ἐγένετο
1029 1483 1044 1497 ’
1077 1467 1170 1519 καὶ
1187 1469 1215 1520 6
1228 1467 1324 1537 τὴν
1347 1468 1635 1539 ἁλουργίδα
1653 1469 1825 1522 καὶτὸ
1841 1469 2077 1541 διάδημα

420 1549 796 1618 περικείμενος
834 1554 1048 1624 περιῄει
1070 1552 1220 1626 [452]
1243 1556 1333 1609 τὸν
1359 1558 1643 1628 προφήτην
1672 1556 2074 1628 .ῑ;πιί;ητι“ἱ›ν,κ.ςιλ¹

416 1634 566 1688 οὐδὲν
593 1636 886 1708 δυνάμενος
929 1641 1182 1711 κερδᾶναι
1215 1643 1281 1696 ἐκ
1314 1643 1412 1714 τῆς
1436 1645 1706 1714 τοσαύτης
1736 1646 2069 1710 δυναστείας.

429 1720 566 1774 Ἀλλ’
597 1723 698 1794 ὅρα
735 1728 1005 1781 Δεσπότου
1046 1729 1474 1802 φιλανθρωπίαν.
1526 1733 1740 1805 Ἐπειδὴ
1777 1731 1918 1788 εἶδεν
1964 1736 2074 1790 ἀπὸ

415 1808 579 1878 ζήλου
620 1813 710 1864 καὶ
739 1813 936 1885 πολλῆς
979 1815 1309 1887 θερμότητος
1335 1818 1425 1872 τὸν
1453 1821 1738 1891 προφήτην
1761 1821 2070 1893 κινηθέντα,

416 1895 508 1945 καὶ
549 1895 646 1967 τὴν
697 1899 938 1972 μεγάλην
979 1901 1185 1974 ταύτην
1233 1904 1500 1974 τιμωρίαν
1547 1907 1899 1975 ἐπαγαγόντα
1933 1910 2074 1962 κατὰ

414 1981 594 2052 πάσης
619 1985 716 2054 τῆς
745 1989 864 2056 γῆς,
907 1987 1048 2042 ὥστε
1092 1990 1168 2062 μὴ
1199 1991 1294 2044 καὶ
1329 1990 1490 2045 αὑτὸν
1528 1993 1930 2048 συναπολαῢσαι
1974 1999 2071 2068 τῆς

411 2071 698 2140 τιμωρίας,
749 2074 842 2127 καὶ
880 2075 1080 2144 ὁμοίως
1105 2077 1170 2147 τῇ
1208 2077 1433 2134 ἐκείνων
1465 2080 1701 2151 πονηρίᾳ
1724 2080 2070 2150 κολάζεσθαι,

411 2157 546 2224 φησὶ
564 2157 698 2228 πρὸς
720 2159 896 2213 αὐτόν’
917 2162 1208 2231 Ἐγερθεὶς
1227 2166 1543 2234 πορεύθητι
1565 2169 1654 2234 εις
1676 2170 1949 2236 Σαρεπτὰ
1964 2169 2074 2238 τῆς

411 2243 718 2311 Σιδωνίας.
763 2247 918 2301 Ἐκεῖ
962 2249 1073 2317 γὰρ
1104 2251 1458 2322 ἐντελοῦμαι
1485 2254 1723 2323 γυναικὶ
1762 2255 1918 2324 χήρᾳ
1963 2259 2071 2312 τοῦ

411 2328 748 2398 διατρέφειν
792 2346 886 2385 σε.
934 2334 1043 2388 Καὶ
1100 2337 1369 2403 ἀναστὰς
1413 2338 1726 2406 ἐπορεύθη.
1779 2342 1923 2411 Ὅρα
1975 2343 2068 2396 106

412 2415 726 2485 ιΙνεύματος
778 2419 876 2488 τὴν
905 2419 1087 2490 χάριν,
1121 2423 1392 2493 ἀγαπητέ.
1435 2425 1544 2479 Καὶ
1578 2425 1688 2497 γὰρ
1717 2427 1812 2479 καὶ
1841 2428 1969 2498 χθὲς
1990 2433 2070 2492 είς

411 2501 708 2568 φιλοξενίαν
736 2504 913 2575 ήμῖνίὸ
937 2507 1093 2574 λόγος
1109 2508 1252 2572 άπας
1275 2511 1556 2582 κατέληξε,
1581 2513 1675 2566 καὶ
1703 2515 2068 2585 σήμερονίδοὺ

411 2588 444 2656 ὴ
474 2589 748 2655 φιλόξενος
771 2591 910 2662 αὕτη
961 2594 1108 2666 χήρα
1152 2597 1234 2658 είς
1267 2597 1420 2662 τέλος
1454 2600 1588 2669 ἡμῖν
1617 2599 1771 2670 ἀγειν
1791 2600 1881 2654 τὸν
1912 2601 2068 2672 λόγον

405 2675 609 2742 ’μέλλει
636 2678 744 2731 Καὶ
780 2681 1159 2749 παρεγένετο,
1194 2683 1348 2753 φησὶ,
1390 2686 1540 2754 πρὸς
1575 2687 1692 2756 τὴν
1723 2687 1936 2756 χήραν,
1969 2689 2069 2744 καὶ

405 2759 584 2829 εὗρεν
635 2765 828 2834 αὐτὴν
880 2770 1313 2839 συλλέγουσαν
1355 2773 1534 2838 ξύλα,
1586 2776 1689 2828 καί
1725 2792 1875 2844 φησι
1918 2778 2068 2845 πρὸς

405 2851 618 2919 αὑτήν·
656 2855 767 2920 Δός
777 2873 878 2925 μοι
907 2859 1125 2924 μικρὸν
1168 2859 1346 2929 ὕδωρ,
1394 2862 1492 2916 καί
1527 2863 1753 2933 πίομαι.
1792 2863 1855 2917 Ἡ
1877 2865 1932 2918 δὲ
1963 2866 2067 2918 ὑπ·-

408 2938 629 3006 ήκουσε.
650 2943 762 2994 Καί
805 2957 954 3011 φησι
993 2945 1143 3014 πρὸς
1193 2947 1388 3016 αὐτὴν
1425 2948 1631 3004 πάλιν·
1663 2952 1930 3019 Ποίησόν
1965 2972 2067 3022 μοι

407 3025 752 3095 ἐγκρυφίας,
783 3031 883 3084 καί
912 3032 1190 3103 φάγομαι.
1237 3036 1300 3088 Ἦ
1325 3036 1379 3088 δὲ
1413 3036 1594 3090 λοιπὸν
1620 3038 1949 3093 ἐκκαλύπτει
1968 3041 2067 3094 αύο

405 3113 504 3181 τῆς
532 3113 628 3184 τὴν
655 3115 1099 3188 ὑπερϐάλλουσαν
1151 3123 1364 3186 πενίαν,
1404 3124 1603 3194 μᾶλλον
1631 3127 1689 3180 δὲ
1711 3127 1804 3180 τὸν
1859 3129 2067 3197 ἄφατον

407 3199 656 3253 πλοῦτον*
681 3203 714 3272 ή
738 3203 846 3274 γάρ
865 3205 967 3274 τῆς
989 3205 1177 3272 πενίας
1207 3208 1456 3274 ἐπίτασις
1475 3211 1682 3266 ἐδείκνυ
1716 3214 1810 3267 τοῦ
1833 3215 2064 3269 πλούτου

404 3288 467 3340 16
506 3289 754 3356 μέγεθος.
803 3293 868 3344 Ἠ
891 3293 951 3345 δέ
983 3311 1168 3363 φησιν·
1198 3299 1319 3349 Οὐκ
1346 3299 1478 3352 ἐστι
1505 3299 1582 3367 τῇ
1601 3301 1790 3369 δούλῃ
1845 3317 1984 3366 σου,
2013 3307 2066 3358 εί

401 3376 487 3444 μὴ
514 3376 663 3443 ὃρὰξ
685 3379 966 3447 ἀλεύρου,
984 3381 1083 3435 καί
1109 3383 1316 3451 ὀλίγον
1335 3384 1542 3440 ἔλαιον
1557 3387 1627 3440 ἐν
1650 3387 1729 3452 τῷ
1753 3391 2061 3460 καμψάκῃ,

406 3462 506 3516 καὶ
535 3464 839 3532 ραγόμεθα
870 3466 983 3534 ἐγώ
1015 3484 1080 3521 τε
1110 3469 1303 3524 καὶτὰ
1336 3471 1560 3535 παιδία,
1603 3474 1701 3528 καὶ
1727 3475 2063 3532 ἀποθανούσ-

401 3551 572 3615 μεθα.
613 3549 848 3604 Ἐλεεινὰ
879 3552 949 3606 τὰ
982 3555 1223 3624 ῥήματα,
1253 3557 1349 3610 καὶ
1387 3558 1557 3630 αὑτὴν
1589 3559 1797 3633 λιθίνην
1829 3563 2006 3635 ψυχὴν
2033 3579 2059 3608 ι

408 3635 570 3688 ἱκανὰ
597 3638 924 3708 ἐπικάμψαι.
965 3641 1205 3712 Οὐδεμία
1246 3643 1449 3710 λοιπὸν,
1488 3649 1673 3718 φησιν,
1720 3649 1872 3704 ἔσται
1905 3653 2060 3718 ἐλπὶς

407 3723 696 3811 σωτηρίας.
727 3725 848 3779 Ἐπὶ
875 3726 1062 3797 θύραις
1082 3728 1149 3782 16
1169 3730 1262 3782 106
1299 3730 1547 3788 θανάτου.
1565 3735 1734 3789 Τοῦτο
1752 3738 1910 3806 μόνον
1931 3741 2060 3811 ήμῖν

407 3809 788 3865 ὑπολέλειπται
811 3814 948 3884 πρὸς
975 3814 1140 3886 ζωὴν,
1173 3816 1202 3868 ὃ
1239 3818 1395 3888 μόλις
1421 3819 1647 3890 ἀρκέσει
1673 3824 1796 3893 ἐμοὶ
1826 3825 1918 3878 καὶ
1949 3809 2062 3892 τοῖς

404 3897 654 3961 παιδίοις.
701 3897 878 3971 Ὅπερ
909 3896 977 3971 ἦν
1004 3919 1093 3972 μοι
1125 3901 1370 3970 δυνατὸν,
1409 3907 1704 3980 πεποίηκα*
1744 3910 1838 3964 τοῦ
1871 3911 2061 3978 ὕδατος

405 3985 703 4052 μετέδωκα.
753 3987 892 4040 Ἀλλ’
908 3989 994 4042 ἵνα
1021 3989 1278 4061 μάθωμεν
1313 3995 1406 4047 καὶ
1425 3995 1523 4065 τῆς
1544 3999 1800 4063 γυναικὸς
1823 3998 1884 4053 τὸ
1909 4001 2059 4069 φιλό-

404 4069 573 4137 ξενον,
620 4074 712 4126 καὶ
742 4074 834 4127 τοῦ
879 4075 1086 4130 δικαίου
1131 4078 1228 4149 τὴν
1259 4079 1459 4151 πολλὴν
1513 4085 1847 4153 παρρησίαν,
1877 4087 1978 4157 ὅρα
2006 4090 2059 4142 τί

402 4158 628 4226 γίνεται.
671 4159 888 4229 Ἐπειδὴ
915 4160 1118 4230 ἔμαθεν
1154 4167 1182 4216 6
1213 4167 1498 4234 προφήτης
1529 4168 1710 4220 πάντα
1751 4171 1888 4239 μετὰ
1909 4173 2060 4242 ἀκρι-

401 4245 576 4309 ϐείας,
607 4246 693 4300 ἵνα
715 4247 999 4321 ἐκκαλύψῃ
1046 4252 1178 4320 ἡμῖν
1227 4251 1326 4321 τὴν
1375 4253 1578 4324 ἀρετήν
1605 4256 1705 4326 τῆς
1731 4259 1988 4324 γυναικὸς
2012 4262 2060 4330 (6

401 4331 512 4402 γὰρ
545 4331 673 4394 Θεὸς
708 4334 737 4385 6
758 4332 948 4398 εἰπὼν,
988 4335 1070 4388 ὅτι
1113 4336 1493 4407 Ἐ’ντέταλμαι
1534 4343 1770 4410 γυναικί
1799 4344 1905 4397 τοῦ
1930 4345 2058 4401 διας

402 4419 640 4486 τρέφειν
661 4435 754 4481 σε,
787 4420 947 4481 αὑτὸς
971 4417 1040 4492 ἦν
1071 4424 1099 4475 6
1129 4423 1218 4476 διὰ
1238 4424 1331 4477 τοῦ
1363 4428 1642 4498 προφήτου
1664 4430 1947 4500 ἐνεργῶν),
1967 4434 2058 4486 καί

401 4524 534 4576 φησι
559 4507 693 4576 πρὸς
725 4507 914 4577 αὑτήν⁸
932 4508 1202 4576 Ποίησον
1224 4511 1353 4579 ἐμοὶ
1373 4513 1624 4580 πρῶτον,
1654 4518 1752 4571 καὶ
1775 4519 2053 4589 φάγομαι,

400 4595 500 4648 καὶ
541 4594 674 4647 τότε
708 4594 832 4661 τοῖς
879 4595 1114 4661 τέκνοις
1159 4611 1291 4653 σου.
1353 4600 1620 4666 Ἀκούετε,
1669 4610 1942 4672 γυναῖκες,
1998 4611 2052 4663 αἱ

402 4681 615 4752 πλούτῳ
639 4681 1080 4754 περιρρεόμεναι,
1111 4683 1205 4737 καὶ
1238 4686 1316 4749 εἰς
1349 4688 1516 4754 μυρία
1563 4690 1796 4763 ἀνόνητα
1851 4711 2052 4748 καταν-

398 4768 720 4822 αλίσκουσαι
772 4770 873 4840 τὴν
917 4770 1124 4824 οἰκείαν
1190 4775 1544 4842 περιουσίαν,
1599 4779 1694 4830 καὶ
1758 4781 1876 4833 οὑδέ
1915 4784 2054 4851 μετά

398 4857 495 4925 τὴν
523 4856 727 4908 οἰκείαν
778 4856 1075 4912 ἀπόλαυσιν
1137 4860 1394 4926 πολλάκις
1457 4864 1881 4936 καταδεχόμεναι
1934 4871 2054 4923 ὀϐο-

397 4944 521 5006 λοὺς
568 4943 663 4996 δύο
709 4944 972 5015 προέσθαι
1009 4950 1122 5012 τοῖς
1173 4949 1465 5020 δεομένοις,
1509 4953 1726 5024 ἢάνδρί
1785 4973 1890 5010 τινι
1941 4959 2050 5013 τῶν

393 5031 666 5102 ἐναρέτων
697 5031 785 5084 διὰ
809 5032 901 5085 τὸν
932 5034 1062 5089 Θεὸν
1093 5037 1392 5108 πενομένῳ.
1427 5039 1574 5111 Αὕτη
1595 5041 1653 5093 δὲ
1689 5042 1839 5096 οὐδὲν
1867 5043 2050 5116 ἕτερον

397 5118 730 5189 κεκτημένη,
761 5120 794 5189 ἢ
827 5120 924 5192 τὴν
975 5121 1152 5192 δράκα
1197 5123 1289 5176 τοῦ
1345 5125 1594 5197 ἀλεύρου,
1642 5129 1737 5182 καὶ
1785 5130 2049 5200 μέλλουσα

393 5205 535 5260 κατὰ
559 5207 775 5278 μικρὸν,
805 5209 928 5261 ὅσον
958 5209 1099 5262 κατά
1146 5209 1238 5264 τὸν
1267 5211 1461 5282 ἑαυτῆς
1486 5213 1761 5285 λογισμὸν,
1785 5218 1892 5272 τῶν
1925 5221 2050 5273 παί-

389 5293 496 5346 δων
520 5293 611 5346 τόν
650 5293 880 5348 θάνατον
917 5297 1070 5366 ὁρᾷν,
1103 5296 1380 5350 ἀκούσασα
1432 5301 1583 5369 παρὰ
1618 5301 1711 5354 τοῦ
1742 5306 2043 5375 προφήτου,

389 5382 471 5433 ὅτι
517 5381 677 5450 Ἐμοί
709 5381 943 5450 πρῶτον
983 5383 1263 5450 ποίησον,
1317 5384 1417 5439 καί
1473 5387 1606 5439 τότε
1642 5389 1743 5442 σοὶ
1795 5392 2048 5461 καὶτοῖς

388 5467 651 5535 παιδίοις
704 5485 842 5531 σου,
876 5469 975 5522 οὐκ
1022 5469 1396 5540 ἐδυσχέρανεν,
1437 5474 1537 5528 οὑκ
1569 5475 1896 5546 ἡμέλλησεν,
1931 5481 2046 5533 ἀλλ’

385 5554 560 5608 ἐποίει
587 5554 647 5608 16
676 5555 987 5627 ἐπιταχθὲν,
1021 5558 1348 5613 παιδεύουσα
1372 5561 1581 5625 πάντας
1602 5564 1749 5634 ἡμᾶς
1775 5570 2047 5640 προτιμᾷν

445 5689 472 5717 ⁸
497 5687 641 5738 Cois}.
665 5691 744 5739 καὶ
768 5691 888 5741 αὐτὰ
907 5693 1080 5753 λιθίνην
1101 5698 1151 5758 ψ.
1183 5693 1334 5745 Savil.
1361 5697 1443 5744 καὶ
1468 5696 1756 5753 αὐτολιθίνην
1779 5699 1944 5761 ψυχήν.

1248 312 1304 368 S.
1338 311 1619 370 JOANNIS
1656 312 2136 370 CIIRYSOSTOMI
2167 311 2484 370 ABCIIIEP.
2511 309 3052 368 CONSTANTINOP.

3742 313 3844 367 τοι

2190 429 2289 497 τῆς
2325 431 2528 494 οἰκείας
2552 430 2909 490 ἀναπαύσεως
2929 426 3056 488 τοὺς
3088 421 3180 477 τοῦ
3211 422 3345 477 Θεοῦ
3374 422 3612 487 δούλους,
3637 427 3729 478 καὶ
3769 429 3844 496 μὴ

2191 516 2375 578 ἁπλῶς
2413 517 2774 588 παρατρέχειν
2802 515 2871 568 τὰ
2908 512 3134 566 τοιαῦτα
3173 511 3360 582 κέρδη,
3391 511 3504 563 ἀλλ’
3534 511 3731 566 εἰδέναι
3761 513 3844 567 ὃτι

2188 601 2354 673 πολλὴ
2369 605 2402 672 ή
2419 602 2556 673 ὑπὲρ
2581 601 2783 654 τούτων
2796 603 2829 671 ἡ
2840 601 2930 670 μῖν
2945 599 3206 661 ἀντίδοσις
3225 597 3399 651 ἔσται.
3417 599 3483 649 ’Ὀ
3491 615 3558 668 ρα
3578 596 3708 666 γοῦν
3723 599 3844 651 ταύο

2187 704 2285 757 την
2297 689 2393 759 τὴν
2409 690 2600 759 χήραν,
2622 688 2743 742 ἀντὶ
2759 688 2886 756 μιᾶς
2899 685 3094 756 δρακὸς
3112 683 3340 754 ἀλεύρου
3358 684 3447 736 καὶ
3464 684 3643 752 ὀλίγου
3661 685 3842 738 ἐλαίου

2185 773 2304 838 πῶς
2331 774 2551 844 διηνεκῆ
2585 775 2766 828 ἅλωνα
2793 773 3080 842 ἐκτήσατο.
3132 769 3288 823 Μετὰ
3339 771 3448 840 γάρ
3475 769 3535 823 16
3571 771 3842 840 τραφῆναι

2182 859 2275 912 τὸν
2307 862 2615 932 προφήτην,
2633 859 2756 914 οὔτε
2787 861 2820 930 ή
2853 857 2988 930 δρὰξ
3017 857 3108 911 106
3133 856 3364 926 ἀλεύρου
3388 855 3690 925 ἐπέλειψεν,
3716 857 3841 911 οὔτε

2181 947 2209 999 6
2230 948 2528 1019 καμψάκης
2559 948 2652 1002 τοῦ
2683 947 2886 1009 ἐλαίου,
2905 946 3084 1016 πάσης
3107 945 3206 1015 τῆς
3226 945 3327 1015 γῆς
3355 943 3499 1015 λιμῷ
3535 944 3840 1014 διαφθειρο-

2187 1033 2373 1104 μένης.
2403 1035 2514 1088 Kal
2563 1034 2625 1087 16
2651 1034 2714 1104 δὴ
2770 1033 3079 1101 θαυμαστὸν
3117 1032 3211 1086 καὶ
3245 1031 3566 1101 παράδοξον,
3593 1033 3675 1085 ὅτι
3718 1033 3840 1084 οὐδὲ

2186 1120 2334 1192 [455]
2375 1120 2587 1192 μόχθων
2606 1121 2775 1173 ἐδεῖτο
2806 1119 3008 1183 λοιπὸν,
3035 1118 3148 1172 ἀλλ’
3176 1114 3319 1188 εἶχεν
3340 1119 3556 1187 ἕτοιμον
3580 1118 3840 1189 διηνεκῶς

2181 1207 2242 1260 16
2265 1208 2493 1278 ἄλευρον
2521 1209 2616 1261 καὶ
2669 1206 2730 1259 16
2777 1207 2974 1272 ἔλαιον,
3015 1207 3109 1260 καὶ
3141 1204 3263 1258 οὔτε
3296 1205 3566 1276 γεωργίας
3589 1205 3836 1275 ἔχρῃζεν,

2180 1293 2304 1348 οὔτε
2338 1296 2437 1366 τῆς
2471 1294 2578 1348 τῶν
2611 1293 2748 1365 βοῶν
2798 1293 3106 1364 συνεργίας,
3157 1290 3278 1346 οὔτε
3315 1291 3509 1362 ἐτέρας
3537 1291 3680 1354 τινὸς
3719 1292 3839 1343 ἐπι-

2183 1382 2426 1450 μελείας,
2451 1381 2584 1434 ἀλλά
2617 1379 2770 1452 παρὰ
2792 1380 2952 1448 φύσιν
2966 1375 3034 1450 ἦν
3059 1379 3182 1432 ἰδεῖν
3203 1378 3418 1432 ἅπαντα
3451 1377 3832 1448 συμϐαίνοντα.

2180 1465 2287 1518 Καὶ
2315 1464 2411 1517 τοῦ
2448 1463 2712 1534 βασιλέως
2743 1462 2838 1516 106
2861 1463 2922 1516 16
2945 1461 3181 1531 διάδημα
3211 1461 3591 1532 περικειμένου
3622 1462 3678 1513 έν
3695 1462 3836 1532 ἀμη-

2178 1551 2340 1623 χανίᾳ.
2361 1551 2536 1615 ὄντος,
2567 1551 2662 1603 καὶ
2692 1548 2835 1620 λιμῷ
2849 1547 3315 1619 διαφθειρομένου,
3351 1548 3497 1617 χήρα
3519 1549 3553 1618 ή
3581 1547 3835 1618 πενιχρὰ,

2177 1639 2210 1706 ἡ
2237 1638 2454 1692 πάντων
2480 1636 2838 1707 ἐστερημένη,
2869 1635 3057 1705 ἐπειδὴ
3086 1635 3175 1688 16v
3201 1635 3486 1705 προφήτην
3521 1633 3833 1697 ὑπεδέξατο,

2177 1725 2234 1776 ἐν
2262 1723 2493 1794 εὐπορίᾳ
2526 1721 2789 1792 ἐτύγχανε
2818 1722 3071 1790 διηνεκεῖ.
3116 1721 3214 1774 Διά
3241 1720 3398 1774 τοῦτο
3432 1721 3525 1774 καὶ
3554 1721 3583 1772 6
3602 1718 3834 1791 Χριστὸς

2175 1809 2376 1876 ἔλεγεν
2422 1809 2486 1861 '0
2513 1808 2836 1877 δεχόμενος
2851 1806 3164 1875 προφήτην
3182 1809 3269 1872 είς
3290 1806 3474 1875 ὄνομα
3503 1805 3832 1874 προφήτου,

2169 1894 2391 1962 μισθὸν
2417 1894 2726 1964 προφήτου
2744 1893 3018 1962 λήψεται.
3045 1888 3196 1955 Εἶδες
3221 1892 3346 1961 χθὲς
3376 1893 3546 1944 οἴωνὸ
3570 1893 3833 1962 πατριάρ-

2173 1997 2274 2050 χης
2298 1977 2526 2048 ἠξιώθη,
2583 1977 2775 2049 δαψιλῆ
2823 1980 2922 2047 τὴν
2972 1977 3275 2046 φιλοξενίαν
3301 1975 3706 2046 ἐπιδειξάμενος
3741 1977 3831 2029 καὶ

2175 2066 2314 2136 μετὰ
2334 2065 2529 2135 πολλῆς
2563 2065 2663 2135 τῆς
2688 2065 3037 2134 θερμότητος·
3067 2065 3168 2133 ὅρα
3196 2063 3289 2116 καὶ
3317 2063 3520 2133 ταύτην
3543 2062 3641 2133 τὴν
3669 2063 3830 2116 216w-

2172 2153 2286 2206 νίαν
2320 2152 2384 2206 ἀθ
2395 2153 2512 2223 ρόον
2535 2153 2762 2205 πλοῦτον
2785 2152 2988 2220 ἀφατον
3015 2149 3382 2220 κτησαμένην.
3401 2149 3465 2202 Ἠ
3480 2149 3588 2219 γάρ
3613 2147 3829 2216 γλῶσσα

2171 2239 2262 2291 τοῦ
2299 2239 2599 2310 προφήτου,
2632 2240 2664 2308 ὴ
2685 2236 2779 2290 τοῦ
2809 2235 3037 2308 ούρανοῦ
3059 2236 3156 2299 τὰς
3178 2235 3329 2306 ἡνίας
3359 2234 3674 2305 ἐπισχοῦσα,
3693 2233 3830 2306 αὕτη

2169 2323 2262 2376 τοῦ
2289 2323 2519 2395 ἀλεύρου
2548 2323 2644 2394 τὴν
2660 2324 2835 2396 δράκα
2865 2322 3110 2395 πηγάσαι
3138 2323 3383 2392 ἐποίησε,
3407 2322 3499 2376 ταὶ¹
3523 2320 3617 2374 τοῦ
3649 2321 3827 2375 ἐλαίου

2168 2410 2259 2463 τὸν
2297 2409 2618 2480 καμψάκην.

2239 2572 2304 2638 ζ’.
2345 2575 2556 2646 Ταύτην
2583 2575 2782 2638 πάντες
2804 2574 3174 2644 μιμείσθωταν
3194 2575 3290 2628 καὶ
3312 2574 3505 2646 ἀνδρες
3526 2574 3620 2628 καὶ
3645 2578 3823 2644 γυναῖ-

2168 2678 2282 2735 κες.
2316 2661 2463 2729 Ἐγὼ·
2500 2663 2598 2732 μὲν
2633 2660 2742 2731 γὰρ
2793 2660 3092 2731 ἐϐουλόμην
3143 2660 3222 2723 εἰς
3266 2660 3357 2714 16v
3397 2659 3491 2712 106
3549 2661 3827 2732 προφήτου

2168 2747 2326 2818 ζῆλον
2352 2749 2496 2819 ὑμᾶς
2523 2749 2830 2815 ἐναγαγεῖν,
2852 2747 2946 2800 καὶ
2973 2747 3074 2815 τῆς
3093 2746 3296 2817 ἀρετῆς
3314 2747 3411 2818 τὴν
3435 2747 3683 2818 μίμησιν·
3713 2746 3826 2801 ἀλλ’

2167 2835 2353 2906 ἐπειδὴ
2378 2834 2534 2888 τοῦτο
2554 2834 2858 2905 ὑπέρογκον
2886 2835 3012 2904 ὑμῖν
3039 2834 3184 2887 δοκεῖ
3205 2830 3362 2898 εἶναι,
3380 2834 3556 2887 καίτοι
3580 2836 3826 2899 κάκεῖνος

2167 2922 2450 2992 ἄνθρωπος
2481 2917 2569 2992 ἦν,
2604 2921 2698 2974 καὶ
2727 2921 2906 2991 σάρκα
2949 2919 3255 2991 περιέκειτο
3287 2919 3469 2985 καθὼς
3508 2922 3602 2976 καὶ
3641 2924 3822 2992 ήμεῖς,

2167 3007 2379 3078 καὶτῆς
2407 3007 2578 3076 αὑτῆς
2601 3009 2732 3078 ἡμῖν
2761 3010 2974 3078 μετεῖχε
2994 3007 3226 3076 φύσεωςο
3247 3005 3361 3061 ἀλλ’
3377 3007 3563 3079 ἐπειδὴ
3595 3007 3662 3063 τὰ
3691 3008 3824 3077 παρ’

2167 3095 2362 3150 ἐαυτοῦ
2390 3094 2528 3166 μετὰ
2557 3094 2835 3164 δαψιλείας
2863 3094 3170 3165 εἰσήνεγκε,
3205 3092 3300 3147 καὶ
3328 3095 3427 3166 τὴν
3458 3094 3657 3164 ἀρετὴν
3689 3095 3824 3148 εἴλε-

2165 3201 2244 3250 το,
2277 3182 2480 3255 ἠξιώθη
2507 3184 2718 3254 καὶτῆς
2752 3182 2956 3236 ἀνωθεν
2986 3183 3224 3254 χάριτος
3265 3182 3400 3236 ἀλλά
3427 3183 3566 3246 τέως
3595 3182 3696 3238 κᾶν
3727 3184 3826 3254 τὴν

2165 3271 2399 3338 γυναῖκα
2425 3269 2630 3339 ταύτην
2660 3268 3050 3340 μιμησώμεθα,
3106 3269 3201 3323 καὶ
3254 3269 3379 3322 τότε
3427 3269 3569 3322 κατά
3628 3269 3825 3339 μικρὸν

2164 3355 2366 3426 ἥξομεν
2389 3356 2482 3409 καὶ
2508 3353 2601 3407 ἐπὶ
2629 3355 2725 3425 τὴν
2741 3355 2834 3408 τοῦ
2863 3357 3140 3426 προφήτου
3161 3354 3411 3426 μίμησιν.
3441 3354 3824 3425 Μιμησώμεθα

2163 3442 2340 3496 τοίνυν
2375 3443 2474 3513 τὴν
2500 3441 2703 3511 ταύτης
2733 3442 3057 3512 φιλοξενίαν,
3090 3443 3185 3496 καὶ
3208 3441 3398 3513 μηδεὶς
3429 3441 3612 3496 λοιπὸν
3636 3442 3825 3495 πενίαν

2164 3527 2572 3599 προϐαλλέσθω.
2601 3521 2724 3592 Οίος
2749 3529 2855 3599 γάρ
2889 3528 2956 3582 ἂν
3055 3528 3246 3598 πένης,
3289 3529 3387 3581 οὐκ
3416 3529 3482 3581 ἂν
3502 3527 3588 3598 εἴη
3623 3528 3824 3596 ταύτης

2163 3613 2505 3685 πενέστερος,
2521 3614 2555 3684 ἢ
2587 3616 2722 3686 πρὸς
2741 3615 2871 3684 μίαν
2895 3615 3108 3686 ἡμέραν
3136 3615 3295 3688 μόνον
3314 3614 3576 3684 ἐκέκτητο
3593 3615 3822 3684 τροφὴν,

2163 3701 2257 3752 καὶ
2282 3701 2401 3754 οὐδὲ
2428 3699 2600 3764 οὕτως
2633 3701 2966 3774 ὀκνηροτέρα
2992 3701 3181 3770 γέγονε
3207 3702 3335 3775 περὶ
3359 3701 3456 3772 τὴν
3486 3700 3578 3754 106
3611 3700 3821 3755 δικαίου

2162 3786 2398 3860 αἴτησιν,
2430 3787 2565 3841 6116
2595 3787 2764 3859 πολλῇ
2813 3791 2878 3861 τῇ
2915 3790 3190 3870 προθυμίᾳ
3237 3789 3558 3860 χρησαμένη
3600 3791 3822 3858 ταχεῖαν

2162 3875 2260 3946 τὴν
2291 3875 2523 3947 ἀμοιϐὴν
2551 3874 2863 3944 ἐκομίσατο.
2890 3876 3125 3929 Τοιαῦτα
3143 3877 3250 3947 γὰρ
3282 3876 3350 3930 16
3384 3876 3532 3948 παρά
3550 3874 3642 3929 τοῦ
3662 3875 3815 3931 Θεοῦ.

2177 3961 2323 4015 Ἀντὶ
2362 3961 2575 4033 μικρῶν
2615 3961 2736 4026 έθος
2777 3962 2929 4034 αὑτῷ
2971 3963 3182 4033 μεγάλα
3225 3963 3535 4034 δωρεῖσθαι.
3587 3965 3652 4017 Τί
3689 3964 3818 4033 γάρ,

2161 4047 2281 4099 είπέ
2320 4065 2431 4116 μοι,
2465 4046 2717 4100 τοσοῦτον
2744 4048 3078 4117 εἰσήνεγκεν,
3107 4049 3231 4102 ὅσον
3259 4049 3583 4119 ἐκομίσατο;
3628 4049 3766 4102 Ἀλλ’
3791 4052 3820 4104 6

2160 4133 2434 4202 Δεσπότης
2461 4134 2488 4185 6
2512 4133 2779 4205 ἡμέτερος
2818 4135 2878 4187 οὑ
2909 4137 2975 4205 τῇ
3011 4137 3268 4206 ποσότητι
3295 4137 3582 4207 προσέχειν
3608 4137 3817 4203 εἴωθεν,

2159 4219 2293 4272 ἀλλὰ
2325 4222 2390 4289 τῇ
2413 4219 2665 4290 δαψιλείᾳ
2695 4220 2794 4290 τῆς
2826 4220 3070 4291 γνώμης,
3107 4223 3201 4275 καὶ
3237 4223 3347 4277 ἀπὸ
3374 4224 3577 4294 ταύτης
3619 4225 3713 4277 καὶ
3750 4223 3822 4276 16

2163 4305 2337 4377 μικρὰ
2365 4306 2577 4376 μεγάλα
2600 4306 2832 4374 γίνεται,
2876 4309 2970 4361 καὶ
3002 4308 3070 4361 τὰ
3125 4310 3336 4378 μεγάλα
3383 4310 3640 4374 πολλάκις
3670 4309 3822 4374 ἐξευ-

2156 4393 2447 4458 τελίζεται,
2484 4395 2613 4446 ὅταν
2661 4393 2736 4465 μὴ
2776 4395 2936 4466 ίλαρᾷ
2964 4398 3030 4467 τῇ
3078 4397 3355 4468 προθυμίᾳ
3385 4397 3702 4466 ἐπιτελῆται
3750 4396 3820 4450 16

2157 4481 2435 4551 γινόμενα.
2475 4480 2574 4533 Διά
2598 4480 2756 4534 τοῦτο
2782 4483 2876 4535 καὶ
2901 4484 2933 4553 ή
2955 4485 3100 4556 χήρα
3125 4485 3306 4554 ἐκείνη
3335 4487 3367 4554 ή
3389 4485 3443 4536 ἐν
3464 4483 3542 4555 τῷ
3567 4484 3812 4553 Εὑαγγε-

2156 4568 2275 4638 λίῳ,
2315 4567 2523 4620 πολλῶν
2554 4568 2724 4622 πολλά
2774 4569 3042 4639 βαλόντων
3074 4571 3131 4626 ἐν
3179 4571 3257 4642 τῷ
3287 4571 3689 4642 γαζοφυλακίῳ,
3718 4571 3813 4626 δύο

2156 4654 2326 4708 λεπτά
2387 4652 2623 4724 βαλοῦσα
2689 4656 2896 4720 πάντας
2955 4656 3412 4727 ὑπερηκόντισεν,
3466 4657 3566 4710 οὑκ
3623 4658 3810 4729 ἐπειδὴ

2156 4741 2374 4795 πλείονα
2395 4741 2500 4795 τῶν
2523 4742 2694 4796 ἄλλων
2720 4742 2930 4806 ἔϐαλεν,
2974 4743 3090 4797 ἀλλ’
3117 4744 3198 4797 ὅτι
3230 4744 3425 4816 δαψιλῆ
3449 4745 3548 4814 τὴν
3585 4746 3808 4817 γνώμην

2154 4829 2560 4895 ἐπεδείξατο.Οἰ
2589 4829 2688 4899 μὲν
2706 4830 2814 4900 γάρ
2838 4831 3004 4894 ἄλλοι,
3034 4831 3218 4900 φησὶν,
3253 4833 3316 4884 ἐκ
3337 4832 3430 4885 τοῦ
3459 4831 3808 4903 περισσεύον-

2153 4934 2243 4980 τος
2263 4917 2446 4978 αὑτοῖς
2476 4915 2632 4968 τοῦτο
2647 4915 2884 4969 ἐποίουν⁸
2917 4915 3057 4986 αὕτη
3085 4916 3142 4968 δὲ
3165 4916 3378 4971 ἅπαντα
3413 4917 3556 4990 άπερ
3582 4918 3818 4988 ἐκέκτη-

2153 5021 2214 5056 το
2252 5003 2462 5057 έϐαλεν.
2495 5003 2655 5056 Ὀλον
2689 5002 2797 5074 γὰρ
2841 5003 2932 5056 16v
2975 5003 3088 5074 βίον
3137 5004 3310 5073 αὐτῆς
3342 5003 3520 5058 ἔϐαλε.
3556 5006 3677 5059 Κᾶν
3717 5007 3816 5070 τὰς

2153 5094 2412 5159 γυναῖκας
2439 5089 2807 5162 μιμησώμεθα
2833 5093 2882 5144 οἰ
2912 5091 3120 5164 ἀνδρες,
3145 5092 3239 5144 καὶ
3261 5091 3335 5164 μὴ
3359 5092 3612 5156 ἐλάττους
3635 5093 3810 5146 αὐτῶν

2152 5180 2425 5249 ὀφθῶμεν.
2456 5177 2595 5231 ἀλλὰ
2617 5179 3005 5250 σπουδάσωμεν
3036 5179 3110 5250 μὴ
3140 5179 3296 5250 μόνον
3324 5180 3460 5250 πρὸς
3488 5179 3587 5250 τὴν
3607 5179 3812 5232 οἰκείαν

2152 5266 2454 5320 ἀπόλαυσιν
2482 5267 2661 5318 πᾶσαν
2694 5265 2793 5335 τὴν
2842 5265 3027 5318 οὑσίαν
3061 5265 3497 5329 καταναλίσκειν,
3532 5264 3667 5318 ἀλλὰ
3718 5265 3813 5318 καὶ

2151 5353 2259 5406 τῶν
2280 5352 2547 5424 δεομένων
2577 5352 2776 5422 πολλὴν
2799 5352 3068 5405 ποιεῖσθαι
3094 5353 3367 5423 πρόνοιαν,
3393 5353 3488 5407 καὶ
3517 5351 3655 5423 μετά
3681 5368 3814 5422 προ-

2153 5437 2353 5506 θυμίας
2403 5436 2496 5490 καὶ
2543 5436 2895 5507 φαιδρότητπ
2924 5436 3080 5488 τοῦτο
3113 5439 3304 5490 ποιεῖν.
3331 5437 3440 5490 Καὶ
3468 5434 3618 5508 [454]
3645 5435 3754 5502 γὰρ
3785 5436 3812 5489 6

2155 5521 2398 5593 γεωργὸς
2431 5525 2510 5587 είς
2531 5523 2630 5593 τὴν
2658 5524 2758 5593 γῆν
2787 5521 3138 5576 καταϐάλλων
3163 5521 3232 5574 16
3252 5522 3564 5592 σπέρματα,
3585 5523 3647 5575 οὑ
3671 5521 3810 5593 μετά

2155 5612 2515 5682 στυγνότητος
2549 5611 2704 5664 τοῦτο
2757 5611 3071 5680 ἐργάζεται,
3111 5609 3246 5662 ἀλλά
3278 5611 3482 5681 χαίρων
3514 5611 3608 5664 καὶ
3643 5626 3809 5680 γεγηο

2161 5700 2288 5764 θῶς,
2320 5701 2413 5754 καὶ
2442 5699 2540 5766 ήδη
2572 5701 2636 5768 τῇ
2676 5695 2968 5769 προσδοκίᾳ
3007 5695 3076 5750 τὰ
3101 5696 3386 5770 δράγματα
3417 5697 3634 5767 βλέπειν
3661 5699 3808 5771 νομί-
