4150 6276
483 414 537 469 6.
580 409 762 481 Igitur,
783 410 997 481 dilecte,
1021 410 1232 481 quando
1248 408 1446 465 videris
1467 410 1641 464 virum
1665 407 1754 461 vili
1778 414 2003 462 externo

416 501 597 556 habitu
640 503 910 568 vestitum,
965 503 1161 556 virtute
1195 515 1323 555 vero
1353 500 1678 556 intrinsecus
1725 499 2001 565 amictum,

413 608 480 647 ne
500 592 645 649 hunc
670 594 1011 663 vilipenderis
1052 600 1265 663 prapter
1315 591 1368 646 id
1420 591 1562 661 quod
1607 597 1828 659 apparet
1863 606 1876 641 :
1908 588 2004 643 sed

412 690 605 741 anima:
658 688 871 742 divitias
898 687 1066 752 disce,
1105 697 1157 741 et
1186 688 1447 740 internam
1504 684 1752 754 gloriam,
1794 692 1849 736 et
1878 690 2002 735 tunc

415 778 619 832 videbis
637 778 871 847 undique
906 778 1191 848 fulgentem
1213 778 1484 831 virtutem.
1513 774 1656 829 Talis
1680 780 1796 829 erat
1816 773 2002 826 beatus

417 870 578 935 Elias,
608 870 696 938 qui
738 870 991 924 melotem
1025 879 1229 923 tantum
1271 867 1485 931 habuit;
1538 876 1595 921 et
1634 865 1725 935 qui
1767 877 1999 934 purpura

413 959 639 1013 vestitus
678 968 793 1013 erat
820 958 1024 1023 Achab,
1059 958 1201 1012 illius
1232 956 1427 1011 melote
1466 954 1759 1024 indigebat.
1813 951 2001 1007 Vidisti

414 1047 613 1103 Achabi
645 1047 899 1118 inopiam,
933 1049 1062 1103 Elia:
1106 1057 1281 1102 autem
1300 1047 1547 1101 divitias?
1594 1044 1725 1100 Vide
1750 1052 1804 1100 et
1829 1059 2000 1112 quau-

416 1149 524 1193 tum
553 1149 816 1207 potestate
857 1140 1076 1194 distent.
1128 1138 1323 1194 Melote
1366 1137 1525 1207 hujus
1553 1137 1742 1191 caelum
1788 1134 1996 1199 clausit,

414 1228 711 1298 pluviarum
770 1228 1088 1284 descensum
1147 1228 1404 1293 inhibuit;
1469 1228 1647 1297 lingua
1724 1225 1997 1296 prepltetaa

415 1319 623 1375 frenum
669 1322 763 1376 fuit
819 1323 972 1388 etclo,
1001 1322 1264 1392 annisque
1309 1323 1479 1375 tribus
1503 1329 1558 1375 et
1586 1335 1680 1374 sex
1724 1317 1999 1373 mensibus

415 1410 587 1477 pluvia
622 1410 844 1466 nonfuit
870 1430 884 1466 :
916 1413 1004 1467 ille
1032 1420 1233 1478 autem,
1280 1426 1510 1481 purpura
1532 1413 1758 1465 amictus
1783 1419 1838 1465 et
1879 1410 1997 1463 dia—

411 1503 620 1557 demate
651 1504 947 1572 redimitus,
989 1505 1304 1561 circumibat
1344 1518 1589 1574 qua'rens
1639 1501 1950 1572 prOphetan:
1976 1540 1993 1567 ,

411 1603 466 1649 ct
519 1594 647 1647 nihil
692 1596 821 1649 lucri
852 1612 917 1649 ex
960 1604 1102 1650 tanta
1141 1605 1400 1665 potestate
1430 1595 1675 1653 habebat.
1730 1594 1994 1648 Caeterum

412 1685 531 1740 vide
565 1687 768 1740 Domini
789 1688 1146 1741 clementiam.
1177 1688 1308 1754 Quia
1333 1687 1461 1740 vidit
1486 1686 1797 1754 prophetam
1831 1684 1997 1737 multo

411 1780 523 1830 celo
542 1789 593 1831 et
615 1777 820 1833 Iervore
848 1780 1071 1845 moveri,
1095 1787 1148 1833 et
1164 1793 1405 1847 magnam
1429 1780 1564 1831 hanc
1591 1791 1800 1847 ρωιιειιιι
1816 1774 1995 1829 ἱιιῐθιί·ἰ

408 1878 592 1922 contra
623 1876 786 1922 totam
819 1877 1033 1932 terram,
1054 1885 1120 1924 ne
1148 1876 1204 1923 et
1248 1868 1361 1937 ipse
1386 1868 1544 1923 simul
1595 1867 1648 1921 in
1679 1864 1996 1935 supplicium

408 1959 666 2014 incideret
690 1975 813 2014 cum
870 1960 994 2025 illis,
1042 1969 1096 2015 et
1129 1975 1311 2014 eorum
1335 1959 1581 2029 nequitia:
1612 1972 1796 2027 ptenas
1821 1955 1994 2020 daret,

407 2050 535 2106 dicit
561 2051 609 2105 ei
637 2065 651 2102 :
681 2050 866 2121 Surge,
891 2061 938 2105 et
978 2052 1103 2105 vade
1147 2053 1198 2105 in
1238 2052 1457 2120 Sarepta
1501 2050 1850 2105 Sidoniorum.
1879 2045 1997 2099 Illic

408 2143 539 2195 cnim
571 2142 862 2212 prtt’cipiam
891 2141 1090 2195 mulieri
1105 2140 1285 2204 vidule,
1310 2152 1362 2192 ut
1381 2150 1427 2193 te
1451 2147 1641 2207 pascat.
1669 2138 1733 2191 Et
1757 2136 1993 2200 surrexit,

408 2243 455 2287 et
466 2234 583 2286 abiit
601 2236 678 2301 (3.
703 2234 824 2303 Heg.
848 2234 931 2287 17.
950 2230 1260 2301 9.I0).Vide
1272 2230 1500 2301 Spiritus
1522 2230 1765 2300 gratiam,
1784 2227 1995 2282 dilecte.

410 2324 619 2379 Etenim
647 2336 698 2379 et
729 2324 843 2379 heri
863 2324 1015 2378 nobis
1047 2333 1186 2377 totus
1216 2338 1394 2378 sermo
1420 2322 1559 2377 circa
1582 2318 1993 2389 hospitalitatem

411 2414 709 2483 iusmuptus
738 2424 839 2479 est,
879 2425 932 2469 et
959 2415 1115 2470 hodie
1158 2414 1431 2484 hospitalis
1459 2412 1558 2467 ista
1588 2412 1743 2466 vidua
1775 2409 1850 2481 (a)
1877 2424 1995 2464 ser-

410 2522 620 2561 monem
675 2517 913 2562 nostrum
944 2508 1247 2575 complebit.
1287 2506 1353 2559 Et
1382 2507 1536 2574 venit,
1586 2506 1786 2575 inquit,
1816 2504 1885 2557 ad
1920 2504 1994 2557 vi-

406 2578 653 2661 άιιιιηιξὺι
681 2599 865 2653 invenit
902 2615 1011 2652 eam
1033 2599 1348 2668 colligentem
1372 2599 1531 2668 ligna,
1559 2607 1605 2651 et
1638 2598 1760 2651 dicit
1789 2598 1834 2649 ei
1861 2612 1880 2648 :
1911 2595 1995 2650 Da

407 2690 528 2741 milii
568 2707 745 2759 parum
768 2704 932 2758 aquw,
962 2700 1007 2742 ct
1040 2691 1221 2743 bibant.
1254 2690 1343 2743 Illa
1394 2689 1648 2743 obcdivit.
1687 2689 1747 2741 Et
1776 2688 1904 2741 dixit
1927 2688 1994 2740 ad

407 2801 514 2836 cum
536 2784 712 2835 iterant
741 2801 755 2834 :
781 2782 885 2836 Fac
904 2784 1027 2837 nti/ti
1074 2784 1433 2837 subcinericios
1473 2800 1647 2853 panes,
1669 2792 1713 2837 et
1735 2782 1994 2835 comedam

408 2874 577 2935 (Ibid.
613 2891 656 2927 υ.
711 2876 829 2945 II).
888 2876 974 2929 Illa
1022 2891 1146 2929 vero
1193 2886 1371 2944 postea
1417 2875 1614 2944 detegit
1658 2874 1994 2927 immodicam

405 2980 554 3018 suam
568 2974 879 3034 egestatem,
901 2966 1006 3018 imo
1024 2965 1404 3019 inenarrabiles
1418 2964 1836 3032 divitiasMagna
1851 2966 1992 3018 enim

409 3067 686 3123 paupertas
719 3056 915 3110 indicat
947 3056 1251 3113 divitiarum
1290 3056 1429 3110 illius
1456 3055 1892 3125 magnitudinem.
1929 3054 1995 3109 Et

405 3148 533 3201 dicit
561 3165 574 3200 :
610 3147 727 3201 Non
764 3157 837 3201 est
876 3149 1075 3202 ancilla:
1102 3160 1201 3202 tua:
1225 3149 1322 3202 nisi
1366 3150 1585 3218 pugillus
1608 3150 1809 3217 [αι-ῦπαρ,
1834 3159 1877 3203 et
1902 3166 1996 3217 pa-

406 3255 517 3291 rum
538 3239 635 3292 olei
659 3240 710 3292 in
737 3240 1003 3307 ampliora.
1033 3251 1078 3293 et
1106 3241 1421 3295 comedemus
1450 3257 1540 3310 ego
1562 3252 1607 3293 et
1640 3243 1803 3310 pueri,
1821 3251 1865 3294 et
1883 3258 1993 3295 mo-

404 3330 593 3382 riemur
626 3329 787 3398 (Ibid.
832 3345 879 3382 υ.
914 3330 1025 3399 I2).
1070 3330 1385 3386 hliserabilia
1422 3332 1580 3386 verba
1606 3372 1620 3394 ,
1662 3347 1781 3400 qua:
1825 3332 1993 3401 ipsam

407 3423 665 3490 lapideam
700 3424 930 3477 animam
985 3423 1256 3479 inﬂectere
1286 3436 1521 3493 possent.
1574 3424 1724 3480 Nulla
1775 3425 1996 3494 posthac

406 3514 559 3569 nobis
596 3529 720 3585 spes
766 3516 969 3569 salutis.
1002 3515 1144 3569 Mors
1176 3517 1226 3569 in
1271 3515 1475 3569 foribus
1513 3524 1614 3571 est.
1668 3516 1780 3572 Iloc
1821 3518 1992 3573 solum

406 3609 559 3663 nobis
590 3610 832 3664 relictum
882 3620 964 3665 est
994 3610 1061 3664 ad
1094 3612 1275 3677 vitam,
1309 3612 1449 3682 quod
1478 3613 1563 3666 vix
1607 3613 1837 3668 sufficiet
1862 3614 1993 3669 mihi

405 3710 456 3753 et
486 3701 736 3769 puerulis.
766 3699 818 3753 Id
842 3701 984 3770 quod
1000 3711 1115 3755 erat
1142 3703 1194 3755 in
1223 3718 1338 3756 mea
1369 3712 1629 3772 potestate.
1653 3704 1771 3766 l‘eci;
1801 3721 1992 3774 aquam

404 3793 813 3847 communicavi.
848 3793 1044 3849 Verum
1087 3803 1145 3849 ιιι
1172 3794 1439 3849 discamus
1467 3806 1519 3849 et
1549 3796 1786 3850 mulieris
1810 3795 1993 3865 hespi-

408 3887 684 3951 talitatem,
717 3896 771 3941 et
796 3887 921 3954 justi
952 3902 1198 3956 magnam
1245 3888 1526 3953 ﬁduciam,
1557 3887 1680 3941 vide
1717 3888 1842 3957 qmd
1881 3889 1990 3941 Iiat.

411 3976 506 4031 Ubi
542 3978 796 4047 propheta
843 3978 1124 4048 diligenter
1158 3977 1272 4032 haec
1301 3978 1477 4032 omnia
1498 3978 1701 4042 didicit,
1751 3989 1806 4032 ιιι
1848 3980 1995 4034 detev

406 4078 557 4136 geret
581 4068 733 4123 uobis
760 4069 1006 4122 virtutem
1038 4070 1272 4125 mulieris
1298 4070 1439 4142 (nam
1474 4070 1612 4125 Deus
1643 4071 1730 4140 qui
1758 4071 1991 4126 dixerat:

414 4158 642 4229 I’rtrcepi
668 4158 889 4225 mulieri,
911 4169 964 4212 ut
986 4167 1033 4212 te
1057 4169 1231 4229 pascat
1253 4159 1416 4230 (Ibid.
1437 4176 1483 4215 v.
1516 4162 1597 4232 9),
1633 4162 1744 4230 ipse
1764 4170 1879 4215 erat
1903 4162 1993 4229 qui

408 4258 533 4303 tunc
579 4264 674 4318 per
704 4249 1012 4319 pr0phetam
1037 4251 1416 4322 operabatur),
1446 4251 1573 4305 dicit
1597 4252 1645 4306 ei
1676 4266 1689 4305 :
1725 4250 1833 4304 Fac
1870 4252 1995 4305 mihi

408 4344 645 4409 primum,
676 4351 721 4394 et
740 4342 1019 4407 comedam,
1049 4354 1091 4395 et
1115 4353 1232 4396 tunc
1256 4344 1376 4410 [iliis
1401 4346 1519 4398 tuis.
1546 4345 1760 4403 Audite.
1799 4346 1992 4399 mulie-

410 4448 513 4497 res,
542 4448 659 4502 qua:
685 4432 883 4487 divitiis
911 4432 1151 4498 al‘liuitis,
1184 4443 1237 4488 et
1263 4434 1314 4487 itt
1347 4436 1513 4488 multa
1552 4436 1755 4490 inutilia
1789 4448 1994 4492 vestras

410 4523 687 4579 facultates
718 4523 1005 4597 insumitis,
1034 4538 1096 4577 ac
1135 4536 1253 4593 post
1302 4525 1385 4578 illa
1418 4527 1594 4579 omnia
1639 4526 1774 4581 duos
1808 4528 1995 4581 obolos

409 4615 785 4684 indigentibus,
810 4616 893 4670 vel
911 4615 1025 4670 viro
1049 4617 1277 4684 cuipiam
1303 4618 1501 4672 virtute
1527 4619 1749 4687 pra-dite
1777 4633 1996 4690 propter

415 4706 576 4758 Dentu
600 4720 789 4775 egeno,
824 4706 1133 4775 impendere
1177 4723 1283 4761 non
1312 4710 1490 4764 vultis.
1524 4709 1625 4764 Ista
1656 4720 1833 4766 autem
1860 4715 1996 4768 nihil

410 4796 597 4849 horttm
620 4798 917 4865 possidens,
943 4799 1036 4853 sed
1061 4808 1261 4853 tantum
1287 4802 1539 4871 pugillutn
1558 4801 1763 4867 farinre,
1791 4815 1838 4858 et
1870 4820 1999 4873 pan-

410 4890 459 4942 lo
501 4901 619 4959 post
660 4892 951 4944 secundum
983 4909 1131 4946 suam
1159 4894 1464 4961 opinionem
1498 4895 1725 4949 liliorttm
1771 4908 1996 4952 mortem

409 4994 730 5050 spectatura,
764 4994 820 5037 ιιι
845 4985 1047 5039 audivit
1067 5001 1097 5040 a
1130 4986 1387 5056 propheta
1418 5005 1431 5040 :
1469 4987 1575 5041 Fac
1601 4988 1725 5041 mihi
1750 4990 1993 5059 primunt,

409 5088 453 5127 τι
482 5088 599 5128 tunc
631 5077 719 5129 tibi
748 5086 793 5129 et
826 5078 1047 5143 puerulis
1078 5079 1176 5131 tuis
1204 5094 1223 5131 :
1251 5095 1358 5132 non
1387 5095 1529 5149 tegre
1556 5081 1691 5145 tulit,
1725 5096 1831 5135 non
1861 5096 1993 5134 eun-

402 5177 547 5241 t-tata
591 5177 693 5231 est,
745 5168 839 5221 sed
883 5168 1005 5223 fecit
1032 5170 1286 5238 imperata
1316 5188 1331 5223 :
1361 5171 1612 5224 erudiens
1648 5187 1836 5226 omnes
1877 5187 1995 5239 nos,

414 5259 773 5325 praeferendos
797 5271 991 5313 nostra:
1023 5260 1393 5316 refocillationi
1424 5276 1609 5315 servos
1642 5263 1732 5317 Dei
1769 5279 1781 5315 :
1813 5271 1994 5318 etnon

413 5360 613 5405 temere
638 5352 757 5403 talia
779 5352 920 5405 lucra
944 5352 1327 5420 prtetcreunda,
1344 5352 1438 5407 sed
1462 5354 1837 5408 attemlendum
1852 5354 1995 5407 mul-

414 5455 516 5496 tant
549 5444 673 5499 hinc
698 5444 851 5498 nobis
885 5445 1109 5498 Illltlrzlm
1155 5459 1274 5499 esse
1313 5444 1636 5499 mercedem.
1673 5444 1804 5501 Vide
1837 5445 1996 5516 igitur

475 5601 547 5662 (tl)
584 5609 709 5651 Itane
732 5609 1036 5664 Sarcptanaat
1075 5598 1265 5664 viduam
1286 5600 1758 5664 pluribuspcclebrat
1798 5601 1995 5664 chryso-

414 5674 595 5771 isj'u'mts
620 5672 761 5712 Tettio
788 5662 1016 5728 III—Sllirll
1038 5678 1087 5723 ἰιι
1120 5663 1319 5717 Ηωιιίιιει
1344 5664 1404 5713 de
1439 5662 1570 5713 Delia
1614 5670 1662 5713 ct
1703 5664 1842 5713 vidua
1875 5662 1998 5713 circa

447 5740 570 5771 .tL'ILl.
1430 5768 1433 5771 ἤ

447 5740 570 5773 .tL'ltl.

1412 310 1475 367 IN
1513 309 1665 366 CAP.
1712 308 1895 365 XVIII.
1937 307 2184 367 GENES.
2231 310 2461 367 IIOMIL.
2508 312 2667 367 XLII.

3591 325 3696 382 59.5

2112 405 2251 461 hanc
2280 404 2525 473 viduam,
2568 423 2664 477 pro
2703 409 2898 480 pugillo
2918 409 3136 479 larium,
3202 423 3258 469 et
3298 417 3531 484 pauxillo
3575 420 3698 476 oleo

2110 496 2378 564 quomodo
2402 507 2715 568 perpetuum
2753 499 3003 555 horreum
3052 503 3154 557 sibi
3184 510 3573 574 comparaverit
3626 511 3697 580 (3

2109 589 2239 661 Reg.
2271 590 2359 644 17.
2385 591 2492 659 14).
2520 590 2652 645 Nam
2681 602 2958 664 postquam
2986 598 3124 665 pavit
3156 600 3499 669 pmphetam,
3524 620 3697 674 neque

2110 680 2335 748 pugillus
2360 679 2544 735 fal'ItttI‘.
2571 683 2782 747 defecit,
2821 701 2994 755 neque
3020 689 3275 758 amphora
3320 692 3447 757 olei,
3472 710 3591 749 cum
3615 698 3696 749 in-

2109 771 2263 824 terim
2292 770 2428 825 fame
2461 782 2600 826 terra
2637 776 2810 829 omnis
2843 790 3269 837 consumeretur.
3304 783 3396 837 Est
3425 795 3600 840 autem
3640 799 3696 842 et

2107 859 2210 915 hoc
2237 862 2547 917 admirabile
2580 872 2635 918 et
2672 867 2990 934 stupendum
3038 885 3156 924 eam
3206 888 3377 941 neque
3424 875 3695 931 laboribus

2107 958 2289 1018 postea
2317 965 2452 1020 Opus
2478 952 2759 1017 habuisse,
2792 956 2884 1010 sed
2923 967 3163 1026 paratum
3223 974 3480 1032 perpetuo
3530 967 3695 1023 fuisse

2105 1039 2330 1095 farinam
2384 1052 2438 1097 et
2479 1043 2677 1111 oleum,
2716 1055 2770 1101 et
2812 1062 2985 1117 neque
3017 1051 3337 1120 agricultura
3383 1056 3692 1128 indiguisse,

2105 1147 2281 1201 neque
2327 1132 2489 1187 boum
2540 1138 2956 1205 cooperatione,
3010 1155 3186 1210 neque
3232 1144 3339 1198 ulla
3386 1148 3492 1202 alia
3527 1165 3690 1216 cura;

2105 1224 2200 1278 sed
2225 1224 2405 1280 videre
2435 1236 2550 1281 erat
2597 1230 2776 1283 omnia
2809 1241 3001 1299 prteter
3055 1243 3299 1290 naturam
3346 1242 3580 1297 evenire.
3626 1244 3694 1301 Et

2104 1329 2223 1369 cum
2272 1332 2388 1383 rex,
2420 1319 2508 1388 qui
2547 1334 2798 1375 coronam
2826 1324 2997 1392 capite
3022 1326 3284 1393 gestabat,
3312 1331 3501 1385 anxius
3526 1344 3690 1405 esset,
3736 1378 3753 1384 -

2103 1415 2159 1459 et
2208 1406 2347 1461 fame
2388 1408 2691 1476 laboraret,
2738 1411 2893 1481 inops
2934 1413 3086 1467 vidua
3126 1417 3375 1471 omnibus
3414 1421 3689 1489 destituta,

2103 1494 2224 1562 quia
2250 1498 2560 1565 prophetam
2579 1512 2908 1570 susceperat,
2937 1505 2988 1556 in
3020 1514 3327 1574 [erpetnam
3351 1512 3492 1564 venit
3520 1512 3691 1568 abun-

2102 1585 2356 1639 dantiam.
2389 1585 2675 1657 Pr0pterea
2706 1591 3023 1647 etCltristus
3038 1593 3248 1650 dicebat
3278 1614 3291 1649 :
3324 1598 3426 1665 Qui
3452 1617 3684 1672 suscepe-

2101 1676 2165 1728 rit
2204 1678 2501 1745 prophetam
2546 1680 2599 1733 in
2640 1682 2840 1734 nomine
2860 1683 3139 1750 propltetw,
3166 1691 3442 1743 mercedem
3470 1696 3689 1761 prop/te.

2103 1777 2167 1822 ta:
2195 1770 2400 1840 recipiet
2431 1769 2644 1842 (Matth.
2682 1766 3097 1838 10.41).Vidisti
3111 1773 3222 1829 heri
3240 1778 3368 1846 quid
3387 1785 3685 1850 patriarcha

2100 1863 2357 1919 meruerit
2380 1863 2529 1934 larga
2556 1879 2653 1919 sua
2685 1864 3047 1936 hospitalitate
3101 1877 3155 1919 et
3172 1865 3370 1921 fervida
3391 1869 3684 1927 alacritate:

2101 1946 2221 2015 vide
2246 1956 2299 2002 et
2329 1965 2469 2004 nunc
2500 1952 2635 2005 banc
2664 1951 2939 2008 Sidoniam
2970 1966 3191 2024 repente
3213 1958 3454 2028 ingentes
3478 1962 3689 2022 divitias

2102 2040 2480 2108 possidentem.
2504 2042 2704 2112 Lingua
2721 2046 2862 2099 enim
2880 2047 3155 2117 prephetze
3175 2066 3293 2118 qua:
3312 2052 3424 2105 caeli
3455 2053 3689 2113 habenas

2102 2130 2497 2195 moderabatur,
2527 2134 2647 2188 fecit
2676 2146 2733 2189 ut
2757 2136 2943 2191 farina:
2965 2140 3192 2209 pugillus
3218 2152 3272 2196 et
3296 2143 3400 2198 olei
3427 2146 3684 2217 amphora

2096 2220 2294 2290 jugiter
2345 2226 2681 2279 scaturirent.

2172 2316 2225 2368 7.
2269 2315 2487 2370 Muralis
2518 2319 2891 2372 exltortatio.—
2916 2322 3063 2376 IIanc
3112 2339 3300 2381 onmes
3335 2328 3613 2386 imitentur
3633 2342 3688 2388 et

2101 2408 2197 2461 viri
2226 2416 2281 2463 et
2304 2409 2574 2464 mulieres.
2607 2410 2718 2480 Ego
2739 2413 2951 2480 quidem
2980 2416 3169 2470 vellem
3200 2434 3294 2473 vos
3318 2421 3382 2474 ad
3415 2424 3688 2492 prophet:e

2098 2500 2290 2564 zelum,
2320 2510 2373 2555 et
2395 2500 2459 2553 ad
2488 2500 2603 2570 ejus
2632 2502 2840 2556 virtutis
2866 2505 3214 2561 imitationem
3245 2509 3511 2566 deducere
3542 2528 3557 2564 :
3590 2517 3685 2568 sed

2097 2594 2217 2661 quia
2243 2592 2344 2647 hoc
2363 2609 2649 2650 onerosum
2695 2596 2847 2652 vobis
2900 2598 3111 2654 videtur
3154 2616 3293 2666 esse,
3345 2607 3589 2674 quamvis
3633 2620 3688 2663 et

2100 2686 2187 2740 ille
2218 2685 2378 2741 homo
2406 2696 2540 2753 erat,
2570 2703 2895 2760 carnemque
2939 2694 3077 2748 sicut
3111 2709 3209 2749 nos
3252 2697 3683 2769 circumferebat,

2098 2787 2152 2831 et
2175 2778 2415 2833 eundem
2441 2795 2598 2849 quam
2640 2796 2739 2835 nos
2780 2782 3006 2838 habebat
3032 2795 3275 2841 naturam
3310 2808 3323 2844 :
3353 2805 3536 2845 verum
3563 2795 3684 2859 quia

2099 2884 2216 2939 qua:
2242 2884 2336 2923 sua
2358 2881 2510 2926 erant
2536 2874 2753 2944 largiter
2768 2878 2963 2943 attulit,
2992 2890 3151 2949 atque
3200 2882 3447 2938 virtutem
3475 2886 3685 2954 ample-

2099 2969 2252 3015 latus
2280 2971 2384 3029 cst,
2416 2978 2702 3033 supernam
2733 2982 2942 3037 quoque
2967 2973 3190 3038 gratiam
3217 2986 3533 3045 asseqttttlus
3562 2988 3681 3043 est;

2098 3062 2349 3108 etulerum
2377 3055 2589 3111 interim
2632 3074 2731 3113 nos
2772 3060 2853 3113 vel
2889 3062 3169 3117 mulierem
3221 3066 3358 3120 hanc
3393 3067 3683 3136 imitemur,

2097 3154 2153 3199 et
2177 3146 2265 3235 sic
2275 3146 2528 3215 paulatim
2560 3164 2625 3203 eo
2654 3150 2947 3217 veniemus,
2992 3165 3048 3207 ut
3070 3157 3229 3210 etiam
3259 3160 3532 3227 prophetat
3562 3161 3667 3215 imi-

2100 3247 2299 3291 tatores
2319 3238 2503 3293 simus.
2538 3238 2875 3297 Emulcmur
2905 3243 3081 3314 itaque
3107 3246 3223 3314 ejus
3249 3248 3683 3317 lt0$pitalitatcm,

2098 3340 2155 3385 et
2197 3332 2376 3387 nullus
2412 3331 2635 3402 posthac
2665 3334 2896 3405 inopiam
2925 3348 3203 3405 prtetexat.
3228 3340 3359 3395 Nam
3399 3354 3687 3412 quantum-

2097 3425 2178 3478 vis
2207 3424 2361 3494 inops
2391 3426 2460 3479 sit
2506 3426 2716 3495 aliquis,
2752 3443 2856 3482 non
2903 3432 3003 3483 erit
3045 3429 3143 3486 hac
3192 3434 3454 3503 egentior,
3480 3436 3565 3490 cui
3618 3436 3685 3491 ad

2100 3530 2261 3567 unmn
2296 3524 2497 3569 ιςιιιιιιιιι
2542 3516 2683 3570 diem
2735 3526 2851 3572 erat
2899 3520 3253 3576 alimentum:
3286 3533 3341 3578 et
3388 3539 3562 3596 neque
3608 3526 3688 3581 sic

2098 3603 2195 3658 fuit
2221 3606 2435 3675 segnior
2462 3606 2525 3661 ad
2554 3608 2861 3675 petitionem
2896 3611 3191 3679 praphetzn,
3233 3614 3327 3669 sed
3358 3631 3545 3685 magna
3571 3617 3681 3670 ala-

2097 3698 2288 3752 critate
2313 3699 2360 3751 ei
2392 3700 2583 3767 paruit,
2636 3710 2690 3755 ct
2720 3703 3019 3757 mercedem
3058 3705 3298 3773 protinus
3335 3709 3556 3777 recepit.
3584 3710 3687 3763 Ta—

2099 3789 2166 3843 lia
2195 3790 2339 3843 enim
2361 3800 2506 3855 sunt,
2548 3806 2664 3859 qu:e
2690 3808 2720 3845 a
2768 3793 2875 3845 Deo
2907 3794 3055 3848 lium.
3103 3796 3216 3848 Mos
3245 3797 3294 3851 ei
3320 3796 3451 3853 dare
3494 3815 3683 3871 magna

2102 3894 2197 3948 pro
2220 3881 2414 3949 parvis.
2442 3880 2577 3947 Quid
2604 3882 2766 3947 enim,
2796 3883 2904 3948 die,
2928 3899 3044 3950 oro,
3071 3896 3270 3941 tantum
3292 3890 3486 3958 attulit,
3510 3908 3680 3962 quan-

2102 3980 2209 4025 ttnu
2252 3970 2506 4039 accepit?
2562 3972 2756 4027 Verum
2818 3974 3075 4030 Dominus
3116 3985 3299 4043 noster
3343 3995 3446 4034 non
3490 3994 3685 4051 quanta

2098 4063 2292 4118 dentur
2335 4065 2613 4119 consuevit
2652 4066 2948 4133 attendere,
3000 4069 3094 4123 sed
3146 4070 3433 4126 voluntatis
3474 4074 3685 4144 largita-

2102 4163 2242 4220 tem;
2287 4166 2342 4210 et
2391 4156 2459 4209 ab
2505 4157 2605 4211 hac
2631 4174 2749 4227 qu:e.
2781 4174 2938 4228 parva
2984 4171 3107 4215 sunt
3133 4179 3320 4234 magna
3365 4166 3683 4227 redduntur.

2098 4254 2152 4300 et
2178 4262 2366 4317 magna
2407 4262 2551 4316 sa'pe
2602 4249 2724 4303 vilia
2754 4250 3088 4316 efficiuntur,
3142 4255 3355 4324 quando
3396 4273 3501 4311 non
3528 4258 3683 4313 hilari

2099 4349 2277 4403 animo
2315 4366 2433 4419 qu:e
2482 4351 2614 4405 Iinnt
2670 4364 3010 4422 peraguntur.
3066 4355 3361 4425 Eapropter
3390 4357 3546 4411 vidua
3597 4358 3685 4411 illa

2099 4440 2426 4509 evangelica,
2452 4443 2632 4496 multis
2674 4444 2835 4498 multa
2889 4444 2941 4498 itt
2971 4447 3403 4517 gazophylacium
3433 4449 3689 4503 mittenti-

2100 4532 2218 4595 bus,
2275 4534 2524 4602 projectis
2571 4535 2782 4589 duobus
2808 4538 3026 4592 minutis
3052 4552 3239 4591 omnes
3261 4539 3387 4592 vicit
3413 4540 3561 4605 (Luc.
3592 4542 3682 4594 2t.

2099 4624 2152 4678 5.
2183 4625 2255 4691 4),
2288 4640 2392 4678 non
2425 4625 2566 4693 quod
2614 4627 2894 4680 immiserit
2919 4629 3069 4695 plura
3089 4630 3228 4691 aliis,
3259 4631 3351 4683 sed
3382 4633 3523 4700 quod
3554 4634 3687 4685 lihe-

2100 4716 2351 4769 raliorem
2399 4716 2724 4771 voluntatem
2775 4719 3091 4773 ostenderit.
3125 4720 3229 4772 Alii
3276 4722 3448 4782 enim,
3498 4723 3685 4792 inquit,

2101 4824 2167 4861 ex
2215 4823 2281 4863 eo
2306 4809 2446 4878 quod
2483 4810 2583 4863 sibi
2629 4810 2933 4863 abundabat
2963 4811 3354 4883 cleemosynam
3376 4815 3688 4886 erogabant,

2103 4898 2200 4951 ista
2227 4908 2403 4953 autem
2463 4900 2642 4953 omnia
2693 4916 3043 4970 qntecnmque
3091 4904 3399 4972 possidebat
3449 4906 3685 4963 immisit.

2102 4989 2325 5044 Omnem
2378 4991 2521 5044 enim
2549 4992 2745 5045 victum
2791 5008 2965 5058 suum,
3002 4995 3189 5065 inquit,
3234 4997 3433 5070 injecit.

2180 5081 2509 5152 Elcemosyna
2530 5084 3023 5156 eroganda.—Ergo
3041 5088 3290 5144 mulieres
3311 5091 3499 5147 saltem
3526 5092 3691 5145 imite-

2104 5189 2223 5228 mur
2243 5174 2364 5239 viri,
2382 5182 2550 5229 etnon
2571 5174 2848 5233 inferiores
2859 5177 2936 5233 eis
2952 5179 3252 5235 videamur:
3273 5182 3367 5237 sed
3386 5184 3694 5237 studeamus

2104 5282 2210 5320 non
2231 5267 2403 5320 solum
2423 5266 2488 5320 ad
2524 5277 2765 5322 nostrum
2791 5284 2945 5324 usum
2974 5286 3186 5327 omnem
3214 5274 3562 5328 substantiam
3596 5291 3691 5327 no-

2105 5365 2269 5409 stram
2301 5356 2630 5425 impendere,
2670 5359 2764 5413 sed
2809 5369 2862 5414 et
2905 5376 3192 5431 egenorum
3222 5378 3467 5433 magnam
3499 5363 3695 5417 habere

2106 5461 2321 5511 curam,
2376 5447 2533 5515 idque
2572 5464 2694 5503 cum
2739 5451 3013 5506 alacritate
3062 5462 3117 5506 et
3155 5452 3438 5508 hilaritate.
3483 5453 3694 5508 Etenim

2107 5537 2335 5606 agricttla
2364 5546 2519 5592 terrae
2558 5540 2889 5596 concrcdens
2915 5542 3139 5607 semina,
3170 5559 3274 5597 non
3318 5543 3417 5599 hoc
3445 5558 3568 5598 cum
3600 5544 3695 5597 tri—

2108 5630 2247 5684 stitia
2277 5629 2418 5696 facit,
2447 5630 2540 5685 scd
2571 5632 2807 5701 gaudens
2856 5643 2908 5688 et
2938 5633 3288 5701 ltetabundtts,
3327 5646 3379 5690 et
3408 5637 3558 5707 quasi
3585 5636 3695 5705 jam

2111 5736 2205 5791 spe
2227 5723 2526 5793 manipulos
2548 5723 2726 5780 videre
2753 5739 2810 5784 se
2838 5725 3165 5795 existimans,
3190 5726 3249 5780 in
3280 5735 3420 5783 terra
3447 5720 3679 5778 seminat
