4150 6276
477 335 582 394 595

479 449 542 502 Et
573 455 652 510 tu,
683 443 898 507 dilecte,
931 457 1000 497 ac
1037 439 1210 496 solum
1239 437 1542 508 respexeris
1569 435 1634 490 ad
1661 449 1784 492 eum
1811 435 1900 504 qui
1927 431 2064 488 reei-

479 536 573 604 pit,
603 550 776 604 neque
809 534 876 588 ad
917 539 1160 600 sumplus
1185 531 1272 600 qui
1323 529 1490 592 ﬁunt;
1537 527 1630 583 sed
1665 527 1871 597 cogita,
1917 525 2068 580 illum

475 625 692 694 quidem
719 626 808 694 qni
838 641 866 677 a
899 633 952 678 te
975 625 1169 692 accipit
1212 638 1332 678 esse
1356 623 1618 678 visibilem
1639 661 1652 684 ,
1691 619 1855 673 alium
1887 625 2066 672 autem

475 731 596 785 quae
623 717 674 770 in
698 717 846 770 illum
882 715 1034 778 fiunt,
1065 715 1166 770 sibi
1201 715 1338 770 iacta
1367 715 1682 778 declarare;
1715 727 1890 782 neque
1917 711 2064 765 illum

477 808 746 874 vulgarem
789 807 1092 877 quempiam
1146 821 1300 873 esse,
1347 805 1442 860 sed
1483 805 1720 858 omnium
1761 802 2061 866 Dominum,

477 897 593 950 cadi
633 910 894 966 terrzuqtlc
936 897 1309 960 Conditorem;
1339 903 1393 949 et
1432 903 1701 962 sumptum
1732 891 1878 946 illum
1925 891 2066 946 redi-

479 997 630 1042 tuum
657 987 832 1042 locum
861 989 1122 1058 obtinere,
1155 1001 1253 1040 nec
1290 985 1464 1039 Solum
1505 999 1611 1038 non
1653 986 1894 1038 minuere
1932 984 2063 1038 sub-

478 1078 728 1132 stantiam
759 1087 922 1144 tnam,
949 1078 1042 1132 sed
1069 1091 1264 1146 augere
1287 1075 1453 1146 magis
1489 1075 1534 1128 si
1578 1090 1702 1129 cum
1727 1074 1832 1129 [ide
1861 1085 1911 1130 et
1952 1074 2065 1128 ala-

473 1169 667 1224 critate
709 1169 810 1222 hoc
839 1167 1046 1222 feceris.
1089 1166 1298 1221 Addam
1343 1165 1394 1220 id
1437 1165 1577 1235 quod
1618 1165 1941 1234 prtccipttum
1983 1159 2061 1220 est

475 1256 675 1314 (initum
699 1277 712 1314 :
747 1268 938 1328 pra'tcr
967 1257 1063 1313 hos
1093 1257 1294 1312 reditus
1321 1266 1376 1314 et
1417 1257 1582 1324 lucra,
1613 1273 1731 1326 qua:
1759 1272 1823 1311 ex
1849 1265 2060 1326 sumptu

479 1359 754 1416 parantur,
789 1356 1001 1415 peccata
1029 1347 1190 1402 etiam
1215 1347 1584 1402 condonantur
1615 1365 1627 1401 :
1653 1348 1739 1402 cui
1769 1348 1908 1402 bono
1937 1347 2063 1417 quid

479 1454 573 1508 par
599 1451 718 1492 esse
745 1437 972 1505 poterit?
1015 1437 1072 1492 Si
1104 1437 1262 1509 igitur
1289 1437 1533 1494 volumus
1563 1453 1690 1494 vere
1725 1438 2059 1508 locupletari,

472 1537 531 1583 et
559 1543 678 1582 cum
705 1528 900 1583 divitiis
939 1529 1100 1584 etiam
1135 1537 1474 1599 peccatorum
1517 1529 1754 1584 invenire
1794 1529 2059 1584 remissio-

473 1637 620 1684 nem,
661 1620 994 1676 cﬂ'undamns
1041 1637 1129 1677 res
1169 1629 1378 1677 nostras
1427 1622 1479 1676 in
1523 1637 1813 1691 egenorum
1849 1637 2060 1687 manus,

473 1711 861 1780 praemittamus
887 1727 980 1768 eas
1011 1712 1064 1767 in
1089 1713 1302 1780 caelum,
1335 1713 1423 1768 ubi
1455 1727 1628 1782 neque
1655 1715 1754 1778 fur,
1789 1729 1961 1783 neque
1981 1715 2059 1768 la-

474 1811 582 1868 tro,
615 1818 786 1870 neque.
817 1803 1076 1872 parietum
1118 1803 1360 1871 elfossor,
1406 1817 1580 1872 neque
1619 1802 1802 1857 famuli
1839 1804 2059 1872 malitia,

475 1907 648 1961 neque
675 1893 820 1946 aliud
845 1893 1134 1963 quidquam
1175 1909 1371 1950 nocere
1397 1895 1592 1965 poterit
1617 1893 1814 1948 divitiis
1845 1895 2058 1948 nostris.

473 1983 642 2053 Regio
667 1985 810 2038 en’m
838 1985 924 2040 illa
963 1985 1214 2040 omnibus
1257 1985 1554 2041 istiusmodi
1583 1985 1793 2040 damnis
1821 1987 2062 2055 superior

471 2085 576 2130 est.
603 2074 830 2130 Tantum
858 2091 924 2130 ne
953 2091 1144 2130 vanam
1167 2077 1390 2148 gloriam
1419 2085 1705 2136 sectemur.
1735 2076 1828 2132 sed
1867 2091 2062 2146 sequa-

475 2182 598 2222 mur
625 2167 770 2236 leges
805 2182 834 2220 a
878 2166 1090 2223 Christo
1135 2169 1374 2236 traditas,
1420 2177 1480 2223 ut
1513 2183 1619 2223 non
1655 2167 1722 2223 ab
1763 2168 2063 2223 hominibus

474 2259 660 2314 laudes
683 2259 1059 2328 percipiamns,
1084 2260 1178 2314 sed
1199 2275 1227 2312 a
1253 2259 1522 2314 communi
1547 2259 1786 2312 omnium
1817 2259 2060 2325 Domino,

473 2366 544 2406 ne
569 2360 624 2406 et
661 2361 906 2419 sump’ns
949 2349 1204 2405 faciamus
1229 2389 1244 2410 .
1293 2359 1348 2404 et
1389 2350 1539 2403 lucro
1579 2348 1951 2403 destituamur.
1995 2347 2064 2402 Ut

469 2441 616 2496 enim
641 2441 710 2494 ab
739 2439 944 2494 insidiis
969 2439 1086 2492 aliis
1110 2439 1358 2493 omnibus
1398 2447 1524 2492 tuta:
1561 2446 1686 2492 sunt
1728 2437 1926 2492 divitia:
1969 2453 2066 2505 per

471 2547 660 2588 manus
691 2547 982 2601 pauperum
1007 2545 1076 2586 eo
1105 2531 1394 2596 translate,
1435 2530 1506 2584 ita
1545 2544 1640 2598 per
1673 2543 1861 2585 vanam
1889 2529 2060 2583 solum

471 2623 692 2693 gloriam
732 2621 1120 2686 absumuntur;
1171 2629 1309 2675 etut
1353 2621 1494 2676 tinea
1535 2629 1592 2676 et
1625 2634 1836 2675 vermes
1883 2627 2061 2675 vestes

473 2721 841 2780 corrumpunt,
887 2713 958 2765 ita
1005 2721 1058 2766 et
1097 2711 1268 2766 inanis
1296 2711 1462 2781 gloria
1501 2711 1712 2766 divitias
1736 2727 1853 2780 qua:
1895 2711 2060 2766 mise-

473 2803 700 2858 ricordia
729 2804 1072 2871 colliguntur.
1103 2803 1322 2868 Idcirco,
1355 2803 1597 2867 obsecro,
1639 2818 1744 2856 non
1771 2801 1942 2857 solum
1975 2802 2058 2854 fa-

469 2897 674 2952 ciamus
697 2896 1086 2966 clccmosynas,
1111 2895 1206 2956 sed
1236 2904 1290 2950 et
1313 2904 1465 2949 caute
1489 2894 1762 2958 faciamus,
1791 2903 1847 2947 ut
1873 2908 2060 2963 magna

475 2989 612 3042 bona
639 2990 989 3058 percipiantus
1015 3004 1109 3058 pro
1128 2986 1322 3058 parvis,
1365 2995 1420 3041 et
1463 2977 1854 3057 pro'fiagilibns
1883 2987 2062 3040 incor-

471 3081 762 3150 rnptibilia.
805 3090 858 3134 et
908 3096 1006 3151 pro
1051 3079 1427 3148 temporalibus
1469 3087 1690 3146 aitet-na,
1739 3089 1938 3132 etcum
1979 3077 2062 3132 his

469 3175 722 3232 Ollltlibtts
747 3178 906 3228 etiam
937 3183 1272 3243 peccatorum
1303 3171 1668 3228 remissionem
1695 3171 2063 3248 asscqni‘pos-

470 3266 662 3326 simus,
705 3265 948 3332 lr-naque
989 3263 1075 3317 illa
1118 3263 1402 3318 ineffabilia
1451 3281 1464 3322 :
1508 3263 1698 3332 quibus
1737 3277 1836 3316 nos
1875 3277 2064 3316 omnes

375 3383 379 3386 -
471 3356 632 3424 potiri
677 3354 970 3422 contingat,
1011 3353 1175 3420 gratia
1213 3363 1268 3406 ct
1312 3352 1674 3408 misericordia
1719 3351 1924 3406 Domini
1969 3369 2066 3405 no-

473 3445 570 3500 stri
598 3445 724 3502 lcsu
749 3445 970 3507 Christi,
997 3444 1080 3498 cui
1111 3457 1236 3498 cum
1278 3441 1435 3498 Patre
1464 3451 1518 3499 et
1541 3453 1728 3498 sancto
1755 3441 2066 3511 vivilicoque

475 3539 672 3611 Spiritu
701 3539 770 3592 sit
789 3539 974 3608 gloria,
1009 3550 1148 3590 nunc
1173 3543 1226 3590 ct
1245 3547 1476 3604 semper,
1507 3542 1562 3590 ct
1589 3535 1640 3588 in
1667 3536 1862 3590 smcula
1891 3549 2064 3588 Siccu-

479 3631 672 3686 Iorutn.
705 3631 898 3682 Amen.

1025 3753 1297 3809 IIOBIIIJA
1333 3751 1513 3808 XLIII.

491 3867 737 3925 Venerunt
764 3882 952 3938 (unum,
999 3869 1180 3931 inonit,
1230 3867 1331 3918 duo
1365 3868 1533 3936 angeli
1564 3867 1790 3922 Sor'Jma
1841 3884 2064 3935 t'c'Spct'c.

1083 3959 1234 4028 (lien.
1275 3959 1356 4014 I9.
1393 3959 1464 4028 I).

551 4111 574 4162 Ι
589 4149 602 4162 .
631 4103 1086 4172 Quemadmodum
1103 4099 1346 4152 ﬂoridum
1359 4094 1626 4163 quoddam
1643 4103 1854 4160 pratum
1875 4091 2052 4146 varios

475 4211 536 4254 et
556 4196 874 4263 omnigenos
895 4191 1050 4244 ﬂores
1077 4189 1130 4241 in
1157 4201 1216 4240 se
1243 4192 1504 4244 ostentat,
1535 4183 1606 4234 ita
1633 4195 1688 4234 et
1709 4183 1886 4233 divina
1909 4182 2050 4234 Seri-

477 4297 636 4358 ptnra
671 4283 940 4352 iustorum
977 4279 1202 4329 virtutes
1237 4272 1392 4326 nobis
1421 4271 1750 4324 demonstrat
1783 4289 1796 4321 :
1829 4285 1930 4322 non
1971 4281 2050 4334 ut,

477 4377 620 4432 sicut
647 4373 856 4428 illorum
885 4368 1070 4420 ﬂorum
1101 4361 1414 4432 fragrantia,
1441 4373 1606 4426 parvo
1637 4367 1874 4426 tempore
1905 4359 2050 4413 frua-

477 4479 623 4528 mur,
663 4461 756 4515 sed
783 4467 838 4513 ut
867 4461 1178 4524 perpetuam
1229 4451 1351 4503 inde
1393 4449 1674 4502 utilitatem
1705 4449 2046 4517 recipiamus.

477 4555 592 4609 Illic
617 4568 776 4608 manu
812 4557 1014 4608 tantum
1043 4544 1314 4612 carpimus
1343 4539 1523 4602 liores,
1549 4549 1602 4594 et
1636 4540 1880 4607 protinus
1907 4554 2048 4592 mar-

477 4653 758 4702 cesccnlcs
773 4655 922 4694 suam
947 4636 1172 4705 gratiam
1202 4632 1452 4686 amittunt
1469 4649 1482 4684 :
1499 4631 1586 4686 hic
1607 4641 1908 4686 autemnon
1933 4631 2011 4685 sic
2031 4645 2046 4684 :

481 4737 574 4790 sed
600 4731 814 4802 quando
843 4726 1062 4780 auribus
1091 4725 1361 4794 justorum
1393 4722 1616 4775 virtutes
1647 4721 1963 4790 accipimus,
1993 4731 2050 4775 et

477 4843 570 4880 eas
603 4825 654 4876 in
683 4822 804 4876 sinu
843 4817 1042 4872 mentis
1066 4815 1393 4884 reponimus,
1426 4828 1522 4884 per
1550 4827 1709 4868 omne
1741 4821 1972 4882 tempus,
2001 4813 2048 4868 si

477 4918 726 4969 volumus
755 4953 769 4976 ,
823 4925 1006 4966 eorum
1047 4911 1194 4964 suavi
1237 4911 1404 4966 odore
1449 4909 1550 4964 frui
1599 4907 1909 4978 poterimus.
1959 4911 2066 4977 Age

473 5022 626 5078 ergo,
662 5005 784 5073 quia
829 5013 970 5056 tanta
1011 5012 1316 5056 sanctorum
1347 5004 1398 5056 in
1425 5001 1602 5056 divina
1639 5001 1914 5070 Scriptura
1957 5000 2069 5054 fra-

477 5097 686 5167 grantia
711 5103 812 5160 est,
843 5092 999 5148 hodie
1031 5092 1144 5146 Loti
1173 5095 1366 5148 bonum
1393 5091 1611 5147 odorem
1637 5093 1986 5164 inquiramus,
2009 5099 2067 5147 ut

478 5189 706 5245 sciamus
733 5183 950 5253 liquido,
979 5183 1179 5250 justum
1209 5182 1349 5238 hunc
1391 5183 1442 5238 in
1485 5194 1686 5238 tantum
1716 5185 1924 5240 virtutis
1951 5185 2066 5252 api-

475 5294 592 5334 cem
623 5286 870 5333 cVei-tnm
898 5289 1016 5328 esse
1049 5274 1362 5343 patriarcha:
1400 5275 1804 5341 consuetudine,
1843 5291 1964 5346 qua:
1990 5275 2066 5329 ef-

473 5371 598 5428 fecit
629 5380 686 5426 ut
721 5369 942 5439 vestigia
985 5369 1126 5424 illius
1165 5377 1496 5440 sequeretur,
1527 5379 1582 5424 ct
1613 5371 1944 5438 peculiariter
1973 5372 2065 5424 ho-

471 5465 812 5534 spitalitatem
839 5473 1132 5518 exerceret.
1158 5463 1348 5518 \‘erum
1373 5473 1430 5518 ut
1457 5463 1782 5518 manifestior
1806 5463 1870 5518 sit
1889 5479 2066 5520 sermo

473 5571 674 5622 nnle‘I',
697 5571 878 5625 opera:
897 5555 1126 5625 pretium
1161 5557 1318 5612 fuerit
1357 5556 1646 5626 Scriptura:
1675 5555 1836 5612 verba
1857 5555 2061 5610 audire.

479 5649 792 5708 l.I'rnernnt
813 5657 998 5713 autem,
1021 5648 1208 5719 inquit,
1241 5649 1340 5702 duo
1369 5648 1538 5720 angeli
1571 5649 1796 5704 Sodoma
1815 5649 2063 5720 (€011.19)

471 5741 685 5816 tmperi.
721 5739 900 5810 Quare
943 5740 1019 5806 sic
1063 5741 1258 5813 incepit
1298 5751 1348 5800 ct
1381 5741 1510 5800 dixit
1543 5739 1853 5796 :‘l’encrunt
1899 5749 2065 5796 autem

1249 324 1310 384 S.
1351 323 1628 383 JOANNIS
1665 315 2146 378 CIIRYSOS'I'OMI
2181 313 2496 372 ARCIIIEP.
2541 313 3072 384 CONST.\NTINCP.

3657 321 3762 378 396

2177 428 2280 482 duo
2307 429 2475 491 angeli
2499 428 2724 482 Sodoma
2743 429 2932 498 uesperi
2953 429 2980 484 i’
3005 427 3268 497 Quoniam
3287 443 3564 504 postquam
3577 437 3760 494 diver.

2175 517 2276 572 sati
2303 527 2429 572 sunt
2455 517 2592 584 apud
2639 516 3016 586 patriarcham,
3046 527 3102 574 et
3143 519 3266 576 inde
3305 533 3582 592 surgentes
3612 525 3760 582 abie-

2173 619 2330 674 runt;
2371 625 2434 664 ac
2471 610 2706 664 clemens
2743 609 3000 664 Dominus
3025 621 3080 665 et
3103 621 3338 678 curator,
3367 629 3464 682 pro
3489 631 3582 670 sua
3609 617 3760 674 boui-

2175 709 2284 757 tate
2327 704 2377 755 in
2423 701 2651 754 humana
2688 701 2852 770 ligura
2894 701 3061 768 visus,
3111 705 3308 758 mansit
3351 707 3494 775 apud
3539 709 3758 776 patriar-

2171 793 2347 853 cham.
2383 794 2602 862 loquens
2623 806 2748 848 cum
2777 809 2866 858 eo,
2897 793 3038 849 sicut
3079 795 3194 850 beri
3221 797 3497 854 audivistis
3530 819 3544 855 :
3576 803 3758 857 volens

2173 897 2270 935 nos
2293 897 2480 936 omnes
2509 882 2704 938 docere
2729 893 2784 938 et
2824 884 3094 954 ingentem
3141 889 3446 954 patientiam
3489 907 3663 954 suam,
3703 903 3759 948 et

2173 973 2484 1040 patriarcha:
2509 973 2804 1041 caritatem,
2823 976 2996 1046 angeli
3023 984 3200 1032 autem
3223 981 3613 1036 contendebant
3633 992 3756 1038 tunc

2171 1078 2356 1117 versus
2381 1065 2610 1118 Sodoma
2635 1082 2650 1118 :
2679 1080 2903 1120 servans
2926 1065 3198 1136 Scriptura
3227 1081 3382 1122 suum
3405 1071 3648 1126 ordinem
3671 1075 3754 1128 di-

2169 1155 2242 1208 cit
2266 1157 2454 1208 ilerum
2481 1175 2494 1208 :
2535 1154 2782 1209 Venerunt
2809 1166 2976 1209 autent
2999 1158 3102 1211 dno
3129 1160 3298 1230 angeli
3327 1161 3553 1216 Sodoma
3579 1177 3749 1232 vespe-

2167 1247 2234 1314 ri,
2262 1245 2449 1301 facturi
2471 1246 2611 1317 quod
2641 1247 2957 1318 imperatum
2985 1257 3122 1303 erat.

2240 1336 2356 1390 Lati
2385 1337 2701 1406 hospitalitas
2729 1339 3132 1394 laudatur.-Et
3161 1339 3280 1396 vide
3297 1340 3623 1412 diligentiam
3651 1345 3752 1398 oh-

2169 1429 2850 1500 scrvationemque'divime
2887 1431 3198 1500 Scriptura,
3237 1433 3506 1502 quomodo
3545 1445 3754 1504 tempus

2186 1553 2292 1607 quo
2311 1538 2644 1592 advenerunt
2671 1536 2825 1591 nobis
2851 1535 3166 1590 declararit:
3185 1535 3312 1590 dicit
3329 1534 3497 1599 enim,
3523 1535 3752 1604 Vesperi.

2182 1631 2252 1687 Et
2279 1647 2448 1702 quare
2485 1640 2696 1700 tempus
2723 1627 3078 1700 signiﬁcavit?
3107 1636 3161 1684 et
3187 1642 3354 1698 quare
3383 1629 3448 1682 ad
3475 1643 3753 1698 vesperam

2181 1739 2247 1778 eo
2273 1723 2574 1776 venerunt?
2603 1721 2674 1776 Ut
2700 1719 3078 1776 ostenderetur
3105 1719 3258 1774 nobis
3283 1733 3476 1788 magna
3505 1718 3622 1773 Loti
3651 1719 3754 1774 ho-

2175 1811 2463 1880 spitalitas.
2491 1811 2640 1865 Sicut
2657 1811 2800 1864 enim
2827 1807 3130 1878 patriarcha
3153 1809 3345 1864 sedens
3375 1817 3616 1878 tempore
3640 1823 3754 1863 me-

2177 1901 2353 1964 ridiei,
2375 1901 2696 1955 observabat
2715 1907 3102 1970 prmtercuntes
3117 1939 3132 1963 ,
3159 1909 3214 1954 et
3240 1901 3574 1954 venationem
3595 1915 3750 1954 suam

2173 1989 2314 2043 hanc
2351 1989 2590 2043 studiose
2631 1989 2934 2053 exercebat,
2981 1997 3036 2042 et
3077 1991 3396 2044 occurrebat
3441 2003 3505 2044 ac
3553 2005 3750 2061 magno

2175 2077 2370 2148 gaudio
2395 2078 2629 2132 viatores
2664 2077 2991 2147 suscipiebat
3029 2095 3043 2130 :
3091 2076 3254 2131 simili
3285 2077 3446 2132 modo
3485 2089 3539 2134 et
3571 2077 3749 2146 justus

2175 2167 2284 2232 ille,
2310 2167 2564 2236 quoniam
2587 2165 2791 2220 sciebat
2816 2167 3224 2235 perversitatem
3247 2183 3435 2222 eorum
3457 2168 3546 2236 qui
3573 2169 3624 2222 in
3649 2167 3750 2222 So~

2171 2257 2346 2312 domis
2377 2256 2694 2310 habitabant
2721 2270 2895 2324 neque
2919 2257 3126 2324 vesperi
3150 2256 3480 2320 discedebat,
3509 2257 3602 2312 sed
3635 2273 3748 2310 ma-

2171 2349 2350 2410 nebat,
2381 2363 2450 2401 ne
2481 2349 2766 2402 thesaurus
2783 2347 2978 2416 aliquis
3004 2347 3102 2415 ipsi
3126 2345 3447 2411 elaberetur,
3477 2357 3534 2402 et
3565 2359 3620 2400 ut
3649 2348 3746 2401 ho-

2169 2439 2476 2507 spitalitatis
2504 2439 2736 2494 fructum
2775 2439 3064 2506 decerpere
3091 2449 3291 2508 posset.
3323 2437 3462 2494 Vere
3487 2440 3742 2494 admirari

2167 2531 2661 2588 vehetnentcrlicct
2679 2529 2810 2598 justi
2837 2531 2998 2598 hujus
3019 2531 3290 2596 virtutem,
3323 2532 3412 2599 qui
3439 2547 3662 2585 versans
3691 2533 3742 2584 in

2167 2625 2346 2680 medio
2375 2636 2479 2679 tam
2509 2625 2790 2694 impiorum
2819 2625 3118 2687 hominum,
3147 2640 3254 2678 non
3289 2623 3458 2679 solum
3493 2641 3596 2679 non
3627 2627 3752 2683 inde

2168 2715 2517 2784 negligentior
2543 2723 2625 2770 est
2661 2717 2849 2780 factus,
2879 2715 2972 2769 sed
3003 2723 3058 2768 et
3090 2715 3346 2784 majorem
3373 2717 3619 2772 virtutem
3644 2735 3752 2787 prze

2166 2821 2226 2862 sc
2253 2807 2368 2860 tttlit
2403 2824 2416 2859 :
2447 2821 2678 2876 eumque
2719 2822 2924 2872 euntes,
2977 2817 3032 2860 ut
3085 2809 3154 2860 ita
3181 2808 3375 2872 dicam,
3429 2810 3480 2862 in
3517 2825 3752 2878 praecl-ps

2167 2911 2402 2964 ruerent,
2436 2902 2546 2969 ipse
2571 2901 2718 2954 solus
2743 2901 2790 2951 in
2815 2910 2958 2952 tanta
2983 2899 3314 2954 inullitudine
3342 2911 3538 2956 rectam
3567 2905 3753 2958 ambu-

2167 2991 2294 3045 lavit
2314 2991 2473 3044 viam.
2493 2989 2592 3045 Ubi
2621 3005 2762 3044 nunc
2787 2999 2910 3042 sunt
2929 2991 3016 3060 qui
3041 2991 3240 3052 dicunt,
3267 3008 3369 3044 non
3397 3007 3550 3060 posse
3571 3009 3754 3063 qui-m-

2169 3083 2306 3152 piam
2325 3084 2376 3136 in
2399 3082 2569 3136 media
2581 3083 2794 3138 civitate
2807 3091 3104 3136 versantem
3125 3083 3370 3136 virtutem
3396 3098 3638 3139 Servare:
3659 3086 3754 3142 sed

2167 3191 2302 3246 opus
2315 3191 2434 3230 esse
2451 3189 2685 3242 secessu,
2700 3183 2752 3230 et
2777 3183 3022 3228 montana
3041 3174 3264 3244 quadam
3283 3174 3606 3232 habitatione
3625 3197 3636 3231 :
3657 3194 3757 3233 nec

2172 3281 2328 3336 posse
2367 3267 2546 3320 dotnui
2593 3281 2704 3320 sua:
2745 3265 3076 3336 praefectum,
3113 3276 3168 3320 et
3197 3282 3420 3320 uxorem
3451 3269 3756 3340 habentem,

2169 3369 2222 3412 et
2251 3359 2389 3412 tilios
2411 3369 2686 3412 curantem
2708 3371 2769 3412 ac
2793 3355 3036 3421 famulos,
3068 3357 3262 3411 virtute
3289 3361 3566 3428 pra-diluat
3595 3363 3758 3416 esse?

2171 3448 2396 3502 Videant
2424 3463 2550 3516 ergo
2575 3448 2775 3514 justum
2819 3448 2965 3502 illum
3011 3463 3132 3502 cum
3177 3450 3417 3517 muliere,
3473 3453 3674 3520 purl'is,
3703 3461 3758 3508 et

2169 3539 2400 3602 famulis,
2434 3540 2486 3592 in
2515 3539 2730 3594 civitate
2756 3537 3060 3609 degentem,
3095 3547 3254 3610 atque
3275 3541 3413 3595 inter
3441 3551 3545 3596 tam
3590 3544 3757 3596 malos

2169 3647 2232 3686 ac
2262 3631 2451 3700 impios
2475 3639 2875 3686 conversantem
2904 3640 2957 3685 et
2981 3633 3130 3700 quasi
3155 3633 3435 3688 scintillam
3469 3634 3752 3703 quamdam

2171 3727 2223 3779 in
2251 3725 2426 3778 medio
2456 3725 2586 3777 mari
2631 3725 2914 3788 lucentem,
2961 3739 3060 3780 nec
3096 3724 3270 3779 solum
3318 3741 3422 3780 non
3467 3727 3753 3795 exstingui,

2170 3816 2264 3870 sed
2295 3815 2530 3885 quotidie
2570 3817 2740 3871 lucem
2769 3815 3048 3871 clariorem
3073 3817 3338 3872 emittere.
3385 3818 3450 3872 Et
3490 3817 3602 3873 lucc
3639 3818 3758 3872 dico

2176 3923 2280 3962 non
2313 3905 2599 3973 prohibens
2628 3921 2898 3962 secessum
2921 3907 2989 3960 ab
3025 3907 3266 3972 urbibus,
3298 3925 3472 3978 neque
3500 3910 3758 3964 interdico

2173 3997 2428 4050 niontinni
2457 4005 2512 4050 ct
2535 3997 2878 4052 solitudinum
2905 3999 3366 4053 conversationem
3385 4015 3403 4065 ;
3421 3999 3510 4053 sed
3537 4001 3755 4055 ostendo

2177 4087 2377 4144 volenti
2407 4087 2584 4142 sobrie
2611 4101 2772 4156 agere
2802 4095 2856 4140 et
2880 4086 3132 4156 vigilare,
3165 4087 3296 4140 nihil
3329 4087 3454 4140 inde
3487 4087 3750 4142 obstaculi

2173 4193 2316 4233 esse.
2351 4176 2502 4232 Sicut
2531 4176 2692 4246 igitur
2719 4177 3006 4246 negligenti
3033 4191 3098 4229 ac
3131 4176 3322 4245 supino
3367 4175 3497 4228 nihil
3537 4175 3752 4243 prodest

2177 4267 2406 4322 solitudo
2429 4285 2440 4320 :
2465 4281 2637 4335 neque
2659 4266 2802 4320 enim
2825 4267 2974 4321 locus
3001 4281 3097 4320 nos
3119 4267 3316 4320 virtute
3331 4264 3459 4320 facit
3477 4265 3751 4333 prteditos,

2183 4360 2275 4416 sed
2307 4373 2458 4412 mens
2487 4368 2542 4412 et
2582 4373 2761 4414 mores
2791 4377 2804 4412 :
2847 4359 2917 4412 ita
2951 4367 3004 4411 et
3027 4360 3260 4427 prudens
3289 4365 3450 4425 atque
3479 4356 3604 4424 vigil
3645 4371 3750 4409 non

2179 4449 2483 4513 offenditur,
2515 4449 2678 4504 etiam
2707 4449 2758 4504 in
2789 4451 2960 4504 media
2990 4450 3206 4504 civitate
3233 4448 3452 4517 degens.
3489 4445 3750 4513 Quocirca

2179 4540 2390 4602 vellem,
2411 4540 2552 4594 sicut
2577 4539 2788 4594 beatum
2813 4539 2980 4602 illum,
3005 4539 3202 4592 virtute
3224 4545 3542 4606 praestantes
3565 4537 3618 4590 in
3641 4551 3754 4589 me-

2179 4633 2284 4686 diis
2313 4632 2618 4686 civitatibus
2645 4647 2796 4694 esse,
2827 4641 2884 4685 ut
2915 4632 3066 4700 quasi
3103 4631 3424 4684 fermentum
3449 4628 3575 4683 facti
3609 4628 3750 4691 aliis,

2175 4723 2370 4778 multos
2413 4725 2479 4778 ad
2519 4723 2600 4778 sui
2653 4722 3010 4776 imitationem
3043 4722 3340 4776 traherent.
3379 4721 3580 4774 Verum
3625 4719 3749 4786 quia

2175 4815 2276 4869 hoc
2301 4814 2512 4870 dillicile
2561 4817 2769 4870 videtur
2797 4831 2939 4879 esse,
2981 4815 3172 4869 saltem
3215 4814 3340 4868 illud
3371 4813 3600 4868 alterum
3641 4811 3750 4864 lial.

2175 4907 2382 4962 Transit
2421 4909 2556 4962 ertim
2600 4909 2771 4976 ﬁgura
2822 4908 3003 4960 mundi
3044 4906 3201 4975 lmjns
3231 4905 3282 4966 (I
3317 4905 3442 4960 Cor.
3469 4907 3522 4958 7.
3553 4903 3670 4974 3i),
3699 4913 3750 4956 et

2173 5001 2350 5056 brevis
2391 5010 2476 5054 cst
2514 5000 2622 5054 vita
2661 5013 2897 5066 prtesens
2933 5013 2948 5050 :
2979 5007 3034 5052 et
3075 4997 3174 5052 nisi
3207 5011 3366 5060 nunc,
3406 5011 3530 5051 cum
3575 4995 3750 5050 adhuc

2171 5095 2222 5147 in
2248 5093 2421 5148 stadio
2435 5109 2644 5158 Sllmtls,
2669 5091 2879 5146 labores
2901 5092 3166 5144 virtutum
3189 5089 3582 5160 aggrediamur,
3597 5097 3652 5142 ct
3673 5087 3750 5140 la-

2167 5199 2338 5252 queos
2379 5182 2592 5237 tualitiae
2616 5181 2954 5250 etl'ugiantus,
2984 5191 3170 5249 postea
3205 5181 3256 5234 in
3287 5195 3485 5234 vanum
3511 5187 3750 5234 nosmet-

2171 5272 2313 5342 ipsos
2343 5273 2795 5342 reprehendemus
2815 5313 2828 5334 ,
2858 5274 3072 5342 quando
3115 5271 3258 5326 milla
3283 5272 3389 5326 erit
3413 5269 3747 5340 patuitentiae

2172 5364 2400 5418 utilitas.
2441 5363 2574 5418 Nam
2591 5363 2826 5432 quandiu
2852 5363 2906 5416 in
2929 5363 3178 5432 praesenti
3197 5363 3302 5416 vita
3323 5359 3602 5421 fuerimt.s,
3623 5373 3748 5426 pos-

2169 5465 2294 5510 sunt
2335 5455 2456 5510 inde
2507 5455 2828 5524 puruitentes
2879 5453 3087 5510 lucrum
3135 5454 3402 5522 accipere,
3445 5461 3500 5506 et
3547 5450 3744 5504 ablatis

2169 5547 2436 5615 prioribus
2480 5547 2716 5614 peccatis
2757 5545 3182 5600 miscricordiam
3231 5543 3438 5598 Domini
3478 5541 3692 5610 assequi
3726 5557 3740 5594 :

2169 5639 2308 5708 quod
2349 5638 2395 5693 si
2433 5637 2855 5707 pnetericrimns
2893 5645 3101 5704 tempus
3131 5649 3389 5705 praesens,
3421 5645 3746 5704 repcnthue

2172 5732 2374 5802 abrepti
2399 5729 2694 5786 fuerimus:
2723 5729 3042 5800 [imttitetttia
3067 5729 3282 5787 quidem
3313 5736 3438 5783 tunc
3469 5727 3742 5790 ducentur,
