4150 6276
282 359 388 418 595

286 478 413 543 ζων,
435 477 592 541 ,ῦτως
621 479 700 542 είς
721 477 821 548 τήν
850 479 954 548 γῆν
970 476 1163 547 ἀφίησι
1189 477 1260 531 τὰ
1290 477 1603 550 σπέρματα.
1635 477 1741 532 Καὶ
1763 479 1826 532 σὺ
1849 478 1952 531 τοί-

290 580 399 627 νυν,
435 563 708 632 ἀγαπητὲ,
748 563 822 633 μὴ
844 562 979 632 πρὸς
1009 563 1102 616 τὸν
1133 561 1474 633 λαμϐάνοντα
1495 563 1596 634 δρα
1616 564 1793 634 μόνον,
1821 565 1954 634 μηδέ

287 650 424 721 πρὸς
445 650 541 720 τὴν
564 649 808 720 δαπάνην
850 650 949 721 τὴν
978 650 1289 719 γινομένην,
1338 649 1452 702 ἀλλ’
1479 650 1666 707 ἐννόει,
1688 651 1771 704 ὅτι
1803 646 1952 713 οὗτος

291 739 388 809 μέν
421 739 566 790 ἐστιν
596 741 626 790 6
650 736 944 808 ὁρώμενος,
969 739 999 790 6
1040 737 1192 807 παρὰ
1221 737 1314 790 σοῦ
1338 736 1645 810 δεχόμενος,
1687 737 1872 808 ἔτερος
1898 737 1956 790 δὲ

287 827 317 877 6
344 826 410 877 τὶ
433 827 513 887 είς
545 826 748 877 ἐκεῖνον
801 825 1056 894 γινόμενα
1115 825 1501 896 οἰκειούμενος,
1547 827 1642 878 καὶ
1673 825 1771 896 οὐχ
1807 828 1836 878 6
1862 843 1957 878 τυ-

289 912 422 980 χὼν,
454 911 567 963 ἀλλ’
593 913 624 964 6
646 911 753 964 τῶν
777 911 914 965 ὅλων
940 912 1234 982 Δεσπότης,
1262 914 1289 965 6
1309 912 1416 964 τῶν
1448 912 1702 965 ἁπάντων
1732 911 1954 982 Κύριος,

290 1000 320 1050 6
346 998 573 1068 οὐρανοῦ
636 999 728 1051 ml
773 999 882 1070 γῆς
938 1000 1187 1070 ποιητής·
1237 999 1333 1052 καὶ
1375 999 1523 1068 ὃτιή
1575 998 1784 1069 δαπάνη
1816 997 1954 1069 αὕτη

292 1084 552 1154 πρόσοδος
584 1085 810 1152 γίνεται,
852 1085 946 1138 ml
977 1085 1038 1138 οὐ
1096 1087 1255 1156 μόνον
1296 1086 1396 1138 οὐκ
1447 1085 1661 1139 ἐλαττοῖ
1719 1103 1812 1139 σου
1859 1085 1956 1156 τὴν

291 1172 500 1234 οὐσίαν,
521 1173 655 1227 ἀλλά
668 1175 762 1226 καί⁹
788 1172 1066 1238 πλεονάζει
1089 1174 1309 1244 μᾶλλον,
1341 1174 1435 1228 ἐὰν
1453 1174 1516 1227 σύ
1563 1174 1701 1245 μετὰ
1722 1174 1956 1238 πίστεως

290 1258 449 1310 ὀῦτο
476 1260 684 1330 ἐργάζῃ
722 1261 816 1313 καὶ
861 1261 1048 1330 ἱλαρᾶς
1079 1262 1178 1332 τῆς
1231 1260 1557 1332 προθυμίας.
1598 1261 1752 1314 Είπω
1775 1261 1835 1314 16
1863 1279 1954 1314 κε·-

291 1344 519 1412 φάλαιον
546 1345 655 1397 τῶν
692 1345 929 1414 ἀγαθῶνο
972 1347 1110 1416 μετὰ
1140 1348 1237 1415 τῆς
1275 1347 1540 1416 προσόδου
1585 1347 1684 1418 τῆς
1715 1348 1825 1401 ἀπὸ
1860 1349 1957 1418 τῆς

289 1432 537 1501 δαπάνης
556 1431 758 1503 ταύτης
778 1434 1073 1505 γινομένης
1110 1434 1204 1487 καὶ
1235 1435 1647 1504 ἁμαρτημάτων
1679 1435 1960 1506 συγχωρή-

294 1519 430 1580 σεώς
458 1536 539 1572 σοι
593 1520 849 1589 πρόξενος
899 1521 1127 1588 γίνεται,
1162 1516 1223 1575 οὗ
1252 1521 1305 1573 τί
1339 1520 1408 1574 ἂν
1446 1522 1654 1590 γένοιτο
1692 1523 1836 1587 fama;
1894 1522 1956 1574 Εἰ

293 1601 474 1654 τοίνυν
513 1601 835 1674 βουλοίμεθα
869 1603 1065 1658 εἰδέναι
1102 1605 1348 1659 πλουτεῖν
1384 1606 1474 1658 τὸν
1512 1605 1686 1676 ἀληθῆ
1709 1605 1956 1668 πλοῦτον,

294 1690 388 1741 ml
416 1689 552 1758 μετά
585 1690 680 1744 τοῦ
715 1690 947 1744 πλούτου
974 1691 1067 1744 καὶ
1098 1691 1206 1744 τῶν
1238 1693 1454 1764 ἀμαρτη
1466 1693 1649 1763 μάτων
1692 1692 1793 1762 τὴν
1831 1709 1960 1760 συγ-

295 1777 534 1846 χώρησιν
562 1778 843 1848 εὕρασθαι,
878 1779 1153 1849 ἐκχέωμεν
1181 1779 1251 1833 τὰ
1290 1780 1417 1834 ὅντα
1447 1782 1526 1843 εἰς
1567 1781 1668 1844 τάς
1696 1780 1804 1835 τῶν
1842 1779 1958 1832 δεο-

298 1865 474 1934 μένων
504 1869 713 1936 χεῖρας,
752 1866 1266 1937 προαποστείλωμεν
1297 1867 1435 1921 αὐτά
1473 1870 1553 1931 εἰς
1596 1869 1685 1921 τὸν
1707 1868 1957 1940 οὐρανὸν,

293 1951 424 2004 ἔνθα
451 1952 573 2005 οὐδέ
607 1954 868 2024 κλέπτης,
894 1955 1011 2007 οὐδέ
1033 1953 1257 2025 λῃστὴς,
1288 1956 1349 2008 οὐ
1380 1956 1730 2027 τοιχωρύχος,
1753 1958 1852 2010 οὐκ
1884 1958 1963 2009 οἰ-

294 2038 454 2090 κέτου
481 2040 806 2110 κακουργία,
838 2040 937 2093 οὐκ
970 2040 1098 2094 ἄλλο
1121 2042 1272 2094 οὐδὲν
1305 2041 1644 2111 λυμήνασθαι
1674 2043 1962 2112 δυνήσεται

295 2127 386 2179 τὸν
409 2128 637 2182 πλοῦτον
663 2130 754 2182 τὸν
776 2129 1062 2199 ἡμέτερον.
1095 2131 1170 2181 Τὸ
1193 2130 1300 2198 γάρ
1329 2131 1528 2198 χωρίον
1567 2130 1744 2180 ἐκεῖνο
1781 2128 1962 2198 πάσης

301 2215 551 2284 τοιαύτης
579 2216 780 2285 βλάϐης
811 2214 1099 2286 ἀνώτερον.
1134 2215 1312 2269 Μόνον
1365 2216 1439 2284 μὴ
1473 2215 1611 2284 μετά
1659 2214 1964 2278 κενοδοξίας

293 2300 454 2354 τοῦτο
482 2302 747 2371 ποιῶμεν,
802 2301 935 2354 ἀλλά
968 2301 1111 2354 κατὰ
1149 2302 1277 2365 τοὺς
1301 2301 1392 2353 ὐπ’
1437 2299 1601 2355 αὐτοῦ
1650 2301 1966 2370 δεδομένους

298 2387 516 2455 νόμους,
543 2386 683 2439 ὥστε
715 2387 790 2457 μὴ
813 2387 905 2440 16v
943 2387 1091 2457 παρὰ
1126 2388 1234 2441 τῶν
1254 2387 1554 2458 ἀνθρώπων
1588 2385 1808 2440 ἔπαινον
1838 2405 1967 2458 καρ-

297 2472 608 2538 πώσασθαι,
643 2473 777 2527 ἀλλὰ
817 2475 907 2527 τὸν
924 2475 1072 2546 παρά
1093 2474 1187 2528 τοῦ
1220 2474 1397 2528 κοινοῦ
1427 2475 1641 2527 πάντων
1669 2474 1961 2538 Δεσπότου,

298 2561 386 2612 ἵνα
417 2560 490 2630 μὴ
511 2559 606 2612 καὶ
633 2561 731 2630 τὴν
752 2561 998 2630 δαπάνην
1023 2561 1424 2630 ὑπομείνωμεν,
1470 2560 1564 2612 ml
1601 2558 1695 2613 τοῦ
1740 2560 1964 2630 κέρδους

303 2647 792 2718 ἀποστερηθῶμεν.
824 2649 1035 2716 ’Ὠσπερ
1063 2647 1170 2718 γὰρ
1224 2648 1427 2710 πάσαις
1474 2648 1595 2709 ταῖς
1633 2646 1819 2710 ἄλλαις
1845 2649 1966 2700 ἐπι-

297 2735 515 2799 ϐουλαῖς
546 2733 818 2797 ἀνάλωτός
842 2736 988 2788 ἐστιν
1019 2736 1048 2788 6
1080 2733 1309 2794 πλοῦτος
1341 2735 1369 2786 6
1406 2736 1523 2787 ἐκεῖ
1548 2735 1968 2805 μετατιθέμενος

298 2822 386 2874 διὰ
427 2822 525 2892 τῆς
559 2821 666 2875 τῶν
686 2826 933 2892 πενήτων
964 2822 1164 2892 χειρὸς,
1198 2821 1342 2875 οὕτω
1373 2822 1648 2893 κενοδοξία
1699 2823 1834 2894 μόνῃ
1871 2822 1966 2877 ἀν·-

301 2909 600 2962 αλίσκεταιο
636 2909 730 2961 καὶ
761 2909 897 2980 ὅπερ
931 2909 1086 2961 ἐστὶν
1108 2908 1339 2962 ἐνταῦθα
1373 2910 1401 2962 ό
1435 2909 1533 2978 σὴς
1568 2909 1662 2961 ml
1688 2909 1716 2960 6
1750 2907 1967 2979 σκώληξ

302 2995 439 3065 πρὸς
477 2996 575 3065 τὴν
606 2996 702 3064 τῆς
730 2995 954 3066 ἐσθῆτος
995 2995 1309 3066 διαφθοράν,
1343 2994 1499 3048 τοῦτο
1528 2994 1798 3059 κενοδοξία
1823 2996 1968 3064 γίνε-

298 3100 388 3135 ται
412 3082 546 3152 πρὸς
571 3083 662 3136 16v
684 3084 791 3137 ἀπὸ
806 3086 904 3156 τῆς
924 3083 1046 3153 ἐλεη
1056 3085 1291 3154 μοσύνης
1313 3083 1698 3153 συλλεγόμενον
1720 3082 1966 3139 πλοῦτον.

300 3172 378 3223 Δι’
411 3171 459 3234 δ,
499 3172 820 3242 παρακαλῶ,
866 3171 940 3242 μὴ
984 3172 1142 3241 μόνον
1179 3169 1419 3241 ποιῶμεν
1460 3172 1556 3240 τὴν
1581 3170 1967 3242 ἐλεημοσύνην,

303 3256 439 3310 ἀλλά
462 3257 556 3310 καὶ
586 3259 725 3328 μετά
766 3257 1064 3327 ἀσφαλείας
1096 3256 1302 3328 ταύτην
1334 3256 1713 3327 ἐργαζώμεθα,
1743 3257 1831 3310 ἵνα
1849 3259 1971 3312 ἀντὶ

307 3344 518 3415 μικρῶν
569 3344 780 3416 μεγάλα
833 3343 1262 3417 καρπωσώμεθα
1309 3343 1509 3413 ἀγαθὰ,
1561 3344 1655 3397 ml
1700 3345 1821 3397 ἀντὶ⁵
1861 3344 1971 3398 τῶν

304 3431 582 3503 ἐπικήρων
619 3432 687 3486 τὰ
735 3432 1008 3503 ἄφθαρτα,
1059 3431 1155 3484 καὶ
1193 3430 1316 3485 ἀντὶ
1377 3430 1486 3483 τῶν
1524 3430 1871 3502 προσκαίρων
1902 3431 1971 3486 τά

304 3521 520 3586 αἰώνια,
550 3519 645 3573 καὶ
672 3521 811 3592 μετὰ
829 3519 1033 3574 τούτων
1064 3520 1320 3573 ἁπάντων
1351 3519 1444 3572 ml
1467 3521 1565 3591 τῆς
1593 3519 1836 3588 ἀφέσεως
1865 3521 1972 3578 τῶν

307 3607 718 3679 ἁμαρτημάτων
773 3611 956 3678 τυχεῖν
984 3606 1322 3678 δυνηθῶμεν,
1373 3605 1602 3660 καὶτῶν
1645 3608 1972 3678 ἀπορρήτων

305 3694 530 3748 ἐκείνων
553 3694 794 3764 ἀγαθῶν·
820 3688 894 3750 ὧν
926 3694 1134 3763 γένοιτο
1153 3695 1359 3755 πάντας
1381 3695 1529 3765 ἡμᾶς
1560 3695 1855 3766 ἐπιτυχεῖν,
1885 3697 1975 3767 χά-

308 3798 416 3851 ριτι
445 3781 538 3836 καί.
556 3781 935 3854 φιλανθρωπία
956 3782 1050 3834 τοῦ
1081 3781 1288 3850 Κυρίου
1316 3781 1472 3852 ήμῶν
1505 3777 1682 3851 Ἰησοῦ
1713 3783 1970 3854 Χριστοῦ,

310 3867 429 3937 μεθ’
458 3863 520 3922 οὗ
569 3867 646 3940 τῷ
692 3869 869 3942 Πατρὶ
923 3871 954 3940 ἡ
1005 3869 1131 3936 δόξα
1161 3869 1279 3939 ἅμα
1321 3868 1398 3939 τῷ
1445 3869 1584 3939 ἁγίῳ
1610 3871 1704 3922 καὶ
1728 3871 1975 3942 ζωοποιῷ

309 3955 607 4024 Πνεύματι,
638 3955 732 4008 νῦν
749 3955 840 4008 ml
859 3955 965 4020 ἀεὶ,
993 3955 1088 4008 καὶ
1118 3956 1198 4018 εἰς
1235 3956 1359 4018 τοὺς
1391 3954 1591 4016 αἰῶνας
1613 3954 1719 4006 τῶν
1744 3952 1972 4011 αἰώνων.

335 4044 514 4114 Λμήν.

945 4111 1188 4164 ΟΜΙΛΙΑ
1215 4109 1349 4164 Ml".

307 4193 530 4254 Ἦλθον
547 4197 615 4252 δὲ
633 4241 647 4265 ,
670 4197 856 4270 φησὶν,
877 4198 932 4252 οί
951 4197 1060 4252 δύο
1077 4197 1314 4268 ἄγγελοι
1334 4200 1422 4266 εις
1440 4199 1674 4268 Σόδομα
1689 4198 1973 4268 ἑσπέρας.

378 4307 446 4353 α’.
491 4299 757 4372 Καθάπερ
776 4298 980 4371 λειμών
1007 4316 1090 4362 τις
1117 4299 1350 4372 εὐανθὴς
1375 4299 1606 4372 διάφορα
1638 4301 1732 4354 ml
1759 4301 1976 4356 ποικίλα

307 4389 375 4441 τὰ
405 4387 538 4460 ἄνθη
571 4388 630 4441 ἐν
655 4385 834 4457 ἐαυτῷ
864 4386 1156 4450 δείκνυσιν,
1188 4386 1361 4451 οὕτως
1390 4389 1424 4459 ἡ
1469 4387 1591 4443 θεία
1642 4389 1832 4460 Γραφὴ
1867 4390 1974 4442 τῶν

307 4474 528 4528 δικαίων
554 4473 654 4538 τάς
676 4472 876 4544 ἀρετὰς
904 4475 1040 4544 ήμῖν
1066 4473 1354 4540 δείκνυσιν,
1371 4474 1467 4544 οὐχ
1489 4475 1575 4527 ἵνα
1603 4475 1856 4547 καθάπερ
1883 4475 1975 4528 ἐπὶ

308 4561 413 4614 τῶν
432 4561 608 4614 ἀνθῶν
628 4560 765 4634 πρὸς
796 4561 969 4632 βραχύ
1004 4560 1162 4631 μόνον
1191 4559 1586 4632 ἀπολαύσωμεν
1612 4563 1706 4632 τῆς
1724 4561 1972 4628 εὐωδίας,

309 4649 423 4701 ἀλλ’
459 4649 547 4702 ἵνα
571 4647 796 4718 διηνεκῆ
828 4650 928 4718 τὴν
952 4648 1203 4702 ἐντεῦθεν
1235 4647 1503 4716 ὠφέλειαν
1529 4648 1971 4720 καρπωσώμεθα.

321 4736 470 4789 Ἐκεῖ
493 4735 592 4805 μὲν
624 4735 733 4807 γὰρ
769 4735 926 4806 μόνον
950 4734 1250 4805 ἐδεξάμεθα
1279 4737 1346 4807 τῇ
1377 4736 1520 4806 χειρὶ
1549 4735 1701 4808 [455]
1720 4735 1787 4790 τά
1816 4736 1973 4808 ἄνθη,

309 4823 403 4876 ml
423 4824 540 4894 μετ’
558 4822 737 4892 ὀλίγον
760 4823 899 4877 αὐτά
921 4823 1264 4894 μαρανθέντα
1283 4825 1382 4895 τὴν
1399 4823 1604 4876 οἰκείαν
1619 4823 1777 4895 χάριν
1798 4824 1977 4894 ἠμαύ-

313 4928 505 4984 ρωσενο
533 4911 767 4965 ἐνταῦθα
787 4911 844 4964 δέ
872 4912 970 4982 οὐχ
990 4910 1183 4976 οὕτως·
1203 4910 1318 4965 ἀλλ’
1344 4910 1560 4964 ἐπειδάν
1585 4910 1864 4981 δεξώμεθα
1889 4911 1978 4966 διὰ

311 4999 407 5068 τῆς
431 4998 597 5068 ἀκοῆς
617 4997 714 5062 τὰς
743 4997 944 5070 ἀρετὰς
971 4998 1078 5052 τῶν
1095 4998 1338 5061 δικαίων,
1361 4998 1454 5052 καὶ
1480 4998 1561 5060 εἰς
1591 4998 1716 5061 τούς
1745 4998 1977 5061 κόλπους

309 5089 408 5156 τῆς
443 5085 675 5150 διανοίας
696 5085 853 5156 ἡμῶν
877 5086 1044 5149 αὐτάς
1076 5084 1488 5155 ἐναποθώμεθα,
1523 5085 1610 5138 διά
1643 5084 1844 5149 παντὸς
1881 5085 1974 5138 τοῦ

309 5164 502 5243 ’χρόνου
558 5173 657 5242 τῆς
686 5172 890 5227 τούτων
924 5173 1152 5237 εὐωδίας
1198 5172 1489 5227 ἀπολαύειν
1534 5171 1831 5242 δυνάμεθα,
1881 5172 1977 5226 ἐὰν

311 5260 605 5331 ἐθέλωμεν.
625 5260 762 5331 Φέρε
777 5253 889 5326 οῦν,
918 5260 1102 5330 ἐπειδὴ
1130 5261 1350 5331 τοιαύτη
1373 5260 1482 5315 τῶν
1512 5261 1570 5315 ἐν
1593 5263 1660 5332 τῇ
1689 5260 1808 5331 θείᾳ
1839 5260 1978 5332 Γρα-

314 5350 388 5418 φῇ
440 5349 709 5418 κειμένων
755 5349 926 5417 ἁγίων
962 5350 996 5418 ἡ
1051 5349 1267 5414 εὐωδία,
1316 5350 1557 5420 σήμερον
1598 5349 1691 5401 τοῦ
1731 5347 1857 5402 Λὼτ
1878 5350 1978 5419 τὴν

313 5435 539 5490 εὐωδίαν
582 5436 1011 5508 καταμάθωμεν,
1050 5437 1137 5490 ἵνα
1181 5436 1400 5508 γνῶμεν
1428 5435 1694 5506 ἀκριϐῶς,
1718 5436 1866 5498 ὅπως
1900 5438 1981 5500 εἰς

313 5520 489 5594 ἄκραν
515 5522 617 5592 τῆς
643 5524 844 5595 ἀρετῆς
864 5523 963 5592 τὴν
982 5522 1224 5594 κορυφὴν
1250 5524 1284 5594 ἡ
1313 5521 1408 5576 τοῦ
1436 5521 1770 5594 πατριάρχου
1793 5539 1980 5575 συνουσ-

315 5609 406 5663 σία
424 5609 515 5663 τὸν
542 5609 749 5664 δίκαιον
796 5611 984 5667 τοῦτον
1013 5613 1279 5683 ἀνήγαγε,
1328 5611 1423 5664 καὶ
1465 5611 1586 5664 κατ’
1621 5611 1766 5680 ἴχνος
1813 5609 1979 5662 αὐτοῦ
2032 5659 2040 5663 .

311 5697 406 5749 ml
431 5695 593 5760 αὐτὸς
624 5697 724 5768 τὴν
745 5699 952 5754 οἰκείαν
979 5699 1282 5770 φιλοξενίαν
1313 5699 1403 5754 διὰ
1436 5698 1546 5752 τῶν
1577 5695 1752 5770 ἔργων
1781 5695 1981 5750 ἐπιδεί-

314 5799 522 5838 κνυται.
585 5784 723 5838 Ἀλλ’
770 5787 857 5840 ἵνα
918 5788 1250 5858 σαφέστερος
1301 5789 1432 5857 ἡμῖν
1471 5785 1674 5855 όλόγος
1731 5784 1975 5855 γένηται,

310 5871 459 5936 ἀξιον
513 5874 694 5927 αὐτῶν
737 5875 835 5944 τῆς
887 5875 1110 5946 Γραφῆς
1175 5874 1477 5929 ἐπακοῦσαι
1531 5874 1640 5927 τῶν
1696 5874 1976 5944 ῥημάτων.

311 5954 544 6016 Ἦλθον
574 5960 662 6030 δὲ,
695 5963 877 6033 φησιν,
914 5965 969 6017 οί
1007 5963 1115 6018 δύο
1163 5962 1402 6033 ἄγγελοι
1425 5965 1511 6030 εἰς
1539 5961 1772 6030 Σόδομα
1798 5959 1976 6015 ἐσπέ-

1406 363 1470 418 IN
1507 363 1662 420 CAP.
1695 362 1810 418 XIX
1853 360 2096 416 GENES.
2142 361 2379 418 "mm.
2423 325 2608 416 xu".

3592 385 3594 387 ·
3607 360 3711 414 δ’ὶϋ

2047 493 2181 545 ρας.
2221 476 2378 540 Τίνος
2393 476 2579 529 ἕνεκεν
2604 473 2775 539 οὕτως
2805 474 3026 547 ἤρξατο,
3057 470 3282 529 ’Πλοον
3304 472 3371 526 δὲ
3395 477 3450 527 οἱ
3473 475 3582 528 δύο
3605 477 3698 545 ἆγ-

2053 563 2213 629 γελοι
2241 561 2326 626 εἰς
2357 559 2590 628 Σόδομα
2622 559 2915 625 ἐσπέρας;
2950 557 3165 628 Ἐπειδὴ
3200 557 3335 624 μετά
3361 558 3422 610 16
3459 556 3707 622 ἐπιξενω-

2054 641 2210 710 θῆναι
2240 641 2319 710 τῷ
2353 640 2684 711 πατριάρχῃ,
2741 640 3145 704 ἐξαναστάντων
3197 640 3376 693 αὐτῶν
3415 639 3641 699 ἐκεῖθεν,
3684 641 3714 692 6

2056 722 2155 792 μὲν
2177 721 2431 792 κηδεμὼν
2454 723 2547 775 ml
2579 722 2958 793 φιλάνθρωπος
2988 721 3122 785 Θεὸς
3148 723 3249 791 τὴν
3279 721 3484 774 οἰκείαν
3515 721 3713 788 ἀγαθό-

2051 821 2189 872 τητα
2239 804 2592 874 μιμούμενος,
2635 806 2731 859 καὶ
2769 807 3005 876 σχήματι
3050 803 3336 876 ἀνθρώπου
3369 803 3488 857 τότε
3527 803 3715 872 ὀφθείς

2054 886 2331 956 παρέμενε
2374 885 2452 954 τῷ
2496 886 2807 956 πατριάρχῃ
2837 888 3233 957 διαλεγόμενος,
3287 886 3538 956 καθάπερ
3588 885 3715 954 χθὲς

2054 967 2341 1037 ἠκούσατε
2394 966 2712 1037 βουλόμενος
2767 969 3011 1030 ἅπαντας
3059 971 3206 1038 ἡμᾶς
3256 966 3460 1031 διδάξαι
3497 965 3714 1032 καὶτῆς

2054 1051 2248 1105 ἑαυτοῦ
2291 1050 2672 1122 μακροθυμίας
2716 1052 2814 1122 τὴν
2845 1051 3168 1122 ὑπερϐολὴν,
3203 1052 3296 1105 καὶ
3331 1050 3426 1104 τοῦ
3448 1049 3714 1120 πατριάρ·

2057 1152 2151 1204 χου
2180 1134 2240 1186 τὸ
2272 1132 2642 1200 φιλόστοργον,
2677 1135 2726 1186 οἱ
2760 1133 2817 1185 δὲ
2849 1133 3070 1202 ἄγγελοι
3103 1131 3368 1203 ὥρμησαν
3397 1131 3490 1185 ἐπὶ
3515 1131 3585 1183 τά
3619 1127 3714 1180 DS-

2053 1217 2211 1287 δομα·
2249 1217 2360 1288 τὴν,
2384 1218 2701 1271 ἀκολουθίαν
2727 1216 2924 1285 ἑαυτῆς
2971 1213 3298 1283 διατηροῦσα
3342 1212 3536 1283 ήμῖνή
3595 1209 3716 1263 θεία

2054 1299 2244 1370 Γραφὴ
2275 1300 2370 1354 νῦν
2401 1319 2584 1372 φησιν’
2611 1297 2843 1354 ἿῙλθον
2891 1297 2959 1350 δὲ
2991 1300 3043 1350 οἱ
3086 1296 3193 1350 δύο
3227 1295 3466 1364 ἄγγελοι
3493 1296 3578 1358 εις
3613 1292 3720 1344 Σό-

2055 1382 2206 1452 δομα
2253 1381 2534 1450 ἑσπέρας,
2583 1383 2645 1435 τὸ
2689 1381 2977 1450 ἐπιταχθὲν
3020 1377 3417 1449 πληρώσοντες.
3461 1375 3570 1426 Καὶ
3615 1373 3718 1444 ὅρα

2055 1465 2338 1536 ἀκρίϐειαν
2363 1465 2456 1518 καὶ.
2487 1466 2872 1537 παρατήρησιν
2902 1465 3000 1532 τῆς
3033 1462 3182 1524 θείας
3209 1461 3451 1532 Γραφῆς,
3481 1456 3599 1519 πῶς
3627 1457 3720 1537 καὶ

2053 1534 2145 1599 τὸν
2174 1546 2362 1616 καιρὸν
2394 1549 2526 1617 ἡμῖν
2567 1534 2824 1617 ἐσήμανε,
2856 1544 2975 1599 καθ’
3009 1545 3067 1598 ὃν
3099 1542 3480 1614 παρεγένοντο·
3507 1534 3717 1591 Ἐσπέ-

2047 1646 2162 1698 ρας
2213 1629 2320 1700 γάρ
2351 1646 2500 1699 φησι.
2536 1628 2640 1682 Καὶ
2690 1629 2832 1692 τίνος
2879 1627 3062 1682 ἕνεκεν
3111 1627 3200 1680 τὸν
3230 1625 3419 1696 καιρὸν
3448 1622 3716 1694 ἐδήλωσε;

2056 1713 2150 1764 καὶ
2171 1712 2256 1764 διά
2271 1711 2322 1764 τί
2342 1711 2482 1764 κατά
2510 1713 2607 1783 τὴν
2630 1712 2867 1783 ἑσπέραν
2889 1710 3278 1780 παρεγένοντο;
3308 1709 3426 1760 Ἵνα
3459 1705 3556 1775 τὴν
3585 1701 3718 1757 πολ-

2055 1793 2152 1865 λὴν
2181 1795 2314 1863 ἡμῖν
2351 1793 2601 1847 ἐπίτασιν
2621 1793 2770 1867 δείξῃ
2791 1794 2891 1863 τῆς
2920 1792 3013 1844 τοῦ
3044 1790 3168 1844 Λὼτ
3191 1788 3512 1860 φιλοξενίας.
3531 1783 3721 1838 Καθά·

2056 1891 2160 1945 περ
2185 1875 2291 1944 γὰρ
2315 1877 2342 1927 6
2375 1875 2717 1946 πατριάρχης
2741 1874 2882 1928 κατά
2918 1875 3007 1926 τὸν
3035 1873 3136 1942 τῆς
3163 1869 3506 1943 μεσημϐρίας
3529 1867 3720 1938 καιρὸν

2057 1957 2364 2028 καθήμενος
2410 1959 2667 2029 ἐπετήρει
2693 1959 2817 2022 106;
2840 1958 3156 2030 παριόντας,
3187 1957 3280 2009 καὶ
3303 1955 3463 2025 ἔργον
3488 1953 3721 2005 ἐποιεῖτο

2057 2042 2155 2108 τὴν
2183 2041 2388 2093 τούτων
2410 2039 2602 2110 θήραν,
2645 2042 2739 2093 καὶ
2767 2041 3027 2111 ἐπέτρεχε
3073 2041 3168 2092 κάὶ
3203 2038 3344 2109 μετά
3369 2034 3722 2107 περιχαρείας

2057 2125 2183 2186 106;
2205 2123 2383 2185 όδίτας
2406 2123 2717 2191 ὑπεδέχετο·
2744 2123 2834 2176 τὸν
2857 2125 3016 2175 αὐτὸν
3035 2123 3098 2193 δὴ
3121 2122 3320 2192 τρόπον
3339 2120 3430 2172 καὶ
3453 2121 3482 2171 6
3517 2118 3722 2179 δίκαιος

2059 2198 2234 2269 οὗτος,
2262 2205 2447 2273 ἐπειδὴ
2481 2203 2596 2274 ᾔδει
2622 2205 2716 2274 τῆς
2755 2205 2954 2267 κακίας
3007 2203 3114 2257 τῶν
3148 2205 3206 2256 ἐν
3231 2201 3483 2272 Σοδόμοις
3509 2196 3724 2251 οἰκούν-

2058 2303 2166 2340 των
2193 2286 2291 2357 τὴν
2317 2287 2599 2356 πονηρίαν,
2626 2286 2747 2340 οὐδέ
2792 2288 2884 2339 τὸν
2933 2287 3032 2356 τῆς
3062 2285 3300 2360 ἑσπέρας
3337 2283 3526 2353 καιρὸν
3571 2297 3721 2350 παρο

2036 2371 2357 2440 επέμπετο,
2379 2370 2512 2423 ἀλλά
2536 2370 2898 2440 μέχριτούτου
2917 2369 3212 2438 παρέμενε,
3239 2368 3419 2437 μήπου
3449 2364 3721 2435 θησαυρός

2058 2470 2144 2515 τις
2177 2451 2327 2521 αὐτῷ
2355 2453 2706 2524 παρεμπέσῃ,
2741 2452 2834 2504 καὶ
2861 2455 2950 2504 τὸν
2989 2450 3096 2503 ἀπὸ
3115 2451 3212 2520 τῆς
3241 2447 3540 2517 φιλοξενίας
3584 2460 3723 2516 καρ-

2060 2535 2159 2588 πὸν
2184 2535 2484 2604 δρέψασθαι
2539 2535 2760 2605 δυνηθῇ.
2822 2533 3059 2602 ’Λληθῶς
3102 2533 3377 2601 θαυμάσαι
3413 2529 3529 2582 ἐστι
3583 2527 3722 2598 μετᾶ

2063 2617 2263 2686 πολλῆς
2295 2618 2394 2687 τῆς
2431 2616 2734 2686 ὑπερϐολῆς
2780 2615 2874 2669 106
2921 2615 3130 2668 δικαίου
3152 2612 3341 2667 τούτου
3374 2611 3474 2682 τὴν
3500 2609 3722 2680 ἀρετὴν,

2059 2695 2142 2752 ὅτι
2165 2701 2222 2752 ἐν
2254 2699 2404 2770 μέσῳ
2439 2698 2692 2752 τοιούτων
2737 2698 3069 2768 παρανόμων
3109 2693 3608 2765 ἀναστρεφόμενος,
3660 2691 3724 2744 οὐ

2065 2782 2224 2851 μόνον
2255 2783 2316 2834 οὐ
2355 2782 2542 2849 γέγονε
2577 2781 2966 2853 ῥᾳθυμότερος,
3005 2777 3140 2832 ἀλλά
3163 2779 3256 2830 καὶ
3289 2772 3469 2844 πολλῷ
3502 2774 3726 2826 πλείονα

2060 2865 2160 2935 τὴν
2208 2865 2408 2935 ἀρετὴν
2435 2864 2798 2917 ἐπεδείκνυτο.
2843 2864 2951 2916 Καὶ
2979 2862 3212 2928 πάντων,
3248 2860 3323 2922 ὡς
3359 2859 3555 2922 εἰπεῖν,
3581 2855 3726 2909 κατὰ

2065 2949 2324 3019 κρημνῶν
2370 2948 2704 3018 φερομένων,
2744 2940 2896 3006 οὗτος
2947 2945 3105 3014 μόνος
3153 2946 3210 2996 ἐν
3251 2940 3490 3011 τοσούτῳ
3535 2937 3731 3009 πλήθει

2063 3032 2163 3100 τὴν
2190 3031 2400 3084 εὐθεῖαν
2421 3030 2623 3084 ὥδευεν
2664 3030 2802 3084 ὁδόν.
2843 3028 2954 3083 Ποῦ
2986 3027 3080 3080 νῦν
3108 3027 3249 3080 εἰσιν
3278 3026 3328 3078 οί
3350 3023 3620 3092 λέγοντες,
3647 3022 3731 3074 ὅτι

2064 3115 2162 3183 οὐχ
2183 3109 2292 3166 οἶόν
2325 3131 2383 3166 τε
2410 3115 2467 3166 ἐν
2505 3113 2642 3184 μέσῃ
2699 3112 2850 3165 πόλει
2896 3107 3261 3180 στρεφόμενόν
3299 3121 3422 3159 τινα
3467 3102 3730 3157 διασῶσαι

2064 3196 2163 3266 τὴν
2192 3196 2411 3267 ἀρετὴν,
2443 3194 2557 3249 ἀλλ’
2576 3194 2972 3264 ἀναχωρήσεως
2999 3191 3098 3253 δεῖ,
3130 3190 3225 3241 καὶ
3249 3188 3348 3258 τῆς
3374 3187 3561 3267 ἐντοῖς
3581 3184 3733 3267 ὄρεσι

2068 3264 2368 3350 διατριϐῆς,
2401 3279 2496 3332 καὶ
2531 3278 2592 3330 οὐ
2647 3275 2871 3329 δυνατὸν
2922 3273 3014 3327 16v
3043 3271 3220 3333 οἰκίας
3247 3266 3588 3350 προεστῶτα,
3637 3264 3732 3350 καὶ

2067 3349 2305 3430 γυναῖκα
2339 3361 2549 3431 ἔχοντα,
2580 3359 2674 3412 καὶ
2690 3357 2892 3410 παίδων
2925 3350 3349 3426 ἐπιμελούμενον
3367 3349 3459 3402 καὶ
3485 3349 3731 3411 οἰκετῶν,

2070 3445 2324 3515 ἐνάρετον
2364 3440 2535 3508 alvom;
2587 3441 2901 3513 Ὀράτωσαν
2933 3438 3111 3491 τοίνυν
3166 3436 3258 3489 τὸν
3305 3434 3511 3488 δίκαιον
3543 3431 3733 3515 τοῦτον

2075 3512 2213 3596 μετά
2241 3527 2497 3596 γυναικὸς
2527 3524 2622 3578 ml
2651 3512 2876 3578 παιδίων
2914 3523 3008 3576 ml
3049 3518 3297 3581 οἰκετῶν,
3342 3516 3436 3570 ml
3479 3517 3537 3568 ἐν
3581 3512 3734 3566 πόλει

2070 3611 2344 3678 διάγοντα,
2386 3609 2479 3662 καὶ
2540 3607 2740 3678 μεταξύ
2772 3605 3040 3659 τοσούτων
3079 3603 3330 3673 πονηρῶν
3359 3600 3454 3654 ml
3493 3597 3734 3678 παρανό-

2074 3677 2192 3762 μων
2216 3677 2581 3763 διατρίϐοντα,
2625 3691 2717 3744 καὶ
2749 3687 3001 3757 καθάπερ
3041 3683 3316 3754 σπινθῆρά
3346 3697 3470 3734 τινα
3495 3681 3552 3733 ἐν
3583 3677 3733 3750 μέσῳ

2071 3775 2298 3843 πελάγει
2327 3772 2826 3844 διαλάμποντα,καί
2844 3772 2906 3824 οὐ
2938 3769 3095 3841 μόνον
3114 3768 3174 3821 οὐ
3199 3767 3574 3836 σϐεννύμενον,
3598 3763 3736 3817 ἀλλά

2073 3860 2169 3913 καὶ
2197 3857 2574 3927 λαμπρότερον
2600 3855 2661 3907 τὸ
2692 3854 2806 3922 φῶς
2847 3852 3180 3906 δεικνύοντα.
3203 3851 3314 3904 Καὶ
3347 3850 3520 3903 ταῦτα
3568 3848 3732 3916 λέγω,

2072 3943 2133 3994 οὐ
2164 3939 2388 3994 κωλύων
2417 3938 2516 4008 τὴν
2545 3936 2892 4007 ἀναχώρησιν
2916 3936 3016 4005 τὴν
3047 3933 3198 4006 [456]
3227 3934 3336 3989 ἀπὸ
3365 3933 3474 3987 τῶν
3505 3931 3733 3994 πόλεων,

2075 4024 2171 4077 καὶ
2192 4024 2291 4093 τὴν
2329 4021 2387 4075 ἐν
2407 4024 2520 4083 τοῖς
2555 4019 2706 4090 ὄρεσι
2734 4019 2828 4071 ml
2855 4019 2974 4082 ταῖς
3008 4017 3262 4089 ἐρημίαις
3292 4014 3570 4087 διατριϐὴν
3589 4015 3734 4068 ἀπα-

2075 4104 2336 4176 γορεύων,
2367 4102 2504 4157 ἀλλά
2549 4101 2762 4164 δεικνὺς
2808 4101 2891 4154 ὅτι
2951 4103 3024 4171 τῷ
3077 4097 3380 4170 βουλομένῳ
3421 4097 3612 4167 νήφειν
3639 4094 3736 4176 καὶ

2071 4172 2433 4260 ἐγρηγορέναι
2458 4184 2612 4239 οὐδὲν
2637 4183 2842 4237 τούτων
2868 4181 3096 4253 κώλυμα
3130 4180 3358 4250 γίνεται.
3384 4181 3593 4250 Ὠσπερ
3608 4172 3734 4260 οῦνξ

2070 4258 2164 4325 τὸν
2190 4270 2432 4342 ῥᾴθυμον
2457 4269 2550 4323 καὶ
2569 4267 2999 4322 ἀναπεπτωκότα
3014 4264 3136 4318 οὐδέ
3165 4265 3199 4335 ή
3219 4262 3424 4336 ἔρημος
3453 4258 3735 4331 ὠφελῆσαί

2071 4372 2124 4408 τι
2149 4355 2390 4407 δύναται’
2409 4351 2529 4406 οὐδέ
2553 4350 2660 4422 γάρ
2681 4350 2710 4401 6
2740 4349 2902 4412 τόπος
2941 4347 3088 4402 ἐστὶν
3114 4348 3142 4400 6
3179 4345 3275 4417 τὴν
3305 4344 3506 4417 ἀρετὴν
3535 4359 3734 4412 κατορ-

2075 4437 2206 4504 θῶν,
2227 4435 2342 4488 ἀλλ’
2369 4433 2611 4505 ήγνώμη
2640 4433 2734 4486 ml
2772 4432 2802 4484 6
2828 4431 3049 4502 τρόπος·
3082 4428 3226 4482 οὕτω
3255 4427 3346 4481 16v
3361 4427 3600 4497 νήφοντα
3641 4424 3736 4478 καὶ

2073 4518 2494 4590 διεγηγερμένον
2527 4513 2653 4568 οὐτε
2715 4515 2775 4568 τὸ
2834 4515 2892 4568 ἐν
2947 4515 3088 4588 μέσῃ
3131 4516 3196 4582 τῇ
3229 4512 3382 4565 πόλει
3439 4508 3736 4582 διατρίϐειν

2072 4603 2416 4672 καταϐλάψαι
2431 4618 2479 4653 τι
2495 4599 2799 4669 δυνήσεται.
2825 4596 2929 4651 Kal
2949 4597 3038 4651 διὰ
3050 4597 3206 4651 τοῦτο
3222 4594 3544 4665 ἐϐουλόμην,
3565 4591 3736 4646 καθά⁴

2077 4703 2184 4758 περ
2233 4685 2325 4739 16v
2381 4682 2650 4754 μακάριον
2685 4679 2894 4744 τοῦτον,
2921 4681 3050 4742 τοὺς
3074 4676 3364 4748 ἐναρέτους
3407 4674 3643 4758 μάλιστα
3673 4674 3734 4726 ἐν

2080 4754 2233 4844 μέσῳ
2279 4766 2388 4820 τῶν
2417 4763 2622 4818 πόλεων
2646 4763 2810 4827 εἶναι,
2840 4763 2928 4815 ἵνα
2955 4759 3208 4844 καθάπερ
3240 4758 3386 4844 ζύμη
3406 4759 3522 4820 τοῖς

2076 4833 2370 4923 γινόμενοι,
2401 4845 2629 4908 πολλοὺς
2655 4845 2735 4907 εἰς
2764 4844 2856 4897 τὸν
2875 4843 3073 4896 οἰκεῖον
3103 4838 3263 4923 ζῆλον
3281 4837 3575 4923 ἐνάγωσιν..
3594 4833 3737 4923 Ἀλλ’

2076 4917 2262 5005 ἐπειδὴ
2305 4929 2562 5002 δυσχερὲς
2595 4926 2754 4982 τοῦτο
2781 4923 3173 5005 καταφαίνεται
3210 4917 3368 5005 εἶναι,
3418 4919 3521 5005 κάν
3559 4918 3737 5005 ἐκεῖνο

2079 4999 2327 5086 γινέσθω.
2357 4999 2612 5081 Παρὰ-γει
2641 5007 2750 5079 γὰρ
2785 5005 3003 5086 λοιπὸν
3031 5003 3098 5058 τὸ
3124 5000 3330 5086 σχῆμα
3359 4999 3474 5086 Δτοῦ
3503 4999 3737 5086 κόσμρυ

2075 5077 2310 5162 τούτου,
2345 5077 2667 5164 καὶτβραχὺς
2686 5093 2715 5144 6
2741 5087 2928 5160 παρὼν
2953 5085 3086 5172 βίοςο
3115 5085 3208 5139 ml
3220 5086 3278 5172 ἐἰ
3313 5082 3387 5155 μὴ
3413 5080 3634 5172 Tim-16;
3657 5077 3738 5172 ἐτι

2077 5183 2134 5236 ἐν
2164 5181 2242 5251 τῷ
2295 5163 2578 5248 σκάμματι
2631 5173 2959 5245 ἑστήκαμεν,
3006 5167 3114 5222 τῶν
3163 5167 3338 5251 πόνων
3387 5164 3488 5235 τῆς
3533 5163 3738 5251 ἀρετῆς

2081 5243 2369 5337 ἁψώμεθα,
2389 5243 2483 5314 καὶ
2503 5259 2570 5312 τὰ
2593 5243 2782 5312 δίκτυα
2822 5256 2923 5326 τῆς
2951 5252 3147 5315 κακίας
3180 5247 3549 5337 διαφύγωμεν,
3578 5243 3739 5337 ὕστε-

2081 5325 2172 5422 ρόν
2207 5325 2381 5419 μάτην
2425 5343 2646 5404 ἐαυτούς
2699 5339 3074 5422 αἰτιασόμεθα,
3104 5337 3192 5422 ὅτε
3216 5332 3367 5422 οὐδέν
3414 5327 3604 5422 δφελος
3638 5325 3738 5422 τῆς

2083 5407 2497 5509 μεταγνώσεως.
2539 5425 2683 5488 Ἕως
2725 5423 2830 5509 μὲν
2874 5423 2983 5509 γὰρ
3017 5421 3086 5509 ἀν
3123 5411 3270 5509 ῶμεν
3302 5415 3360 5509 ἐν
3382 5414 3453 5509 τῇ
3489 5407 3741 5509 παρούσῃ

2080 5492 2216 5585 ξωῇ,
2235 5492 2472 5565 ’δυνατὸν
2506 5492 2868 5579 μεταγνόντας
2893 5502 2987 5556 τοῦ
3015 5498 3264 5585 ἐντεῦθεν
3290 5493 3590 5585 ἀπόνασθαι
3615 5492 3742 5584 κέρ-

2249 5594 2341 5648 καί
2385 5593 2454 5647 τά
2489 5574 2726 5662 πρότερα
2761 5584 3197 5655 ἀπονιψαμένους
3241 5580 3612 5662 ἁμαρτήματα
3639 5574 3742 5662 1'1};

2081 5659 2473 5733 106656116106
2501 5659 2906 5744 φιλανθρωπίας
2921 5665 3234 5736 ἀξιωθῆναι·
3251 5665 3300 5716 εἰ
3328 5661 3385 5715 δὲ
3415 5661 3507 5714 16v
3541 5659 3744 5728 παρόν-

2088 5782 2156 5817 τα
2177 5763 2365 5833 καιρδν
2392 5760 2704 5831 προϊέμενοι
2731 5755 2923 5825 ἀθρόον
2945 5745 3549 5823 προαναρπασθείημεν,
3577 5756 3745 5813 μετα-

2155 5969 2181 5996 δ
2209 5966 2355 6016 Sam.
2373 5970 2422 6014 et
2445 5964 2661 6024 quinque
2691 5971 2804 6007 mss.
2831 5957 2990 6018 ὥσπερ
3009 5971 3110 6017 γαρ.
