4150 6276
437 322 544 382 $97

434 437 694 508 νοήσομεν
733 435 832 504 μέν
885 435 978 490 καὶ
1008 435 1146 500 τότε,
1193 437 1448 507 οὐδεμίαν
1489 437 1545 490 δὲ
1581 437 1766 506 ὄνησιν
1799 437 1862 488 ἐκ
1895 433 2085 488 τούτου

432 523 647 592 ἕξομεν.
678 524 788 575 Καὶ
821 525 906 576 ἵνα
937 524 1130 595 μάθῃς,
1171 525 1330 578 ἀκουε
1359 525 1454 576 τοῦ
1495 523 1778 594 Προφήτω
1817 523 2087 589 λέγοντος,

446 610 550 664 Ἐν
580 609 648 662 δὲ
671 609 752 674 τῷ
777 609 892 677 ᾅδῃ
940 611 1032 676 τίς
1061 611 1566 678 ἐξομολογήσεται
1601 626 1734 674 σοι;
1781 610 1874 662 καὶ
1905 609 2088 670 πάλιν,

446 697 724 765 Ἀδελφὸς
761 700 832 752 οὺ
853 698 1190 764 λυτροῦται,
1231 697 1596 766 λυτρώσεται
1615 698 1958 766 ἅνθρωπος-ς
1984 697 2090 748 Οὐ-

431 783 562 848 δεὶς,
593 785 775 854 φησὶν,
817 785 968 838 ἔσται
1015 786 1130 837 ἐκεῖ
1169 784 1354 838 λοιπὸν
1403 786 1433 838 6
1469 783 1852 854 ἐξαιρούμενος
1873 783 1961 835 τὸν
1987 781 2092 834 ὑπὸ

431 871 529 940 τῆς
552 871 759 933 οἰκείας
790 872 1056 946 ῥᾳθυμίας
1081 871 1486 940 προδεδομένον,
1514 869 1638 923 οῦτε
1671 869 1737 922 ἂν
1767 867 1994 936 ἀδελφὸς
2031 863 2088 938 ᾖ,

430 955 556 1009 οὔτε
583 957 650 1011 ἂν
682 959 881 1028 πατὴρ,
909 957 1030 1014 οὔτε
1070 957 1136 1010 ἂν
1181 959 1382 1028 μήτηρ.
1423 956 1534 1010 Καὶ
1565 955 1616 1007 τί
1645 954 1808 1022 λέγω,
1843 953 2089 1020 ἀδελφὸς,

432 1045 528 1098 καὶ
558 1045 758 1114 πατὴρ,
786 1047 877 1098 κα)⁸
913 1047 1123 1116 μήτηρ;
1149 1041 1288 1097 Οὔτε
1316 1043 1471 1095 αὐτοὶ
1503 1043 1550 1094 οί
1581 1041 1776 1094 δίκαιοι
1805 1041 1854 1092 οἰ
1873 1043 2090 1110 παρρηο

433 1130 556 1183 σίαν
582 1131 778 1199 πολλὴν
807 1130 1129 1198 κεκτημένοι
1159 1129 1278 1181 τότε
1301 1127 1670 1197 συμϐαλέσθαι
1690 1143 1744 1178 τι
1773 1125 2090 1196 δυνήσονται

433 1217 582 1286 ἡμῖν,
609 1219 658 1269 εἰ
686 1218 780 1270 νῦν
820 1216 1251 1286 ῥαθυμήσαιμεν.
1291 1216 1424 1269 Ἐὰν
1460 1213 1578 1281 στῇ
1623 1215 1752 1284 γὰρ,
1793 1213 1945 1282 φησὶ,
1963 1213 2090 1265 Νῶε

432 1302 530 1354 καὶ
579 1303 698 1355 Ἰὼϐ
713 1303 808 1355 καὶ
841 1302 1082 1370 Δανιὴλ,
1115 1301 1280 1365 υἱοὺς
1301 1301 1496 1355 αὐτῶν
1516 1301 1612 1354 καὶ
1647 1299 1966 1370 θυγατέρας
1985 1303 2091 1353 αὺ-

432 1389 550 1441 τῶν
579 1389 746 1457 οὐμὴ
770 1387 1103 1451 ἐξέλωνται.
1125 1389 1233 1441 Καὶ
1255 1389 1354 1458 ὅρα
1383 1389 1480 1457 τῆς
1503 1387 1731 1456 ἀπειλῆς
1755 1387 1814 1440 τὸ
1841 1386 2090 1457 μέγεθος,

432 1477 526 1528 καὶ
555 1475 700 1537 οἴους
737 1475 974 1536 δικαίους
1009 1476 1086 1537 εἰς
1121 1475 1281 1544 μέσον
1313 1476 1656 1546 παρήγαγεν.
1699 1473 1915 1544 Ἐπειδὴ
1946 1468 2088 1528 οῦτοι

430 1561 540 1632 γὰρ
564 1561 702 1614 κατά
727 1563 914 1633 καιρὸν
947 1563 1038 1614 καὶ
1073 1563 1277 1633 ἑτέροις
1323 1563 1593 1632 σωτηρίας
1633 1561 1888 1624 ὑπόθεσις
1931 1561 2088 1629 γεγό-

431 1666 600 1702 νασιν·
634 1651 660 1702 ὅ
687 1666 744 1702 τε
774 1650 880 1719 γὰρ
909 1647 1049 1711 Νῶε,
1073 1651 1164 1702 τοῦ
1184 1650 1410 1720 φοϐεροῦ
1437 1649 1728 1702 κλυδωνίου
1761 1649 1964 1702 ἐκείνου
1991 1647 2090 1719 τὴν

430 1735 750 1806 οἰκουμένην
767 1737 1169 1806 κατειληφότος,
1197 1737 1290 1789 καὶ
1307 1737 1404 1806 τὴν
1424 1739 1652 1804 γυναῖκα
1668 1735 1761 1789 καὶ
1784 1736 1908 1798 τοὺς
1939 1735 2087 1799 υἱοὺς

430 1821 618 1874 ἔσωσε·
643 1825 734 1876 καὶ
770 1825 798 1876 6
841 1823 959 1876 Ἰὼϐ
987 1825 1184 1894 ὁμοίως
1213 1825 1303 1876 καὶ
1341 1821 1546 1894 ἑτέροις
1583 1823 1852 1893 σωτηρίας
1891 1822 2088 1876 ὑπόθε-

434 1924 516 1970 σις
551 1907 761 1976 γέγονε·
793 1909 886 1962 καὶ
913 1913 940 1964 ὁ
963 1911 1158 1982 Δανιὴλ
1187 1911 1244 1964 δὲ
1269 1911 1494 1973 πολλοὺς
1526 1909 1801 1981 ἐξήρπασε
1833 1909 2088 1971 θανάτου,

431 1995 590 2065 ἡνίκα
613 1997 640 2049 6
668 1995 937 2066 βάρϐαρος
964 1999 1167 2060 ἐκεῖνος
1192 1997 1463 2067 ἐπιζητῶν
1479 1997 1548 2050 τά
1579 1995 1716 2066 ὑπὲρ
1747 1995 2090 2066 ἀνθρωπίνην

430 2084 590 2151 φύσιν
607 2087 960 2154 τυγχάνοντα,
978 2087 1186 2140 ἀνελεῖν
1208 2087 1482 2157 ἐπεχείρει
1503 2087 1630 2148 τοὺς
1655 2083 1972 2148 Χαλδαίους,
1995 2087 2090 2138 καὶ

427 2170 554 2234 τοὺς
585 2172 808 2240 Μάγους
839 2172 936 2226 καὶ
966 2173 1090 2238 τοὺς
1115 2173 1480 2246 Γαζαρηνούς.

501 2257 566 2327 β’.
605 2260 714 2312 Καὶ
750 2261 836 2314 ἵνα
889 2261 964 2330 μὴ
1014 2261 1324 2330 νομίσωμεν
1379 2263 1462 2314 ὅτι
1507 2264 1602 2316 καὶ
1637 2265 1696 2314 ἐν
1731 2261 1809 2332 τῷ
1843 2259 2088 2332 μέλλοντι

429 2345 586 2398 αἰῶνι
626 2346 776 2399 ἐσται
825 2347 948 2399 τινὰ
997 2347 1242 2410 τοιαῦτα,
1277 2350 1370 2400 καὶ
1421 2351 1472 2400 οἱ
1510 2351 1752 2420 ἐνάρετοι
1805 2349 1902 2401 καὶ
1947 2349 2087 2417 παρο

431 2434 624 2504 ρησίαν
649 2433 866 2502 ἔχοντες
892 2436 1018 2496 τοὺς
1049 2433 1186 2504 μετά
1229 2433 1500 2504 ῥᾳθυμίας
1535 2433 1768 2487 ἐνταῦθα
1807 2433 2089 2500 διάγοντας

429 2519 786 2589 ἐλευθερῶσαι
838 2520 939 2589 τῆς
996 2522 1112 2572 ἐκεῖ
1145 2520 1412 2591 τιμωρίας
1455 2521 1776 2590 δυνήσονται
1831 2521 1956 2582 τοὺς
1993 2521 2090 2574 αὑ·-

429 2603 536 2658 τῶν
601 2604 972 2674 ἐπιτηδείους·
1034 2606 1122 2658 διὰ
1163 2606 1320 2659 τοῦτο
1375 2608 1502 2670 τοὺς
1563 2607 1804 2670 δικαίους
1863 2605 2085 2670 τούτους

429 2693 752 2764 παρήγαγεν
793 2693 950 2762 ἡμῖν,
990 2690 1081 2744 τὸν
1135 2693 1300 2761 φόϐον
1343 2693 1476 2762 ἡμῖν
1517 2693 1947 2761 ἀνατεινόμενος,
1994 2693 2089 2746 καὶ

429 2777 702 2832 παιδεύων
735 2780 792 2831 ἐν
823 2773 936 2842 τοῖς
974 2771 1194 2842 οἰκείοις
1223 2779 1610 2850 κατορθώμασι
1645 2779 1783 2850 μετά
1820 2779 1915 2847 τὴν
1943 2779 2084 2833 ἀνω-

428 2867 523 2920 θεν
563 2865 722 2936 χάριν
770 2865 866 2928 τὰς
899 2865 1116 2930 ἐλπίδας
1157 2865 1257 2936 τῆς
1293 2867 1570 2938 σωτηρίας
1604 2867 1762 2936 ἡμῶν
1801 2867 1964 2936 ἔχειν,
1994 2869 2088 2920 καὶ

431 2953 568 3024 μήτε
598 2951 688 3004 ἐπὶ
719 2953 995 3023 προγόνων
1039 2953 1204 3024 ἀρετῇ
1266 2953 1410 3022 μέγα
1445 2955 1663 3023 φρονεῖ]
1696 2953 1744 3016 ⁸,
1772 2954 1820 3006 εί
1849 2951 2002 3005 αὐτοὶ
2031 2953 2088 3006 ἐν

430 3039 598 3110 κακία
621 3039 958 3109 τυγχάνομεν
1005 3037 1182 3102 δντες,
1241 3039 1376 3110 μήτε
1427 3039 1512 3091 ἐπ’
1543 3036 1688 3108 ἄλλῳ
1737 3040 1862 3100 τινὶ,
1889 3039 2003 3093 ἀλλ’
2029 3039 2088 3093 ἓν

427 3125 584 3180 τοῦτο
611 3126 768 3198 μόνον
797 3127 1131 3191 σπουδάζειν·
1169 3121 1270 3181 κᾶν
1301 3129 1594 3200 προγόνους
1629 3123 1775 3199 ὦμεν
1805 3129 2088 3200 ἐναρέτους

431 3212 580 3284 [457]
626 3209 932 3283 ἐσχηκότες,
995 3213 1277 3282 μιμεῖσθαι
1303 3215 1479 3266 αὐτῶν
1504 3215 1603 3286 τὴν
1635 3215 1853 3284 ἀρετήν·
1892 3215 1995 3267 κᾶν
2027 3214 2088 3267 τὸ

430 3297 667 3354 ἐναντίον
696 3295 858 3354 πάλιν
887 3319 947 3352 συ
957 3299 1181 3369 μϐαίηιι,
1212 3301 1305 3353 καὶ
1333 3299 1549 3368 φαύλων
1589 3291 1738 3370 ὦμεν
1785 3300 2083 3369 προγόνων,

434 3385 507 3456 μὴ
529 3383 840 3454 νομίζεινέκ
859 3385 1045 3437 τούτου
1069 3403 1118 3437 τι
1140 3381 1775 3454 παραϐλάπτεσθαι,ἀλλά
1806 3385 1940 3454 πρὸς
1963 3386 2088 3448 τοὺς

428 3473 530 3540 τῆς
557 3469 756 3542 ἀρετῆς
807 3469 999 3534 πόνους
1045 3465 1461 3525 ἐπαποδύεσθαι·
1512 3471 1663 3524 οὐδὲν
1709 3471 1815 3541 γάρ
1861 3473 1990 3542 ἡμῖν
2023 3474 2088 3526 ἐκ

429 3555 619 3611 τούτου
670 3557 862 3627 βλάϐος
893 3557 1064 3612 ἔσται.
1096 3547 1362 3622 Ἕκαστος
1401 3558 1510 3629 γὰρ
1544 3559 1600 3624 ἐξ
1632 3552 1704 3612 ὧν
1739 3558 2084 3629 διεπράξατο,

429 3645 464 3714 ἢ
503 3635 878 3711 στεφανοῦται,
911 3643 946 3714 ἢ
980 3645 1384 3714 κατακρίνεται,
1444 3645 1693 3716 καθάπερ
1725 3647 1814 3699 καὶ
1841 3649 1868 3700 6
1907 3647 2086 3716 μακά-

431 3747 547 3801 ριος
583 3729 790 3794 Παῦλός
809 3747 992 3800 φησιν,
1040 3731 1164 3784 Ἵνα
1213 3733 1528 3799 κομίσηται
1583 3733 1839 3798 ἕκαστος
1885 3733 1954 3786 τὰ
1991 3733 2089 3787 διὰ

427 3817 535 3870 τοῦ
573 3816 862 3886 σώματος,
908 3817 1055 3884 πρὸς
1095 3815 1136 3869 ἃ
1157 3815 1418 3884 ἔπραξεν
1441 3859 1456 3882 ,
1493 3819 1614 3872 εἴτε
1667 3820 1911 3888 ἀγαθὸν,
1970 3821 2088 3874 εἴτε

429 3905 636 3958 κακόν·
663 3905 756 3956 καὶ
783 3904 968 3969 πάλιν,
996 3907 1094 3970 Ὃς
1117 3903 1411 3959 ἀποδώσει
1433 3905 1666 3972 ἑκάστῳ
1685 3907 1832 3962 κατά
1857 3909 1926 3962 τὰ
1945 3910 2088 3978 gmw

427 3990 633 4044 αὐτοῦ.
667 3991 846 4059 ’Δπερ
875 3991 1089 4045 ἅπαντα
1109 3991 1309 4054 εἰδότες
1342 3989 1434 4046 καὶ
1459 3995 1637 4046 πᾶσαν
1657 3993 1930 4065 ρᾳθυμίαν
1953 3997 2087 4048 ἀπο-

427 4077 792 4146 τιναξάμενοι,
817 4077 984 4130 πολὺν
1013 4079 1112 4148 τῆς
1137 4079 1338 4149 ἀρετῆς
1377 4080 1729 4150 ποιησώμεθα
1759 4082 1934 4150 λόγον.
1978 4085 2086 4136 Καὶ

428 4165 506 4226 ὡς
529 4164 608 4216 ἐτι
651 4165 710 4216 ἐν
744 4163 824 4234 τῷ
867 4164 1149 4233 σκάμματί
1203 4165 1404 4233 ἐσμεν,
1468 4167 1597 4234 πρὶν
1627 4166 1660 4234 ἢ
1690 4166 2087 4237 διαλυθῆναι-τὸ

429 4247 686 4317 θέατρον.
729 4247 1099 4320 φροντίσωμεν
1145 4249 1300 4318 ήμῶν
1348 4249 1446 4318 τῆς
1480 4251 1770 4320 σωτηρίας,
1807 4251 1892 4304 ἵνα
1921 4253 1978 4305 ἐν
2006 4253 2084 4322 τῷ

431 4333 622 4404 βραχεῖ
649 4333 822 4402 τούτῳ
873 4335 1050 4402 χρόνῳ
1095 4333 1191 4404 τὴν
1237 4334 1438 4406 ἀρετὴν
1485 4335 1830 4406 μετελθόντες
1853 4377 1867 4402 ,
1919 4340 1978 4391 ἐν
2007 4340 2086 4410 τῷ

425 4421 662 4489 διηνεκεῖ
681 4419 836 4472 αἰῶνι
861 4421 960 4482 τὰς
989 4415 1128 4490 ὑπὲρ
1167 4419 1370 4492 ταύτης
1427 4421 1662 4491 ἀμοιϐὰς
1707 4423 2082 4496 κομισώμεθα·

427 4507 678 4578 καθάπερ
701 4510 794 4560 καὶ
821 4509 850 4560 6
882 4507 1086 4569 δίκαιος
1122 4502 1294 4572 οὗτος,
1333 4511 1360 4560 6
1388 4509 1586 4578 μεταξὺ
1622 4511 1888 4565 τοσούτων
1919 4529 2085 4583 πονη-

428 4597 538 4668 ρῶν
567 4595 750 4655 οἰκῶν,
785 4595 877 4648 καὶ
909 4595 1098 4648 οὐδένα
1152 4595 1292 4665 ἔχων
1323 4596 1583 4666 ζηλοῦντα
1615 4597 1778 4650 αὐτοῦ
1829 4599 1926 4669 τήν
1959 4601 2086 4671 ἀρε-

423 4685 540 4755 τὴν,
569 4681 704 4736 ἀλλά
730 4683 824 4735 καὶ
847 4683 1051 4745 πάντας
1077 4683 1216 4755 ὁρῶν
1244 4683 1602 4752 χλευάζοντας
1621 4723 1636 4748 ,
1664 4685 2082 4756 κωμῳδοῦντας,

421 4773 482 4824 οὐ
521 4772 679 4842 μόνον
717 4771 1068 4842 ὀκνηρότερος
1119 4773 1218 4826 οὐκ
1251 4771 1483 4839 ἐγένετο,
1511 4772 1644 4824 ἀλλά
1674 4775 1767 4826 καὶ
1814 4772 1955 4827 οὕτω
2005 4775 2083 4828 διο

424 4859 681 4928 ἑλαμψεν,
722 4858 798 4921 ὡς
827 4859 1220 4929 καταξιωθῆναι
1249 4861 1341 4912 καὶ
1387 4860 1648 4927 ἀγγέλους
1695 4861 2076 4928 ὑποδέξασθαι·

423 4945 517 4997 καί⁵
546 4943 759 4996 πάντων
780 4943 948 5014 ἄρδην
977 4945 1376 5016 ἀπολλυμένων,
1409 4947 1568 5006 αὐτὸς
1621 4948 1781 5016 μόνος
1825 4951 1922 5001 σὺν
1961 4952 2080 5014 ταῖς

423 5029 721 5100 θυγατράσι
753 5029 973 5098 διέφυγε
1017 5033 1114 5101 τὴν
1165 5033 1546 5102 ἐπενεχθεῖσαν
1587 5034 1762 5106 δίκην.
1821 5036 1958 5088 Ἀλλ’
1988 5039 2080 5091 ἐπὶ

419 5113 521 5185 τὴν
567 5113 884 5168 ἀκολουθίαν
930 5113 1023 5168 τοῦ
1070 5116 1229 5184 λόγου
1276 5119 1674 5190 ἐπανέλθωμεν.
1737 5113 1959 5177 Ἦλοον
1989 5123 2075 5190 δὲ,

421 5203 606 5275 φησὶν,
637 5203 692 5256 ol
723 5201 832 5256 δύο
866 5201 1106 5272 ἄγγελοι
1145 5205 1232 5269 είς
1273 5203 1502 5274 Σόδομα
1543 5205 1824 5276 ἑσπέρας.
1865 5210 1925 5263 Ὁ
1953 5228 2078 5264 και-

421 5289 515 5361 ρὸς
571 5288 803 5357 μάλιστα
851 5287 1121 5344 δείκνυσιν
1169 5291 1300 5360 ἡμῖν
1334 5291 1430 5344 τοῦ
1475 5291 1680 5347 δικαίου
1734 5295 1923 5350 τούτου
1981 5298 2078 5370 τὴν

420 5375 860 5446 ὑπερϐάλλουσαν
881 5375 1103 5448 ἀρετὴν,
1144 5378 1226 5432 ὅτι
1255 5379 1350 5432 καὶ
1399 5379 1634 5452 ἑσπέρας
1668 5385 2077 5460 καταλαϐούσης

417 5463 713 5532 παρέμενε,
743 5463 839 5516 καὶ
863 5463 964 5516 οὐκ
987 5463 1272 5532 ἀφίστατο.
1309 5465 1524 5538 Ἐπειδὴ
1543 5467 1652 5540 γάρ
1677 5469 1792 5540 ᾔδει
1810 5473 1872 5524 :6
1893 5473 2075 5527 ἐντεῦ·

418 5546 510 5601 θεν
531 5547 677 5616 αὑτῷ
707 5550 1023 5621 τικτόμενον
1048 5551 1252 5624 κέρδος,
1285 5552 1372 5606 διά
1395 5553 1552 5608 τοῦτο
1577 5555 1857 5628 ἐπιθυμῶν
1887 5559 2074 5614 ἐπιτυ-

415 5637 530 5705 χεῖν
549 5633 643 5688 τοῦ
669 5636 916 5698 πλούτου,
941 5639 1106 5710 πολλῇ
1132 5642 1197 5711 τῇ
1228 5640 1519 5712 προσεδρίᾳ
1551 5642 1830 5714 ἐκέχρητο,
1857 5647 1951 5699 καὶ
1974 5649 2072 5717 τῆς

415 5719 626 5790 ἡμέρας
663 5719 1036 5794 πληρωθείσης
1059 5725 1160 5778 οὐκ
1185 5725 1466 5796 ἀνεχώρει.
1518 5727 1768 5781 Τοιοῦτον
1787 5729 1895 5801 γὰρ
1922 5730 2066 5804 ψυχὴ

477 5822 502 5893 ξ
527 5820 674 5893 ξενίῃ.
702 5827 754 5870 οι
774 5821 958 5893 aliquot
981 5839 1092 5876 mss.
1123 5829 1300 5890 μεγάλα
1319 5830 1514 5893 φρονεῖν.

477 5882 503 5921 ιι
527 5885 670 5931 ίῖυἱκι.
699 5882 948 5944 συμϐαίνῃ.

1220 323 1277 381 S.
1314 321 1592 379 JOANNIS
1628 319 2112 377 CHRYSOSTOMI
2151 319 2473 376 ARCHIEP.
2513 320 3057 379 CONSTANTINOP.

3745 323 3846 376 598

2191 433 2386 498 ζέουσα
2445 437 2536 489 καὶ
2593 437 3004 508 διεγηγερμένη“
3061 438 3157 508 οὐχ
3205 438 3308 492 ὑπό
3335 455 3494 492 τινων
3539 437 3849 491 κωλυτικῶν

2193 522 2540 590 ἐμποδίζεται
2565 521 2661 592 τὴν
2693 525 2898 576 οἰκείαν
2945 525 3144 595 ἀρετὴν
3185 525 3571 590 ἐπιδείξασθαι,
3607 525 3741 578 ἀλλᾶ
3763 524 3850 578 κα*

2187 609 2252 661 δι’
2286 608 2464 662 αὐτῶν
2503 609 2734 678 μάλιστα
2782 610 2888 662 τῶν
2919 611 3234 664 κωλυόντων
3289 611 3566 664 ἐπιπλεῖον
3619 611 3854 680 αἴρεται,

2189 696 2283 748 καὶ
2317 695 2538 766 μείζονα
2563 695 2662 766 τὴν
2691 695 2864 764 φλόγα
2892 696 2990 765 τῆς
3043 697 3339 768 ἐπιθυμίας
3381 698 3632 752 ἀνάπτει.
3691 697 3854 751 Ἰδὼν

2187 781 2274 845 δὲ,
2329 783 2484 852 φησὶ,
2543 781 2693 848 Λὼτ,
2729 781 3023 849 ἐξανέστη
3079 785 3166 849 είς
3197 783 3578 850 συνάντησιν
3627 783 3851 848 αὐτοῖς.

2201 867 2574 922 Ἀκουέτωσαν
2611 870 2660 922 οί
2689 868 2782 920 καὶ
2813 870 3281 940 παραγινομένους
3307 869 3566 932 πολλάκις
3587 869 3681 922 καὶ
3725 869 3862 922 καθ-

2191 953 2650 1022 ικετεύοντας,καὶ
2681 953 2879 1024 πολλὴν
2897 955 2995 1025 τὴν
3029 955 3353 1026 προσεδρίαν
3383 955 3854 1024 ἐπιδεικνυμένους

2187 1041 2618 1112 διακρουόμενοι,
2645 1042 2740 1094 καὶ
2789 1040 2986 1112 πολλὴν
3019 1041 3116 1111 τὴν
3137 1041 3528 1112 ἀπανθρωπίαν
3553 1043 3854 1095 ἐπιδεικνύ-

2191 1127 2506 1198 μενοι.”ορα
2531 1127 2640 1196 γὰρ
2667 1127 2758 1180 τὸν
2787 1127 2991 1180 δίκαιον
3017 1125 3224 1192 τοῦτον,
3257 1129 3406 1190 ὅπως
3457 1129 3556 1182 οὐκ
3605 1129 3852 1198 ἀνέμεινε

2190 1213 2593 1283 παραγενέσθαι
2621 1213 2755 1283 πρὸς
2778 1213 2958 1274 αὐτὸν,
3009 1212 3141 1268 ἀλλά
3162 1213 3410 1284 καθάπερ
3437 1216 3464 1267 ό
3491 1216 3850 1285 πατριάρχης,

2187 1301 2286 1353 οὐκ
2311 1301 2465 1362 εἰδὼς
2481 1300 2624 1364 τίνες
2648 1297 2785 1370 ἦσαν
2813 1301 2860 1352 οἱ
2885 1301 3334 1370 παραγεγονότες,
3362 1301 3473 1356 ἀλλ’
3503 1303 3680 1365 όδίτας
3701 1305 3852 1365 τινας

2185 1388 2382 1451 αὐτοὺς
2405 1383 2544 1440 εἶναι
2571 1387 2986 1452 ὑπολαμϐάνων,
3007 1388 3336 1458 θεασάμενος
3363 1391 3642 1460 μονονουχὶ
3670 1390 3852 1460 ἐσκίρο

2185 1492 2338 1545 τησε,
2369 1475 2459 1528 καὶ
2491 1476 2792 1546 περιχαρὴς
2823 1475 3075 1544 γέγονεν,
3107 1475 3181 1538 ὡς
3225 1475 3492 1546 ἐπιτυχὼν
3527 1477 3626 1546 τῆς
3660 1478 3851 1547 θήρας,

2185 1563 2279 1614 καὶ
2311 1562 2386 1630 μὴ
2435 1560 2748 1632 διαμαρτὼν
2775 1561 2869 1614 τοῦ
2902 1561 3355 1632 σπουδαζομένου.
3400 1561 3558 1616 Ἰδὼν
3585 1562 3714 1633 γὰρ,
3743 1579 3848 1632 φη-

2187 1647 2290 1712 σὶν,
2313 1646 2610 1714 ἐξανέστη
2641 1649 2732 1713 εις
2773 1647 3151 1715 συνάντησιν
3177 1647 3398 1714 αὐτοῖς,
3431 1648 3530 1702 καὶ
3557 1649 3852 1716 προσεκὼ

2185 1747 2337 1800 νησε
2363 1733 2443 1798 τῷ
2469 1733 2764 1801 προσώπῳ
2787 1733 2884 1786 ἐπὶ
2908 1734 3023 1799 τὴν
3049 1731 3182 1804 γῆν.
3213 1734 3592 1806 Ηύχαρίστησε
3615 1735 3691 1806 τῷ
3708 1735 3848 1804 Θεῷ,

2183 1819 2262 1872 ὅτι
2295 1820 2626 1888 κατηξίωσεν
2653 1819 2812 1873 αὐτὸν
2840 1819 3200 1886 ὑποδέξασθαι
3233 1820 3356 1886 τοὺς
3383 1822 3694 1891 παριόντας.
3715 1821 3848 1874 Σκό-

2185 1923 2274 1958 πει
2301 1906 2477 1976 ψυχῆς
2505 1907 2706 1978 ἀρετήν
2753 1905 3013 1976 Μεγάλην
3054 1907 3370 1977 εὐεργεσίαν
3406 1907 3558 1977 ποιρά
3585 1906 3678 1959 τοῦ
3713 1906 3848 1960 Θεοῦ

2182 1991 2382 2061 ταύτην
2405 1995 2664 2063 ἡγήσατο,
2691 1993 2754 2046 :6
2781 1993 3054 2062 ἐπιτυχεῖν
3078 1992 3186 2045 τῶν
3217 1992 3444 2063 ἀνδρῶν,
3501 1992 3596 2046 καὶ
3619 1992 3706 2044 διὰ
3747 1992 3845 2061 τῆς

2183 2079 2264 2140 είς
2298 2077 2518 2141 τούτους
2543 2077 2840 2144 δεξιώσεως
2873 2080 2966 2131 τόν
2995 2080 3194 2131 οἰκεῖον
3237 2078 3398 2132 πόθον
3423 2078 3838 2148 ἀποπληρῶσαι.

2183 2165 2276 2235 Μὴ
2303 2165 2410 2237 γάρ
2443 2182 2532 2236 μοι
2552 2165 2696 2232 λέγε,
2731 2165 2812 2218 ὅτι
2833 2165 3050 2234 ἄγγελοι
3081 2160 3240 2236 ἦσαν’
3267 2165 3378 2218 ἀλλ’
3401 2166 3574 2217 ἐκεῖνο
3602 2164 3837 2232 λογίζου,

2184 2253 2264 2306 ὅτι
2313 2255 2342 2306 6
2379 2254 2584 2316 δίκαιος
2617 2247 2770 2316 οὗτος
2802 2252 3012 2306 οὐδέπω
3045 2251 3204 2305 τοῦτο
3237 2250 3390 2322 [458]
3411 2252 3700 2321 ἠπίστατο,
3725 2250 3841 2304 ἀλλ’

2183 2339 2258 2402 ὠς
2311 2337 2632 2408 ἀνθρώπους
2679 2337 2926 2406 ἀγνῶτας
2985 2334 3378 2408 παροδεύοντας
3437 2335 3844 2406 ὑποδεχόμενος,

2183 2423 2324 2476 οὓτω
2347 2423 2597 2477 διέκειτο.
2623 2424 2734 2476 Καὶ
2753 2424 2946 2477 εἶπεν·
2990 2423 3167 2488 Ἰδοὺ,
3197 2423 3408 2490 κύριοι,
3434 2423 3847 2485 ἐκκλίνατεείς

2184 2508 2292 2562 τὸν
2316 2505 2484 2562 οἶκον
2507 2509 2615 2564 τοῦ
2659 2508 2871 2573 παιδὸς
2919 2509 3104 2577 ὑμῶν,
3135 2509 3230 2562 καί
3283 2509 3684 2570 κατα-λύσατε,
3745 2507 3842 2559 καί

2182 2596 2443 2664 νίψασθε
2467 2595 2607 2660 τοὺς
2633 2595 2822 2660 πόδας
2853 2594 3038 2663 ὑμῶν,
3068 2593 3164 2646 καί
3187 2594 3567 2662 ὀρθρίσαντες
3590 2593 3842 2646 ἀπελεύ-

2184 2685 2369 2736 σεσθε
2419 2685 2505 2747 εἰς
2533 2682 2649 2750 τὴν
2673 2681 2818 2735 ὁδὸν
2858 2679 3044 2750 ὑμῶν.
3104 2679 3286 2734 Ἰκανά
3313 2681 3382 2734 τά
3427 2682 3648 2750 ῥήματα
3674 2679 3843 2732 ταῦτα

2181 2768 2282 2839 τὴν
2305 2768 2731 2838 ἐναποκειμένην
2762 2769 2960 2838 ἀρετὴν
2987 2768 3052 2837 τῇ
3083 2766 3174 2820 τοῦ
3195 2767 3400 2821 δικαίου
3424 2766 3570 2836 ψυχῇ
3609 2765 3842 2818 ἐκκαλύ-

2184 2853 2302 2923 ψαι.
2333 2853 2396 2907 Τί
2449 2855 2556 2924 γὰρ
2609 2854 2675 2908 ἀν
2729 2871 2812 2916 τις
2865 2853 3164 2924 ἐκπλαγείη
3204 2851 3300 2924 τὴν
3347 2851 3844 2922 ταπεινοφροσύνην

2185 2939 2640 3011 ὑπερϐάλλουσαν,
2669 2939 2766 3010 τὴν
2797 2939 3124 3011 θερμότητα,
3145 2940 3212 3009 ἣν
3267 2939 3392 3010 περὶ
3417 2939 3516 3008 τὴν
3542 2937 3844 3007 φιλοξενίαν

2183 3025 2560 3090 ἐπεδείκνυτο;
2591 3027 2760 3088 Ἰδοὺ,
2797 3028 2949 3097 φησὶ,
2993 3027 3200 3094 κύριοι,
3257 3025 3572 3080 ἐκκλίνατε
3610 3027 3694 3089 είς
3739 3025 3845 3076 τὸν

2183 3109 2351 3167 οἷκον
2377 3113 2482 3167 τοῦ
2510 3113 2720 3178 παιδὸς
2745 3107 2930 3181 ὑμῶν.
2961 3111 3260 3176 Κάκείνους
3285 3113 3504 3184 κυρίους
3543 3111 3716 3176 καλεῖ,
3748 3111 3844 3164 καὶ

2183 3198 2374 3251 ἐαυτὸν
2405 3199 2568 3252 παῖδα
2597 3199 2778 3252 αὐτῶν
2821 3197 3096 3269 ὀνομάζει.
3139 3198 3504 3268 Ἀκούσωμεν,
3547 3189 3843 3266 ἀγαπητοί,

2183 3284 2290 3337 τῶν
2325 3285 2584 3354 ῥημάτων
2607 3281 2812 3338 τούτοιν
2846 3286 2983 3354 μετά
3011 3285 3316 3354 ἀκριϐείας,
3351 3285 3441 3337 καὶ
3469 3283 3844 3351 παιδευθῶμεν

2183 3369 2278 3422 καὶ
2323 3371 2482 3438 ἡμεῖς
2506 3363 2574 3421 τά
2605 3369 2764 3439 ὅμοια
2813 3369 3256 3439 διαπράττεσθαι.
3299 3369 3356 3422 '0
3388 3357 3650 3435 ἐπίδοξος,
3680 3371 3708 3421 ὁ
3742 3385 3838 3420 πει

2186 3456 2431 3526 ριφανὴς,
2454 3459 2482 3510 6
2512 3458 2570 3509 ἐν
2589 3457 2821 3528 τοσαύτῃ
2849 3459 3132 3529 περιουσίᾳ
3162 3457 3459 3528 τυγχάνων,
3493 3459 3520 3509 6
3539 3455 3846 3510 οἰκοδεσπό-

2185 3560 2300 3614 της,
2331 3544 2452 3606 τούς
2472 3540 2664 3606 όδίτας,
2697 3545 2820 3606 τοὺς
2855 3543 3056 3610 ξένους,
3083 3546 3208 3606 τοὺς
3247 3544 3513 3612 ἀγνῶτας,
3544 3535 3666 3605 τοῦς
3696 3543 3843 3595 εὐτε-

2183 3628 2292 3691 λεῖς
2346 3627 2408 3680 :6
2453 3629 2798 3698 φαινόμενον,
2851 3631 2978 3692 τοὺς
3034 3631 3348 3700 παριόντας,
3395 3627 3522 3692 τούς
3555 3629 3846 3699 οὐδαμόθεν

2186 3715 2330 3786 αὐτῷ
2363 3715 2735 3786 προσήκοντας
2751 3716 2970 3786 κυρίους
3001 3716 3254 3786 ὀνομάζει
3281 3715 3374 3770 καί
3393 3731 3574 3786 φησιν⁹
3613 3715 3842 3769 Ἐκκλί-

2186 3819 2326 3856 ναῖε
2355 3805 2439 3868 εἰς
2464 3803 2571 3854 τὸν
2590 3799 2757 3855 οἷκον
2787 3802 2894 3856 τοῦ
2919 3799 3129 3867 παιδὸς
3153 3799 3316 3872 ὑμῶν
3331 3804 3426 3858 καί
3445 3803 3840 3856 καταλύσατε.

2201 3889 2433 3960 Ἐσπέρα
2471 3889 2600 3960 γὰρ,
2641 3891 2794 3960 φησὶ,
2843 3889 3124 3942 κατέλαϐε.
3177 3887 3442 3958 Πείσθητέ
3497 3907 3606 3959 μοι,
3635 3889 3728 3942 καὶ
3755 3890 3845 3944 τὸν

2187 3977 2428 4048 κάματον
2452 3975 2552 4044 τῆς
2583 3975 2795 4046 ἡμέρας
2826 3972 3310 4046 παραμυθήσασθε,
3353 3977 3432 4038 εἰς
3457 3976 3548 4028 τὸν
3577 3973 3723 4028 οἷκον
3751 3975 3842 4028 τοῦ

2185 4063 2373 4125 παιδὸς
2389 4063 2541 4132 ὑμῶν
2571 4061 2992 4125 καταλύσαντες.
3021 4063 3112 4134 Μὴ
3138 4062 3266 4131 γὰρ,
3293 4064 3444 4132 φησὶ,
3479 4063 3618 4132 μέγα
3634 4079 3686 4113 τι
3717 4063 3842 4132 ὑμῖν

2185 4149 2625 4219 ἐπαγγέλλομαι;
2649 4150 2922 4217 Νίψασθε
2953 4149 3096 4214 τοὺς
3127 4151 3316 4216 πόδας
3365 4151 3529 4218 ὑμῶν
3561 4151 3690 4212 τοὺς
3739 4151 3844 4202 ὑπὸ

2185 4237 2282 4303 τῆς
2307 4234 2610 4304 ὁδοιπορίας
2640 4233 3005 4305 κεκμηκότας,
3043 4235 3140 4288 καὶ
3186 4237 3564 4303 ὀρθγ.ιίσιιντες
3590 4236 3842 4289 ἀπελεύ-

2184 4321 2368 4374 σεσθε
2404 4321 2518 4387 τὴν
2540 4315 2684 4374 ὁδὸν
2717 4321 2903 4389 ὑμῶν.
2935 4321 3244 4393 Χαρίσασθε
3275 4319 3366 4376 οὖν
3399 4339 3487 4390 μοι
3510 4321 3710 4392 ταύτην
3741 4323 3840 4391 τὴν

2184 4407 2362 4477 χάριν,
2394 4408 2486 4460 καὶ
2531 4407 2605 4478 μὴ
2665 4407 2994 4478 ἀνανεύσητέ
3043 4427 3144 4484 μου
3175 4409 3305 4480 προς
3343 4411 3438 4480 τὴν
3473 4409 3836 4481 παράκλησιν.

2183 4495 2294 4548 Καὶ
2331 4487 2527 4560 εἶπαν,
2563 4495 2743 4564 φησίν·
2804 4495 2971 4565 Οὐχὶ,
3004 4495 3141 4550 ἀλλ’
3177 4497 3246 4550 ἐν
3278 4495 3360 4578 τῇ
3393 4498 3643 4564 πλατείᾳ
3673 4515 3840 4551 κατα-

2182 4581 2470 4649 λύσομεν.
2505 4579 2616 4632 Καὶ
2653 4581 2790 4650 μετά
2833 4579 3098 4654 τοσαύτην
3127 4583 3466 4653 παράκλησιν
3503 4583 3622 4635 ἰδὼν
3649 4585 3838 4648 αὐτοὺς

2184 4666 2542 4726 ἀνανεύοντας
2573 4667 2674 4719 οὐκ
2701 4667 3020 4738 ἐνάρκησεν,
3047 4667 3147 4722 οὐκ
3167 4669 3377 4740 ἀπέστη
3419 4655 3510 4722 τοῦ
3550 4669 3842 4735 σπουδαζο-

2185 4753 2369 4824 μένου,
2418 4753 2538 4808 οὑδέ
2582 4753 2750 4808 ἔπαθέ
2781 4772 2833 4808 τι
2877 4755 3150 4820 τοιοῦτον,
3209 4751 3318 4808 οἷον
3367 4749 3528 4828 ἡμεῖς
3585 4757 3842 4820 πολλάκις

2181 4839 2460 4910 ποιοῦμεν·
2486 4839 2580 4892 καὶ
2605 4841 2698 4892 ἐάν
2728 4840 2836 4909 ἄρα
2867 4841 2994 4893 ποτέ
3029 4859 3148 4893 τινα
3197 4843 3600 4914 προτρέψασθαι
3647 4844 3838 4914 βουλη-

2182 4927 2424 4996 θείημεν,
2457 4921 2571 4977 εἷτα
2603 4925 2928 4994 θεασώμεθα
2977 4920 3111 4996 πρός
3148 4926 3324 4995 ὀλίγον
3353 4928 3698 4992 ἀνανεύοντα,
3749 4929 3838 4980 εὐ-

2181 5013 2276 5077 θὺς
2297 5011 2663 5081 ἀφιστάμεθα·
2716 5013 2810 5064 καὶ
2855 5011 3012 5067 τοῦτο
3040 5013 3326 5082 συμϐαίνει
3349 5015 3458 5068 ἀπὸ
3484 5013 3576 5066 τοῦ
3611 5015 3684 5086 μὴ
3717 5015 3841 5085 θερ-

2183 5099 2372 5170 μότητι
2405 5099 2498 5152 καὶ
2531 5097 2680 5168 πόθῳ
2709 5097 2864 5151 τοῦτο
2887 5101 3080 5165 ποιεῖν,
3107 5099 3242 5153 ἀλλά
3291 5101 3524 5172 μάλιστα
3559 5103 3650 5154 καὶ
3687 5102 3840 5170 νομί-

2179 5185 2292 5250 ζειν
2311 5183 2586 5255 ἀρκοῦσαν
2607 5183 2903 5252 ἀπολογίαν
2931 5185 3096 5256 ἔχειν,
3123 5185 3184 5239 :6
3215 5185 3393 5255 λέγειν
3425 5189 3506 5240 ὅτι
3546 5188 3603 5240 τό
3625 5204 3687 5256 γε
3715 5189 3842 5240 ἐαυ-

2175 5272 2284 5325 τῶν
2303 5273 2702 5342 πεποιήκαμεν.

2247 5359 2317 5426 γ’.
2333 5359 2398 5412 Τί
2427 5360 2621 5428 λέγεις,
2641 5359 2722 5412 ὅτι
2745 5358 2806 5412 :6
2823 5357 3023 5413 σαυτοῦ
3043 5361 3375 5432 πεποίηκας;
3409 5361 3718 5426 ’Δπώλεσας
3740 5363 3838 5434 τὴν

2177 5447 2368 5518 θήραν,
2403 5443 2698 5516 διήμαρτες
2745 5445 2840 5500 τοῦ
2894 5447 3196 5520 θησαυροῦ,
3226 5449 3320 5501 καὶ
3366 5447 3427 5500 τὺ
3479 5449 3702 5502 σεαυτοῦ
3737 5467 3834 5502 περ

2177 5535 2436 5606 ποίηκας;
2465 5533 2598 5587 Τότε
2627 5531 2692 5587 ἀν
2724 5529 2792 5606 ἧς
2815 5535 2876 5587 τὸ
2902 5535 3102 5588 σαυτοῦ
3133 5533 3465 5606 πεποιηκὼς,
3504 5537 3552 5589 εί
3593 5539 3668 5608 μὴ
3691 5539 3838 5608 ερῤι-

2175 5623 2282 5692 ψας
2313 5621 2420 5676 ἀπὸ
2444 5623 2551 5676 τῶν
2577 5622 2771 5693 χειρῶν
2793 5622 2883 5676 τὸν
2902 5623 3252 5696 θησαυρὸνβί
3275 5625 3348 5694 μὴ
3374 5621 3719 5694 παρέδραμες
3739 5625 3836 5698 τὴν

2179 5711 2372 5780 ἄγραν,
2386 5711 2434 5762 εί
2453 5711 2526 5780 μὴ
2541 5710 2832 5778 ἀφοσιώσει
2847 5721 2869 5749 ι
2893 5713 2962 5782 τῇ
2984 5711 3145 5782 μέχρι
3161 5710 3417 5782 ῥημάτων
3432 5711 3528 5779 τὴν
3541 5709 3840 5779 φιλοξενίαν

2175 5795 2450 5860 ἐπεδείξω.
2468 5797 2604 5848 Ἀλλ’
2632 5797 2730 5867 οὐχ
2780 5797 2810 5848 6
2864 5795 3070 5861 δίκαιος
3097 5799 3269 5861 οὕτως
3295 5813 3312 5830 ο
3349 5797 3482 5851 ἀλλά
3534 5799 3624 5866 τίς
3667 5797 3837 5870 Ὀρῶν

2239 5903 2262 5932 ⁸
2291 5899 2378 5951 [lic
2401 5902 2633 5950 obeones
2655 5905 2830 5951 ilorum
2862 5904 3142 5968 Erg-0010363,
3168 5918 3245 5968 ρει
3262 5903 3506 5968 "mnorie,
3535 5913 3584 5956 ul
3609 5919 3770 5970 supra.
