4150 6276
395 302 501 362 $97

397 420 594 475 nullam
623 428 802 473 autem
832 417 1111 476 utilitatem
1143 414 1265 470 inde
1297 413 1589 484 capiemus.
1629 411 1782 477 Quod
1823 417 1878 464 ut
1909 408 1991 462 di-

396 528 535 579 scas,
570 512 694 567 audi
721 513 1031 582 prephetam
1059 511 1358 564 dicentem:
1389 506 1452 560 In
1479 506 1676 573 inferno
1699 512 1863 556 autem
1880 501 1991 571 quis

393 605 713 674 conﬁtebitur
734 605 820 658 tibi
846 603 865 676 (
896 604 1037 659 Psal.
1067 603 1122 660 6.
1150 602 1220 673 6)
1248 602 1271 655 ?
1318 609 1372 655 ct
1414 601 1603 653 iterum
1640 616 1653 652 :
1686 595 1867 649 Frater
1888 610 1989 647 non

397 694 618 760 redimit,
644 694 854 747 redimet
873 695 1020 747 homo
1041 692 1211 763 (Psal.
1234 691 1322 746 48.
1339 689 1430 759 8)?
1446 688 1653 752 Nullus,
1677 685 1865 755 inquit,
1889 683 1990 737 erit

396 786 502 841 illic
533 786 1043 856 postea,quieripiat
1072 799 1193 839 eum
1219 799 1377 852 quem
1404 796 1496 835 sua
1518 777 1718 833 desidia
1749 775 1989 846 prodide-

393 877 661 948 rit,neque
681 878 724 932 si
749 878 908 932 frater
932 876 1106 943 fuerit,
1140 892 1308 945 neque
1331 874 1377 930 si
1404 881 1570 942 pater,
1604 884 1777 940 neque
1804 868 1847 921 si
1878 883 1989 921 ma-

396 977 494 1023 ter.
526 969 589 1023 Et
614 970 739 1039 quid
761 968 903 1033 dico,
925 967 1107 1034 frater,
1130 975 1299 1037 pater.
1332 974 1386 1020 et
1408 973 1577 1019 mater
1597 964 1619 1016 ?
1637 962 1819 1031 Neque
1835 959 1983 1029 justi,

395 1059 585 1129 quibus
615 1068 759 1113 Lauta
802 1061 940 1129 apud
975 1060 1138 1113 Deum
1182 1057 1373 1111 ﬁducia
1417 1064 1515 1120 est,
1549 1061 1796 1124 poterunt
1833 1051 1986 1106 nobis

398 1160 521 1205 tunc
548 1152 747 1220 aliquid
781 1151 1054 1220 prodesse,
1093 1150 1138 1205 si
1176 1164 1315 1203 nunc
1345 1147 1557 1203 desides
1587 1146 1859 1200 fuerimus.
1891 1145 1985 1197 Di-

392 1243 465 1296 cit
490 1243 631 1298 enim
658 1261 670 1297 :
696 1242 757 1298 Si
784 1244 1007 1298 steterint
1053 1241 1167 1295 Noe
1198 1250 1242 1297 et
1271 1239 1369 1294 Job
1395 1249 1441 1293 et
1468 1238 1671 1301 Daniel,
1704 1238 1837 1305 ﬁlios
1865 1253 1984 1290 suos

393 1342 441 1387 et
464 1336 599 1397 ﬁlias
625 1352 723 1388 non
752 1336 961 1406 eripient
983 1334 1192 1407 (Exerit.
1214 1335 1302 1388 M.
1328 1332 1444 1398 20).
1480 1332 1545 1385 Et
1569 1330 1690 1385 vide
1719 1328 1980 1383 minarum

404 1429 738 1495 gravitatem,
769 1428 1060 1497 qualesque
1101 1427 1273 1495 jnstos
1314 1426 1366 1480 in
1407 1423 1638 1478 medium
1677 1421 1977 1476 adduxerit.

393 1520 651 1585 Quoniam
693 1520 765 1573 illi
794 1522 904 1575 suis
928 1519 1253 1588 temporibus
1278 1517 1438 1572 etiam
1466 1515 1581 1569 aliis
1606 1514 1790 1568 salutis
1820 1526 1979 1567 causa

392 1609 602 1664 fuerunt
631 1628 643 1664 :
672 1610 784 1669 Noe
809 1612 974 1676 enim,
1004 1626 1125 1665 cum
1169 1608 1420 1663 terribilis
1450 1607 1535 1660 illa
1566 1605 1746 1660 diluvii
1780 1614 1982 1673 tempe-

391 1711 501 1755 stas
530 1712 719 1757 terram
747 1711 1077 1772 occupasset,
1106 1710 1159 1757 et
1187 1715 1432 1761 uxorem.
1458 1708 1511 1753 et
1540 1699 1677 1752 ﬁlios
1705 1698 1933 1754 servavit
1962 1715 1975 1749 :

389 1803 444 1848 et
461 1792 562 1847 Job
587 1796 832 1849 similiter
852 1794 971 1849 aliis
998 1794 1185 1848 salutis
1205 1801 1389 1846 auctor
1410 1790 1505 1845 fuit
1529 1808 1542 1843 :
1567 1789 1750 1844 Daniel
1769 1804 1979 1860 quoque

390 1883 582 1937 multos
626 1884 819 1955 eripuit
861 1900 891 1938 a
924 1892 1115 1949 morte,
1156 1883 1369 1953 quando
1399 1881 1654 1936 barbarus
1688 1881 1773 1936 ille
1803 1881 1977 1949 inqui-

391 1974 541 2029 rebat
585 1991 705 2044 qua}
751 1991 909 2046 supra
959 1976 1242 2030 humanam
1287 1982 1411 2029 sunt
1458 1981 1698 2028 naturam
1727 2012 1743 2037 ,
1790 1980 1844 2024 ct
1894 1972 1975 2025 in-

392 2067 639 2124 terimere
673 2069 886 2124 volebat
920 2068 1205 2123 Chaldaeos
1229 2108 1242 2133 ,
1289 2076 1342 2121 et
1385 2066 1564 2135 Magos
1610 2073 1768 2134 atque
1806 2063 1977 2118 Gaza:

389 2172 550 2211 rencs
559 2198 570 2209 .

458 2247 514 2301 2.
536 2248 600 2301 In
625 2252 798 2320 futuro
825 2248 1010 2302 alecula
1027 2246 1365 2317 unusquisque
1387 2260 1479 2315 pro
1507 2260 1561 2299 se
1569 2243 1979 2314 judicabitur.-»—

393 2338 457 2392 Et
485 2353 553 2392 nc
579 2346 823 2407 putemus
852 2338 905 2392 in
937 2337 1114 2393 futuro
1138 2336 1334 2391 saeculo
1363 2334 1476 2389 fore
1517 2334 1658 2397 talia,
1689 2344 1739 2388 et
1765 2348 1858 2388 eos
1887 2334 1974 2401 qui

391 2429 585 2482 virtute
605 2427 811 2498 pnediti
831 2436 973 2494 sunt,
991 2438 1045 2483 et
1067 2427 1308 2482 ﬁduciam
1331 2425 1528 2480 habent
1545 2425 1593 2478 in
1614 2424 1799 2487 Deum,
1819 2424 1972 2489 alios,

388 2520 478 2590 qui
505 2520 592 2576 hic
611 2521 939 2591 negligenter
956 2521 1220 2586 vixerunt,
1246 2520 1574 2574 necessarios
1600 2531 1725 2571 suos
1746 2518 1975 2572 liberare

387 2612 494 2667 illic
518 2627 547 2665 a
577 2612 837 2682 supplicio
862 2626 1056 2683 posse:
1083 2618 1361 2681 propterea
1390 2609 1607 2666 adduxit
1626 2609 1781 2665 nobis
1801 2609 1974 2679 justos

386 2704 528 2767 illos,
563 2714 820 2759 terrorem
852 2703 1006 2759 nobis
1048 2703 1299 2767 inferens,
1331 2710 1385 2757 et
1425 2701 1625 2756 docens
1667 2701 1717 2753 in
1743 2700 1973 2771 pr0priis

386 2794 539 2848 bonis
563 2795 815 2864 operibus
842 2809 962 2850 cum
993 2808 1222 2865 superna
1260 2793 1428 2863 gratia
1459 2806 1610 2861 spem
1643 2791 1830 2845 salutis
1872 2806 1971 2844 no-

384 2896 508 2941 strzr
526 2886 846 2952 habendam,
867 2895 921 2941 et
942 2900 1046 2941 non
1069 2888 1121 2939 in
1141 2885 1380 2955 progenit
1404 2899 1535 2939 -rum
1555 2882 1856 2947 virtutibus,
1881 2896 1974 2936 ne-

384 2991 488 3047 que
517 2977 569 3031 in
596 2977 701 3031 alio
725 2977 975 3046 quopiam
998 2975 1435 3046 superbiendum,
1457 2974 1541 3029 vel
1572 2972 1967 3039 conﬁdendum,

384 3066 431 3121 si
460 3082 558 3121 nos
585 3068 636 3121 in
668 3068 904 3137 peccatis
929 3081 1049 3122 esse
1078 3081 1183 3121 non
1214 3065 1531 3132 desinimus,
1564 3064 1657 3120 sed
1686 3065 1785 3120 hoc
1806 3080 1970 3119 unum

384 3156 701 3221 curandum,
736 3166 793 3212 ut
821 3159 865 3212 si
907 3165 1155 3228 parentes
1183 3156 1526 3212 habuerimus
1554 3157 1749 3212 virtute
1774 3157 1968 3221 claros,

385 3249 654 3304 imitemur
672 3266 857 3305 eorum
883 3251 1169 3306 virtutem:
1199 3260 1253 3306 et
1279 3251 1323 3306 si
1350 3266 1380 3307 e
1408 3252 1622 3307 diverso
1651 3252 1878 3318 accidat,
1916 3262 1970 3306 et

382 3356 447 3397 ex
475 3341 729 3411 improbis
758 3343 925 3398 simus
956 3342 1297 3413 parentibus,
1332 3358 1436 3397 non
1470 3342 1765 3412 putandum
1812 3343 1967 3397 nolis

383 3431 581 3502 aliquid
630 3431 875 3489 accidere
919 3434 1245 3499 noeumenti,
1290 3433 1581 3489 dummodo
1624 3449 1969 3489 exerceamur

382 3522 448 3576 ad
493 3523 745 3577 virtutum
787 3523 1034 3580 labores:
1070 3525 1274 3579 nullum
1314 3526 1456 3581 enim
1513 3525 1636 3580 hinc
1682 3525 1835 3581 nobis
1870 3526 1968 3580 da-

383 3628 564 3668 mnum
589 3614 712 3669 erit.
729 3614 862 3670 Nam
884 3616 1244 3687 unusquisque
1256 3631 1355 3686 per
1373 3631 1433 3670 ea
1450 3616 1535 3672 vel
1558 3626 1862 3681 coronatur,
1882 3617 1967 3672 vel

382 3706 792 3775 condemnatur,
844 3724 965 3779 quae
1016 3710 1129 3778 ipse
1167 3710 1354 3779 gessit,
1411 3709 1862 3780 quemadmodum
1915 3718 1969 3764 et

384 3797 567 3853 beatus
605 3798 799 3853 Paulus
825 3800 1033 3870 inqttit:
1068 3798 1136 3853 Ut
1161 3808 1381 3870 reportet
1408 3800 1747 3867 unusquisque
1770 3816 1828 3852 ea
1856 3814 1969 3868 qua:

383 3905 475 3959 per
504 3906 687 3959 corpus
726 3891 873 3958 ﬁunt,
912 3891 1067 3960 juxta
1092 3890 1146 3943 id
1174 3891 1309 3959 quod
1334 3891 1472 3961 fecit,
1504 3891 1605 3943 sive
1631 3889 1836 3953 bonum,
1867 3894 1969 3943 sive

382 3980 799 4049 malum(2.Cor.
825 3981 1010 4053 5.10);
1041 3987 1096 4035 et
1120 3980 1309 4035 iterum
1335 3997 1347 4032 :
1384 3980 1483 4047 Qui
1507 3980 1680 4033 reddet
1705 3980 1967 4044 unicuique

372 4075 526 4144 juxta
550 4091 704 4143 opera
730 4091 822 4128 sua
845 4074 864 4145 (
888 4073 1038 4128 Rom.
1064 4073 1119 4127 2.
1149 4072 1243 4145 6).
1275 4073 1405 4139 Qua:
1437 4074 1614 4127 omnia
1664 4088 1785 4127 cum
1823 4074 1964 4129 scia-

381 4182 519 4233 mus,
566 4182 788 4222 excussa
843 4167 988 4222 omni
1039 4167 1377 4238 negligentia,
1428 4166 1639 4221 virtutis
1677 4167 1961 4220 maximam

380 4260 670 4315 habeamus
707 4261 986 4314 rationem.
1017 4259 1083 4313 Et
1118 4275 1239 4314 cum
1270 4258 1443 4313 adhuc
1471 4259 1522 4313 in
1554 4258 1728 4313 stadio
1754 4272 1959 4323 sumus,

376 4360 432 4407 et
454 4350 691 4406 certandi
722 4359 931 4420 tempus
952 4361 1056 4418 est,
1086 4351 1390 4420 priusquam
1417 4350 1740 4404 dissolvatur
1761 4358 1963 4418 specta-

377 4445 574 4509 culum,
625 4443 839 4498 solliciti
865 4445 1033 4498 simus
1072 4443 1141 4497 de
1182 4451 1362 4497 nostra
1403 4443 1593 4509 salute,
1632 4452 1689 4496 ut
1720 4443 1773 4497 in
1810 4442 1960 4497 brevi

380 4531 472 4589 illo
502 4543 739 4604 tempore
765 4534 994 4587 virtutes
1019 4533 1339 4597 exercendo,
1382 4533 1435 4585 in
1475 4533 1672 4587 smculo
1702 4542 1962 4602 perpetuo

372 4625 584 4681 illarum
636 4627 912 4681 mercedes
955 4626 1317 4695 recipiamus:
1368 4626 1504 4681 sicut
1543 4635 1598 4679 et
1638 4625 1813 4694 justus
1848 4626 1958 4691 ille,

372 4717 464 4781 qui
506 4717 558 4770 in
604 4718 782 4771 medio
825 4725 903 4770 tot
939 4716 1199 4771 malorum
1243 4715 1507 4777 habitans.
1539 4726 1593 4771 et
1627 4716 1828 4770 nullum
1860 4717 1956 4771 ha-

369 4808 507 4863 bens
532 4809 623 4878 qui
650 4822 799 4861 suam
827 4808 1122 4863 imitaretur
1146 4808 1417 4873 virtutem,
1437 4807 1529 4862 scd
1559 4808 1745 4862 videns
1773 4822 1960 4863 omnes

368 4899 659 4955 irridentes
684 4908 737 4953 et
762 4898 1152 4953 subsannantes
1176 4939 1191 4965 ,
1218 4914 1323 4954 non
1353 4899 1525 4954 solum
1554 4913 1659 4954 non
1688 4897 1855 4953 factus
1878 4907 1962 4954 est

370 4992 608 5061 segnior,
655 5006 840 5044 verum
888 4998 1031 5045 tanta
1075 4991 1271 5045 virtute
1300 4990 1539 5055 emicuit,
1577 4997 1636 5043 ut
1660 4998 1715 5044 et
1739 4990 1961 5057 angelos

362 5085 643 5155 suscipere
666 5084 921 5139 meruerit
946 5092 1139 5152 :atque
1162 5098 1283 5137 cum
1311 5082 1386 5138 illi
1417 5082 1575 5137 simul
1604 5096 1794 5136 omnes
1825 5096 1953 5150 per-

367 5176 543 5241 itent,
582 5176 727 5227 solus
768 5174 881 5243 ipse
908 5189 1027 5227 cum
1057 5173 1262 5228 ﬁliabus
1313 5172 1557 5243 effugerit
1587 5187 1799 5244 poenam
1839 5188 1957 5243 quae

370 5265 475 5318 illis
521 5265 665 5319 illata
707 5274 808 5319 est.
842 5265 1103 5319 Czcterum
1138 5264 1203 5319 ad
1240 5265 1435 5319 seriem
1475 5266 1739 5325 sermonis
1764 5264 1956 5325 redea-

370 5370 510 5410 mus.
549 5355 801 5409 Venerunt
840 5366 1011 5411 autem
1060 5356 1161 5411 duo
1186 5356 1352 5425 angeli
1394 5357 1446 5410 in
1484 5356 1711 5411 Sodoma
1742 5357 1955 5427 vesperi.

366 5445 501 5502 Iusti
531 5447 686 5514 hujus
707 5447 1058 5503 excellentem
1085 5447 1337 5503 virtutem
1368 5457 1578 5518 tempus
1619 5448 1720 5503 hoc
1749 5449 1957 5518 potissi-

370 5554 513 5593 mum
560 5540 779 5605 indicat,
812 5538 934 5608 quia
972 5546 1029 5593 et
1067 5539 1345 5609 ingruente
1382 5554 1604 5610 vespera
1644 5540 1955 5611 permansit,

367 5641 419 5685 et
461 5645 567 5686 non
612 5630 837 5685 destitit.
876 5630 1008 5685 Nam
1043 5632 1165 5702 quia
1196 5631 1395 5689 sciebat
1420 5632 1623 5691 lucrum
1655 5634 1793 5704 quod
1836 5633 1958 5689 inde

369 5723 703 5788 nascebatur,
732 5723 853 5777 ideo
876 5723 1037 5780 hasce
1064 5726 1274 5781 leili'lS
1304 5731 1513 5799 assequi
1538 5732 1776 5801 cupiens,
1798 5728 1953 5785 valde

1440 295 1504 357 ΙΝ
1534 295 1691 353 CAP.
1731 292 1875 349 XIX.
1915 292 2158 353 GENES.
2203 293 2432 351 HOMIL.
2470 295 2650 352 XLIII.

3582 302 3684 357 εςιε

2104 407 2323 465 sedulus
2372 419 2506 474 erat,
2548 418 2603 464 et
2647 424 2818 481 neque
2862 410 2949 467 die
2994 412 3212 482 impleto
3253 413 3576 470 discedebat.
3614 416 3682 471 lia

2100 501 2243 555 enim
2283 518 2342 558 sc
2382 502 2541 558 habet
2589 504 2764 557 anima
2815 503 3015 559 fervida
3052 515 3108 560 et
3150 506 3392 576 vigilans,
3431 518 3489 562 ιιι
3526 507 3682 562 nullis

2098 591 2495 661 impedimentis
2544 594 2917 664 prmpedtatur,
2961 598 3245 666 quominus
3275 615 3426 653 suam
3451 600 3680 655 declaret

2097 685 2346 741 virtutem
2381 705 2395 741 :
2424 687 2550 756 quin
2588 696 2645 741 et
2688 688 2873 743 istha-c
2911 689 3023 759 ipsa
3054 706 3171 760 quae
3202 692 3486 760 prohibent
3513 695 3678 747 maxio

2097 790 2205 842 me,
2237 778 2406 846 magis
2432 778 2674 843 incitant,
2706 790 2759 833 et
2786 794 3040 849 maiorem
3069 782 3373 850 cupiditatis
3413 782 3683 837 ﬂammam

2094 866 2412 920 accendunt.
2449 866 2517 922 Ut
2559 878 2725 921 autem
2764 869 2916 936 vidit,
2948 872 3150 940 inquit,
3197 871 3329 937 Lot,
3370 873 3586 926 surrexit
3629 875 3682 927 in

2096 974 2360 1013 occursum
2386 961 2508 1014 illis.
2542 960 2774 1015 Audiam
2803 961 2836 1014 ii
2858 964 2946 1031 qui
2977 963 3210 1018 advenas
3235 974 3453 1019 orantes
3476 973 3532 1019 et
3556 979 3679 1033 sup-

2094 1048 2382 1118 plicantes,
2418 1064 2480 1103 ac
2505 1049 2695 1105 sedulo
2734 1065 2792 1105 se
2826 1066 3006 1105 coram
3038 1053 3116 1105 eis
3146 1053 3485 1107 demitteutes
3516 1053 3677 1107 multa

2093 1138 2479 1196 inhumanitate
2526 1152 2843 1196 aversantur
2896 1151 2949 1196 et
3004 1143 3288 1211 repellunt.
3352 1144 3485 1199 Vide
3534 1144 3677 1199 enim

2091 1231 2361 1299 quomodo
2383 1233 2558 1300 justus
2587 1233 2675 1287 ille
2705 1248 2808 1286 non
2834 1234 3163 1302 exspectavit
3192 1234 3363 1288 donec
3389 1236 3453 1288 ad
3484 1252 3544 1289 se
3585 1252 3681 1289 ves

2092 1322 2287 1389 nirent,
2316 1322 2410 1377 sed
2440 1325 2576 1377 sicut
2600 1324 2898 1393 patriarcha
2919 1366 2931 1388 ,
2963 1324 3213 1395 ignorans
3262 1326 3349 1395 qui
3377 1338 3558 1381 essent
3583 1328 3678 1381 ho-

2090 1412 2274 1480 Spites,
2306 1422 2360 1468 et
2386 1414 2663 1484 suSpicans
2688 1415 2920 1471 viatores
2950 1416 3204 1487 quosdam
3236 1432 3377 1484 esse,
3400 1419 3547 1487 quasi
3568 1436 3676 1488 pra:

2086 1504 2280 1572 gaulio
2322 1506 2567 1573 saltabat,
2603 1508 2722 1576 quia
2751 1518 3068 1579 assequutus
3096 1518 3210 1564 erat
3234 1512 3509 1579 qua-sitam
3542 1527 3677 1580 prte-

2086 1593 2230 1661 dam,
2274 1606 2329 1650 et
2353 1612 2457 1651 non
2499 1598 2775 1655 aberrarat
2813 1599 2881 1654 ab
2909 1615 2975 1655 eo
3000 1601 3143 1671 quod
3172 1602 3437 1670 cupiebat.
3478 1602 3546 1657 Ut
3583 1620 3677 1655 au-

2085 1693 2181 1738 tem
2206 1686 2349 1750 vidit,
2391 1687 2582 1758 inquit,
2623 1692 2839 1745 surrexit
2879 1693 2933 1744 in
2972 1708 3231 1746 occursum
3258 1693 3382 1760 illis,
3413 1702 3459 1747 et
3486 1695 3671 1747 adora-

2085 1776 2169 1829 bat
2215 1778 2345 1848 facie
2389 1796 2541 1849 super
2577 1789 2779 1835 terram.
2822 1780 3030 1837 Gratias
3068 1783 3175 1852 egit
3222 1783 3355 1847 Deo,
3406 1784 3547 1854 quod
3592 1785 3673 1838 di-

2084 1874 2274 1938 gnatus
2314 1881 2458 1925 esset
2493 1887 2614 1928 cum
2644 1876 3081 1943 praetereuntium
3103 1879 3461 1945 susceptione.
3487 1879 3673 1931 Anim-
3724 1936 3727 1937 ν

2083 1960 2306 2015 adverte
2351 1963 2487 2018 illius
2532 1965 2725 2020 anima:
2767 1966 3039 2021 virtutem.
3081 1967 3327 2037 Magnum
3372 1968 3464 2022 Dei
3501 1969 3668 2023 bene—

2085 2051 2259 2106 ficium
2286 2053 2644 2111 arbitrabatur
2670 2058 2921 2113 incidisse
2969 2060 3022 2113 in
3066 2059 3165 2114 hos
3193 2061 3335 2115 viros
3356 2102 3369 2123 ,
3403 2070 3461 2114 ut
3488 2076 3670 2117 susce.

2083 2140 2189 2209 ptis
2214 2141 2317 2197 illis
2351 2157 2504 2198 suum
2527 2146 2806 2215 perliceret
2826 2148 3173 2203 desiderium.
3203 2149 3321 2203 Jam
3354 2166 3420 2206 ne
3447 2151 3668 2217 dixeris,
3732 2224 3733 2227 η

2082 2232 2228 2302 ipsos
2269 2236 2491 2305 angelos
2534 2238 2729 2295 fuisse:
2774 2241 2870 2296 sed
2913 2242 3015 2296 hoc
3052 2244 3230 2312 potius
3257 2251 3429 2298 tecum
3457 2255 3667 2314 reputa,

2076 2322 2280 2392 justum
2328 2328 2475 2382 illum
2506 2330 2741 2384 nondum
2785 2331 2889 2386 hoc
2928 2334 3169 2398 scivisse,
3199 2334 3291 2388 sed
3316 2336 3464 2404 quasi
3492 2336 3668 2389 homi-

2081 2428 2176 2467 nes
2203 2414 2416 2484 ignotos
2436 2429 2489 2472 et
2516 2430 2901 2488 praetereuntes
2937 2423 3257 2492 suscipiens,
3298 2425 3368 2479 ita
3414 2426 3665 2480 allectum

2078 2504 2263 2561 fuisse.
2309 2508 2363 2562 Ξ.
2396 2510 2465 2563 Et
2499 2511 2670 2566 dixit:
2700 2509 2851 2580 Ecce,
2880 2513 3091 2580 domini,
3123 2515 3345 2569 divertite
3377 2517 3430 2569 in
3460 2517 3667 2570 domum

2077 2598 2222 2664 pueri
2259 2601 2436 2666 vestri,
2471 2610 2518 2654 et
2561 2613 2773 2668 manete,
2822 2604 3076 2674 quiescite,
3111 2617 3156 2659 et
3194 2607 3357 2659 lavate
3390 2608 3539 2675 pedes
3580 2624 3664 2661 re-

2076 2696 2226 2748 stros,
2257 2697 2302 2741 et
2335 2690 2559 2745 diluculo
2588 2696 2725 2761 facta
2754 2695 3143 2763 proﬁciscemini
3176 2696 3229 2749 in
3258 2698 3391 2750 viam
3426 2709 3662 2752 vestram.
3734 2768 3737 2771 _

2080 2779 2362 2836 Sufficiunt
2410 2784 2526 2838 haec
2567 2785 2726 2840 verba
2758 2786 2825 2840 ad
2870 2786 3223 2857 detegendum
3264 2792 3516 2845 virtutem
3544 2806 3664 2858 qua:

2076 2870 2129 2925 in
2156 2882 2373 2953 pectore
2391 2874 2519 2943 justi
2551 2876 2762 2931 latebat.
2792 2877 2862 2932 Et
2880 2878 3004 2948 quid
3035 2881 3225 2934 mirum
3248 2882 3291 2935 si
3321 2882 3443 2951 quis
3474 2882 3663 2937 obstu-

2076 2972 2261 3032 pescat
2296 2967 2553 3021 eximiam
2599 2966 2976 3037 humilitatem,
3022 2986 3084 3025 ac
3124 2971 3389 3029 fervorem
3422 2990 3578 3042 quem
3609 2976 3663 3043 in,

2078 3052 2443 3123 hospitalitate
2470 3057 2776 3113 declarabat
2801 3059 2824 3113 ἲ
2854 3060 3001 3124 Ecce,
3032 3060 3221 3130 inquit,
3256 3061 3464 3129 domini,
3496 3064 3663 3118 diver-

2075 3145 2162 3198 tite
2188 3146 2240 3199 in
2277 3146 2481 3199 domum
2507 3149 2647 3217 pueri
2672 3150 2839 3203 vestri.
2868 3150 2934 3204 Et
2961 3151 3078 3206 illos
3105 3150 3351 3206 dominos
3384 3163 3557 3219 vocat,
3598 3170 3662 3210 ac

2075 3235 2311 3304 seipsum
2358 3237 2570 3293 illorum
2610 3254 2823 3294 servum
2850 3242 3105 3311 appellat.
3136 3242 3435 3317 Audiamus
3459 3252 3662 3301 attente

2076 3326 2189 3382 hmc
2215 3328 2397 3395 verba,
2435 3330 2789 3399 dilectissimi,
2821 3342 2877 3388 et
2918 3335 3115 3389 similia
3158 3351 3257 3391 nos
3282 3352 3494 3407 quoque
3522 3354 3660 3407 prac-

2074 3429 2217 3475 stare
2243 3421 2533 3478 discamus.
2556 3424 2646 3478 Vir
2674 3424 2959 3495 gloriosus,
2984 3429 3197 3494 nobilis,
3227 3439 3331 3485 tam
3357 3432 3656 3496 abundans,

2075 3520 2254 3568 tantus
2300 3515 2707 3584 paterfamilias,
2761 3519 3016 3584 viatores,
3058 3519 3316 3591 hospites,
3344 3523 3572 3593 ignotos,
3603 3535 3660 3578 ut

2072 3605 2419 3674 apparebant,
2458 3608 2613 3675 viles,
2646 3618 3053 3677 praetereuntes,
3085 3611 3321 3680 nihilque
3351 3612 3419 3667 ad
3448 3628 3506 3668 se
3530 3617 3656 3668 atti-

2073 3705 2283 3761 nentes,
2320 3697 2567 3753 dominos
2605 3700 2864 3765 nominat,
2901 3709 2956 3755 et
2989 3702 3199 3769 inquit:
3227 3701 3471 3757 Dtvertite
3494 3704 3546 3756 in
3566 3705 3658 3756 do-

2072 3805 2209 3841 mum
2241 3791 2379 3859 pueri
2417 3792 2586 3856 vestri,
2627 3800 2673 3844 et
2699 3793 2955 3860 quiescite.
2983 3792 3215 3860 Vespera
3256 3794 3421 3856 enim,
3464 3795 3653 3862 inquit,

2072 3879 2290 3949 ingruit.
2323 3880 2526 3935 Morem
2557 3880 2689 3934 mihi
2719 3882 2911 3951 gerite,
2954 3890 3009 3936 et
3048 3882 3413 3937 lassitudinem
3438 3883 3543 3938 dici
3570 3899 3655 3937 Su-

2073 3970 2255 4027 lamini
2284 3973 2337 4027 in
2363 3972 2582 4028 domum
2621 3974 2763 4028 servi
2802 3975 2964 4029 vestri
3002 3974 3354 4031 divertentes.
3390 3975 3654 4046 Numquid

2071 4079 2321 4134 magnum
2351 4065 2506 4121 vobis
2535 4065 2830 4135 promitto?
2856 4065 3045 4120 Lavate
3079 4066 3228 4136 pedes
3252 4075 3437 4122 vestros
3466 4067 3656 4123 itinere

2070 4155 2226 4226 longo
2266 4156 2534 4228 fatigatos,
2577 4168 2625 4212 et
2667 4158 2889 4212 diluculo
2920 4159 3132 4229 pergetis
3165 4159 3219 4213 in
3253 4160 3384 4213 viam
3418 4168 3651 4214 vestram.

2071 4247 2219 4302 Hanc
2246 4250 2467 4318 gratiam
2507 4249 2704 4304 donate
2751 4250 2902 4315 mihi,
2933 4258 2989 4304 et
3029 4250 3339 4319 petitionem
3385 4266 3654 4305 meamne

2072 4338 2419 4395 frastt'entini.
2448 4339 2515 4393 Et
2544 4341 2802 4407 dixerunt,
2836 4341 3027 4410 inquit,
3061 4328 3293 4405 Minime,
3330 4341 3418 4395 sed
3452 4342 3506 4394 in
3540 4341 3652 4411 pla-

2073 4439 2151 4483 tea
2200 4432 2529 4485 manebimus.
2580 4431 2753 4485 Etiam
2805 4440 2927 4501 post
2980 4440 3178 4486 tantam
3226 4432 3654 4489 exhortationem

2066 4537 2224 4592 quam
2262 4522 2486 4587 fecerat,
2514 4538 2635 4577 cum
2669 4524 2800 4577 vidit
2826 4540 2920 4579 eos
2950 4538 3199 4587 renuere,
3223 4539 3329 4578 non
3361 4525 3651 4593 obtorpuit,

2068 4628 2240 4683 neque
2274 4614 2342 4669 ab
2381 4614 2625 4669 instituto
2668 4629 2766 4668 suo
2810 4614 3040 4679 destitit,
3083 4629 3257 4683 neque
3297 4615 3421 4668 fecit
3451 4617 3524 4669 uti
3557 4632 3654 4670 nos

2069 4704 2333 4759 interdum
2388 4704 2614 4760 facimus
2660 4722 2674 4758 :
2719 4704 2811 4775 qui
2862 4704 2909 4759 si
2968 4703 3180 4773 quando
3234 4704 3462 4773 aliquem
3529 4704 3651 4757 hor-

2067 4800 2170 4854 tari
2214 4799 2513 4869 dignamur,
2555 4806 2611 4853 et
2648 4804 2833 4867 postea
2867 4795 3109 4850 videmus
3144 4810 3428 4864 parumper
3477 4795 3651 4851 detroa

2064 4901 2295 4948 ctantem
2340 4900 2396 4947 et
2445 4898 2784 4955 renuentem,
2829 4888 3008 4943 statim
3052 4887 3365 4943 desistimus
3394 4888 3482 4943 :id
3508 4890 3652 4960 quod

2064 4984 2347 5053 contingit,
2400 4983 2521 5053 quia
2574 4982 2704 5036 citra
2769 4978 3099 5036 desiderium
3138 4991 3195 5034 et
3233 4977 3504 5034 fervorem
3542 4980 3645 5036 boc

2065 5075 2293 5145 agimus,
2321 5083 2375 5129 et
2397 5073 2629 5128 maxime
2654 5071 2775 5141 quia
2806 5079 3053 5141 putamus
3081 5069 3331 5125 sufficere
3351 5075 3651 5127 excusatio-

2065 5184 2212 5234 nem,
2230 5168 2274 5222 si
2295 5168 2474 5222 dicere
2494 5165 2764 5236 possimus
2791 5165 2983 5219 fecisse
3001 5179 3100 5218 nos
3123 5163 3358 5218 cilicium
3380 5172 3644 5219 nostrum.

2138 5260 2192 5313 '5.
2220 5257 2354 5325 Quid
2385 5257 2486 5323 ais,
2517 5256 2752 5312 officium
2793 5263 2846 5310 te
2880 5265 3027 5308 tuum
3057 5253 3289 5309 fecisse?
3316 5254 3556 5309 Amisisti
3590 5256 3643 5308 in

2067 5352 2349 5408 venatione
2366 5348 2621 5420 praedam;
2643 5348 2901 5404 aberrasti
2917 5362 2947 5403 a
2967 5345 3238 5411 thesauro;
3261 5355 3315 5399 et
3331 5355 3423 5400 tuo
3437 5345 3649 5401 functus

2065 5458 2125 5499 es
2134 5442 2310 5497 ofﬁcio
2320 5442 2344 5495 ἲ
2356 5442 2505 5497 Tunc
2516 5450 2607 5496 tuo
2621 5439 2837 5495 functus
2851 5452 3000 5495 esses
3020 5437 3217 5503 ofﬁcio,
3233 5437 3278 5491 si
3295 5452 3399 5490 non
3417 5437 3648 5505 abjecis.

2063 5551 2198 5593 sese
2222 5535 2464 5590 manibus
2493 5531 2885 5598 thesaurum,si
2916 5544 3022 5583 non
3049 5528 3381 5598 prmterisses
3404 5528 3458 5583 in
3488 5544 3639 5583 vena-

2066 5631 2212 5687 tione
2224 5628 2479 5700 przedam,
2497 5626 2541 5681 si
2570 5640 2678 5680 non
2696 5620 3058 5694 perfunctorie
3085 5630 3139 5675 et
3164 5618 3329 5675 verbo
3354 5628 3505 5675 tenus
3536 5630 3653 5675 tan-

2070 5733 2180 5781 tttm
2209 5720 2626 5795 hospitalitatem
2652 5716 2964 5774 iudicasses.
2992 5714 3057 5791 At
3090 5727 3196 5768 non
3228 5712 3402 5784 justus
3428 5711 3517 5768 ille
3535 5713 3647 5769 sic:
