4150 6276
468 320 574 372 309

468 434 560 488 sed
587 435 754 506 quid?
788 438 1006 496 Videbat
1026 443 1358 506 obluctantes
1374 451 1486 507 suis
1501 453 1769 523 precibus,
1787 450 1912 508 etin
1937 448 2052 520 pla-

469 534 550 579 tea
575 541 794 585 manere
819 531 1080 590 volentes.
1105 537 1214 594 lloc
1245 549 1422 596 autem
1450 542 1713 599 faciebant
1735 543 1928 615 angeli,
1946 544 2054 598 vir-

469 627 636 672 tutcm
645 618 775 688 justi
795 623 970 692 palam
995 626 1170 686 facere
1191 632 1450 698 volentes,
1467 644 1519 689 et
1541 649 1639 690 nos
1651 649 1840 691 omnes
1859 634 2054 690 docere

467 719 665 774 quanta
687 711 805 781 ejus
831 713 990 770 fuerit
1016 717 1368 789 hospitalitas.
1401 725 1590 781 Postea
1616 736 1794 782 autem
1817 741 1922 782 non
1942 725 2054 795 jam

469 800 648 856 verbis
667 815 947 862 contentus
971 819 1056 865 est
1073 811 1366 882 exhortari,
1394 817 1488 872 sed
1527 828 1582 873 et
1607 819 1712 872 vim
1741 817 1887 872 facit.
1921 818 2054 872 Pro.

469 898 653 980 ptcrea
675 903 729 948 et
749 893 990 956 Christus
1006 901 1242 958 diccbat:
1264 905 1476 961 i'iolenti
1500 911 1704 979 rapiunt
1726 925 1936 980 regnum
1955 924 2054 963 ete-

468 979 633 1036 larunt
673 984 885 1055 (Matth.
920 992 1008 1045 tt.
1042 994 1156 1064 12).
1188 995 1288 1051 Ubi
1320 997 1462 1052 enim
1493 1000 1766 1070 spirituale
1786 979 2052 1056 aﬂ’ulserit

467 1070 693 1141 lucrum,
719 1082 1028 1149 tempestiva
1065 1086 1224 1139 fuerit
1260 1087 1533 1156 violentia,
1555 1099 1611 1146 et
1645 1090 1925 1146 laudabilis
1961 1105 2053 1146 co-

467 1163 628 1219 actio.
661 1167 715 1220 5.
731 1168 798 1222 Et
827 1175 1174 1243 compellebat,
1205 1179 1396 1248 inquit,
1415 1197 1518 1235 eos.
1548 1183 1673 1237 Mihi
1702 1191 1881 1238 autem
1903 1183 2052 1238 vide-

468 1264 556 1310 tur
589 1267 642 1312 et
677 1259 870 1316 invitos
899 1279 992 1320 eos
1021 1271 1314 1327 attrahere.
1351 1273 1554 1329 Deinde
1579 1275 1669 1329 ubi
1692 1274 1943 1331 viderunt
1967 1275 2052 1346 ju-

464 1355 607 1402 stum
639 1350 710 1404 ita
753 1353 1066 1424 ferventem,
1096 1361 1473 1435 nolentemque
1498 1365 1780 1432 desistere,
1809 1367 1914 1423 nisi
1939 1369 2051 1422 voti

463 1453 685 1509 compos
724 1443 894 1511 ﬁeret,
939 1447 1348 1522 Declinaverunt,
1396 1458 1585 1528 inquit,
1627 1460 1696 1513 ad
1733 1476 1866 1527 eum,
1898 1468 1942 1514 et
1970 1461 2052 1514 in-

463 1539 720 1586 traverunt
745 1535 797 1588 in
813 1536 1021 1593 domum
1047 1543 1175 1610 ejus.
1198 1543 1268 1611 Et
1281 1547 1400 1616 fecit
1421 1550 1493 1603 eis
1521 1550 1821 1618 convivium,
1849 1559 1895 1604 et
1916 1551 2050 1603 coxit

463 1621 867 1699 infermentatos,
900 1642 947 1686 et
976 1637 1316 1705 comederunt,
1356 1641 1406 1696 4.
1452 1653 1721 1713 antequam
1754 1645 1882 1697 irent
1909 1642 2047 1696 cubi-

465 1724 592 1770 tant.
629 1716 815 1776 Vidisti
847 1733 902 1779 et
931 1727 1018 1781 hic
1047 1743 1151 1784 non
1179 1730 1231 1785 in
1259 1716 1571 1804 sumptuosa
1598 1749 1780 1790 mensa
1806 1735 2046 1806 hospita-

464 1806 668 1865 litatem
720 1814 952 1884 ostendi,
1005 1819 1098 1874 sed
1138 1823 1316 1891 potius
1368 1826 1420 1879 in
1457 1826 1775 1881 liberalitate
1805 1827 2049 1881 mentis?

461 1899 595 1955 Nam
623 1907 800 1960 statim
828 1918 884 1964 ut
912 1923 1006 1965 eos
1033 1911 1284 1971 inducere
1323 1918 1494 1988 potuit
1531 1921 1583 1973 in
1619 1919 1834 1974 domum
1869 1933 2042 1984 suam,

462 1993 670 2050 nullum
716 1997 1093 2070 hospitalitatis
1140 2005 1376 2062 officium
1420 2011 1784 2080 praetermisit.
1822 2010 1890 2064 Et
1933 2011 2048 2079 ipse

462 2085 676 2154 quidem
705 2088 759 2144 in
790 2093 1086 2150 ministerio
1117 2109 1408 2170 occupatus
1433 2112 1566 2168 erat,
1599 2109 1654 2157 et
1684 2102 1833 2158 cibos
1876 2115 2046 2172 appo-

461 2177 586 2244 suit,
627 2188 683 2235 et
715 2195 928 2238 omnem
953 2185 1214 2245 honorem
1245 2193 1552 2264 cultumque
1581 2194 1839 2264 impendit
1865 2194 2049 2264 hospi-

465 2265 625 2336 tibus,
659 2269 906 2328 homines
930 2291 1025 2331 eos
1051 2287 1106 2333 et
1138 2281 1372 2337 viatores
1395 2284 1654 2352 quosdam
1685 2300 1804 2340 esse
1830 2293 2043 2355 putans.

472 2356 581 2412 Viri
605 2371 771 2416 autem
811 2365 1025 2422 civitatis
1055 2370 1336 2426 Sodomitte
1371 2377 1805 2430 circumdederunt
1840 2377 2048 2431 domum

461 2465 494 2500 a
525 2449 714 2518 juvene
737 2469 893 2524 usque
929 2457 998 2509 ad
1034 2474 1221 2526 senem,
1259 2463 1422 2516 omnis
1460 2464 1678 2533 populus
1706 2464 1878 2530 simul,
1918 2466 1972 2523 εἰ.
1998 2476 2046 2520 et

461 2553 788 2596 evocaverunt
805 2543 923 2613 Lot,
958 2558 1004 2601 et
1033 2550 1266 2605 dixerunt
1291 2554 1370 2608 ei:
1401 2551 1500 2609 Ubi
1526 2566 1644 2610 sunt
1667 2558 1781 2622 viri,
1810 2559 1896 2628 qui
1927 2567 2046 2612 sunt

461 2631 675 2702 ingressi
694 2635 764 2688 ad
793 2646 840 2691 te
867 2649 1010 2694 nocte
1026 2641 1052 2693 .9
1071 2639 1221 2695 Educ
1245 2659 1327 2698 eos
1350 2645 1419 2698 ad
1447 2661 1559 2712 nos,
1589 2657 1646 2700 ut
1679 2662 1912 2701 coeamus
1928 2663 2046 2701 cum

460 2723 552 2776 eis.
583 2723 661 2779 Ne
688 2726 1047 2796 perfunctorie
1077 2741 1408 2790 transeamus
1435 2752 1554 2807 quae
1581 2737 1723 2793 dicta
1753 2748 1912 2804 sunt,
1957 2753 2046 2793 ca-

459 2813 680 2883 rissimi,
723 2828 778 2873 et
822 2833 929 2874 non
974 2823 1147 2878 solum
1197 2824 1422 2881 istorum
1465 2828 1737 2883 videamus
1781 2829 2043 2885 insaniam

461 2906 607 2960 nulla
636 2909 790 2964 venia
821 2909 1144 2982 dignandam
1179 2932 1194 2982 ;
1224 2916 1321 2972 sed
1350 2925 1405 2972 et
1428 2920 1743 2989 cogitemus,
1775 2920 2045 2990 quomodo

458 2997 633 3068 justus
673 2999 728 3056 in
773 3002 952 3059 medio
979 3013 1084 3061 tam
1118 3009 1536 3065 truculentarum
1566 3012 1856 3067 bestiarum
1891 3012 2046 3068 habi-

457 3101 602 3163 tans,
627 3096 698 3152 ita
719 3099 1000 3157 excellenti
1023 3101 1217 3159 virtute
1243 3103 1470 3172 fulserit,
1499 3107 1768 3176 quomodo
1789 3107 1932 3163 ferre
1951 3122 2045 3178 po-

461 3188 624 3244 tuerit
653 3190 983 3263 iniquitatem
1014 3210 1223 3264 eorum,
1265 3199 1535 3268 quomodo
1573 3215 1678 3256 non
1709 3199 1904 3270 fugerit
1946 3215 2042 3255 eo-

459 3293 579 3334 rum
598 3281 890 3349 civitatem,
913 3287 1182 3355 quomodo
1205 3288 1285 3343 eis
1313 3289 1456 3360 loqui
1485 3291 2041 3360 potuerit.Quomodo,

460 3381 562 3438 ego
589 3368 785 3426 dicam.
816 3372 1062 3431 Universi
1093 3376 1350 3434 Dominus
1391 3379 1694 3450 praevidens
1727 3382 2043 3452 stupendam

460 3461 674 3518 illorum
705 3465 1017 3535 nequitiam,
1047 3466 1395 3537 dispensavit,
1425 3479 1484 3524 ut
1512 3471 1690 3540 justus
1715 3486 1782 3528 eo
1810 3471 1913 3528 loci
1943 3472 2043 3528 do-

463 3553 721 3610 micilium
753 3555 1005 3623 haberet,
1035 3567 1095 3613 ut
1131 3559 1267 3615 sicut
1296 3561 1530 3630 optimus
1558 3562 1798 3618 medicus
1828 3563 2045 3620 morbos

459 3655 646 3698 eorum
688 3645 1018 3702 emendaret.
1053 3648 1248 3704 Verum
1287 3649 1477 3707 videns
1515 3666 1576 3707 se
1618 3667 1745 3708 cura
1775 3667 1870 3708 sua
1911 3653 2044 3709 nihil

461 3733 743 3803 prolicere,
791 3744 848 3791 et
887 3736 1010 3792 illos
1050 3737 1251 3793 nullam
1281 3739 1420 3795 velle
1454 3741 1719 3798 medelam
1745 3743 2041 3814 suscipere,

462 3838 569 3880 non
599 3836 883 3896 propterea
904 3841 935 3882 a
964 3843 1093 3884 cura
1121 3828 1345 3887 destitit.
1391 3832 1561 3889 liabet
1585 3835 1728 3890 enim
1760 3834 1903 3892 hunc
1927 3850 2043 3891 mo-

459 3929 576 3972 rem
601 3918 874 3975 medicus:
899 3923 1144 3992 quamvis
1168 3924 1343 3981 videat
1381 3927 1598 3982 morbos
1625 3940 1746 3983 esse
1769 3928 2044 3999 graviores

459 4023 618 4078 quam
652 4017 708 4065 ut
737 4019 853 4067 arte
882 4015 1058 4070 curari
1097 4017 1322 4085 possint,
1358 4032 1464 4073 non
1494 4020 1690 4075 omittit
1711 4030 1890 4076 tamen
1918 4020 2043 4075 ofﬂ-

459 4098 603 4154 cium
630 4115 810 4169 suum,
835 4113 912 4170 ut,
938 4106 984 4160 si
1016 4105 1152 4162 forte
1181 4109 1348 4178 possit
1376 4125 1576 4181 {egrum
1605 4112 1686 4165 vel
1717 4112 1874 4183 longo
1905 4121 2041 4168 tem-

462 4204 590 4258 pore
611 4205 883 4261 reparare,
912 4198 1272 4265 praestantiam
1289 4199 1420 4253 artis
1435 4201 1871 4272 ostendat:un
1893 4202 1940 4256 si
1965 4204 2045 4257 ni-

461 4281 536 4336 hil
563 4283 790 4353 amplius
817 4287 1080 4356 proﬂciat,
1112 4289 1302 4346 habeat
1335 4292 1733 4348 excusationem
1761 4295 2041 4364 majorem,

459 4387 528 4427 eo
550 4375 691 4444 quod
722 4376 855 4431 nihil
877 4380 1285 4448 praetermiserit
1309 4382 1450 4452 quod
1477 4383 1542 4438 ad
1570 4399 1629 4439 se
1656 4385 1968 4454 pertineret.

533 4466 864 4522 Exsecranda
890 4469 1270 4527 Sodomitarum
1286 4473 1524 4544 nequitia.
1554 4503 1625 4516 --
1651 4476 1707 4532 Id
1728 4492 1855 4533 sane
1874 4487 1930 4534 et
1957 4478 2046 4535 hic

462 4558 654 4612 factum
680 4568 782 4614 est.
808 4559 995 4617 Justus
1023 4562 1165 4618 enim
1193 4562 1282 4619 hic
1318 4564 1408 4635 qui
1439 4567 1750 4622 versabatur
1771 4569 1823 4623 in
1866 4570 2042 4626 medio

460 4649 698 4716 illorum,
729 4652 890 4706 etiam
919 4653 997 4708 sic
1015 4655 1210 4711 mansit
1229 4656 1427 4727 justus,
1458 4659 1786 4732 multamque
1809 4661 2042 4731 philoso-

459 4741 642 4809 phiam
690 4743 976 4800 exhibuit:
1008 4746 1086 4801 illi
1137 4756 1316 4804 autem
1353 4749 1646 4820 .prOptcrea
1697 4753 1842 4807 omni
1889 4754 2043 4808 venia

457 4844 581 4889 sunt
609 4837 868 4905 destituti,
915 4839 1058 4907 quod
1097 4854 1202 4895 non
1250 4842 1421 4896 solum
1444 4856 1475 4896 a
1503 4843 1703 4897 malitia
1733 4858 1838 4897 non
1860 4858 2040 4899 cessa-

457 4926 583 4994 rint,
615 4926 709 4981 sed
735 4935 790 4983 et
811 4929 980 4998 magis
1001 4944 1119 4985 eam
1145 4933 1406 4986 auxerint.
1440 4931 1576 4987 Vide
1600 4933 1740 4988 enim
1774 4952 1787 4985 ε
1817 4933 2046 4988 Circum-

455 5017 726 5080 dederunt,
771 5018 960 5086 inquit,
1001 5020 1208 5075 domum
1241 5039 1274 5075 a
1305 5024 1492 5094 juvene
1534 5039 1686 5090 usque
1736 5025 1804 5078 ad
1850 5041 2039 5092 senem,

457 5109 623 5164 omnis
649 5109 869 5180 populus
891 5111 1062 5165 simul.
1089 5113 1305 5168 Summa
1333 5115 1551 5169 malitia:
1575 5117 1919 5186 conspiratio,
1947 5134 2043 5173 ve-

457 5199 681 5256 hemens
715 5200 858 5256 male
892 5203 1084 5272 agendi
1114 5204 1370 5274 studium,
1422 5207 1790 5264 inenarrabilis
1819 5225 2039 5280 perver-

455 5292 631 5346 sitatis
673 5292 1006 5363 magnitudo,
1056 5303 1280 5351 conatus
1307 5297 1451 5351 nulla
1469 5299 1624 5354 venia
1649 5300 1861 5371 dignus.
1887 5301 1929 5354 Α
1950 5303 2040 5371 ju-

456 5398 611 5448 ecne,
652 5382 842 5452 inquit,
897 5399 1058 5454 usque
1095 5385 1166 5438 ad
1199 5402 1386 5440 senem.
1428 5385 1544 5442 Non
1573 5391 1779 5455 solum,
1824 5391 2037 5461 inquit,

450 5474 706 5546 juventus
737 5475 851 5530 haec
872 5477 1009 5531 mala
1036 5476 1339 5548 inquirebat
1365 5495 1380 5530 τ
1415 5479 1509 5536 sed
1531 5490 1585 5536 et
1624 5492 1889 5551 provecta:
1909 5494 2040 5537 mta—

457 5568 528 5620 tis
576 5568 674 5621 viri
711 5567 968 5634 aderant,
1025 5579 1081 5626 et
1133 5571 1309 5626 omnis
1361 5574 1588 5642 p0pulus
1630 5574 1808 5630 simul.
1853 5574 2039 5643 Neque

456 5658 845 5715 erubescebant
865 5671 972 5714 tant
1001 5671 1174 5731 turpe,
1201 5672 1413 5733 tamque
1441 5663 1721 5733 impudens
1757 5664 2036 5735 ﬂagitium,

455 5764 631 5822 neque
660 5751 959 5808 insomnem
986 5752 1196 5810 oculum
1238 5753 1577 5826 cogitabant,
1615 5769 1791 5826 neque
1834 5755 2036 5826 justum

1180 331 1236 388 S.
1280 326 1558 388 JOANNIS
1593 318 2074 382 CIIRYSOSTOMI
2114 319 2430 376 ARCIIIEP.
2464 318 2992 378 CONSTANTINOP.

3639 323 3747 380 400

2163 432 2568 500 reverebantur,
2593 448 2765 504 neque
2789 434 2854 488 iis
2879 447 3014 502 quos
3042 432 3280 503 hospites
3300 433 3696 490 arbitrabantur
3726 473 3744 500 ,

2162 526 2361 596 quique
2415 525 2555 594 apud
2600 525 2805 595 justum
2836 526 3166 582 divertcrant
3200 526 3564 598 hospitalitate
3614 527 3747 583 insi—

2160 631 2318 685 gnem
2344 656 2360 682 ,
2405 616 2693 684 parcebant
2725 635 2739 671 :
2773 616 2869 673 sed
2901 617 3104 688 absque
3124 617 3344 686 rubore,
3376 627 3431 672 ct
3460 617 3604 672 nudo
3623 658 3639 684 ,
3685 625 3747 673 ut

2160 707 2344 772 aiunt,
2376 707 2570 776 capite,
2603 708 2838 764 libidinis
2864 723 2977 764 sua:
3014 709 3175 766 verba
3203 709 3465 776 dicentes,
3491 724 3742 765 accesse-

2159 809 2306 867 runt,
2333 810 2389 856 et
2435 811 2624 856 vocato
2649 802 2816 871 justo,
2850 802 3102 858 dixerunt
3121 802 3209 857 ei:
3248 802 3346 857 Ubi
3371 811 3490 856 sunt
3516 802 3613 856 viri
3657 805 3744 873 qui

2158 894 2373 963 ingressi
2397 903 2513 948 sunt
2558 897 2627 947 ad
2656 895 2780 948 vos?
2802 893 2950 948 Educ
2995 911 3080 948 eos
3101 935 3114 959 ,
3157 902 3209 948 ut
3235 910 3599 965 cognoscamus
3638 910 3743 948 eos.

2158 985 2386 1054 Propter
2426 985 2567 1041 hunc
2609 1001 2793 1042 eorum
2845 987 3085 1042 illicitum
3111 996 3393 1054 conatum,
3423 996 3478 1042 et
3525 986 3742 1057 impiam

2159 1076 2568 1145 perversitatem
2594 1119 2609 1142 ,
2664 1078 2854 1146 Opinor
2894 1077 3095 1146 justum
3130 1092 3301 1148 usque
3335 1077 3403 1132 ad
3457 1092 3740 1147 vesperam

2157 1166 2383 1234 sedisse,
2417 1175 2565 1222 utne
2590 1167 2792 1222 sineret
2821 1168 3052 1225 viatores
3078 1169 3291 1238 ignaros
3315 1168 3555 1224 incidere
3585 1169 3637 1223 in
3667 1169 3741 1224 il-

2157 1257 2330 1314 lorum
2354 1258 2594 1328 laqueos.
2626 1259 2692 1312 Et
2710 1259 2887 1328 justus
2914 1257 3127 1329 quidem
3154 1275 3276 1315 cum
3297 1259 3657 1328 hospitalitate
3683 1268 3743 1330 et

2155 1362 2345 1417 magna
2372 1348 2620 1418 pudicitia
2649 1348 2784 1404 hanc
2809 1364 3022 1419 quoque
3049 1349 3291 1404 adhibuit
3311 1350 3663 1420 diligentiam,
3682 1359 3744 1404 ut

2154 1453 2342 1495 omnes
2367 1449 2751 1509 prattereuntes
2780 1441 3096 1510 susciperet,
3131 1441 3413 1512 nullusque
3451 1457 3576 1497 eum
3606 1442 3740 1497 late-

2153 1541 2269 1598 ret,
2301 1533 2424 1588 licet
2452 1547 2546 1588 eos
2583 1541 2708 1588 tunc
2755 1549 2860 1587 non
2891 1534 3109 1604 angelos
3141 1575 3156 1600 ,
3197 1533 3290 1589 sed
3339 1533 3583 1588 homines
3619 1548 3739 1590 esse

2159 1633 2390 1696 putaret.
2425 1624 2577 1696 lmpii
2605 1635 2782 1680 autem
2810 1627 2885 1680 illi
2914 1636 3267 1697 praeterquam
3305 1626 3446 1696 quod
3471 1626 3603 1681 nihil
3635 1625 3739 1681 tale

2153 1719 2399 1787 agebant,
2431 1717 2588 1789 quale
2618 1717 2795 1788 justus
2823 1718 2930 1784 ille,
2961 1733 3022 1773 ea
3053 1718 3228 1773 solum
3274 1726 3588 1788 perpetrare
3617 1725 3735 1772 stu-

2151 1809 2353 1865 debant
2375 1850 2392 1876 ,
2431 1825 2551 1881 quae
2576 1811 2867 1881 nequitiam
2890 1825 3102 1866 omnem
3133 1811 3291 1882 longo
3321 1810 3600 1866 intervallo
3646 1824 3737 1864 su-

2151 1911 2425 1972 perarent.
2473 1903 2698 1972 Propter
2719 1903 2821 1958 hoc
2844 1918 2973 1974 ergo
3006 1903 3058 1957 in
3085 1904 3256 1972 platea
3283 1903 3530 1957 volebant
3553 1915 3738 1956 mane-

2151 2010 2231 2060 re,
2262 2004 2321 2049 ut
2350 1995 2543 2049 darent
2575 1995 2726 2064 justo
2751 1995 3091 2050 occasionem
3112 1993 3420 2049 declarandi
3452 1993 3735 2062 hospitali-

2155 2096 2318 2143 tatem
2344 2103 2468 2158 crga
2494 2088 2640 2156 ipsos
2661 2104 2834 2152 suam,
2854 2097 2909 2144 et
2933 2097 3292 2144 monstrarent
3319 2088 3367 2144 ei
3385 2089 3556 2158 reipsa
3576 2102 3736 2158 quam

2150 2180 2307 2249 digne
2327 2179 2600 2248 suppliciis
2625 2180 2700 2233 illi
2725 2180 3080 2247 plecterentur
3107 2179 3202 2249 qui
3238 2180 3290 2233 in
3319 2187 3427 2234 tam
3468 2178 3734 2250 stupenda

2149 2270 2348 2340 ﬂagitia
2392 2279 2820 2340 prorumperent.

2220 2363 2276 2416 4.
2324 2361 2432 2416 Sed
2478 2362 2751 2417 videamus
2807 2363 2876 2418 de
2909 2371 3108 2418 cancro
3156 2363 3423 2432 ingentem
3463 2361 3592 2432 justi
3636 2359 3735 2415 viri

2151 2451 2423 2506 virtutem.
2455 2449 2508 2505 0.
2536 2450 2801 2521 Egressus,
2835 2452 3030 2522 inquit,
3063 2453 3131 2505 ad
3155 2468 3239 2506 eos
3281 2453 3350 2506 ad
3393 2452 3684 2506 vestibulum
3713 2490 3734 2518 ,

2141 2545 2360 2614 januam
2405 2543 2608 2612 quidem
2635 2543 2817 2598 clausit
2845 2555 2956 2613 post
2975 2560 3048 2609 se,
3079 2545 3303 2614 dixitque
3349 2544 3415 2597 ad
3445 2560 3548 2598 eos.
3601 2542 3737 2597 Vide

2147 2631 2422 2703 quomodo
2451 2634 2604 2688 timet
2625 2633 2824 2703 justus,
2856 2642 2910 2688 et
2937 2634 3119 2688 tremit
3143 2648 3240 2704 pro
3285 2635 3551 2702 hosliitum
3581 2648 3735 2688 secu—

2147 2727 2322 2780 ritate.
2359 2723 2542 2794 Neque
2586 2725 2729 2779 enim
2759 2733 2964 2779 tantum
2988 2724 3205 2794 januam
3253 2725 3444 2780 clausit
3489 2732 3610 2793 post
3649 2737 3731 2788 se,

2149 2815 2243 2872 sed
2263 2815 2438 2870 sciens
2461 2829 2646 2870 eorum
2677 2815 2938 2869 insaniam
2965 2825 3020 2869 et
3049 2815 3348 2880 audaciam,
3378 2823 3432 2868 et
3456 2815 3733 2885 suspicans

2149 2923 2336 2964 eorum
2368 2908 2746 2974 temeritatem,
2775 2906 2970 2963 deinde
3020 2907 3191 2978 inquit
3237 2907 3303 2961 ad
3349 2922 3442 2963 eos
3470 2923 3483 2959 :
3516 2905 3732 2975 Nequa-

2152 3017 2325 3072 quam,
2358 3003 2564 3071 fratres.
2614 3000 2658 3054 Ο
2681 2999 2810 3069 justi
2855 2999 2956 3054 viri
3007 2999 3373 3054 tolerantiam!
3404 3013 3436 3053 o
3463 2998 3731 3068 ingentem

2151 3092 2539 3148 humilitatem!
2576 3091 2700 3146 llaec
2737 3106 2866 3148 vera
2893 3091 3062 3145 virtus
3085 3099 3189 3156 est,
3227 3091 3298 3145 ita
3331 3099 3611 3145 mansuete
3649 3087 3732 3142 al-

2149 3186 2293 3257 loqui
2325 3186 2459 3242 tales
2493 3185 2762 3240 homines.
2794 3184 2981 3240 Nullus
3026 3185 3168 3240 enim
3198 3199 3399 3254 aegrum
3423 3183 3608 3238 volens
3635 3197 3732 3236 cu-

2148 3292 2290 3344 rare,
2317 3286 2371 3334 et
2409 3277 2762 3332 insanientem
2790 3277 3070 3345 castigare,
3101 3290 3223 3330 eum
3259 3273 3533 3329 iracundia
3560 3281 3615 3328 et
3639 3287 3736 3325 au-

2149 3369 2390 3424 steritate
2421 3366 2524 3422 hoc
2550 3365 2698 3422 facit.
2730 3366 2798 3421 Et
2820 3365 3186 3422 animadverte
3214 3363 3484 3436 quomodo
3504 3377 3617 3428 eos,
3639 3363 3733 3433 qui

2149 3467 2259 3515 tam
2295 3457 2525 3514 absurda
2579 3469 2791 3528 patrare
2838 3457 3114 3521 volebant,
3139 3455 3336 3513 fratres
3372 3464 3547 3520 vocat,
3577 3464 3640 3509 ut
3679 3463 3736 3510 et

2148 3566 2334 3609 eorum
2363 3551 2721 3607 conscientias
2752 3559 3012 3621 tangeret,
3037 3558 3092 3605 et
3115 3565 3146 3604 a
3162 3548 3365 3605 nefario
3384 3547 3584 3618 ﬂagitio
3609 3546 3735 3602 illos

2149 3643 2456 3700 abduceret.
2493 3641 2864 3713 Nequaquam,
2921 3641 3108 3712 inquit,
3145 3643 3358 3712 fratres;
3387 3639 3542 3694 nolite
3562 3638 3735 3708 inique

2150 3753 2316 3810 agere.
2370 3736 2526 3794 Nihil.
2545 3737 2654 3793 tale
2680 3736 2928 3808 cogitetis
2951 3777 2967 3802 ,
2996 3749 3065 3790 ne
3089 3733 3385 3789 admittatis
3414 3740 3521 3787 tam
3568 3745 3735 3802 grave

2149 3831 2324 3887 cetus
2350 3831 2402 3884 in
2433 3837 2667 3886 mentem
2692 3837 2950 3892 vestram,
2980 3841 3050 3883 ne
3069 3833 3313 3880 naturam
3352 3825 3521 3895 ipsam
3547 3822 3732 3878 tradu-

2148 3926 2306 3992 catis,
2353 3940 2420 3980 ne
2443 3922 2660 3980 illicitos
2691 3921 3003 3992 excogitetis
3027 3920 3200 3975 coitus
3229 3917 3362 3975 :sed
3387 3918 3432 3972 si
3458 3916 3735 3972 volueritis

2149 4016 2371 4072 insania:
2421 4023 2615 4072 vestra:
2661 4013 2898 4070 furorem
2944 4010 3286 4076 demulcere,
3327 4024 3427 4080 ego
3479 4005 3734 4078 quiddam

2149 4107 2418 4177 praebebo,
2464 4121 2574 4176 quo
2617 4105 2877 4175 ﬂagitium
2902 4112 3140 4160 vestrum
3167 4101 3337 4158 levius
3363 4101 3474 4156 ﬁat.
3509 4101 3563 4156 8.
3597 4100 3735 4155 Sunt

2147 4197 2272 4251 mihi
2300 4197 2416 4251 dum
2442 4197 2584 4265 ﬁliai,
2605 4209 2716 4265 qua:
2742 4195 2877 4249 viros
2903 4210 3004 4248 non
3028 4200 3384 4264 cognoverunt.
3416 4191 3624 4258 Adhuc,
3652 4191 3737 4245 in-

2148 4290 2294 4359 quit,
2325 4289 2621 4358 inexpertte
2674 4295 2802 4344 sunt
2852 4285 3105 4357 nuptialis
3131 4299 3475 4357 congressus,
3521 4284 3734 4338 intacta:

2149 4390 2294 4448 sunt,
2318 4381 2542 4452 juvenes
2567 4387 2712 4446 sunt,
2742 4387 2798 4435 et
2825 4377 2999 4433 adhuc
3029 4377 3082 4432 in
3110 4375 3241 4432 ﬂore
3265 4375 3438 4431 artatis
3466 4390 3480 4427 :
3511 4386 3604 4429 eas
3617 4386 3733 4427 om-

2150 4474 2305 4528 nibus
2335 4474 2606 4544 expositas
2634 4472 2728 4539 do,
2773 4480 2829 4527 et
2852 4470 3061 4527 utimini
3086 4470 3164 4525 eis
3187 4470 3325 4524 sicut
3353 4465 3507 4522 vobis
3534 4465 3729 4536 placet.

2151 4566 2402 4636 Acceptis
2449 4565 2557 4620 illis
2582 4607 2597 4631 ,
2628 4564 2817 4634 inquit,
2849 4562 3059 4632 explete
3088 4569 3319 4617 vestram
3349 4559 3403 4613 in
3443 4558 3522 4612 eis
3555 4555 3734 4611 libidi-

2151 4675 2272 4714 nem
2299 4699 2313 4721 .
2361 4666 2417 4714 et
2485 4656 2753 4726 indulgete
2807 4665 2998 4710 vestrae
3040 4652 3193 4708 malae
3243 4647 3730 4720 concupiscentim:

2150 4751 2372 4806 Tantum
2411 4751 2464 4804 in
2484 4751 2617 4804 t'iros
2640 4749 2757 4804 illos
2785 4749 2913 4803 nihil
2943 4747 3160 4818 feceritis
3188 4744 3436 4815 iniquum,
3467 4749 3733 4813 propterea

2147 4845 2283 4915 quod
2306 4845 2615 4896 intraverunt
2642 4841 2733 4895 sub
2755 4851 2881 4895 tecta
2910 4840 3162 4911 tignorum
3184 4851 3426 4890 meorum.
3447 4832 3731 4901 Quoniam,

2151 4934 2342 5004 inquit,
2369 4933 2518 5002 coegi
2549 4946 2643 4987 eos
2667 4940 2722 4986 et
2761 4930 2942 4986 induxi
2973 4929 3071 4984 sub
3104 4937 3298 4982 tectum
3336 4939 3530 4991 meum,
3562 4930 3622 4978 ut
3664 4935 3736 4977 ne

2151 5026 2278 5078 mihi
2321 5023 2660 5078 adscribatur
2709 5021 2960 5092 iniquitas
2991 5021 3043 5074 in
3071 5033 3164 5074 eos
3190 5024 3417 5089 patrata,
3445 5023 3500 5070 et
3525 5027 3625 5085 ego
3654 5013 3732 5068 eis

2149 5123 2334 5168 auctor
2355 5113 2453 5168 sim
2476 5112 2838 5176 contumelim,
2872 5111 3070 5166 idcirco
3113 5123 3208 5177 pro
3234 5108 3314 5163 eis
3333 5108 3465 5162 duas
3490 5119 3639 5160 meas
3675 5099 3741 5151 li-

2148 5207 2246 5260 lias
2274 5205 2362 5264 do,
2397 5213 2455 5258 ιιι
2487 5204 2561 5257 illi
2607 5218 2637 5256 a
2666 5203 2914 5258 manibus
2938 5199 3134 5256 vestris
3178 5199 3495 5254 liberentur.
3521 5195 3735 5261 Quanta

2145 5298 2270 5369 justi
2302 5297 2512 5351 virtus?
2538 5311 2751 5351 omnem
2802 5295 3049 5349 virtutem
3106 5290 3484 5359 hospitalitatis
3511 5302 3734 5359 supcra-

2150 5393 2242 5443 vit.
2277 5389 2414 5456 Quid
2445 5389 2587 5442 euittt
2635 5388 2754 5457 quis
2800 5387 2928 5456 justi
2987 5385 3145 5453 hujus
3173 5382 3499 5452 benignitate
3527 5369 3609 5436 sat
3644 5378 3733 5434 di-

2147 5496 2308 5550 gnum
2340 5479 2642 5549 protulerit,
2673 5477 2766 5546 qui
2815 5491 2986 5546 neque
3014 5475 3220 5530 ﬁliabus
3262 5487 3484 5542 parcere
3515 5470 3683 5525 voluit
3710 5509 3730 5536 ,

2149 5582 2207 5626 ut
2231 5571 2509 5626 exhiberet
2535 5569 2831 5639 hospitibus
2860 5567 3139 5630 honorem,
3169 5575 3224 5622 ct
3273 5565 3523 5620 liberaret
3565 5576 3659 5617 eos
3699 5579 3729 5615 :t

2151 5663 2498 5732 perversitate
2523 5659 2960 5716 Sodomitarum?
2990 5658 3056 5712 Et
3089 5657 3177 5713 ille
3211 5655 3426 5727 quidem
3457 5655 3590 5708 filias
3606 5666 3732 5707 suas

2153 5753 2438 5826 prostituit,
2487 5761 2544 5808 ut
2591 5750 2829 5823 hospites
2859 5750 3088 5806 viatores
3118 5749 3334 5820 (iterum
3365 5748 3507 5802 cnim
3538 5743 3726 5802 eadem
