4150 6276
309 327 412 382 509

302 439 698 502 ἀντιτείνοντας
728 439 822 493 καὶ
845 441 923 504 εἰς
950 440 1050 510 τὴν
1086 440 1340 494 πλατεῖαν
1374 440 1676 495 καταλῦσαι
1709 441 1969 512 βουλομέ-

306 543 430 589 νους
453 525 634 593 (τοῦτο
661 526 718 578 δέ
752 527 966 579 ἐποίουν
991 528 1041 580 οἱ
1068 527 1310 595 ἄγγελοι,
1356 529 1449 580 ἐπὶ
1475 528 1636 582 πλέον
1671 528 1974 597 ἐκκαλύψαι

225 647 244 663 κ
304 612 401 682 τὴν
423 613 626 682 ἀρετὴν
651 612 961 682 βουλόμενοι
1008 614 1100 667 τοῦ
1148 615 1378 677 δικαίου,
1407 615 1500 668 καὶ
1524 615 1811 669 παιδεῦσαι
1839 614 1977 667 πάν-

305 715 404 760 τας
427 701 595 770 ἡμᾶς,
631 701 729 770 ὅση
759 701 922 754 αὐτοῦ
949 703 982 770 ή
1014 701 1328 771 φιλοξενία),
1363 702 1549 756 λοιπὸν
1576 703 1736 765 αὐτὸς
1764 701 1864 754 οὐκ
1894 700 1976 753 ἐτι

308 786 561 855 ἀνέχεται
588 787 674 840 διὰ
699 787 873 855 λόγων
901 788 1000 857 τὴν
1028 788 1370 858 παράκλησιν
1393 789 1680 853 ποιεῖσθαι,
1711 787 1854 841 ἀλλά
1883 787 1976 840 καὶ

311 872 432 942 βίαν
462 873 752 944 ἐπιτίθησι.
777 874 875 927 Διά
903 874 1057 926 τοῦτο
1078 875 1169 926 καὶ
1195 877 1222 927 6
1249 874 1483 944 Χριστὸς
1520 873 1694 942 ἔλεγε
1723 872 1970 927 Βιασταὶ

310 959 636 1028 ἁρπάζουσι
682 961 798 1029 τὴν
834 962 1161 1024 βασιλείαν
1197 961 1316 1013 τῶν
1346 960 1632 1027 οὐρανῶν.
1668 959 1833 1012 Ἔνθα
1862 963 1970 1030 γὰρ

312 1047 379 1098 ἂν
413 1047 780 1116 πνευματικὸν
818 1047 1100 1118 πρόκειται
1144 1047 1354 1116 κέρδος,
1396 1045 1649 1118 εὔκαιρος
1691 1049 1724 1117 ἡ
1758 1047 1970 1116 ἀνάγκη

311 1133 405 1186 καὶ
433 1135 462 1202 ή
500 1132 588 1202 βία
621 1135 896 1205 ἐπαινετή.
927 1135 1035 1188 Καὶ
1063 1131 1445 1198 κατεϐιάζετο,
1493 1133 1676 1202 φησὶν,
1729 1134 1968 1198 αὐτούς.

325 1219 476 1288 Ἐμοὶ
507 1220 653 1272 δοκεῖ
675 1221 768 1272 καὶ⁴
790 1219 1017 1283 ἄκοντας
1039 1219 1233 1283 αὐτοὺς
1255 1220 1450 1272 ἕλκειν.
1483 1215 1614 1271 Εἶτα
1634 1218 1822 1288 ἐπειδὴ
1837 1215 1973 1270 εἶδον

309 1304 399 1357 τὸν
421 1305 625 1358 δίκαιον
643 1305 803 1375 ἔργον
841 1305 996 1358 τοῦτο
1020 1305 1320 1374 τιθέμενον,
1351 1305 1445 1359 καὶ
1473 1305 1532 1358 οὐ
1559 1305 1824 1374 πρότερον
1870 1305 1976 1373 ἀφ-

311 1393 624 1461 ιστάμενον,
656 1394 704 1444 εἰ
734 1391 898 1462 μὴ-,τὸ
924 1392 1354 1462 σπουδαζόμενον
1384 1390 1532 1461 αὐτῷ
1556 1394 1633 1454 είς
1653 1390 1812 1462 ἔργον
1839 1391 1976 1459 ἀγά-

307 1493 418 1542 γοι,
465 1475 826 1538 Ἐξέκλιναν,
861 1475 1013 1544 φησὶ,
1038 1475 1186 1541 πρὸς
1212 1474 1415 1537 αὑτὸν,
1449 1475 1548 1527 καὶ
1581 1474 1870 1541 εἰσῆλθον
1889 1476 1975 1537 είς

309 1564 416 1616 τὸν
443 1564 612 1616 οἷκον
629 1563 834 1618 αὑτοῦ.
882 1562 994 1616 Καὶ
1035 1562 1325 1628 ἐποίησεν
1352 1561 1556 1626 αὐτοῖς
1584 1559 1734 1632 [459]
1766 1562 1972 1622 πότον,

307 1649 409 1702 καί
439 1647 693 1718 ἀζύμους
742 1652 972 1717 ἔστεψεν
1032 1648 1256 1712 αὐτοῖς,
1292 1647 1391 1700 καὶ
1446 1648 1675 1716 ἔφαγον
1711 1647 1826 1715 πρὸ
1865 1649 1974 1701 τοῦ

307 1732 680 1801 κοιμηθῆναι.
737 1729 890 1795 Εἶδες
924 1732 1021 1784 καὶ
1043 1730 1276 1784 ἐνταῦθα
1304 1733 1406 1785 οὐκ
1430 1732 1488 1785 ἐν
1528 1731 1594 1800 τῇ
1655 1731 1974 1801 πολυτελείᾳ

303 1819 404 1888 τῆς
437 1819 713 1890 τραπέζης
735 1818 832 1889 τὴν
853 1818 1156 1887 φιλοξενίαν
1176 1819 1640 1889 ἐπιδεικνυμένην,
1671 1818 1806 1872 ἀλλά
1820 1818 1876 1870 ἐν
1907 1820 1971 1888 τῇ

303 1905 555 1975 δαψιλείᾳ
581 1907 678 1975 τῆς
706 1904 958 1977 γνὼμης;
1000 1906 1216 1978 Ἐπειδὴ
1244 1907 1350 1977 γάρ
1371 1907 1592 1976 ἴσχυσεν
1620 1907 1816 1969 αὐτοὺς
1865 1907 1973 1959 εἰσ-

301 1995 533 2059 αγαγεῖν
566 1993 647 2056 είς
679 1993 769 2046 τὸν
799 1987 945 2046 οἶκον
974 1992 1160 2057 αὐτοῦ,
1185 1993 1386 2057 εὐθέως
1415 1993 1485 2046 τά
1527 1993 1629 2070 τῆς
1675 1991 1972 2061 φιλοξενίας

294 2079 665 2132 ἐπεδείκνυτο.
692 2080 804 2133 Καὶ
830 2080 1036 2142 ἐκεῖνος
1070 2081 1167 2149 μὲν
1200 2081 1337 2150 πρὸς
1363 2080 1462 2150 τὴν
1482 2079 1776 2150 θεραπείαν
1796 2078 1973 2131 αὐτῶν

291 2165 765 2236 παρεσκευάζετο,
798 2167 891 2217 καὶ
909 2165 979 2217 τά
1015 2166 1114 2235 τῆς
1141 2166 1436 2228 ἑστιάσεως
1461 2167 1712 2235 παρεῖχε,
1743 2166 1838 2218 καὶ
1869 2166 1974 2218 πᾶ-

291 2270 390 2306 σαν
423 2253 763 2306 ἐπεδείκνυτο
786 2252 951 2322 τιμὴν
998 2253 1093 2305 καὶ
1126 2250 1421 2322 θεραπείαν
1476 2251 1614 2321 πρὸς
1645 2253 1770 2316 τοὺς
1797 2269 1976 2323 παρα-

289 2340 649 2408 γενομένους,
693 2339 1012 2408 ἀνθρώπους
1051 2337 1250 2401 αύτούς
1307 2354 1458 2400 τινας
1488 2337 1668 2401 ὁδίτας
1706 2335 1846 2391 εἶναι
1889 2355 1976 2390 νο-

295 2425 499 2494 μίζων.
529 2426 593 2477 Ol
629 2423 699 2476 δὲ
735 2423 949 2491 ἄνδρες
975 2423 1088 2492 τῆς
1109 2425 1341 2488 πόλεως
1361 2425 1415 2476 οἱ
1448 2423 1755 2491 Σοδομῖται
1815 2437 1974 2490 περι-

291 2513 660 2566 εκύκλωσαν
684 2511 801 2578 τὴν
834 2512 1028 2563 οὶκίαν
1073 2510 1194 2564 ἀπὸ
1231 2511 1558 2566 νεανίσκου
1584 2511 1695 2576 ἕως
1724 2512 1974 2579 πρεσϐυ-

291 2599 494 2666 τέρου,
529 2597 647 2662 πᾶς
674 2599 707 2650 ό
731 2596 880 2662 λαὸς
909 2595 1049 2664 ἅμα,
1079 2596 1179 2648 καί
1223 2596 1624 2660 ἐξεκαλοῦντο
1657 2596 1768 2650 τὸν
1817 2597 1969 2664 Λὼτ,

295 2686 396 2740 καὶ
431 2685 642 2754 ἔλεγον
673 2686 822 2752 πρὸς
859 2687 1062 2738 αὐτόν*
1095 2684 1222 2738 Ποῦ
1258 2687 1415 2739 εἰσιν
1441 2689 1496 2740 οἱ
1523 2685 1736 2756 ἄνδρες
1764 2690 1816 2740 οἱ
1846 2689 1971 2740 εἱσ-

294 2773 574 2837 ενίθόντες
657 2771 806 2846 πρὸς
859 2771 934 2824 σὲ
983 2771 1098 2840 τὴν
1130 2773 1320 2826 νύκτα
1335 2789 1353 2836 ;
1423 2772 1705 2842 Ἑξάγιαγε
1749 2773 1972 2839 αὐτοὺς

296 2859 450 2926 πρὸς
474 2857 651 2928 ἡμᾶς,
685 2859 785 2913 ἵνα
820 2859 1241 2928 συγγενώμεθα
1259 2859 1481 2924 αὐτοῖς.
1518 2859 1612 2931 Μὴ
1642 2859 1826 2924 ἁπλῶς
1872 2878 1972 2912 πα-

299 2946 693 3016 ραδράμωμεν,
726 2946 1022 3016 ἀγαπητοὶ,
1053 2945 1124 2998 τά
1151 2946 1434 3017 εἰρημένα,
1469 2946 1604 3017 μηδὲ
1640 2947 1797 3017 μόνον
1849 2945 1971 3000 τού-

295 3048 409 3085 των
436 3032 633 3101 ἴδωμεν
659 3032 755 3101 τὴν
791 3033 989 3103 μανίαν
1013 3032 1111 3102 τὴν
1163 3033 1346 3103 πάσης
1367 3032 1696 3103 συγγνώμης
1743 3034 1970 3087 ἀπεστε-

300 3120 571 3190 ρημένην·
622 3119 737 3171 ἀλλ’
793 3121 1178 3190 ἐννοήσωμεν,
1223 3120 1341 3183 πῶς
1390 3122 1418 3174 6
1465 3120 1670 3184 δίκαιος
1725 3123 1782 3173 ἐν
1821 3122 1972 3192 μέσῳ

295 3206 558 3259 τοιούτων
589 3205 794 3278 θηρίων
815 3206 985 3270 οὑτως
1018 3207 1320 3260 ἀλλοκότων
1341 3206 1525 3270 οἰκῶν,
1542 3207 1683 3260 οὑτω
1712 3207 1970 3278 διέλαμψε

298 3297 394 3348 καὶ
421 3294 684 3365 τοσαύτης
704 3295 906 3366 ἀρετῆς
925 3296 1228 3367 ὑπερϐολὴν
1253 3297 1578 3362 ἐπεδείξατο,
1594 3297 1712 3360 πῶς
1731 3299 1972 3364 ἐνεγκεῖν

297 3381 536 3454 ⁴ιγδυνιξθη
563 3381 662 3453 τὴν
685 3381 914 3452 ἀνομίαν
945 3383 1146 3446 αὐτῶν,
1188 3382 1304 3446 πῶς
1325 3384 1424 3436 οὐκ
1462 3383 1629 3453 ἔφυγε
1656 3385 1754 3456 τὴν
1785 3385 1970 3438 αὐτόθι

295 3468 536 3538 οἴκησιν,
567 3469 684 3532 πῶς
702 3471 800 3540 τῆς
829 3470 966 3541 πρὸς
987 3470 1183 3532 αὐτοὺς
1209 3471 1491 3535 διαλέξεως
1537 3473 1796 3543 ἠνείχετο.
1827 3473 1968 3537 Πῶς,

295 3555 412 3624 ἐγὼ
429 3555 591 3625 λέγω.
623 3557 894 3628 Προειδὼς
927 3559 955 3610 6
973 3559 1080 3610 τῶν
1106 3558 1243 3611 ὅλων
1276 3559 1550 3629 Δεσπότης
1574 3561 1668 3631 τὴν
1699 3561 1972 3632 ὑπερϐάλ-

295 3642 497 3696 λουσαν
537 3643 716 3697 αὐτῶν
743 3645 1024 3716 πονηρίαν,
1077 3644 1394 3716 ᾠκονόμησε
1427 3646 1518 3699 τὸν
1543 3647 1750 3700 δίκαιον
1783 3647 1970 3702 τοῦτον

295 3729 490 3784 αὐτόθι
515 3731 856 3800 κατοικῆσαι,
883 3732 969 3783 ἵνα
995 3731 1248 3802 καθάπερ
1283 3733 1464 3803 ἰατρὸς
1488 3734 1709 3803 ἀριστος
1746 3734 1852 3787 τῶν
1869 3736 1970 3805 ἀρ-

297 3817 677 3887 ρωστημάτων
730 3818 909 3872 αὐτῶν
949 3819 1328 3888 περιγενέσθαι
1372 3820 1593 3890 δυνηθῇ.
1653 3821 1792 3873 Ἀλλ’
1829 3821 1972 3890 ὀρῶν

295 3904 500 3965 αὐτοὺς
528 3904 722 3956 ἀνίατα
761 3904 1074 3968 νοσοῦντας,
1105 3904 1199 3956 καὶ
1238 3905 1504 3974 μηδεμίαν
1535 3905 1828 3976 θεραπείαν
1854 3908 1973 3958 ἐπι-

293 3988 556 4054 δέξασθαι
589 3989 972 4060 βουλομένους,
999 3990 1119 4043 οὐδὲ
1145 3989 1317 4052 οὕτως
1359 3990 1674 4059 ἀφίσταται.
1725 3991 1974 4046 Τοιοῦτον

294 4073 411 4141 γὰρ
441 4071 471 4122 ό
504 4073 704 4142 ἰατρός·
745 4071 852 4125 κᾶν
879 4072 961 4141 ίδῃ
995 4072 1062 4125 τά
1091 4071 1238 4142 πάθη
1273 4070 1510 4126 νικῶντα
1533 4073 1632 4144 τὴν
1661 4074 1886 4145 τέχνην,
1909 4077 1971 4128 οὐ

294 4153 540 4205 παύεται
567 4154 634 4207 τὰ
662 4156 790 4225 παρ’
835 4155 1032 4208 ἐαυτοῦ
1059 4154 1302 4225 πληρῶν,
1329 4155 1436 4223 ἵνα,
1471 4155 1537 4208 ἂν
1569 4157 1670 4226 μὲν
1697 4157 1776 4227 τῷ
1799 4159 1972 4229 χρόνῳ

292 4235 709 4306 ἀνακτήσασθαι
727 4249 750 4277 ⁸
791 4237 988 4309 δυνηθῇ
1011 4238 1102 4291 τὸν
1134 4239 1429 4309 κάμνοντα,
1453 4239 1600 4312 δείξῃ
1623 4241 1731 4310 τὴν.
1749 4259 1971 4312 περιου-

293 4319 424 4372 σίαν
455 4319 554 4388 τῆς
574 4317 788 4388 τέχνης·
827 4320 874 4372 εί
926 4319 984 4372 δὲ
1012 4319 1180 4391 μηδὲν
1209 4320 1370 4373 πλέον
1398 4320 1572 4384 ἀνύει,
1614 4320 1710 4392 ἔχῃ
1742 4322 1844 4392 τὴν
1873 4338 1970 4392 με·

288 4402 492 4469 γίστην
525 4399 936 4467 ἀπολογίαν,ὅτι
963 4402 1114 4454 οὐδὲν
1147 4401 1254 4455 τῶν
1287 4402 1672 4473 προσηκόντων
1703 4405 1782 4466 είς
1812 4403 1971 4455 αὐτὸν

289 4481 617 4553 παρέλιπεν·
650 4481 678 4534 ὃ
699 4481 762 4552 δὴ
789 4481 879 4534 καὶ
909 4482 1143 4535 ἐνταῦθα
1181 4483 1489 4554 γεγένηται.
1530 4484 1589 4535 '0
1639 4484 1866 4554 μὲνγὰρ
1889 4483 1968 4535 δί-

288 4578 453 4626 καιος
477 4558 630 4626 οὗτος
663 4564 756 4615 καὶ
799 4562 1006 4616 τούτων
1039 4567 1096 4616 ὲν
1149 4565 1299 4634 μέσῳ
1350 4566 1839 4636 ἀναστρεφόμενος,
1878 4567 1970 4619 καὶ

287 4647 471 4710 οὕτως
505 4645 662 4716 ἔμενε
702 4647 908 4709 δίκαιος
943 4647 1143 4717 πολλὴν
1193 4647 1292 4717 τὴν
1339 4647 1656 4714 φιλοσοφίαν
1696 4649 1970 4702 ἐκδεικνύ-

287 4745 482 4802 μενοςο
523 4731 719 4783 ἐκεῖνοι
739 4730 795 4782 δὲ
836 4731 930 4783 καὶ
961 4730 1049 4783 διὰ
1071 4729 1230 4782 τοῦτο
1257 4725 1397 4800 ἦσαν
1423 4729 1604 4800 πάσης
1644 4731 1968 4803 συγγνώμης

285 4813 757 4882 ἀπεστερημένοι,
803 4812 885 4866 ότι
915 4813 975 4866 οὐ
1031 4811 1190 4884 μόνον
1223 4813 1322 4866 οὐκ
1352 4810 1546 4882 ἔληξαν
1601 4813 1700 4883 τῆς
1750 4815 1965 4881 κακίας,

283 4894 427 4948 ἀλλά
449 4893 546 4946 καὶ
577 4891 774 4963 μᾶλλον
807 4895 976 4965 αὐτὴν
1007 4893 1308 4948 ἐπέτειναν.
1347 4895 1488 4964 Ὅρα
1537 4896 1666 4966 γάρ’
1697 4899 1966 4964 Περιεκύ-

288 4984 564 5044 κλωσαν,
585 4979 738 5050 φησὶ,
753 4979 868 5047 τὴν
882 4981 1077 5035 οὶκίαν
1103 4980 1221 5035 ἀπὸ
1237 4981 1561 5036 νεανίσκου
1583 4981 1690 5048 ἕως
1714 4985 1970 5050 πρεσϐύ-

281 5085 420 5130 του,
459 5069 496 5136 ό
523 5065 673 5132 ,λαὸς
709 5067 848 5135 ἅμα.
903 5068 1146 5138 Μεγίστη
1180 5069 1280 5138 τῆς
1316 5069 1632 5140 πονηρίαςή
1659 5072 1964 5139 συμφωνία,

284 5149 466 5220 πολλὴ
512 5150 610 5219 τῆς
639 5149 840 5213 κακίας
890 5150 1115 5220 ήφορά.
1156 5151 1360 5219 ἇφατος
1388 5152 1487 5221 τῆς
1536 5153 1880 5223 παρανομίας
1935 5157 1968 5226 η

284 5236 594 5309 ὑπερϐολὴ,
644 5237 1024 5304 ἀσύγγνωστος
1072 5239 1105 5307 ή
1155 5238 1516 5308 ἐπιχείρησις.
1581 5237 1724 5292 Ἀπὸ
1774 5241 1969 5294 νεανί-

285 5336 482 5385 σκου,
516 5320 700 5389 φησὶν,
730 5319 842 5386 ἕως
879 5321 1236 5388 πρεσϐύτου.
1271 5321 1347 5374 Οὐ
1381 5321 1542 5390 μόνον
1567 5323 1601 5392 ή
1632 5322 1841 5392 νεότης,
1862 5340 1967 5392 φη-

287 5405 399 5465 σὶν,
429 5398 508 5472 ἦν
540 5403 574 5472 ή
610 5401 680 5455 τὰ
703 5403 992 5474 παράνομα
1020 5403 1193 5457 ταῦτα
1223 5401 1576 5474 ἐπιζητοῦσα,
1635 5402 1773 5457 ἀλλά
1799 5405 1967 5458 καὶοί

189 5483 193 5486 ⁴
286 5483 603 5556 πρεσϐῦται
637 5485 737 5555 τὴν
758 5485 994 5556 ἠλικίαν,
1043 5486 1137 5540 καὶ
1174 5488 1330 5549 πᾶςό
1373 5486 1500 5549 λαὸς
1532 5487 1669 5556 ἅμα.
1704 5485 1815 5541 Καὶ
1845 5486 1968 5542 οὔτε

287 5568 392 5636 τὴν
418 5566 628 5637 τόλμαν
655 5568 757 5638 τὴν
784 5569 978 5639 ἀναιδῆ
1003 5569 1098 5622 καὶ
1119 5569 1472 5640 ἀναίσχυντον
1491 5567 1696 5638 ταύτην
1721 5569 1965 5640 ᾐδοῦντο,

288 5647 419 5701 οὔτε
440 5648 534 5703 τὸν
558 5649 854 5721 ἀκοίμητον
876 5651 1151 5723 ὀφθαλμὸν
1167 5653 1247 5715 είς
1272 5652 1480 5706 ἔννοιαν
1501 5649 1824 5721 ἐλάμϐανον,
1840 5652 1965 5709 οὐτε

367 5779 391 5807 ⁸
437 5781 678 5848 Savil._el
699 5783 889 5848 quidam
919 5785 1124 5848 ωας.τῷ
1148 5785 1304 5848 χρόνῳ
1332 5785 1649 5848 περιγένηται,
1691 5783 1963 5842 ἀνακτήσα-

301 5840 552 5912 σθαιηειε.
581 5843 642 5891 Ει
666 5840 810 5904 ρειίιιο
833 5855 942 5907 post
978 5840 1126 5894 iidem
1148 5840 1358 5908 "ailiqinot
1379 5840 1661 5896 diécriiniua
1701 5848 1836 5909 parvi
1859 5840 1963 5897 iuo-

300 5909 462 5952 menu
486 5903 735 5954 exhibent.
1168 5952 1182 5954 ,

694 5952 964 6046 Parnm.
1011 5988 1127 6049 Gn.
1149 5952 1335 6050 Ὧν.

1425 328 1487 382 IN
1529 326 1683 384 CAP.
1724 326 1844 381 XIX
1881 325 2127 384 GENES.
2170 324 2402 382 IIOMIL.
2444 325 2620 382 XLIII.

3636 324 3739 380 400

2079 441 2170 494 τὸν
2196 441 2401 494 δίκαιον
2429 442 2739 512 ᾐσχύνοντο,
2791 439 2912 494 οὐτε
2945 438 3052 494 τῶν
3079 438 3243 504 ξένων
3262 437 3627 510 νομιζομένων
3649 439 3743 491 καὶ

2077 526 2170 579 ἐπὶ
2217 526 2315 597 τὴν
2368 529 2462 580 τοῦ
2520 528 2727 580 δικαίου
2761 525 3063 596 φιλοξενίαν
3115 523 3299 578 αὐτόθι
3328 523 3742 577 καταλυσάντων

2075 613 2385 680 ἐφείδοντο,
2428 615 2556 667 ἀλλ’
2606 613 3137 686 ἀπηρυθριασμένως
3181 612 3276 666 καὶ
3311 613 3516 682 γυμνῇ,
3545 609 3620 671 ὡς
3661 611 3741 660 εἰ·

2075 702 2214 763 πεῖν,
2266 702 2332 770 τῇ
2365 701 2570 771 κεφαλῇ
2602 701 2670 754 τά
2721 702 2820 770 τῆς
2867 700 3151 767 ἀσελγείας
3187 701 3369 752 ἐκεῖνα
3411 700 3628 769 ῥήματα
3656 695 3744 747 λέ-

2075 802 2260 854 γοντες
2292 785 2439 858 [410]
2467 787 2742 858 προσίασι,
2783 789 2878 840 καὶ
2905 787 3232 849 καλέσαντες
3262 787 3354 839 τὸν
3385 785 3611 844 δίκαιον,
3635 781 3743 838 ἐλε-

2075 888 2170 939 γον
2207 872 2344 942 πρὸς
2370 873 2553 925 αὐτόν’
2583 873 2708 927 Ποῦ
2749 875 2906 927 εἰσιν
2943 877 2993 926 οὶ
3039 872 3254 940 ἄνδρες
3279 874 3333 925 οὶ
3364 871 3745 934 εἰσελθόντες

2075 959 2226 1026 πρὸς
2245 959 2400 1028 ὑμᾶς
2424 977 2442 1023 ;
2484 959 2770 1030 Ἐξιίγαγε
2801 961 3044 1024 αὐτοὺς,
3069 960 3170 1014 ἵνα
3199 958 3617 1030 συγ-γενώμεθα
3637 957 3743 1009 αὺ-

2073 1048 2216 1114 τοῖς.
2244 1047 2344 1100 Διά
2373 1049 2577 1119 ταύτην
2607 1048 2787 1103 αὐτῶν
2809 1044 2962 1119 οἶμαι
2983 1049 3082 1119 τὴν
3124 1049 3486 1119 ἐπιχείρησιν,
3515 1047 3608 1098 καὶ
3644 1043 3743 1116 τὴν

2075 1135 2387 1205 παράνομον
2421 1136 2705 1206 πονηρίαν,
2741 1135 2949 1189 καὶτὸν
2978 1136 3183 1188 δίκαιον
3220 1135 3381 1205 μέχρι
3444 1134 3540 1203 τῆς
3581 1130 3744 1184 ἐσπέ-

2079 1239 2176 1291 ρας
2214 1222 2660 1292 παρακαθῆσθαι,
2708 1221 2850 1275 ὥστε
2888 1223 3080 1293 μηδενὶ
3114 1221 3468 1291 συγχωρῆσαι
3495 1217 3604 1271 τῶν
3635 1219 3744 1270 ὁδι-

2075 1309 2180 1362 τῶν
2209 1309 2487 1376 ἀγνοοῦντι
2519 1312 2834 1379 περιπεσεῖν
2887 1311 3005 1372 ταῖς
3036 1308 3261 1361 ἐκείνων
3293 1305 3517 1374 πάγαις.
3567 1305 3677 1359 Καὶ
3714 1305 3744 1356 6

2078 1395 2176 1464 μὲν
2211 1395 2415 1459 δίκαιος
2446 1396 2582 1466 μετά
2609 1397 2708 1464 τῆς
2761 1394 3086 1464 φιλοξενίας,
3143 1393 3238 1456 καὶ
3261 1391 3360 1462 τῆς
3391 1389 3740 1462 σωφροσύνης

2073 1482 2170 1552 τῆς
2233 1483 2438 1545 οἰκείας
2489 1482 2927 1552 ἐπιδεικνύμενος
2987 1482 3083 1551 τὴν
3132 1479 3477 1550 ὑπερϐολὴν,
3535 1477 3740 1546 ταύτην

2073 1569 2307 1621 ἐποιεῖτο
2338 1569 2437 1638 τὴν
2469 1568 2700 1639 σπουδὴν
2741 1569 2883 1622 ὥστε
2936 1569 3144 1630 πάντας
3173 1569 3299 1630 τοὺς
3349 1563 3742 1636 παροδεύοντας

2073 1653 2445 1724 ὑποδέχεσθαι,
2481 1656 2576 1708 καὶ
2627 1655 2817 1726 μηδεὶς
2845 1654 3006 1709 αὐτὸν
3062 1653 3234 1710 λάθοι.
3271 1653 3320 1704 εἰ
3349 1652 3444 1704 καὶ
3484 1649 3617 1712 τέως
3642 1650 3742 1703 οὐκ

2073 1739 2356 1808 ἀγγέλους,
2390 1740 2504 1794 ἀλλ’
2539 1741 2861 1812 ἀνθρώπους
2889 1737 3026 1793 εἶναι
3062 1738 3332 1810 ἐνόμιζεν.
3365 1738 3429 1790 Οἱ
3460 1735 3516 1789 δέ
3567 1735 3743 1805 παράν-

2073 1843 2226 1896 νομοι
2249 1829 2442 1879 ἐκεῖνοι
2465 1826 2604 1896 μετὰ
2631 1826 2724 1878 τοῦ
2753 1827 2918 1897 μηδὲν
2939 1824 3179 1879 τοιοῦτον
3203 1821 3603 1877 ἐπιδείκνυσθαι
3631 1815 3742 1874 οἷον

2071 1912 2100 1963 ὁ
2137 1912 2363 1976 δίκαιος,
2387 1913 2458 1964 τά
2484 1913 2662 1964 πᾶσαν
2689 1913 2886 1965 κακίαν
2912 1911 3334 1979 ἀποκρύπτοντα
3372 1910 3507 1978 μόνα
3539 1907 3741 1977 τολμᾷν

2073 1998 2412 2068 ἐπετήδευον.
2455 1999 2553 2052 Διά
2594 1998 2750 2050 τοῦτο
2791 1996 2883 2051 οὖν
2921 1999 3000 2060 είς
3039 1999 3139 2067 τὴν
3169 1997 3427 2050 πλατεῖαν
3461 1993 3741 2047 ἐϐούλοντο

2073 2083 2390 2148 καταλῦσαι,
2414 2085 2500 2137 ἵνα
2535 2086 2857 2155 παράσχωσι
2879 2083 2956 2154 τῷ
2976 2084 3169 2153 δικαίῳ
3191 2082 3442 2153 ἀφορμὴν
3475 2079 3742 2143 ἐπιδείξα-

2076 2170 2198 2223 σθαι
2225 2172 2322 2241 τὴν
2349 2174 2477 2242 περὶ
2505 2171 2701 2234 αὐτοὺς
2726 2170 3052 2240 φιλοξενίαν,
3081 2170 3176 2223 καὶ
3214 2168 3458 2234 δείξωσιν
3485 2165 3632 2236 αὑτῷ
3655 2165 3744 2218 διὰ

2072 2257 2181 2310 τῶν
2209 2258 2384 2329 ἔργων
2403 2259 2478 2321 ὡς
2505 2257 2662 2323 ἀξίαν
2689 2257 2971 2327 μέλλουσιν
2995 2255 3321 2322 ὑφίστασθαι
3336 2254 3433 2323 τὴν
3452 2251 3740 2324 τιμωρίαν,

2072 2342 2215 2396 οὔτω
2241 2344 2337 2413 τὴν
2371 2343 2712 2412 παρανομίαν
2742 2342 2859 2412 μεθ’
2886 2341 3188 2412 ὑπερϐολῆς
3221 2338 3669 2409 ἐπιδεικνύμενοι.

2140 2429 2200 2481 δ’.
2257 2428 2394 2481 Ἀλλ’
2429 2430 2626 2498 ἴδωμεν
2678 2428 2860 2480 λοιπὸν
2904 2426 2998 2480 τοῦ
3039 2426 3245 2479 δικαίου
3292 2429 3390 2496 τῆς
3434 2425 3637 2494 ἀρετῆς
3681 2421 3743 2475 τὸ

2075 2515 2319 2584 μέγεθος.
2339 2515 2652 2578 Ἐἰ-ξελθὼν,
2667 2514 2820 2584 φησὶ,
2839 2513 2989 2582 πρὸς
3017 2512 3239 2578 αὐτοὺς
3267 2512 3416 2579 πρὸς
3443 2510 3509 2563 τὸ
3526 2509 3742 2577 πρόθυ-

2063 2617 2196 2667 ρον,
2217 2600 2331 2668 τὴν
2351 2600 2468 2669 μὲν
2495 2602 2684 2667 θύραν
2710 2595 3220 2668 προσέῳξεν,εἶπε
3248 2596 3314 2649 δὲ
3330 2597 3478 2664 πρὸς
3498 2595 3742 2660 αὐτούς.

2074 2688 2213 2757 Ὅρα
2263 2687 2377 2750 πῶς
2405 2687 2643 2740 δέδοικεν
2687 2689 2714 2739 6
2741 2687 2946 2750 δίκαιος
2973 2687 3066 2740 καὶ
3101 2685 3294 2757 τρέμει
3318 2683 3457 2754 ὑπὲρ
3488 2683 3588 2752 τῆς
3631 2681 3742 2735 τῶν

2072 2774 2237 2838 ξένων
2279 2773 2596 2843 ἀσφαλείας.
2641 2773 2773 2828 Οὐδὲ
2821 2773 2926 2844 γὰρ
2978 2771 3163 2836 ἁπλῶς
3213 2771 3310 2842 τὴν
3368 2769 3537 2842 θύραν
3575 2787 3743 2841 προσ-

2070 2861 2234 2930 έῳξεν
2267 2862 2440 2914 ὀπίσω
2477 2860 2666 2925 αὑτοῦ,
2693 2859 2806 2914 ἀλλ’
2837 2859 2998 2924 εἰδὼς
3042 2857 3222 2913 αὐτῶν
3267 2857 3364 2929 τὴν
3405 2857 3602 2928 μανίαν
3648 2857 3744 2910 καὶ

2067 2949 2128 3001 τὸ
2151 2949 2437 3021 τολμηρὸν.
2475 2950 2570 3003 καὶ
2602 2949 2951 3020 ὑφορώμενος
2991 2948 3170 3003 αὐτῶν
3221 2947 3320 3018 τὴν
3377 2946 3740 3017 προπέτειαν,

2069 3031 2189 3089 εἶτά
2218 3053 2349 3107 φησι
2381 3035 2516 3106 πρὸς
2542 3035 2741 3099 αὐτούς
2764 3051 2778 3066 ⁸
2811 3034 3124 3104 Μηδαμῶς,
3147 3033 3416 3102 ἀδελφοί.
3442 3035 3506 3085 Ὢ
3526 3033 3623 3104 τῆς
3643 3033 3737 3086 τοῦ

2068 3123 2276 3176 δικαίου
2329 3122 2737 3193 μακροθυμίας,
2777 3122 2822 3174 ὣ
2873 3120 3376 3191 ταπεινοφροσύνης
3435 3119 3732 3191 ὑπερϐολή.

2075 3208 2247 3261 Τοῦτο
2279 3207 2494 3277 ἀληθῶς
2525 3207 2726 3279 ἀρετὴ,
2747 3209 2807 3260 τὸ
2848 3205 2965 3279 μετ’
2997 3208 3298 3270 ἐπιεικείας
3338 3207 3454 3268 τοῖς
3482 3205 3743 3271 τοιούτοις

2074 3293 2503 3366 προσφέρεσθαι.
2562 3295 2748 3358 Οὐδεὶς
2800 3294 2910 3363 γὰρ
2956 3294 3046 3347 τὸν
3112 3290 3370 3347 νοσοῦντα
3409 3291 3742 3364 θεραπεῦσαι

2071 3381 2412 3452 βουλόμενος,
2442 3381 2534 3434 καὶ
2564 3379 2655 3433 τὸν
2687 3382 3004 3452 μαινόμενον
3033 3380 3384 3454 σωφρονίσαι,
3407 3380 3544 3450 μετά
3567 3378 3740 3450 θυμοῦ

2069 3470 2162 3522 καὶ
2197 3469 2495 3542 αὐστηρίας
2539 3469 2695 3522 τοῦτο
2742 3471 2882 3522 ποεῖ.
2937 3470 3138 3524 Σκόπει
3192 3468 3320 3539 γὰρ,
3363 3465 3482 3530 πῶς
3512 3464 3640 3527 τοὺς
3673 3465 3743 3517 τὰ

2068 3555 2291 3609 τοιαῦτα
2336 3559 2673 3628 παρανομεῖν
2727 3555 3081 3626 βουλομένους
3122 3555 3386 3625 ἀδελφοὺς
3433 3552 3625 3618 καλεῖ,
3652 3551 3743 3606 ἐν·

2067 3643 2262 3716 τρέψαι
2291 3643 2484 3707 αὐτοὺς
2517 3643 2856 3713 βουλόμενος,
2913 3644 3008 3696 καὶ
3051 3642 3372 3697 καθικέσθαι
3420 3639 3600 3695 αὐτῶν
3635 3637 3738 3708 τῆς

2072 3729 2447 3800 συνειδήσεως,
2477 3731 2572 3782 καὶ
2625 3729 2930 3799 ἀποστῆσαι
2966 3729 3164 3791 αὐτοὺς
3206 3729 3304 3799 τῆς
3345 3728 3741 3798 ἐπιχειρήσεως

2069 3817 2164 3886 τῆς
2201 3816 2418 3884 μιαρᾶς.
2448 3813 2761 3884 Μηδαμῶς,
2798 3815 2981 3886 φησὶν,
3007 3814 3259 3883 ἀδελφοί
3292 3830 3305 3844 ·
3328 3811 3415 3882 μὴ
3445 3811 3744 3880 πονηρεύ-

2070 3904 2284 3969 σησθε.
2309 3901 2512 3970 Μηδὲν,
2547 3901 2706 3971 φησι,
2729 3900 2967 3954 τοιοῦτον
2997 3899 3308 3972 λογίσησθε,
3339 3899 3414 3970 μὴ
3441 3898 3542 3969 τὴν
3574 3914 3742 3966 πονηο

2076 3990 2173 4060 ράν
2211 3989 2416 4060 ταύτην
2445 3988 2644 4059 πρᾶξιν
2670 3988 2992 4059 ἐννοήσητε,
3037 3987 3170 4060 μηδὲ
3216 3987 3314 4058 τὴν
3365 3985 3527 4056 φύσιν
3571 3983 3744 4054 αὐτὴν

2073 4074 2632 4146 παραδειγματίσητε,
2669 4074 2802 4146 μηδὲ
2852 4074 3125 4145 ἀθέσμους
3164 4075 3488 4145 ἐπινοήσητε
3516 4071 3690 4144 μίξεις
3725 4087 3739 4102 ο

2073 4164 2188 4218 ἀλλ’
2224 4164 2272 4216 εὶ
2297 4163 2390 4217 καὶ
2423 4161 2680 4232 βούλεσθε
2708 4163 2808 4233 τῆς
2838 4163 3035 4233 μανίας
3073 4160 3228 4233 ὑμῶν
3266 4162 3356 4214 τὸν
3387 4159 3600 4232 οἶστρον
3639 4176 3743 4213 πα-

2077 4249 2514 4322 ραμυθήσασθαι,
2554 4249 2665 4319 ἐγὼ
2704 4249 2862 4302 τοῦτο
2921 4249 3179 4321 παρέξω,
3232 4249 3371 4302 ὥστε
3416 4246 3744 4318 κουφότερον

2072 4337 2225 4408 ὑμῶν
2256 4336 2508 4406 γενέσθαι
2536 4338 2597 4389 τὸ
2624 4337 2900 4408 τόλμημα.
2922 4337 3058 4390 Είσί
3067 4355 3166 4406 μοι
3186 4333 3295 4389 δύο
3324 4333 3664 4405 θυγατέρες,
3681 4332 3745 4384 αῖ

2071 4424 2182 4476 οὐκ
2206 4422 2481 4490 ἔγνωσαν
2509 4421 2756 4490 ἄνδρας.
2804 4422 2947 4488 Ἔτι,
3003 4424 3191 4490 φησιν,
3233 4421 3448 4492 ἄπειροί
3493 4423 3598 4473 εἰσι
3631 4434 3746 4486 γα-

2074 4510 2237 4579 μικῆς
2269 4509 2589 4572 συνουσίας,
2643 4509 2913 4581 ἀνέπαφρι
2952 4510 3342 4579 τυγχάνουσιν,
3389 4509 3447 4559 ἐν
3492 4507 3628 4576 αὐτῇ
3677 4508 3742 4577 τῇ

2070 4596 2221 4666 ἀκμῇ
2251 4593 2351 4664 τῆς
2384 4593 2598 4666 ἡλικίας
2614 4595 2742 4659 είσὶ,
2768 4595 3080 4664 λάμπουσαι
3101 4596 3166 4664 τῇ
3187 4593 3328 4666 ὦρᾳο
3363 4592 3560 4656 ταύτας
3579 4593 3743 4646 πᾶσιν

2071 4681 2320 4744 ἐκδότους
2362 4679 2573 4751 δίδωμι,
2601 4681 2696 4733 καὶ
2745 4679 2946 4752 χρᾶσθε
2982 4681 3171 4742 αὐταῖς
3207 4679 3282 4740 ὡς
3315 4678 3536 4748 ἀρέσκει
3593 4678 3742 4749 ὑμῖν.

2071 4767 2340 4832 Λαϐόντες
2367 4767 2556 4832 αὑτὰς,
2592 4767 2745 4838 φησὶ,
2773 4766 3096 4838 πληρώσατε
3142 4764 3295 4836 ὑμῶν
3329 4766 3409 4828 είς
3451 4763 3623 4826 αὐτὰς
3645 4763 3745 4835 τὴν

2069 4855 2375 4924 ἀσέλγειαν,
2396 4857 2488 4909 καὶ
2517 4854 2865 4927 ἐμφορήθητε
2902 4854 3002 4926 τῆς
3029 4853 3321 4924 ἐπιθυμίας
3348 4851 3501 4923 ὑμῶν
3527 4853 3624 4923 τῆς
3648 4869 3744 4907 πο-

2073 4944 2264 5014 νηρᾶς.
2305 4944 2510 4998 Μόνον
2537 4945 2624 5008 είς
2653 4941 2792 5008 τοὺς
2830 4940 3059 5010 ἄνδρας
3085 4941 3338 5007 τούτους
3353 4939 3549 5008 μηδὲν
3583 4940 3746 5006 ποιή-

2072 5045 2223 5098 σητε
2248 5028 2475 5095 ἄδικον,
2515 5024 2586 5084 οὗ
2620 5027 2853 5081 εἵνεκεν
2906 5025 3202 5093 εὶσῆλθον
3223 5027 3340 5082 ὑπὸ
3361 5025 3477 5095 τὴν
3503 5026 3744 5094 σκέπην

2070 5117 2188 5170 τῶν
2208 5114 2403 5169 δοκῶν
2423 5133 2562 5185 μου.
2600 5115 2820 5187 Ἐπειδὴ
2847 5114 3174 5186 ἐϐιασάμην,
3193 5113 3377 5184 φησὶν,
3396 5115 3616 5178 αὐτοὺς,
3644 5112 3740 5167 καῖ

2069 5206 2358 5274 εἰσήγαγον
2390 5202 2496 5256 ὑπὸ
2519 5201 2617 5266 τάς
2637 5203 2826 5266 δοκούς
2866 5220 2987 5275 μου,
3007 5202 3092 5255 ῖνα
3129 5203 3204 5272 μὴ
3242 5202 3366 5270 ἐμοὶ
3390 5201 3665 5271 ἐπιγραφῇ
3707 5203 3741 5274 ἡ

2071 5290 2151 5353 είς
2184 5289 2383 5352 αὐτοὺς
2415 5289 2674 5360 γινομένη
2705 5289 3017 5362 παρανομία
3037 5327 3052 5351 ,
3083 5289 3178 5340 καὶ
3207 5285 3320 5355 ἐγὼ
3357 5287 3540 5345 αὐτοῖς
3571 5285 3741 5350 αίτιος

2069 5377 2169 5446 τῆς
2215 5375 2426 5448 ῦϐρεως
2457 5376 2661 5449 ταύτης
2708 5378 2983 5448 γένωμαι,
3031 5375 3120 5429 διὰ
3179 5372 3336 5427 τοῦτο
3387 5373 3528 5443 ὑπὲρ
3560 5373 3742 5429 αὐτῶν

2068 5462 2166 5526 τὰς
2197 5462 2292 5517 δύο
2315 5480 2416 5534 μου
2432 5462 2734 5536 θυγατέρας
2754 5465 2967 5534 δίδωμι,
2987 5463 3126 5516 ὥστε
3138 5461 3360 5522 τούτους
3381 5457 3740 5530 ἐλευθερῶσαι

2068 5549 2176 5604 τῶν
2205 5551 2488 5622 ὑμετέρων
2501 5552 2716 5624 χειρῶν.
2742 5552 2890 5625 Πόση
2915 5550 3009 5604 τοῦ
3032 5547 3240 5604 δικαίου
3274 5549 3308 5617 ή
3325 5548 3524 5618 ἀρετής
3556 5549 3739 5603 πᾶσαν

2072 5639 2276 5712 ἀρετὴν
2306 5640 2613 5708 φιλοξενίας
2641 5640 2879 5711 ἐνίκησε.
2915 5639 2981 5693 Τί
3031 5638 3141 5709 γὰρ
3193 5637 3258 5692 ἀν
3303 5653 3390 5700 τις
3432 5636 3578 5689 εἴποι
3615 5640 3736 5692 κατ’

2074 5725 2233 5791 ἀξίαν
2258 5727 2356 5798 τῆς
2382 5727 2476 5781 τοῦ
2505 5727 2712 5782 δικαίου
2736 5727 2926 5781 τούτου
2956 5724 3371 5797 φιλοφροσύνης,
3399 5721 3458 5786 ὃς
3486 5722 3608 5777 οὐδέ
3628 5724 3737 5776 τῶν

2075 5812 2389 5886 θυγατέρων
2415 5815 2700 5884 φείσασθαι
2733 5815 3010 5884 ἠνέσχετο,
3049 5813 3137 5865 ἵνα
3170 5811 3267 5882 τὴν
3296 5812 3376 5872 είς
3399 5811 3524 5872 τοὺς
3554 5810 3736 5875 ξένους

2075 5901 2240 5974 τιμὴν
2265 5902 2617 5974 ἐπιδείξηται,
2644 5904 2737 5956 καὶ
2760 5901 3097 5972 ἐλευθερώσῃ
3133 5899 3230 5969 τῆς
3258 5897 3604 5968 παρανομίας
3624 5894 3730 5948 τῶν

3231 5990 3271 6049 2
