4150 6276
388 335 491 391 40!

1401 338 1469 395 IN
1505 338 1657 396 CAP.
1699 338 1844 395 XIX.
1885 336 2127 396 GENES.
2170 338 2402 396 HOMIL.
2442 339 2628 396 XLIII.

3573 343 3677 398 402

388 447 539 518 dico)
562 448 785 504 omnino
814 449 1022 520 ignotos
1041 450 1273 520 eriperet
1293 451 1360 507 ab
1388 451 1673 523 impiorum
1704 462 1985 508 contume—
2024 460 2049 484 τ
2095 460 2150 506 et
2182 460 2290 507 tam
2335 452 2584 506 eximiam
2634 452 3097 509 mansuetudinem
3124 493 3140 518 ,
3195 467 3316 508 cum
3365 453 3546 508 verbis
3576 456 3683 506 suis

389 539 460 592 lia
490 555 505 591 :
537 554 637 593 nos
661 548 839 595 autem
868 541 1111 597 videntes
1127 556 1269 611 saepe
1291 540 1484 598 fratres
1499 552 1712 598 nostros
1741 543 1984 613 inipsum

392 629 686 699 impietatis
716 633 1060 700 profundum,
1098 644 1153 687 et
1189 648 1354 703 prope
1410 635 1635 688 dixerim
1659 675 1674 699 ,
1706 635 1759 688 in
1806 634 1987 688 fauces

392 719 592 773 diaboli
632 721 845 786 cadere,
875 736 1048 791 neque
1075 737 1323 777 sermone
1364 738 1459 778 eos
1484 724 1787 793 dignamur,
1816 739 1988 793 neque

393 809 701 874 consulere,
734 826 909 880 neque
952 813 1129 867 verbis
1154 812 1473 874 admouere,
1501 822 1554 867 et
1578 815 1787 884 eripere
1813 828 1843 868 a
1869 828 1987 867 ma-

401 898 547 963 litia,
573 907 627 953 et
646 899 712 953 ad
740 900 996 957 virtutem
1034 905 1411 958 manuducere:
1442 904 1665 972 Qualem
1694 905 1854 975 igitur
1886 905 1984 958 lia-

398 988 641 1044 bebimus
668 993 1070 1047 excusationem
1102 1034 1117 1057 ,
1164 1009 1285 1048 cum
1329 994 1508 1064 justus
1550 1011 1723 1065 neque
1777 996 1987 1050 filiabus

399 1090 600 1149 parcat,
624 1090 689 1135 ut'
704 1081 971 1153 hospitum
1003 1094 1181 1140 servet
1205 1102 1389 1141 curam
1414 1105 1428 1141 :
1452 1103 1553 1143 nos
1582 1098 1760 1144 autem
1794 1090 1862 1144 ita
1886 1091 1986 1144 im-

400 1169 823 1227 misericorditcr
844 1188 966 1243 erga
986 1173 1179 1230 fratres
1205 1185 1415 1232 nostros
1439 1177 1753 1245 afficiamur,
1773 1188 1825 1233 et
1846 1194 1989 1248 saepe

399 1258 591 1329 frigida
621 1261 707 1315 illa
746 1271 802 1317 et
847 1264 1195 1320 absurditatis
1224 1268 1379 1336 plena
1425 1269 1585 1324 verba
1618 1270 1989 1340 proferamus?

399 1349 536 1417 Quid
565 1354 742 1419 enim,
801 1354 1012 1424 inquit,
1069 1358 1200 1413 mihi
1242 1375 1365 1415 cum
1393 1376 1459 1416 eo
1500 1362 1819 1417 commune?
1857 1362 1987 1417 mihi

401 1456 507 1495 non
538 1451 622 1497 est
643 1458 805 1507 curae,
837 1446 968 1501 nihil
999 1448 1130 1503 mihi
1174 1450 1369 1520 negotii
1404 1467 1524 1506 cum
1545 1468 1629 1508 eo.
1657 1452 1794 1521 Quid
1814 1452 1947 1508 dicis
1968 1493 1986 1520 ,

404 1529 606 1585 homo?
634 1532 772 1588 Nihil
794 1537 886 1590 tibi
905 1551 1190 1595 commune
1216 1555 1339 1595 cum
1383 1544 1488 1596 eo?
1527 1543 1715 1599 Frater
1739 1553 1860 1599 tuus
1883 1554 1985 1611 est,

400 1622 640 1691 eiusdem
672 1634 848 1681 tecum
902 1638 1125 1696 naturze,
1183 1633 1284 1687 sub
1312 1633 1500 1689 eodem
1538 1637 1668 1691 estis
1723 1636 1983 1704 Domino,

406 1728 552 1784 saepe
575 1717 735 1771 etiam
765 1719 1004 1788 ejusdem
1036 1724 1323 1793 participes
1351 1740 1569 1791 mensas,
1606 1727 1896 1797 spiritualis
1917 1729 1983 1782 il-

404 1805 539 1874 lius,
582 1810 819 1881 inquam,
849 1820 904 1867 et
936 1815 1210 1883 terribilis,
1241 1826 1296 1872 et
1330 1818 1465 1873 dicis
1496 1837 1510 1873 :
1540 1818 1986 1875 Nihilconnnune

406 1896 578 1954 habeo
611 1917 730 1955 cum
754 1919 849 1969 eo;
878 1916 930 1958 et
959 1907 1454 1965 immisericorditcr
1484 1912 1744 1980 przeteris,
1785 1920 1840 1966 et
1881 1926 1986 1966 non

401 1990 628 2059 porrigis
651 1992 852 2060 jacenti
884 1996 1139 2050 manum?
1159 1998 1225 2052 Et
1253 1997 1451 2053 Iudaeis
1474 2000 1688 2070 quidem
1713 2003 1797 2055 lex
1822 2003 1989 2070 impe-

406 2079 581 2147 rabat,
641 2097 710 2137 ne
781 2085 1119 2141 inimicorum
1158 2088 1306 2156 lapsa
1354 2090 1596 2159 jumenta
1660 2092 1991 2160 negligerent

404 2169 599 2237 (Exod.
631 2174 721 2227 '23.
746 2175 806 2243 5)
832 2192 846 2228 :
879 2182 935 2228 tu
955 2185 1134 2232 autem
1160 2176 1378 2233 fratrem
1394 2187 1541 2233 tuum
1568 2195 1596 2233 a
1615 2180 1827 2236 diabolo
1846 2196 1991 2250 sarpe

404 2263 695 2316 sauciatum
717 2273 772 2318 et
806 2265 1073 2335 jacentem
1117 2282 1225 2325 non
1272 2285 1434 2339 super
1464 2280 1681 2340 terram,
1706 2273 1800 2329 sed
1831 2288 1992 2344 super

406 2355 609 2419 peccati
632 2354 942 2411 barathrum
981 2358 1190 2427 videns,
1221 2370 1308 2415 tua
1336 2361 1711 2418 exhortatione
1750 2379 1855 2417 non
1903 2380 1989 2419 re-

410 2442 596 2506 trahis,
628 2460 733 2499 non
755 2447 1171 2504 admonitionem
1196 2459 1336 2504 utam
1364 2451 1606 2519 adhibes,
1638 2468 1742 2507 non
1777 2454 1913 2508 alios
1935 2456 1988 2509 in

407 2535 662 2589 auxilium
707 2552 889 2604 vocas,
921 2546 981 2593 ut
1005 2544 1048 2594 si
1080 2539 1194 2595 fieri
1230 2542 1417 2610 possit,
1452 2556 1482 2596 a
1516 2542 1757 2599 faucibus
1802 2544 1990 2601 bestia:

408 2625 702 2679 membrum
727 2634 875 2681 tuum
901 2644 1090 2685 eruere
1106 2631 1314 2696 valeas,
1344 2642 1397 2687 et
1423 2634 1491 2687 ad
1517 2648 1668 2689 suam
1716 2635 1979 2691 reducere

410 2714 782 2770 nobilitatem:
812 2727 869 2773 ut
918 2728 973 2774 et
1024 2721 1159 2791 ipse,
1211 2724 1496 2794 siquando
1544 2725 1824 2790 cecideris,
1846 2727 1989 2797 quod

407 2804 581 2872 absit,
614 2808 666 2862 in
688 2808 906 2879 laqueos
934 2812 1058 2866 mali
1075 2813 1334 2870 daemonis
1363 2816 1508 2871 illius
1529 2859 1543 2883 ,
1590 2818 1766 2887 possis
1790 2817 1990 2874 habere

406 2895 618 2965 aliquos
649 2899 738 2967 qui
763 2908 814 2954 te
838 2899 1051 2969 juvent,
1085 2912 1141 2958 et
1167 2904 1396 2960 liberent
1422 2921 1450 2959 a
1476 2908 1722 2962 manibus
1755 2908 1991 2964 diaboli?

409 2984 499 3041 Sic
519 2996 573 3040 et
596 2987 793 3045 Paulus
817 2994 1062 3049 excitare
1094 2996 1280 3051 volens
1322 2997 1555 3065 Galatas,
1585 3009 1641 3055 ut
1669 3001 1780 3056 suis
1807 3003 1991 3074 provi-

407 3074 569 3133 deant
588 3081 868 3143 membris.
900 3083 1070 3154 inquit
1102 3104 1114 3140 :
1150 3086 1491 3144 Considerans
1525 3092 1839 3160 temetipsum
1868 3134 1884 3160 ,
1931 3109 1995 3149 ne

409 3177 455 3220 et
477 3177 531 3221 tu
555 3171 757 3224 tenteris
791 3171 985 3241 (Galat.
1027 3175 1083 3230 6.
1139 3177 1195 3249 1)
1221 3196 1233 3230 :
1257 3179 1410 3248 quasi
1440 3179 1665 3247 diceret,
1699 3182 1757 3239 Si
1789 3184 1991 3255 absque

409 3260 877 3318 commiseratione
903 3275 958 3320 et
985 3265 1273 3325 inhumane
1299 3270 1518 3326 fratrem
1549 3275 1815 3343 praeteris,
1854 3276 1993 3333 forte

410 3358 465 3402 et
495 3360 567 3416 te,
598 3351 642 3405 si
658 3353 950 3420 cecideris,
979 3357 1114 3414 alius
1144 3359 1391 3416 similiter
1412 3364 1724 3431 praeteribit.
1757 3366 1811 3422 Si
1833 3367 1994 3437 igitur

411 3443 496 3497 vis
529 3459 633 3499 non
675 3446 874 3517 despici
920 3452 1094 3506 sicubi
1139 3451 1370 3521 labaris,
1404 3470 1473 3510 ne
1521 3456 1636 3526 ipse
1679 3458 1992 3529 despexeris

410 3534 575 3589 alium
604 3536 729 3591 :sed
756 3554 1003 3609 magnam
1031 3556 1144 3609 prre
1176 3551 1227 3598 te
1248 3542 1330 3598 fer
1354 3544 1758 3616 benignitatem,
1786 3559 1840 3605 et
1876 3550 1994 3607 the-

412 3641 628 3682 saurum
651 3630 813 3686 crede
843 3633 1165 3701 maximum,
1195 3637 1238 3690 si
1276 3652 1495 3709 sepvare
1529 3642 1703 3710 possis
1748 3642 1989 3700 fratrem.

410 3716 548 3773 Nihil
579 3721 721 3775 enim
750 3722 874 3779 huic
915 3741 1164 3795 umquam
1206 3744 1300 3798 par
1340 3730 1454 3785 ﬁeri
1506 3734 1723 3800 poterit,
1754 3736 1893 3805 quod
1923 3735 1993 3791 ad

412 3809 660 3865 virtutem
690 3815 899 3868 attinet.
930 3815 1061 3871 Nam
1102 3819 1146 3870 si
1195 3819 1368 3873 solum
1426 3821 1746 3891 cogitaveris
1804 3825 1988 3892 illum,

413 3915 570 3969 quem
594 3902 824 3971 despicis
848 3914 903 3960 et
941 3907 1204 3974 pneteris,
1227 3924 1257 3961 a
1281 3909 1506 3963 Domino
1539 3918 1627 3965 tuo
1651 3920 1798 3966 tanto
1814 3914 1867 3967 in
1890 3913 1993 3968 ho-

420 4006 551 4047 nore
596 3991 835 4048 habitum
880 3996 1063 4062 fuisse,
1098 4006 1157 4051 ut
1202 4008 1422 4067 prepter
1450 4000 1622 4069 ipsum
1652 4016 1758 4055 non
1786 4001 1995 4074 refuge-

413 4082 483 4137 rit
506 4094 562 4139 et
582 4087 892 4156 sanguinem
917 4104 1073 4143 suum
1104 4089 1402 4159 effundere,
1431 4093 1570 4148 sicut
1595 4103 1652 4149 et
1673 4094 1869 4151 Paulus
1906 4097 1992 4151 di-

415 4174 491 4229 cit
516 4190 529 4227 :
565 4175 633 4228 Et
663 4177 839 4246 peribit
888 4179 1122 4247 inﬁrmus
1147 4182 1303 4251 frater
1347 4182 1399 4235 in
1429 4192 1515 4236 tua
1534 4186 1760 4251 scientia,
1789 4197 1996 4258 propter

412 4282 559 4336 quem
597 4266 826 4324 Christus
854 4281 1076 4325 mortuus
1101 4283 1173 4326 est
1219 4273 1296 4344 (Ι.
1329 4273 1447 4329 Cor.
1474 4274 1528 4330 8.
1565 4275 1694 4347 ll):
1724 4276 1995 4347 quomodo

414 4378 517 4416 non
563 4380 670 4433 prae
709 4360 914 4434 pudore
947 4362 1047 4421 sub
1078 4373 1220 4421 terra
1277 4373 1329 4424 te
1362 4365 1704 4422 abscondes?
1732 4367 1789 4423 Si
1833 4368 1996 4440 igitur

411 4464 630 4523 propter
660 4456 807 4510 illum
853 4456 1093 4512 Christus
1137 4460 1449 4529 sanguinem
1488 4456 1693 4530 effudit,
1721 4458 1847 4533 quid
1889 4476 1995 4520 Ina—

410 4557 572 4613 gnum
600 4542 784 4611 facies,
816 4546 859 4600 si
895 4557 1035 4600 tuam
1067 4547 1118 4601 in
1144 4564 1264 4602 eum
1294 4548 1536 4605 declares
1566 4552 1992 4610 benevolentiam

410 4643 467 4689 et
492 4635 862 4691 exhortatione
881 4639 1162 4692 verborum
1188 4639 1455 4709 jacentcm
1480 4642 1675 4711 erigas,
1694 4647 1992 4701 etanimam

410 4741 642 4781 mersam
672 4728 807 4783 forte
842 4738 896 4783 et
924 4730 1255 4785 submersam
1284 4733 1483 4787 referas
1513 4748 1578 4789 ex
1604 4735 1866 4803 profundo
1884 4753 1998 4790 ma-

410 4821 562 4886 litiar,
596 4830 652 4876 et
681 4822 810 4876 illud
838 4834 1048 4892 satagas
1069 4833 1126 4877 ut
1151 4825 1320 4879 videat
1351 4828 1561 4883 virtutis
1584 4827 1779 4895 lucem,
1809 4844 1871 4883 ac
1888 4845 1993 4885 non

408 4922 656 4967 recurrat
681 4914 748 4967 ad
778 4914 1028 4968 vitiorum
1066 4916 1386 4985 caliginem?

482 5002 536 5057 5.
571 5003 852 5058 Imitemur
879 5005 1056 5075 igitur,
1097 5006 1344 5073 obsecro,
1370 5007 1573 5077 justum
1606 5009 1756 5064 illum
1778 5052 1794 5085 ,
1844 5020 1900 5067 et
1951 5013 1995 5068 si

409 5093 825 5163 periclitandum
863 5096 1022 5149 etiam
1052 5093 1217 5149 fuerit
1246 5112 1343 5166 pro
1375 5100 1547 5153 salute
1586 5101 1835 5168 proximi,
1890 5118 1995 5158 non

383 5187 514 5263 .hoc
542 5186 1008 5257 subterfugiamus.
1038 5187 1172 5242 Nam
1192 5190 1296 5243 tale
1322 5192 1615 5259 periculum
1642 5193 1795 5249 nobis
1810 5195 1997 5251 salutis

409 5278 571 5333 fuerit
589 5280 821 5346 occasio,
847 5280 1174 5350 multamque
1200 5282 1505 5338 conciliabit
1550 5285 1818 5341 ﬁduciam.
1848 5289 1996 5343 Con-

410 5370 588 5426 sidera
617 5372 780 5437 enim,
814 5373 1063 5437 obsecro,
1109 5374 1381 5443 quomodo
1402 5376 1576 5444 justus
1602 5378 1692 5433 ille
1714 5380 1809 5434 ισιὶ
1831 5396 1998 5451 popu-

409 5458 487 5531 lo,
528 5467 617 5536 qui
649 5466 719 5519 ita
745 5466 798 5520 in
824 5465 1082 5521 malitiam
1113 5466 1541 5535 conspiraverat,
1572 5483 1632 5524 se
1651 5472 1996 5541 opposuerit,

411 5568 469 5613 et
493 5574 734 5629 magnam
766 5559 1106 5614 clementiam
1155 5558 1587 5632 ineffabilemque
1630 5563 1996 5619 fortitudinem

417 5667 527 5719 prze
554 5665 613 5707 se
642 5651 844 5714 tulerit,
867 5650 1110 5720 quamvis
1157 5665 1331 5718 neque
1375 5650 1455 5706 sic
1473 5653 1743 5723 corrigere
1766 5656 1999 5724 potuerit

420 5744 728 5799 indomitam
752 5744 959 5799 illorum
987 5743 1268 5797 insaniam.
1296 5742 1500 5814 Quippe
1526 5755 1648 5815 post
1678 5746 1839 5801 verba
1867 5746 1956 5801 illa
1976 5785 1993 5815 ,

2091 542 2241 612 quasi
2266 542 2512 599 manibus
2528 543 2891 612 prostituisset
2910 543 3067 610 filias,
3093 542 3221 613 quid
3246 544 3429 598 dicunt
3444 542 3512 597 ad
3528 544 3686 597 eum?

2092 632 2146 687 9.
2174 633 2373 688 Recede
2418 632 2562 689 illuc.
2592 633 2639 689 Ο
2678 650 2893 705 gravem
2939 636 3289 692 ebrietatem!
3328 650 3361 691 ο
3413 636 3683 705 ingentem

2092 722 2487 794 insipientiam!
2520 723 2577 779 ln
2623 723 2765 779 hunc
2812 725 3027 780 modum
3058 741 3116 780 se
3164 726 3327 781 habet
3385 724 3604 781 elferata
3632 736 3685 779 ct

2094 813 2231 867 mala
2262 813 2430 868 bestia
2458 814 2890 884 concupiscentia
2915 834 2927 868 :
2956 816 3167 885 quando
3188 817 3450 871 rationem
3471 816 3683 881 vicerit,

2093 902 2225 977 nihil
2251 903 2508 959 decorum
2530 913 2584 959 et
2612 905 2893 960 honestum
2932 908 3115 962 videre
3144 908 3290 974 sinit,
3324 907 3419 963 sed
3445 907 3596 977 quasi
3632 906 3684 961 in

2093 976 2335 1047 tenebris
2361 1004 2415 1048 et
2442 1009 2615 1063 pugna
2650 1006 2910 1049 nocturna
2936 996 3111 1049 omnia
3139 995 3283 1050 facit.
3321 976 3512 1051 Recede
3536 996 3681 1058 illuc,

2092 1084 2307 1138 dicunt:
2332 1085 2508 1138 venisti
2534 1094 2588 1138 ut
2617 1100 2747 1139 esses
2768 1085 2985 1152 advena,
3010 1088 3253 1157 numquid
3281 1087 3433 1141 etiam
3456 1096 3511 1141 ut
3529 1088 3682 1157 judi-

2090 1175 2224 1227 cium
2255 1175 2455 1244 judices
2477 1175 2502 1227 .9
2528 1174 2667 1245 Ergo
2695 1192 2827 1230 nunc
2852 1186 2897 1230 te
2916 1177 3189 1248 aﬁligemus
3219 1179 3400 1247 magis,
3432 1194 3586 1246 quant
3614 1177 3684 1230 il-

2094 1264 2187 1319 los.
2218 1264 2354 1321 Vide
2383 1267 2652 1336 quomodo
2676 1268 2852 1337 justus
2874 1277 3150 1323 mansuete
3177 1282 3297 1322 cum
3315 1269 3392 1323 eis
3415 1268 3669 1338 loquitur,

2093 1356 2168 1410 illi
2206 1366 2385 1411 autem
2415 1368 2612 1427 quanta
2654 1358 2929 1414 ferocitate
2964 1359 3310 1429 respondent.
3364 1359 3517 1413 Enim
3552 1374 3682 1415 vero

2091 1447 2240 1516 quasi
2269 1463 2297 1500 a
2323 1447 2539 1503 diabolo
2577 1450 2851 1519 exagitati,
2895 1458 3042 1505 eteo
3091 1451 3339 1506 ducatum
3369 1450 3675 1520 prmbente,

2091 1540 2163 1593 ita
2187 1548 2371 1595 contra
2397 1538 2601 1610 justum
2632 1542 2931 1611 insurgunt,
2964 1551 3019 1597 et
3043 1541 3226 1596 dicunt
3254 1559 3267 1595 :
3296 1540 3489 1596 Venisti
3510 1551 3563 1594 ut
3588 1541 3682 1594 ad-

2091 1645 2217 1683 vena
2245 1646 2395 1697 esses,
2425 1631 2671 1702 numquid
2696 1632 2846 1686 etiam
2866 1641 2920 1686 ut
2950 1632 3203 1702 judicium
3219 1633 3423 1704 jndices
3443 1633 3469 1687 ?
3496 1632 3679 1687 Adve-

2092 1736 2213 1775 nam
2270 1729 2343 1788 te,
2374 1721 2637 1791 inquiunt,
2678 1724 3009 1793 suscepimus
3041 1740 3055 1776 :
3084 1739 3207 1778 num
3229 1732 3283 1778 et
3308 1723 3470 1794 judex
3499 1734 3684 1778 noster

2093 1825 2151 1865 es
2205 1809 2418 1865 factus?
2459 1810 2502 1867 Ο
2545 1821 2838 1867 extremam
2909 1813 3344 1882 improbitatem!
3388 1812 3681 1883 Oportebat

2092 1903 2429 1969 erubescere,
2458 1903 2739 1973 oportebat
2760 1904 2992 1959 revereri
3011 1906 3289 1960 consilium
3303 1904 3430 1974 justi
3457 1922 3471 1959 :
3494 1920 3678 1959 verum

2094 1992 2231 2047 sicut
2255 1994 2427 2048 insani
2450 1996 2609 2050 etiam
2634 1994 2899 2049 medicum
2944 1996 3202 2064 impetere
3224 2004 3504 2060 conantur,
3531 1995 3599 2049 ita
3627 2005 3682 2048 et

2094 2082 2171 2136 illi
2205 2099 2218 2135 :
2251 2081 2343 2147 Te,
2373 2085 2542 2148 aiunt,
2591 2085 2750 2155 magis
2777 2084 3070 2156 aﬂligemus,
3100 2102 3251 2156 quant
3297 2086 3432 2140 illos.
3488 2086 3540 2140 Si
3573 2099 3678 2139 non

2094 2175 2197 2240 vis,
2220 2174 2387 2243 aiunt,
2415 2176 2578 2231 silere
2602 2185 2656 2231 et
2686 2178 2986 2247 quiescere,
3016 2177 3194 2233 disces
3211 2186 3261 2233 te
3280 2177 3572 2248 patrocinio
3590 2185 3682 2231 tuo

2095 2264 2227 2319 nihil
2256 2265 2399 2320 aliud
2424 2266 2760 2334 effecturum,
2791 2278 3144 2337 praeterquam
3192 2268 3334 2337 quod
3358 2268 3433 2323 illi
3464 2269 3680 2338 quidem

2094 2354 2389 2422 periculum
2412 2354 2691 2424 effugient,
2723 2364 2778 2410 tu
2799 2364 2975 2410 autem
3004 2356 3057 2409 in
3098 2356 3271 2426 ipsum
3300 2356 3525 2412 incides.
3568 2355 3680 2411 Fa-

2093 2444 2288 2500 ciebant
2314 2457 2479 2499 autem
2499 2448 2598 2501 vim
2626 2447 2723 2502 Lot
2752 2448 2914 2503 valde.
2940 2448 3074 2503 Vide
3093 2449 3292 2518 justum
3326 2450 3473 2503 illum
3503 2464 3677 2518 quan-

2095 2545 2201 2590 tam
2228 2537 2591 2593 fortitudinem
2626 2538 2897 2605 declarat,
2933 2548 2988 2594 et
3039 2547 3198 2594 tantae
3224 2539 3546 2594 multitudini
3577 2554 3674 2609 op-

2093 2642 2293 2698 ponere
2323 2642 2382 2683 se
2428 2636 2612 2684 tentat.
2648 2628 2715 2682 Et
2754 2631 3309 2701 appropinquaverunt,
3357 2631 3564 2701 inquit,
3624 2639 3680 2683 ut

2097 2727 2410 2772 contererent
2426 2720 2665 2790 januam.
2694 2719 2827 2775 Nam
2853 2722 3103 2791 quoniam
3138 2737 3470 2791 egressurus,
3498 2731 3551 2776 et
3580 2720 3676 2776 hoo

2097 2825 2215 2865 rum
2246 2810 2505 2866 insaniam
2528 2811 2827 2881 praevidens
2853 2812 3045 2867 clausit
3072 2822 3189 2882 post
3217 2826 3277 2868 se
3301 2813 3539 2881 januam,
3572 2826 3678 2867 non

2094 2901 2327 2957 ferentes
2372 2902 2521 2972 impii
2559 2910 2615 2959 et
2660 2903 2872 2959 scelesti
2935 2904 3011 2958 illi
3065 2903 3480 2958 admonitionem
3524 2902 3677 2972 justi,

2095 2992 2268 3063 ipsum
2296 2994 2345 3047 vi
2371 2994 2705 3064 premebant,
2744 3003 2799 3048 et
2813 2994 3032 3064 januam
3077 3000 3357 3048 conterere
3386 2993 3680 3047 molieban-

2098 3091 2202 3138 tur.
2237 3083 2344 3139 Sed
2374 3084 2498 3155 quia
2527 3085 2780 3154 operibus
2807 3086 2938 3139 satis
2963 3084 3325 3140 demonstrata
3356 3083 3527 3138 fuerat
3546 3083 3677 3153 justi

2096 3176 2285 3244 virtus,
2329 3186 2385 3231 et
2422 3176 2754 3246 hospitalitas
2792 3192 2916 3247 erga
2968 3192 3064 3232 eos
3091 3177 3180 3246 qui
3234 3176 3495 3247 peregrini
3522 3186 3676 3247 puta-

2097 3266 2308 3331 bantur,
2335 3282 2434 3322 nec
2477 3283 2582 3322 non
2607 3278 2661 3322 et
2700 3267 3027 3337 cormpiratio
3068 3267 3230 3322 totius
3259 3267 3438 3336 pepuli
3476 3267 3528 3321 in
3560 3281 3676 3320 ma-

2097 3356 2227 3423 lum,
2262 3366 2390 3413 tunc
2410 3366 2466 3413 et
2496 3358 2530 3412 ii
2561 3358 2649 3428 qui
2673 3358 3020 3423 advenerant,
3055 3357 3465 3411 manifestarunt
3502 3371 3579 3412 se.
3608 3356 3678 3411 Et

2097 3451 2222 3519 quia
2259 3450 2499 3505 viderant
2533 3450 2732 3519 justum
2762 3465 2921 3506 omne
2947 3449 3183 3505 officium
3207 3466 3359 3506 suum
3390 3450 3639 3520 implesse
3661 3491 3676 3514 ,

2097 3558 2248 3599 suam
2278 3542 2615 3598 declarantes
2665 3543 2975 3613 potentiam,
2999 3544 3269 3614 suppetias
3293 3541 3470 3597 ferunt
3493 3541 3639 3611 justo
3661 3581 3678 3607 ,

2097 3634 2183 3689 cui
2216 3633 2296 3688 vis
2326 3632 2489 3688 ﬁebat
2515 3634 2582 3688 ab
2617 3633 2827 3688 illorum
2878 3633 3103 3688 insania.
3136 3632 3223 3688 10.
3258 3630 3457 3699 Itaque,
3488 3631 3679 3701 inquit,

2096 3726 2189 3780 viri
2214 3725 2445 3780 manibus
2471 3726 2681 3779 extentis
2722 3733 3034 3779 attraxerant
3064 3723 3159 3778 Lat
3185 3725 3253 3778 ad
3272 3741 3325 3777 se
3354 3726 3406 3778 in
3430 3724 3634 3778 domum
3663 3766 3679 3791 ,

2097 3826 2145 3868 et
2158 3815 2380 3884 januam
2405 3815 2587 3867 domus
2616 3815 2903 3868 clauserunt
2924 3830 2945 3878 ;
2977 3815 3064 3869 il.
3095 3815 3226 3869 viros
3246 3825 3414 3867 autent
3435 3814 3520 3884 qui
3542 3825 3685 3867 erant

2098 3904 2236 3974 apud
2264 3905 2482 3974 januam
2528 3911 2877 3972 percusserunt
2920 3904 3145 3957 ctecitate
3186 3918 3217 3955 a
3248 3919 3401 3973 parvo
3427 3919 3580 3971 usque
3617 3904 3686 3956 ad

2098 4013 2360 4065 magnum,
2386 4005 2435 4050 et
2458 3996 2690 4050 dissoluti
2707 4005 2823 4050 sunt
2840 4006 3117 4066 quaerentes
3135 3996 3373 4066 januam.
3402 3996 3560 4050 Vides
3581 4011 3686 4066 quo

2100 4096 2257 4157 pacto
2292 4086 2470 4157 justus
2513 4086 2605 4142 ille
2635 4087 2815 4140 statim
2847 4086 3225 4156 hospitalitatis
3264 4087 3456 4156 accipit
3483 4102 3689 4142 merce-

2097 4177 2220 4233 dem
2245 4217 2260 4242 ,
2298 4184 2353 4233 et
2394 4176 2541 4247 impii
2601 4176 2680 4231 illi
2723 4176 2879 4248 digna
2934 4177 3236 4247 plectuntur
3296 4178 3497 4249 ptena?
3541 4177 3682 4233 Dicit

2098 4267 2241 4323 enim
2274 4285 2288 4320 :
2318 4267 2644 4322 Attraxerunt
2668 4267 2767 4322 Lot
2791 4268 2844 4321 in
2872 4268 3100 4335 domum,
3153 4279 3200 4322 et
3244 4270 3451 4335 ianuam
3480 4268 3677 4323 clause-

2098 4368 2255 4424 runt;
2278 4361 2412 4413 viros
2437 4369 2604 4413 autem
2651 4370 3005 4429 percusserunt
3033 4360 3258 4414 cacitate
3298 4377 3329 4412 α
3356 4377 3507 4431 parvo
3530 4376 3686 4435 usque

2099 4451 2168 4511 ad
2188 4466 2449 4526 maguum,
2480 4459 2531 4509 et
2558 4449 2796 4509 dissoluti
2835 4465 2953 4510 sunt
2972 4465 3252 4526 quaerentes
3271 4459 3513 4527 januam.
3544 4456 3687 4524 Quo-

2100 4549 2243 4604 niam
2270 4546 2467 4601 mentis
2497 4560 2683 4600 eorum
2725 4545 2915 4600 oculus
2956 4556 3257 4600 excaecatus
3305 4554 3441 4609 erat,
3474 4557 3690 4615 propter

2101 4642 2206 4697 hoc
2231 4648 2285 4695 et
2301 4639 2417 4695 visu
2443 4639 2631 4709 privati
2659 4645 2783 4692 sunt
2808 4655 2823 4691 :
2846 4646 2903 4691 ut
2924 4637 3131 4705 discant
3150 4637 3278 4699 nihil
3309 4636 3407 4691 sibi
3437 4636 3689 4705 prodesse

2100 4730 2407 4803 corporales
2434 4730 2619 4785 oculos
2644 4770 2660 4796 ,
2690 4728 2737 4782 si
2762 4725 2904 4782 oculi
2954 4725 3151 4781 mentis
3191 4725 3391 4780 fuerint
3415 4728 3687 4807 excaecati.

2103 4824 2172 4879 Et
2191 4823 2313 4895 quia
2340 4822 2787 4891 conspiraverant
2824 4819 2879 4873 in
2913 4818 3135 4884 malitia,
3166 4825 3223 4872 et
3269 4832 3296 4870 a
3328 4817 3470 4871 malo
3497 4825 3689 4871 conatu

2104 4932 2279 4988 neque
2299 4930 2456 4970 senes
2477 4928 2649 4983 neque
2680 4911 2906 4981 juvenes
2948 4908 3308 4973 abstinebant,
3348 4908 3475 4963 ideo
3502 4922 3692 4964 omnes

2102 5006 2353 5063 excaecati
2383 5013 2506 5059 sunt
2536 5020 2550 5056 :
2574 5012 2629 5057 et
2653 5016 2758 5056 non
2785 5001 2957 5056 solum
2987 4999 3260 5064 excmcati,
3292 4998 3386 5054 sed
3417 5008 3473 5053 et
3492 4999 3692 5053 viribus

2103 5097 2348 5169 corporis
2384 5095 2622 5150 destituti
2649 5101 2814 5147 sunt:
2847 5090 3276 5161 quandoquidem
3311 5090 3455 5146 enim
3484 5089 3693 5158 potiore

2106 5188 2338 5244 hominis
2367 5193 2521 5257 parte
2546 5184 2722 5238 anima
2757 5180 3022 5238 debilitati
3051 5190 3227 5246 erant,
3260 5180 3458 5236 idcirw
3491 5179 3694 5235 viribus

2106 5282 2268 5336 etiam
2315 5276 2559 5346 corporis
2585 5283 2710 5329 sunt
2750 5273 3104 5329 destitutizet
3155 5273 3244 5339 qui
3293 5271 3439 5339 prius
3475 5270 3691 5339 januam

2104 5382 2385 5427 conterere
2438 5367 2745 5423 nitebantur
2782 5363 3141 5434 adhibitisque
3190 5361 3349 5415 minis
3383 5374 3505 5412 cum
3547 5360 3694 5427 justo

2105 5462 2475 5534 loquebantur,
2502 5458 2677 5513 subito
2697 5465 2959 5511 steterunt
2982 5453 3176 5508 luxatis
3197 5450 3471 5515 membris,
3495 5460 3549 5505 et
3571 5459 3694 5505 ante

2106 5556 2292 5612 oculos
2312 5554 2468 5609 sitam
2494 5551 2711 5622 januam
2747 5565 2851 5604 non
2875 5549 3134 5603 videntes.
3159 5544 3310 5600 Tunc
3337 5543 3490 5613 quasi
3520 5544 3693 5613 respi-

2111 5652 2249 5707 ravit
2300 5649 2495 5719 justus,
2544 5646 2730 5703 videns
2789 5643 2979 5717 quales
3045 5638 3283 5707 hospites
3351 5644 3569 5701 essent,
3638 5644 3691 5689 et

2110 5759 2268 5815 quam
2298 5755 2503 5814 magna:
2541 5738 2770 5797 virtutis.
2806 5735 2893 5792 η.
2936 5734 3146 5791 Etenim
3191 5731 3442 5786 Dixerunt
3482 5731 3551 5784 ad
3578 5745 3691 5783 eum
