4150 6276
415 334 513 391 ωδ

413 447 502 500 viri
530 441 664 496 :Est
694 442 806 508 quis
851 441 936 493 tibi
986 441 1065 491 hic
1119 455 1268 506 gener
1319 438 1395 489 vel
1445 435 1540 502 ﬁlii
1581 434 1658 488 vel
1705 431 1858 501 ﬁlia,
1909 430 1985 483 vel

413 537 546 589 alius
591 533 702 603 quis
749 533 800 586 in
849 528 1088 584 civitate?
1117 527 1248 581 \lide
1280 523 1546 596 quomodo
1582 522 1710 592 justi
1754 519 1991 591 hospita-

419 628 620 680 litatem
661 632 1033 686 remunerant,
1080 632 1137 676 et
1174 617 1440 690 quomodo
1487 616 1535 672 ei
1578 615 1758 686 largiri
1806 614 1991 669 volunt

417 718 652 772 al‘ﬁnium
680 716 919 769 omnium
971 712 1217 766 salutem.
1252 709 1307 764 Si
1356 708 1474 779 quis
1508 716 1595 762 est
1635 707 1769 770 tibi,
1802 705 1988 775 inquit,

419 826 471 862 ιιι
531 808 744 861 civitate
773 847 788 870 ,
842 807 884 858 si
926 818 1081 872 quem
1121 817 1335 856 servare
1385 799 1555 868 cupis,
1608 798 1651 854 si
1687 812 1844 868 quem
1887 796 1994 850 scis

418 899 486 950 ab
519 898 738 951 istorum
760 895 982 948 crimine
1010 893 1262 957 alienum,
1289 889 1436 943 Educ
1484 904 1547 942 ea:
1602 887 1694 940 hoc
1747 886 1858 939 loco
1881 925 1897 951 ,
1941 893 1996 939 et

419 986 486 1040 de
545 997 718 1048 terra;
782 997 969 1038 otnnes
1021 981 1112 1052 qui
1158 979 1252 1033 tibi
1303 978 1472 1049 juncti
1527 985 1650 1030 sunt
1699 975 1875 1030 cduc:
1911 975 1994 1028 15.

421 1075 691 1128 Perdimus
736 1073 870 1126 enim
919 1089 1010 1124 nos
1059 1071 1222 1123 locum
1271 1069 1424 1121 hunc.
1460 1065 1660 1120 Deinde
1687 1075 1738 1120 et
1783 1079 1994 1119 Causam

416 1166 689 1230 all‘erunt,
735 1165 934 1234 justum
990 1163 1167 1216 omnia
1217 1161 1500 1232 diligenter
1527 1159 1804 1214 docentes.
1865 1158 1999 1224 Quia

419 1257 668 1311 excitatus
742 1266 835 1320 est,
916 1255 1115 1323 inquit,
1161 1253 1352 1306 clamor
1399 1267 1570 1305 eorum
1616 1265 1786 1303 coram
1823 1246 2001 1302 Domi-

418 1363 523 1412 no,
581 1356 626 1399 ct
667 1347 796 1400 misit
835 1362 927 1400 nos
989 1344 1236 1398 Dominus
1269 1354 1323 1396 ut
1367 1354 1699 1396 extereremus
1741 1355 1843 1394 eos.
1891 1339 2003 1394 Hoc

419 1447 536 1493 erat
573 1437 713 1508 quod
775 1437 1050 1493 dicebatur
1092 1436 1406 1505 patriarcha:
1463 1433 1691 1488 Abrabm
1741 1450 1754 1486 :
1801 1433 2003 1488 Clamor

423 1528 762 1582 Sodomorum
806 1537 851 1580 et
895 1525 1192 1580 Gomorrha:
1231 1525 1593 1602 multiplicata;
1617 1532 1688 1577 est
1721 1523 1862 1591 apud
1903 1538 2000 1576 me.

427 1618 694 1672 Exaltatus
739 1627 830 1677 est,
885 1616 1074 1688 inquit,
1134 1616 1326 1670 clamor
1354 1633 1527 1669 eorum
1571 1631 1741 1669 coram
1786 1613 2004 1668 Domino

425 1709 576 1777 (Gen.
610 1709 694 1763 ιε.
727 1710 840 1780 eo).

493 1803 547 1858 6.
578 1802 808 1858 Grandis
847 1802 1208 1871 perversitatis
1247 1816 1430 1855 eorum
1463 1800 1788 1867 magnitudo,
1835 1807 1890 1854 et
1917 1797 2002 1854 id-

424 1893 588 1959 circo,
619 1892 741 1962 quia
770 1893 1073 1947 iucurabilis
1103 1893 1339 1952 morbus.
1371 1901 1425 1946 et
1456 1891 1644 1945 vulnus
1675 1891 1778 1945 hoc
1808 1889 2005 1944 nullam

425 1998 606 2036 curam
639 1982 845 2051 recipit,
867 1982 1010 2036 misit
1037 1996 1134 2035 nos
1153 1981 1404 2035 Dominus
1423 1991 1477 2034 ut
1500 1990 1864 2035 extereremus
1891 1994 2004 2034 eos.

429 2073 492 2126 Et
521 2071 623 2127 hoc
649 2082 730 2127 est
754 2073 894 2142 quod
917 2073 1128 2129 dicebat
1153 2073 1315 2128 David
1340 2090 1353 2125 :
1387 2073 1485 2140 Qui
1514 2073 1637 2143 facit
1661 2073 1868 2142 angelos
1892 2088 2010 2125 suos

425 2165 653 2233 spiritus,
695 2174 739 2218 et
767 2165 1022 2219 ministros
1060 2181 1176 2219 suos
1203 2165 1464 2234 ﬂammam
1493 2163 1624 2234 ignis
1660 2163 1679 2234 (
1707 2162 1851 2216 Psal.
1885 2163 2007 2218 105.

427 2254 507 2322 4).
537 2254 690 2320 Quia,
722 2255 910 2324 inquit,
942 2253 1254 2308 advenimus
1282 2255 1348 2308 ad
1376 2254 1512 2308 hanc
1534 2253 1804 2324 regionem
1826 2252 2012 2308 delen-

427 2345 548 2398 dam
602 2347 858 2414 (propter
904 2346 1158 2399 malitiam
1207 2344 1348 2400 enim
1397 2343 1802 2398 inhabitantium
1851 2344 2012 2398 etiam

431 2446 568 2490 terra
599 2452 808 2505 pcenam
835 2435 1116 2506 accipiet),
1145 2433 1400 2504 egredere
1426 2442 1482 2488 tu
1515 2433 1657 2488 hinc.
1687 2433 1814 2487 Haec
1839 2441 1896 2486 ut
1919 2448 2013 2486 au-

430 2525 566 2579 divit
585 2525 780 2594 jnstus,
804 2535 857 2579 et
877 2526 1059 2580 didicit
1082 2541 1298 2580 causam
1324 2533 1540 2594 propter
1563 2539 1722 2595 quam
1751 2523 2016 2579 affuerunt

433 2617 528 2673 viri
560 2615 792 2684 quidem,
827 2626 882 2670 ut
923 2618 1271 2686 apparebant,
1316 2617 1488 2686 angeli
1527 2625 1704 2670 autem
1735 2629 1921 2670 revera
1961 2622 2016 2670 et

434 2707 656 2760 ministri
680 2707 771 2760 Dei
799 2708 1054 2769 omnium.
1086 2709 1171 2762 14.
1196 2705 1445 2780 Egressus
1472 2706 1564 2761 Lot
1587 2706 1823 2774 loquutus
1846 2714 1918 2760 est
1937 2721 2016 2777 ge-

433 2805 563 2850 neris
590 2797 713 2860 suis,
741 2798 826 2864 qui
850 2807 1144 2867 acceperant
1168 2799 1302 2867 ﬁlius
1331 2815 1460 2869 ejus.
1488 2797 1642 2868 Atqui
1669 2811 1832 2867 supra
1859 2796 2012 2854 dice-

436 2889 524 2944 bat
564 2890 739 2959 impiis
786 2890 910 2958 illis,
951 2891 1081 2945 Ecse
1116 2892 1242 2946 duas
1277 2891 1412 2962 ﬁlias
1443 2890 1619 2957 habeo,
1642 2905 1756 2960 quae
1793 2890 2017 2944 nondum

439 2992 773 3052 cognoverunt
803 2985 934 3038 viros
957 3000 976 3038 :
1002 2985 1269 3054 quomodo
1312 2985 1468 3054 igitur
1496 2984 1582 3039 bic
1616 2985 1764 3050 dicit,
1811 2983 2018 3040 Generis

432 3074 556 3138 suis,
580 3075 662 3142 qui
692 3085 983 3144 acceperant
1003 3076 1135 3144 ﬁlias
1162 3078 1309 3146 ejus?
1331 3075 1409 3130 Ne
1435 3085 1587 3145 putes
1609 3077 1872 3131 contraria
1898 3091 2018 3132 esse

436 3165 550 3216 haec
583 3165 707 3227 illis,
739 3181 858 3234 qua:
885 3168 1128 3234 superius
1157 3182 1187 3222 a
1221 3167 1365 3236 justo
1394 3175 1520 3222 sunt
1544 3167 1705 3222 dicta.
1736 3167 1850 3223 Mos
1874 3168 2016 3222 enim

436 3255 524 3310 ille
553 3257 819 3310 veteribus
841 3267 976 3322 erat,
1005 3269 1129 3313 ante
1153 3260 1376 3313 multum
1407 3267 1616 3330 tempus
1639 3259 1905 3329 sponsalia
1938 3260 2015 3313 la-

435 3361 593 3401 cere:
623 3362 765 3417 sarpe
795 3347 920 3403 item
947 3360 1000 3403 et
1025 3350 1329 3406 cohabitare
1358 3351 1691 3421 desponsatis
1711 3393 1725 3417 ,
1765 3360 1821 3408 et
1859 3352 2016 3407 simul

434 3453 554 3490 cum
602 3439 908 3506 parentibus
944 3441 1184 3496 versari:
1217 3441 1266 3496 id
1306 3443 1447 3513 quod
1489 3452 1542 3498 et
1572 3458 1712 3498 nunc
1755 3442 1935 3498 multis
1965 3443 2015 3498 in

437 3526 565 3580 locis
618 3528 730 3582 ﬁeri
781 3529 938 3584 solet.
984 3529 1116 3596 Quia
1157 3531 1313 3601 igitur
1335 3532 1448 3601 jam
1495 3533 1836 3602 desponsatio
1881 3533 2018 3588 iacta

435 3625 570 3683 erat,
612 3616 731 3672 ideo
762 3628 914 3672 quJt
942 3634 1035 3674 eos
1063 3635 1288 3690 generos
1317 3632 1371 3676 et
1400 3619 1551 3686 dicit,
1583 3623 1682 3688 Qui
1722 3632 2017 3693 acceperant

437 3707 571 3774 ﬁlias
597 3709 726 3778 ejus,
763 3712 1032 3781 proposito
1059 3711 1304 3768 videlicet
1330 3727 1393 3767 ac
1422 3723 1606 3770 mutuo
1629 3729 1916 3770 consensu.
1947 3713 2018 3768 Et

437 3797 557 3851 dicit
583 3815 601 3852 :
633 3799 854 3870 Surgite,
879 3811 924 3854 et
954 3803 1082 3856 exite
1105 3805 1165 3856 de
1194 3804 1287 3857 hoc
1316 3806 1425 3859 loco
1448 3821 1468 3859 :
1493 3808 1612 3875 quia
1633 3806 1811 3862 exterit
1836 3805 2019 3861 Domi-

437 3906 532 3943 nus
560 3891 826 3946 civitatem.
867 3892 1012 3947 Visus
1037 3903 1106 3948 est
1131 3905 1298 3949 autem
1326 3896 1542 3950 ridicula
1570 3897 1714 3968 loqui
1728 3914 1898 3954 coram
1926 3915 2017 3969 ge-

437 3980 571 4034 neris
599 3982 722 4034 suis.
763 3983 890 4038 \‘ide
920 3985 1184 4052 quomodo
1213 4002 1243 4040 e
1272 3987 1412 4040 malo
1442 3987 1532 4042 illo
1564 3986 1824 4043 fermento
1865 4000 2020 4044 erant

438 4081 491 4124 et
523 4072 625 4125 isti.
660 4074 721 4126 Et
750 4085 1030 4142 propterea
1057 4077 1240 4132 volens
1268 4077 1406 4132 Deus
1433 4079 1538 4133 cito
1566 4078 1793 4134 liberare
1812 4079 2016 4149 justum

437 4159 505 4213 ab
533 4161 742 4216 illorum
763 4164 1060 4230 afﬁnitate,.
1075 4183 1178 4220 non
1207 4169 1449 4236 permisit
1469 4178 1526 4222 ut
1549 4170 2020 4224 commiscerentur

438 4266 560 4305 cum
591 4252 794 4307 ﬁliabus
815 4255 942 4324 justi
969 4275 983 4308 :
1006 4259 1097 4311 sed
1124 4275 1244 4312 cum
1281 4260 1455 4327 impiis
1481 4261 1644 4314 etiam
1682 4261 1800 4315 illos
1839 4261 2018 4331 perdi-

439 4343 535 4408 dit,
571 4355 626 4399 ut
663 4361 910 4414 egressus
934 4349 1109 4416 justus
1149 4367 1268 4403 cum
1303 4351 1506 4405 ﬁliabus
1540 4351 1796 4419 eﬂ‘ugeret
1832 4368 2020 4409 eorum

442 4437 830 4504 cognationem.
877 4437 1054 4508 Itaque
1091 4456 1210 4494 cum
1241 4441 1482 4496 audirent
1510 4458 1539 4496 a
1575 4443 1719 4512 justo
1757 4445 2021 4499 terribiles

444 4525 557 4578 illas
584 4528 774 4594 minas,
805 4531 954 4597 quasi
989 4531 1405 4596 subsannabant,
1435 4542 1488 4586 et
1519 4533 1771 4602 putabant
1816 4534 2017 4589 delira-

442 4632 542 4669 met
569 4625 617 4670 ta
642 4632 762 4672 esse
787 4635 903 4688 quae
923 4620 1253 4676 dicebantur.
1288 4623 1661 4679 Verumtamen
1678 4624 1855 4696 justus
1877 4625 2020 4695 quod

439 4723 592 4764 suum
621 4719 736 4766 erat
757 4711 998 4781 iaciebat,
1025 4723 1080 4771 et
1103 4714 1223 4785 quia
1247 4716 1414 4772 semel
1444 4715 1548 4772 illis
1573 4716 1708 4771 ﬁlias
1728 4716 2022 4787 desponsa-
2048 4771 2054 4784 ,

441 4809 540 4865 rat,
572 4803 737 4858 voluit
761 4806 970 4875 eripere
995 4821 1087 4862 eos
1120 4822 1149 4861 a
1172 4807 1433 4878 supplicio
1463 4826 1477 4862 :
1509 4816 1565 4862 at
1593 4808 1668 4862 illi
1698 4808 1978 4864 noluerunt
2002 4851 2020 4878 ,

438 4893 534 4949 sed
563 4895 616 4950 in
643 4897 881 4953 moribus
905 4900 1015 4954 suis
1050 4912 1384 4970 manserunt,
1428 4911 1482 4957 et
1510 4902 1686 4974 reipsa
1725 4902 2025 4960 didicerunt

438 5000 498 5039 se
542 5001 736 5055 magno
773 5003 870 5043 suo
911 4990 1106 5047 damno
1141 4994 1420 5050 consilium
1457 4992 1586 5063 justi
1632 4995 1900 5065 rcjecisse.
1935 4997 2022 5052 15.

443 5075 539 5131 liti
571 5087 757 5144 autem,
790 5079 978 5148 inquit,
1001 5099 1148 5137 mane
1172 5085 1360 5153 factum
1389 5095 1480 5152 est,
1520 5088 1746 5142 studiose
1768 5089 2024 5143 adhortati

438 5175 558 5222 sunt
580 5169 746 5240 angeli
772 5167 868 5223 Lot
885 5211 898 5235 ,
927 5169 1145 5226 dicentes
1173 5188 1191 5226 :
1217 5173 1401 5246 Surge,
1427 5176 1599 5247 accipe
1625 5195 1833 5234 uxorem
1861 5188 2019 5246 tuam,

437 5269 485 5313 ct
508 5261 644 5329 ﬁlias
673 5262 821 5328 duas,
851 5278 977 5331 quas
1001 5262 1172 5329 habes,
1197 5273 1242 5320 et
1269 5269 1368 5333 exi,
1394 5277 1449 5320 ut
1472 5285 1534 5334 ne
1557 5278 1604 5324 et
1631 5279 1685 5323 tu
1705 5288 1817 5325 cum
1840 5271 2025 5343 iniqui-

439 5353 621 5408 tatibus
645 5355 859 5410 civitatis
896 5372 1090 5426 pereas.
1121 5355 1208 5412 16.
1239 5357 1308 5411 Et
1350 5357 1536 5412 turbati
1573 5371 1708 5417 sunt.
1730 5362 1808 5418 Ne
1850 5363 2022 5428 dill‘er,

441 5445 608 5514 inquit
632 5461 646 5500 :
665 5445 775 5515 jam
791 5446 933 5501 enim
957 5447 1061 5502 illis
1079 5448 1338 5516 pernicies
1361 5449 1641 5520 inﬂigenda
1659 5462 1739 5508 est
1761 5471 1774 5507 :
1800 5453 2026 5524 teipsum

441 5537 600 5606 igitur
637 5547 693 5591 et
722 5553 942 5594 uxorem
979 5549 1043 5610 et
1070 5539 1206 5594 ﬁlias
1232 5555 1407 5597 serva.
1435 5539 1513 5596 Illi
1552 5543 1696 5598 enim
1722 5545 1811 5613 qui
1841 5544 2026 5599 nolue-

441 5638 566 5683 ruut
590 5630 936 5685 admonitioni
971 5639 1072 5686 ture
1101 5647 1310 5702 parere,
1346 5648 1452 5688 non
1479 5632 1634 5705 longe
1661 5644 1779 5703 post
1807 5636 2024 5704 partici-

446 5739 536 5795 pes
550 5733 704 5778 erunt
721 5726 1018 5804 communis
1050 5726 1314 5798 interitus.
1335 5717 1410 5783 Ne
1428 5727 1584 5799 igitur
1599 5726 1774 5796 dill‘er,
1795 5739 1852 5783 ut
1876 5744 1942 5784 ne
1967 5742 2019 5786 et

1130 330 1182 382 S.
1223 325 1496 382 JOANNlS
1533 319 2008 379 CHRYSOSTOMI
2049 317 2366 375 ARCHIEP.
2407 317 2930 398 CONSTANTINOP.

3581 327 3684 382 6θό

2100 430 2214 499 ipse
2237 433 2613 488 internecionis
2636 437 2856 491 istorum
2883 437 3161 507 impiorum
3181 440 3446 510 particeps
3472 440 3583 496 llas.
3619 441 3665 495 Γ
3669 452 3688 494 t

2102 522 2284 576 turbati
2314 535 2452 592 sunt,
2486 536 2540 580 ut
2570 526 2686 582 lucc
2726 529 3007 584 audierunt
3035 529 3136 584 Lot
3173 541 3228 586 et
3253 547 3388 585 uxor
3426 541 3480 587 et
3524 532 3641 588 lilia.
3670 553 3683 596 ;

2101 612 2310 668 Turbati
2344 627 2478 680 sunt,
2521 619 2707 687 inquit,
2742 619 2841 673 hoc
2871 630 2973 686 est,
3003 622 3210 676 attoniti
3258 621 3490 687 luerunt,
3530 634 3692 692 atque

2104 706 2156 758 in
2203 707 2420 762 nimium
2477 726 2724 779 pavorem
2778 713 3114 780 inciderunt,
3162 724 3218 769 et
3259 725 3476 785 propter
3520 717 3690 770 minas

2103 798 2242 852 anxii
2275 797 2443 854 fuere.
2489 801 2554 855 Et
2583 800 2703 856 ideo
2729 802 2928 872 Angeli,
2959 820 3142 858 curam
3164 815 3382 874 agentes
3416 805 3570 874 justi,
3598 822 3692 876 ap.

2105 889 2494 959 prehenderunt,
2519 889 2706 960 inquit,
2731 908 2936 945 manum
2961 895 3088 963 ejus.
3111 892 3229 948 Jam
3258 909 3361 948 non
3387 904 3444 948 ut
3467 894 3535 949 de
3560 894 3691 948 viris

2106 980 2340 1050 loquitur
2377 982 2443 1036 de
2468 983 2544 1036 eis
2571 981 2844 1053 Scriptura
2876 984 3075 1047 divina,
3101 985 3194 1039 sed
3225 985 3346 1054 quia
3379 985 3586 1055 plagam
3615 987 3694 1040 in-

2106 1068 2298 1123 ﬂictnri
2317 1080 2488 1137 erant,
2512 1072 2729 1142 angelos
2755 1089 2848 1127 eos
2879 1075 3115 1128 nominat
3134 1074 3364 1129 etdicit:
3395 1075 3694 1146 Apprelmt—

2107 1162 2158 1212 ιιι
2170 1171 2281 1214 runt
2299 1179 2503 1215 manum
2521 1165 2648 1233 ejus,
2669 1173 2713 1217 et
2727 1181 2930 1217 manuni
2948 1167 3118 1218 umoris
3128 1167 3260 1232 ejus,
3279 1175 3324 1219 et
3345 1182 3548 1220 manum
3572 1167 3700 1224 ﬁlia-

2105 1269 2217 1304 rum
2233 1253 2277 1320 ej
2282 1268 2421 1318 us,eo
2437 1253 2570 1322 quod
2583 1264 2806 1323 parceret
2820 1256 2866 1307 ei
2885 1254 3421 1311 Dominus.Fiduciam
3435 1256 3703 1310 addebant

2107 1340 2184 1392 eis
2193 1355 2443 1396 manuum
2459 1352 2703 1398 contactu
2716 1352 2769 1398 et
2780 1342 3162 1398 roboraverunt
3173 1359 3356 1399 eorum
3373 1345 3629 1412 animum,
3644 1354 3704 1400 ut

2111 1447 2176 1485 ne
2216 1434 2372 1485 timor
2395 1448 2579 1487 eorum
2606 1434 2921 1490 dissolveret
2951 1437 3148 1501 robur;
3178 1447 3457 1506 propterea
3483 1437 3698 1504 adjecit,

2112 1520 2189 1575 Eo
2207 1523 2340 1592 quod
2355 1535 2584 1593 parceret
2611 1526 2656 1578 ei
2673 1524 2939 1579 Dominus.
2971 1526 3104 1593 Quia
3117 1527 3260 1580 enim
3280 1527 3532 1580 Dominus
3555 1525 3698 1595 judi-

2110 1615 2249 1666 cavit
2277 1629 2397 1668 eum
2438 1616 2605 1669 salute
2634 1615 2873 1686 dignum,
2916 1616 3117 1672 idcirco
3139 1627 3194 1672 et
3236 1617 3410 1688 angeli
3453 1618 3699 1674 volentes

2112 1721 2297 1759 eorum
2327 1707 2564 1760 animum
2609 1707 2884 1774 roborare,
2915 1723 3131 1763 manum
3162 1723 3348 1762 eorum
3396 1707 3700 1777 apprehen-

2110 1794 2385 1866 dun5-i7.
2420 1797 2484 1850 Et
2511 1798 2776 1854 educentes
2797 1816 2880 1854 eos
2906 1801 3066 1870 foras,
3092 1801 3327 1854 dixerunt
3353 1815 3371 1854 :
3401 1800 3560 1855 Salva
3577 1803 3695 1853 ani-

2114 1903 2248 1938 mam
2275 1897 2412 1940 tuam
2436 1905 2454 1941 .'
2480 1905 2543 1942 ne
2562 1890 2802 1960 respicias
2829 1901 2940 1959 post
2968 1901 3162 1962 tergum
3194 1909 3208 1944 :
3239 1907 3301 1944 ne
3327 1899 3423 1944 stes
3464 1891 3516 1943 in
3563 1891 3702 1944 omni

2114 1977 2224 2030 loco
2247 1993 2336 2048 per
2363 1979 2627 2033 circuitum
2660 1997 2679 2034 :
2714 1982 2768 2034 iu
2795 1991 3012 2036 montem
3041 1983 3237 2037 salvum
3265 1993 3312 2035 te
3345 1985 3448 2052 fac,
3477 1998 3540 2034 ne
3571 1981 3705 2050 forte

2113 2068 2266 2122 simul
2291 2069 2578 2141 abripiaris.
2606 2070 2867 2137 Quoniam
2894 2073 3180 2129 liberamus
3209 2081 3260 2127 te
3288 2073 3354 2126 ab
3381 2072 3555 2141 impiis
3574 2072 3702 2139 illis,

2116 2161 2306 2232 inquit,
2343 2179 2410 2219 ne
2455 2164 2590 2219 ultra
2618 2166 3015 2235 circumspicias
3058 2174 3181 2236 post
3223 2173 3451 2234 tergum,
3483 2179 3550 2218 ne
3575 2163 3707 2218 velis

2116 2255 2296 2312 videre
2325 2273 2444 2327 qua:
2484 2259 2587 2312 illis
2616 2267 2874 2313 eventura
2911 2265 3053 2322 sunt,
3080 2256 3175 2312 sed
3218 2256 3407 2311 festina
3434 2265 3490 2310 et
3524 2256 3706 2324 procul

2119 2358 2296 2416 perge,
2327 2355 2385 2399 ut
2403 2346 2635 2416 ell'ugere
2661 2361 2826 2416 queas
2847 2361 3060 2416 poenam
3083 2346 3162 2402 eis
3187 2343 3544 2414 inlligendam.
3570 2343 3708 2397 Exin

2113 2435 2288 2504 justus
2317 2435 2528 2499 timens,
2555 2450 2622 2489 ue
2663 2435 2798 2490 forte
2826 2451 2932 2490 non
2963 2444 3143 2504 posset
3170 2435 3502 2504 designatum
3534 2434 3602 2487 ab
3627 2434 3706 2488 eis

2119 2525 2297 2580 locum
2319 2525 2569 2596 .assequi,
2599 2534 2654 2580 et
2679 2525 2730 2579 in
2760 2535 3000 2579 montem
3025 2524 3323 2594 pervenire,
3365 2524 3537 2592 inquit
3567 2540 3580 2576 :
3616 2525 3704 2577 l8.

2122 2613 2248 2679 Oro,
2273 2614 2508 2678 Domine,
2541 2615 2626 2669 19.
2655 2615 2772 2683 quia
2799 2615 2984 2667 inuenit
3014 2630 3140 2684 puer
3167 2622 3284 2667 tuus
3311 2613 3708 2668 misericordiam

2119 2722 2290 2759 coram
2329 2715 2396 2773 te,
2442 2715 2489 2760 et
2517 2706 2855 2776 magniﬁcasti
2887 2706 3141 2776 justitiam
3183 2715 3341 2771 tuam,
3383 2721 3534 2775 quam
3579 2706 3710 2774 fucis

2119 2815 2332 2864 mecum,
2360 2808 2416 2852 ut
2441 2800 2571 2852 vivat
2594 2798 2765 2852 anima
2791 2813 2901 2852 mea
2923 2813 2942 2850 :
2971 2813 3061 2868 ego
3084 2806 3252 2852 autem
3278 2813 3378 2851 non
3405 2808 3577 2868 potero
3601 2799 3707 2851 sal-

2119 2890 2226 2942 vari
2249 2890 2300 2943 in
2323 2900 2510 2955 monte,
2534 2905 2596 2942 ne
2616 2888 2994 2958 apprehendant
3018 2904 3096 2941 me
3123 2888 3280 2950 mala,
3310 2899 3355 2942 et
3377 2890 3584 2942 moriar.
3613 2888 3706 2943 20.

2123 2979 2256 3034 Ecce
2279 2981 2452 3035 civitas
2477 2981 2574 3034 ista
2603 2997 2779 3052 prape,
2808 2981 2876 3034 ad
2904 2998 3056 3052 quam
3085 2981 3377 3052 confugiam
3405 2997 3519 3051 ego,
3553 2997 3709 3050 parva

2120 3083 2192 3128 est
2225 3074 2238 3104 ¹
2263 3089 2276 3136 ;
2303 3073 2371 3126 ibi
2398 3072 2649 3139 seruabar,
2684 3083 2729 3127 et
2749 3074 2874 3128 vivet
2903 3073 3073 3126 anima
3101 3089 3212 3126 mea
3245 3083 3449 3143 propter
3479 3084 3544 3126 te.
3573 3073 3706 3139 Quia

2121 3165 2284 3231 enim,
2330 3165 2523 3235 inquit,
2565 3166 2730 3220 semel
2775 3165 3086 3220 decrevistis
3131 3163 3358 3219 salutem
3399 3165 3530 3219 mihi
3579 3179 3707 3218 cou-

2123 3257 2286 3320 l‘erre,
2330 3257 2619 3314 ascendere
2645 3266 2826 3312 autem
2861 3259 2916 3312 in
2954 3258 3151 3312 montis
3187 3258 3461 3318 verticem,
3495 3258 3544 3311 id
3571 3258 3710 3313 vires

2122 3358 2540 3418 meassuperat,
2571 3348 2886 3418 ampliorem
2925 3347 3347 3403 misericordiam
3386 3346 3518 3401 mibi
3563 3348 3712 3400 exhi-

2123 3440 2262 3507 bete,
2305 3450 2359 3496 et
2388 3441 2622 3496 laborem
2650 3455 2826 3495 meum
2854 3438 3109 3494 leviorem
3128 3437 3355 3494 reddite.
3394 3438 3471 3493 Ne
3499 3439 3710 3508 quando

2125 3534 2284 3603 igitur
2305 3533 2674 3604 appreltendar
2699 3548 2729 3587 a
2759 3547 2914 3602 pcena
2939 3548 3058 3602 quae
3083 3529 3335 3601 inﬂigitur
3360 3531 3484 3596 illis,
3511 3541 3565 3586 et
3592 3547 3705 3601 par-

2124 3626 2291 3694 ticeps
2331 3624 2455 3678 liam
2482 3625 2723 3680 interitus
2750 3639 2956 3686 eorum,
3003 3623 3270 3677 civitatem
3303 3621 3440 3677 hanc
3479 3623 3707 3678 vicinam

2121 3724 2177 3771 et
2195 3730 2408 3786 parvam
2436 3726 2711 3786 segregate
2730 3713 2885 3771 mihi.
2907 3713 3036 3768 Nam
3063 3714 3185 3768 licet
3211 3713 3332 3768 vilis
3357 3714 3426 3768 sit
3448 3722 3503 3769 et
3526 3728 3708 3782 parva,

2123 3818 2356 3864 attamen
2397 3808 2504 3862 illic
2531 3817 2794 3871 servatus,
2835 3821 3024 3862 secure
3069 3814 3251 3874 postea
3301 3819 3461 3874 agere
3505 3813 3709 3874 potero.

2120 3899 2211 3954 2|.
2243 3899 2310 3954 Et
2335 3900 2464 3953 dixit
2487 3899 2534 3952 ei
2555 3914 2574 3952 :
2603 3897 2735 3953 Ecce
2759 3897 3040 3951 admiratus
3067 3913 3180 3951 sum
3204 3905 3346 3950 tuam
3369 3896 3552 3967 faciem
3580 3905 3626 3949 et
3654 3897 3708 3948 in

2121 3992 2268 4046 verbo
2291 3993 2407 4058 hoc,
2439 4001 2493 4047 ut
2517 4008 2578 4046 ne
2598 3991 2880 4046 subvertant
2899 3991 3144 4044 civitatem
3169 3990 3232 4044 de
3251 4005 3350 4060 qua
3373 3990 3608 4060 loquutus
3635 4005 3710 4046 es.

2123 4084 2318 4152 Accepi
2346 4092 2462 4138 tuas
2513 4097 2722 4152 preces,
2767 4082 2956 4152 inquit,
2990 4089 3046 4137 et
3090 4082 3191 4136 hoc
3234 4080 3442 4145 iaciam,
3470 4096 3534 4136 ac
3569 4081 3709 4151 quod

2123 4175 2301 4244 petisti
2341 4173 2596 4236 concedo,
2630 4181 2950 4241 pr0ptcrque
2977 4179 3028 4225 te
3059 4172 3224 4226 etiam
3247 4171 3444 4226 civitati
3475 4186 3710 4241 parcam.

2121 4265 2213 4322 22.
2241 4264 2451 4319 Festina
2475 4265 2648 4336 igitur,
2681 4273 2728 4317 et
2756 4279 2947 4333 occupa
2971 4265 3158 4327 locum,
3189 4280 3249 4317 ac
3273 4265 3471 4318 salvere
3488 4280 3508 4319 :
3538 4279 3710 4334 neque

2123 4357 2268 4413 enim
2299 4355 2488 4411 iaciam
2517 4354 2737 4424 aliquid,
2768 4353 2940 4410 donec
2972 4353 3094 4408 illuc
3121 4353 3325 4409 venias.
3354 4353 3474 4407 Non
3502 4364 3674 4423 potero
3693 4395 3708 4416 ,

2125 4450 2314 4522 inquit,
2339 4453 2502 4521 facere
2517 4446 2812 4518 quidquam,
2837 4455 3102 4516 antequam
3121 4454 3174 4498 tu
3193 4446 3316 4499 illuc
3335 4445 3637 4515 ingrediaris
3651 4445 3671 4476 ’
3693 4461 3708 4508 ;

2125 4541 2247 4612 quia
2276 4554 2455 4596 curam
2484 4552 2585 4608 ago
2625 4545 2729 4592 tua:
2757 4537 2972 4602 salutis,
3017 4535 3334 4604 expectabo
3377 4535 3547 4590 donec
3587 4535 3713 4589 illuc

2127 4633 2308 4698 abeas,
2357 4640 2412 4686 et
2455 4640 2582 4685 tunc
2623 4629 2702 4684 eis
2745 4628 2977 4698 inﬂigam
3027 4642 3260 4696 pmnam.
3292 4625 3382 4679 Ξῖ).
3417 4625 3511 4680 Sol
3558 4625 3712 4695 igitur

2127 4741 2354 4796 egressus
2376 4733 2448 4778 est
2468 4739 2618 4793 super
2635 4732 2840 4786 terram,
2864 4730 2909 4775 et
2924 4719 3020 4774 Lat
3039 4721 3239 4774 intravit
3267 4719 3320 4772 in
3347 4716 3530 4788 Segor.
3560 4715 3714 4772 Circa

2127 4817 2257 4873 solis
2282 4825 2481 4882 ortum,
2505 4815 2693 4884 inquit,
2722 4813 2868 4869 venit
2891 4813 2946 4867 in
2974 4813 3239 4884 civitatem
3267 4827 3280 4875 ;
3311 4819 3366 4867 et
3387 4811 3563 4866 statim
3589 4825 3711 4866 cum

2129 4909 2243 4978 ipse
2267 4916 2408 4963 esset
2434 4907 2572 4961 intra
2601 4905 2891 4969 civitatem,
2930 4903 3007 4957 illi
3033 4901 3295 4972 supplicio
3323 4901 3710 4970 plectebantur.

2128 4999 2220 5054 24.
2248 4997 2392 5053 Pluit
2415 4996 2573 5062 enim,
2601 4996 2791 5066 inquit,
2823 4993 3073 5048 Dominus
3100 5009 3252 5062 super
3278 4993 3506 5048 Sodoma
3533 5002 3581 5047 et
3612 4991 3712 5048 Go-

2129 5091 2335 5146 morrha
2371 5088 2587 5159 sulphur
2613 5097 2662 5143 et
2704 5087 2873 5158 ignem
2913 5101 2946 5138 a
2985 5083 3206 5139 Domino
3238 5083 3301 5138 de
3333 5082 3459 5139 calo
3483 5100 3502 5139 :
3528 5084 3619 5139 25.
3665 5094 3713 5138 et

2128 5185 2364 5243 subvertit
2387 5185 2606 5238 civitates
2629 5181 2766 5244 illas,
2790 5189 2835 5234 et
2854 5177 3098 5249 quidquid
3116 5178 3251 5230 circa
3271 5193 3354 5230 eas
3375 5177 3708 5239 habitabatur,

2131 5287 2178 5336 et
2197 5293 2367 5332 omnes
2406 5274 2492 5346 qui
2534 5272 2826 5328 habitabant
2869 5271 2922 5324 in
2959 5269 3261 5335 civitatibus,
3306 5278 3354 5322 et
3400 5282 3545 5322 omne
3579 5270 3713 5336 quod
3762 5253 3772 5262 ’

2131 5369 2444 5426 moriebatur
2469 5367 2532 5421 de
2557 5375 2711 5420 terra.
2738 5363 2814 5418 Ne
2843 5362 2912 5417 ob
2938 5361 3079 5416 hunc
3109 5357 3359 5429 loquendi
3388 5357 3603 5413 modum
3619 5357 3713 5411 ad-

2131 5460 2410 5517 miratione
2437 5457 2687 5521 tenearis,
2715 5454 2941 5516 dilecte;
2975 5453 3271 5523 proprietas
3295 5450 3436 5507 enim
3463 5460 3546 5506 est
3571 5450 3714 5506 Scri-

2193 5559 2209 5585 ¹
2245 5559 2454 5614 Quatuor
2477 5557 2604 5608 Mss.,
2622 5560 2887 5614 noniparga
2903 5551 2989 5597 est.
3250 5613 3257 5614 ί
3338 5604 3368 5614 Α
3491 5607 3503 5614 _
3532 5603 3560 5614 η
3581 5602 3590 5612 ο

2193 5617 2213 5647 ¹
2248 5601 2298 5662 in
2319 5601 2665 5683 Bibliisgrte'cis
2687 5601 2776 5683 bi'c‘
2791 5608 3217 5683 ell‘ertursensus:
3239 5601 3709 5683 festinalsgl-

2129 5690 2274 5748 cens.
2297 5689 2391 5726 non
2411 5665 2540 5725 eius:
2561 5679 2725 5735 potero
2746 5670 2908 5733 facere
2929 5667 3194 5732 quidun
3229 5667 3380 5717 dates
3401 5665 3520 5717 illuc
3541 5676 3709 5727 perosa

2130 5753 2278 5791 nem.
