4150 6276
326 275 440 334 ‘03

326 393 483 459 πρὸς
522 391 708 446 αὑτὸν
725 395 778 447 οί
819 392 1055 462 ἄνδρες·
1098 395 1270 448 Ἔστι
1313 396 1403 461 τίς
1437 411 1538 450 σοι
1568 396 1683 451 ὧδε
1721 399 1997 470 γαμϐρὸς,

326 479 364 548 ἢ
390 483 510 534 vlui
546 479 584 548 ἢ
611 480 945 550 θυτατέρεςν
979 481 1017 551 ἧ
1044 482 1100 534 ετ
1128 484 1219 548 τίς
1251 499 1351 536 σοι
1375 482 1563 549 ἄλλος
1596 485 1769 539 ἐστίν
1813 487 1884 539 ἐν
1928 474 2002 556 τῇ

329 569 509 620 πόλει
526 581 550 629 ;
569 567 712 629 Ὅρα
744 567 860 631 πῶς
879 570 978 638 τῆς
1005 567 1305 637 φιλοξενίας
1320 569 1639 639 ἀμείϐονται
1659 570 1752 625 τὸν
1778 570 2003 637 δίκαιον,

331 657 434 708 καὶ
460 654 578 716 πῶς
604 653 754 724 αὐτῷ
773 654 1102 725 χαρίσασθαι
1131 655 1409 724 βούλονται
1433 654 1541 708 τῶν
1556 657 1770 710 οίκείων
1788 657 2006 711 πάντων

331 739 436 809 τὴν
473 741 768 811 σωτηρίαν.
811 740 880 793 El
925 741 1010 804 τίς
1033 757 1137 803 σοι,
1178 742 1365 812 φησὶν,
1399 741 1458 794 ἐν
1489 744 1555 812 τῇ
1593 743 1766 806 πόλει,
1793 744 1846 796 εί
1860 758 2004 805 τινος

337 825 560 898 ἀντέχῃ,
590 827 646 880 εί
666 844 788 880 τινα
815 822 963 890 οἶδας
990 827 1146 890 ἐκτὸς
1183 828 1442 896 γεγονότα
1471 827 1574 898 τῆς
1599 828 1802 884 τούτων
1827 847 2005 900 παρα-

336 913 548 983 νομίας,
601 913 886 984 Ἐξάγαγε
920 915 989 968 ἐκ
1031 914 1138 970 τοῦ
1175 915 1367 970 τόπου
1417 917 1634 970 τούτου
1674 918 1768 971 καὶ
1813 919 1876 971 ἐκ
1903 919 2003 989 τῆς

340 1000 464 1069 γῆς,
491 1001 584 1053 καὶ
605 1000 812 1064 πάντας
834 999 958 1064 τούς
989 1018 1069 1054 σοι
1093 1003 1471 1072 προσήκοντας
1502 1002 1758 1071 ἐξάγαγε.
1807 1003 2005 1057 Ἁπόλ-

338 1090 534 1155 λυμεν
556 1087 666 1156 γὰρ
703 1087 873 1156 ἡμεῖς
900 1087 1008 1140 τὸν
1025 1089 1212 1142 τόπον
1239 1085 1471 1142 τοῦτον.
1502 1085 1633 1142 Είτα
1662 1089 1756 1143 καὶ
1799 1089 1898 1160 τὴν
1925 1090 2005 1144 αί-

337 1173 460 1226 τίαν
493 1173 780 1242 ἐπάγουσι,
831 1173 1168 1238 διδάσκοντες
1217 1175 1308 1228 τὸν
1352 1175 1559 1230 δίκαιον
1593 1176 1813 1230 ἅπαντα
1863 1177 2003 1247 μετά

339 1260 641 1330 ἀκριϐείας.
681 1261 810 1314 Ὅτι
837 1258 1065 1328 ὑψώθη.
1084 1258 1268 1330 φησὶν,
1295 1262 1333 1330 ἡ
1353 1261 1585 1332 κραυγὴ
1616 1261 1815 1317 αὐτῶν
1828 1262 2003 1316 ἐναν-

341 1348 469 1400 τίον
492 1345 735 1414 Κυρίου,
769 1347 866 1400 καί
904 1347 1263 1401 ἀπέστειλεν
1301 1349 1459 1418 ἡμᾶς
1492 1350 1705 1418 Κύριος
1726 1349 2000 1420 ἐκτρῖψαι

337 1435 580 1500 αὐτούς.
602 1432 770 1487 Τοῦτο
790 1429 860 1505 ἦν
895 1435 1031 1504 ὅπερ
1061 1433 1211 1503 ἔλεγε
1240 1435 1319 1505 τῷ
1351 1438 1684 1508 πατριάρχῃ,
1716 1439 1994 1506 δτιΚραυ-

339 1521 416 1590 τὴ
442 1523 718 1592 Σοδόμων
759 1523 860 1577 καί
899 1525 1206 1594 Γομόρρας
1253 1525 1667 1595 πεπλήθυνται
1710 1530 1860 1596 πρός
1905 1543 1999 1597 με.

352 1607 611 1676 ⁹Ι’ψώθη,
653 1607 838 1680 φησὶν,
868 1609 908 1679 ἠ
948 1610 1178 1680 κραυγὴ
1224 1611 1426 1666 αὐτῶν
1451 1613 1731 1668 ἐναντίον
1756 1613 2000 1683 Κυρίου.

413 1726 487 1784 ς’.
525 1719 664 1774 Πολὺ
698 1721 796 1792 τῆς
826 1723 1171 1794 παρανομίας
1201 1721 1378 1777 αὐτῶν
1411 1723 1472 1778 16
1504 1724 1760 1796 μέγεθος,
1792 1725 1887 1778 καὶ
1916 1724 2004 1778 διά

337 1806 516 1872 τοῦτο,
574 1808 764 1880 ἐπειδὴ
809 1808 1028 1872 ἀνίατός
1071 1811 1219 1862 ἐστιν
1254 1811 1288 1881 ἡ
1319 1809 1494 1876 νόσος,
1543 1811 1637 1865 καὶ
1683 1811 1743 1864 τὸ
1784 1809 2004 1882 τραῦμα

339 1893 594 1965 οὐδεμίαν
626 1895 918 1966 θεραπείαν
946 1895 1274 1966 ἐπιδέχεται,
1297 1895 1584 1950 ἀπέστειλε
1623 1896 1827 1968 Κύριος
1854 1899 2002 1968 ἡμᾶς

340 1981 592 2053 ἐκτρῖψαι
653 1982 843 2054 αὑτήν.
913 1981 1083 2036 Τοῦτό
1134 1986 1281 2037 ἐστιν
1333 1984 1362 2036 ὃ
1410 1984 1595 2052 ἐλεγεν
1645 1986 1673 2037 6
1737 1985 2004 2054 μακάριος

340 2069 518 2122 Δαυῖδ·
580 2071 632 2122 Ὀ
679 2069 866 2129 ποιῶν
903 2070 1044 2136 τοὺς
1088 2070 1384 2139 ἀγγέλους
1432 2071 1620 2124 αὑτοῦ
1669 2072 1999 2140 πνεύματα,

340 2154 622 2221 καὶτοὺς
687 2153 1070 2223 λειτουργοὺς
1127 2155 1315 2208 αὑτοῦ
1392 2153 1580 2222 πυρὸς
1635 2155 1852 2224 φλόγα.
1919 2155 2005 2208 Ἑ-

347 2240 499 2311 πειδὴ
546 2240 836 2310 ἀφανίσαι,
897 2239 1052 2309 φησὶ,
1123 2240 1574 2311 παραγεγόναμεν
1636 2242 1814 2294 πᾶσαν
1871 2240 2003 2294 ταύ-

343 2345 442 2400 την
485 2327 582 2397 τὴν
629 2327 936 2397 περίχωρον
978 2324 1089 2394 (διὰ
1139 2325 1248 2396 γάρ
1288 2327 1386 2396 τὴν
1440 2326 1702 2397 πονηρίαν
1733 2326 1840 2379 τῶν
1865 2329 2002 2380 ἐνοιο

345 2414 581 2467 κούντων
623 2414 716 2467 καὶ
767 2414 801 2483 ἡ
851 2413 922 2484 γῆ
972 2413 1069 2482 τὴν
1116 2414 1386 2484 τιμωρίαν
1443 2413 1692 2484 δέξεται),
1727 2413 1908 2478 ἔξελθε
1939 2415 2002 2469 σὺ

343 2499 610 2554 ἐντεῦθεν.
663 2497 848 2551 Ταῦτα
901 2497 1139 2561 ἀκούσας
1185 2501 1214 2551 6
1258 2499 1486 2565 δίκαιος,
1539 2500 1632 2553 καὶ
1685 2499 1872 2570 μαθὼν
1904 2501 2004 2571 τὴν

342 2587 541 2650 αἰτίαν,
585 2585 652 2638 δι’
703 2585 772 2657 ἦν
809 2585 1250 2656 παραγεγόνασιν
1307 2585 1499 2656 ἄνδρες
1536 2587 1636 2656 μὲν
1661 2587 1720 2639 τὺ
1743 2586 2004 2657 φαινόμε-

342 2690 452 2738 νον,
494 2672 709 2742 ἄγγελοι
763 2672 820 2726 δέ
864 2673 1229 2743 τυγχάνοντες
1267 2673 1362 2726 καὶ
1416 2673 1686 2744 ὑπηρέται
1742 2673 1837 2726 τοῦ
1896 2673 2002 2727 τῶν

339 2761 472 2814 ὅλων
506 2760 660 2826 Θεοῦ,
704 2760 997 2825 Ἐξελθὼν
1022 2760 1290 2828 ἐλάλησε
1335 2761 1485 2828 πρὸς
1529 2759 1671 2828 τοὺς
1710 2761 2005 2832 γαμϐροὺς

341 2847 526 2903 αὐτοῦ
563 2846 703 2912 τοὺς
742 2846 1065 2915 εἰληφότας
1104 2847 1213 2912 τὰς
1269 2844 1591 2914 θυγατέρας
1646 2845 1851 2900 αὐτοῦ.
1895 2846 2006 2900 Καὶ

346 2931 450 3002 μὴν
478 2933 590 2987 ἄνω
613 2932 764 3000 ἐλεγε
793 2935 905 2996 τοῖς
931 2933 1268 3004 παρανόμοις
1304 2933 1552 2997 ἐκείνοις,
1583 2933 1664 2986 ὅτι
1685 2931 1836 3004 [444]
1859 2931 2005 2986 Ἰδοὺ

342 3020 451 3073 δύο
473 3020 792 3089 θυγατέρας
823 3019 962 3088 ἔχω,
1000 3019 1222 3090 αἵτινες
1272 3021 1383 3073 οὐκ
1436 3019 1712 3089 ἔγνωσαν
1753 3018 1974 3089 ἄνδρας
1989 3035 2002 3048 °

345 3104 461 3168 πῶς
491 3100 584 3158 οὖν
613 3105 846 3159 ἐνταῦθά
888 3121 1041 3174 φησι,
1083 3104 1239 3173 Πρὸς
1293 3104 1436 3172 τοὺς
1484 3105 1780 3175 γαμϐροὺς
1823 3105 2007 3160 αὺτοῦ

345 3191 486 3258 τοὺς
517 3192 841 3261 εἰληφότας
869 3192 976 3258 τὰς
1019 3192 1345 3261 θυγατέρας
1377 3191 1597 3258 αὐτοῦ;
1631 3193 1722 3264 Μὴ
1781 3193 2010 3264 νομίσῃς

345 3277 561 3332 ἐναντία
595 3273 733 3352 εἷναι
771 3277 943 3332 ταῦτα
993 3279 1106 3340 τοῖς
1160 3278 1422 3350 πρότερον
1451 3279 1602 3350 παρά
1659 3277 1754 3332 τοῦ
1794 3279 2005 3332 δικαίου

347 3364 607 3436 ῥηθεῖσιν.
646 3364 809 3428 ΙΊὲἰθος
832 3363 941 3435 γὰρ
975 3363 1134 3417 τοῦτο
1156 3359 1225 3435 ἦν
1257 3367 1368 3426 τοῖς
1398 3364 1648 3428 παλαιοῖς
1679 3365 1786 3436 πρὸ
1814 3364 2008 3418 πολλοῦ

345 3451 438 3504 τοῦ
465 3451 656 3522 χρόνου
685 3450 784 3516 τὰς
811 3452 1106 3522 μνηστείας
1153 3451 1444 3518 ποιεῖσθαι,
1486 3452 1582 3506 καὶ¹
1609 3451 1869 3515 πολλάκις
1915 3452 2010 3505 καὶ

349 3539 612 3591 συνοικεῖν
634 3539 752 3600 ταῖς
778 3537 1240 3609 μνηστευθείσαις,
1264 3539 1359 3594 καὶ
1380 3541 1497 3609 ἅμα
1520 3542 1632 3604 τοῖς
1657 3538 1874 3608 γονεῦσι
1895 3539 2011 3591 δια-

345 3624 552 3695 τρίϐειν
571 3640 585 3655 ·
614 3623 642 3678 ὃ
674 3625 764 3678 καὶ
783 3623 877 3679 νῦν
902 3629 1017 3678 ἐστι
1047 3625 1316 3696 πολλαχοῦ
1366 3627 1668 3698 γινόμενον.
1742 3625 1894 3678 Ἐπεὶ
1920 3621 2012 3678 οὖν

347 3711 447 3782 ἥδη
477 3711 545 3764 τά
567 3711 668 3782 τῆς
695 3712 987 3784 μνηστείας
1012 3714 1274 3781 ἐγεγόνει,
1296 3713 1382 3766 διὰ
1418 3710 1576 3766 τοῦτο
1608 3712 1704 3766 καὶ⁵
1730 3710 2013 3784 γαμϐροὺς

349 3800 545 3864 αὐτοὺς
572 3797 825 3870 ὀνομάζει
855 3803 947 3852 καί
979 3817 1136 3869 φησι,
1164 3801 1311 3864 Τοὺς
1340 3800 1661 3868 είληφότας
1694 3799 1801 3866 τὰς
1831 3804 2010 3869 θυγα-

351 3884 524 3953 τέρας
550 3884 734 3938 αὑτοῦ
756 3901 770 3917 ο
787 3887 853 3956 τῇ
878 3885 1072 3957 γνώμῃ
1105 3885 1214 3956 γὰρ
1241 3886 1336 3938 καὶ
1360 3888 1426 3956 τῇ
1457 3883 1852 3951 συγκαταθέσει
1871 3885 2015 3956 εἰλη-

355 3971 516 4038 φότες
550 3967 711 4042 ἦσαν.
746 3973 856 4025 Καί
881 3988 1071 4040 φησιν
1091 3987 1105 4002 ο
1149 3969 1495 4037 Ἀνάστητε,
1526 3971 1625 4024 καί
1654 3969 1927 4035 ἐξέλθετε
1947 3972 2015 4025 ἐκ

355 4057 460 4113 τοῦ
485 4059 672 4112 τόπου
719 4058 954 4123 τούτου,
988 4057 1076 4111 ὅτι
1114 4057 1366 4124 έκτρίϐει
1403 4057 1616 4126 Κύριος
1657 4056 1774 4136 τῂν
1812 4058 2011 4113 πόλιν.

357 4145 564 4210 Ἔδοξε
607 4144 676 4197 δὲ
706 4143 1026 4214 γελοιάζειν
1051 4144 1329 4198 ἐναντίον
1357 4142 1476 4197 τῶν
1504 4143 1777 4214 γαμϐρῶν
1804 4143 2011 4199 αὑτοῦ.

354 4233 498 4302 Ὅρα
519 4230 634 4295 πῶς
656 4234 719 4284 ἐκ
741 4231 840 4300 τῆς
864 4230 1040 4302 ζύμης
1067 4229 1280 4300 ἐκείνης
1294 4224 1434 4300 ἦσαν
1456 4229 1552 4300 τῆς
1584 4230 1824 4300 πονηρᾶς
1845 4221 2010 4284 οὗτοι.

352 4319 462 4372 Καὶ
494 4317 582 4371 διὰ
613 4317 772 4371 τοῦτο
803 4316 1122 4388 βουλόμενος
1149 4318 1178 4370 6
1223 4316 1354 4381 Θεὸς
1395 4316 1608 4387 ταχέως
1653 4315 2015 4388 ἐλευθερῶσαι

350 4407 442 4460 τὸν
474 4405 674 4459 δίκαιον
695 4408 796 4477 τῆς
831 4405 966 4476 πρὸς
993 4405 1233 4468 ἐκείνους
1267 4404 1589 4473 συγγενείας
1608 4444 1624 4470 ,
1656 4405 1718 4456 οὐ
1771 4403 2015 4475 συνεχώ-

354 4511 519 4565 ρησεν
548 4492 666 4546 οὐδὲ
705 4493 929 4563 μιγῆναι
970 4494 1155 4556 αὐτοῖς
1187 4491 1286 4555 τὰς
1326 4491 1631 4564 θυγατέρας
1657 4491 1749 4544 τού
1784 4491 2014 4558 δικαίου,

349 4582 489 4634 ἀλλά
514 4581 906 4652 προανήρπασε
944 4581 1078 4652 μετά
1109 4578 1216 4632 τῶν
1249 4578 1502 4649 πονηρῶν
1535 4579 1628 4630 καὶ
1659 4577 1901 4645 τούτους,
1931 4579 2020 4632 ἵνα

349 4665 637 4734 ἐξελθὼνό
668 4665 875 4728 δίκαιος
917 4665 1056 4737 μετὰ
1101 4663 1211 4718 τῶν
1263 4661 1579 4734 θυγατέρων
1632 4662 1868 4734 διαφύγῃ
1919 4663 2018 4734 τὴν

349 4754 492 4826 πρὸς
515 4754 757 4817 ἐκείνους
787 4753 1125 4823 συγγένειαν.
1166 4751 1524 4814 Ἀκούσαντες
1545 4750 1719 4804 τοίνυν
1749 4751 1897 4822 παρὰ
1924 4751 2018 4804 τοῦ

347 4836 562 4890 δικαίου
578 4834 676 4907 τὴν
696 4835 932 4907 φοϐεράν
952 4835 1154 4904 ταύτην
1177 4834 1424 4905 ἀπειλὴν,
1448 4834 1729 4905 μονονουχὶ
1748 4833 2020 4904 διεχλεύα-

349 4923 468 4990 ζον,
499 4923 591 4977 καὶ
620 4922 868 4993 ἐνόμιζον
896 4921 1169 4994 ληρῳδίαν
1217 4917 1358 4975 εἶναι
1393 4921 1460 4974 τά
1494 4923 1622 4991 παρ’
1672 4921 1836 4974 αὑτοῦ
1867 4921 2019 4990 λεγό-

352 5028 513 5082 μενα.
561 5009 703 5063 Ἀλλ’
733 5010 884 5080 ὅμως
923 5011 950 5062 6
999 5009 1209 5070 δίκαιος
1249 5007 1317 5061 τὰ
1352 5007 1481 5079 παρ’
1512 5006 1704 5060 ἑαυτοῦ
1760 5008 2018 5079 ἐπλήρου,

350 5098 451 5153 καὶ
474 5097 661 5168 ἐπειδὴ
694 5096 839 5162 ἆπαξ
887 5095 1322 5167 ἐμνηστεύσαντο
1369 5093 1533 5148 αὐτοῦ
1561 5094 1660 5157 τὰς
1694 5093 2018 5166 θυγατέρας,

350 5184 620 5258 ἐϐουλήθη
652 5183 956 5257 ἐξαρπάσαι
988 5183 1184 5246 αὐτοὺς
1217 5181 1316 5252 τῆς
1345 5180 1644 5252 τιμωρίαςο
1679 5179 1792 5233 ἀλλ’
1823 5181 2021 5234 ἐκεῖνοι

348 5273 474 5326 οὐδὲ
502 5272 676 5335 οὕτως
706 5270 1019 5342 ἠνέσχοντο,
1050 5269 1165 5323 ἀλλ’
1199 5268 1463 5339 ἐπέμενον
1492 5267 1570 5338 τῷ
1596 5267 1780 5338 οἰκείῳ
1809 5269 2018 5339 τρόπῳ,

351 5361 449 5413 καὶ
473 5358 772 5430 ἐμάνθανον
797 5358 983 5411 λοιπὸν
1020 5357 1087 5410 δι’
1114 5356 1292 5411 αὐτῶν
1329 5355 1438 5410 τῶν
1467 5354 1663 5424 ἔργων,
1696 5354 1770 5418 ὼς
1791 5355 1852 5408 οὐ
1884 5372 2024 5425 συμ-

354 5446 629 5516 φερόντως
674 5447 859 5506 αὑτοῖς
901 5443 995 5498 τοῦ
1037 5443 1247 5498 δικαίου
1305 5443 1406 5512 τὴν
1443 5440 1754 5510 συμϐουλὴν
1778 5441 2024 5512 ἀπεπέμ-

353 5533 542 5601 ψαντο.
577 5531 787 5585 Ἡνίκα
814 5530 901 5591 δέ,
932 5531 1117 5599 φησιν,
1143 5529 1350 5598 ὄρθρος
1365 5528 1621 5597 ἐγένετο,
1647 5527 2024 5580 ἐπεσπούδιι-

357 5618 457 5677 ζον
484 5621 539 5672 οἱ
576 5617 813 5686 ἄγγελοι
853 5617 962 5670 τὸν
987 5616 1136 5679 Λὼτ,
1175 5615 1484 5684 λέγοντες·
1537 5613 1830 5678 Ἀναστὰς
1877 5612 2026 5666 λάϐε

359 5706 472 5769 τὴν
491 5703 744 5773 γυναῖκα
772 5718 910 5766 σου,
941 5703 1172 5768 καὶτὰς
1199 5702 1308 5755 δύο
1339 5699 1686 5768 θυγατέρας,
1736 5698 1810 5764 ἅς
1841 5699 2019 5768 ἔχεις,

362 5789 460 5842 καί
481 5790 708 5854 ἔξελθε,
735 5790 836 5842 ἵνα
859 5789 944 5858 μὴ
975 5789 1073 5843 καί
1106 5789 1188 5842 σὺ
1225 5789 1545 5854 συναπόλῃ
1585 5784 1716 5851 ταῖς
1746 5785 2022 5854 ἀνομίαις

364 5874 469 5944 τῆς
496 5877 742 5944 πόλεως.
778 5877 882 5932 Καὶ
909 5875 1346 5944 ἐταράχθησαν.
1375 5873 1464 5944 Μὴ
1496 5872 1656 5943 μέλλε
1675 5911 1690 5939 ,
1732 5872 1898 5942 φησί·
1937 5873 2020 5928 δεῖ

1450 280 1518 336 ΙΝ
1551 282 1704 339 CAP.
1745 282 1866 340 XIX
1895 283 2139 342 GENES.
2184 284 2416 346 HOMIL.
2458 289 2640 347 XLIII.

3661 293 3764 345 ίθ-ίι

2105 403 2213 474 γάρ
2249 405 2348 474 ἤδη
2381 405 2472 458 τὸν
2497 405 2716 477 ὄλεθρον
2736 407 2943 469 τούτοις
2969 405 3276 476 ἐπιστῆναι.
3317 405 3518 458 Σαυτὺν
3549 401 3641 459 οὖν
3674 406 3765 458 καὶ

2101 481 2200 550 τὴν
2214 483 2450 548 γυναῖκά
2478 498 2570 534 σου
2593 485 2687 536 καὶ
2715 483 2814 546 τὰς
2838 483 2930 535 δύο
2949 483 3253 554 θυγατέρας
3280 482 3566 536 διάσωσον.
3595 482 3766 534 Ἐκεῖ-

2100 576 2178 612 νοι
2205 559 2312 629 γάρ
2345 561 2394 612 οἱ
2431 560 2504 631 μὴ
2533 560 2858 632 θελήσαντες
2896 561 3180 630 πεισθῆναί
3206 577 3298 612 σου
3325 563 3391 631 τῇ
3419 559 3764 629 παραινέσει,

2099 637 2198 688 ούκ
2221 641 2302 700 είς
2327 639 2545 710 μακράν
2571 641 2670 711 τῆς
2699 640 2970 702 ἀπωλείας
2991 639 3376 710 κοινωνήσουσι
3406 641 3516 700 τοῖς
3539 639 3763 700 λοιποῖς.

2100 712 2192 783 Μὴ
2219 715 2397 768 τοίνυν
2427 716 2607 786 μέλλε,
2649 719 2735 770 ίνα
2767 717 2841 788 μὴ
2890 717 2984 770 καὶ⁵
3036 717 3199 780 αὐτὸς
3255 719 3319 787 τῇ
3370 715 3617 785 ἀπωλείᾳ
3659 715 3768 766 τῶν

2101 792 2432 861 παρανόμων
2483 793 2686 848 τούτων
2757 796 3110 865 κοινωνήσῃς.
3191 793 3299 850 Καὶ
3354 793 3769 860 ἐταράχθησαν

2099 869 2274 924 ταῦτα
2303 871 2637 934 ἀκούσαντες
2660 875 2709 924 οί
2737 873 2866 941 περὶ
2895 873 2986 924 τὸν
3019 870 3141 926 Λὼτ
3171 873 3262 926 καὶ
3286 873 3385 944 τὴν
3415 874 3647 938 γυναῖκα
3677 875 3770 924 καὶ⁵

2101 946 2200 1011 τὰς
2258 948 2562 1020 θυγατέρας
2588 967 2602 980 ·
2651 949 3102 1017 Ἐταράχθησαν
3127 989 3141 1012 ,
3192 951 3355 1020 φησὶ,
3412 949 3554 1003 τοῦτ’
3601 949 3768 1010 ἐστιν,

2101 1025 2330 1095 ἔμφοϐοι
2362 1027 2668 1095 γεγόνασιν,
2697 1030 2776 1089 είς
2801 1027 3000 1096 πολλὴν
3027 1027 3224 1082 δειλίαν
3247 1029 3608 1098 κατέστησαν,
3626 1030 3771 1097 ὴγω-

2101 1105 2292 1159 νίασαν
2312 1106 2412 1176 τὴν
2434 1105 2677 1176 ἀπειλήν.
2711 1106 2803 1158 Διὸ
2830 1105 3115 1176 κηδόμενοι
3147 1106 3242 1158 τοῦ
3276 1106 3484 1160 δικαίου
3512 1109 3573 1159 Ol
3598 1106 3768 1175 ἄγγε-

2101 1188 2196 1238 λοι
2227 1182 2588 1252 ἐκράτησαν,
2623 1185 2774 1252 φησὶ,
2805 1183 2915 1251 τῆς
2947 1183 3146 1252 χειρὸς
3169 1184 3376 1236 αὺτοῦ.
3410 1185 3524 1236 Οὐκ
3556 1183 3636 1235 ἔτι
3663 1183 3771 1236 λοι-

2103 1262 2207 1318 πδν
2231 1265 2306 1329 ὼς
2335 1264 2461 1335 περὶ
2494 1265 2702 1336 ἀνδρῶν
2751 1265 3060 1332 διαλέγεται
3100 1267 3132 1335 ή
3182 1264 3394 1336 Γραφὴ,
3442 1263 3554 1317 ἀλλ’
3585 1267 3772 1333 ἐπειδὴ

2106 1342 2388 1413 μέλλουσιν
2413 1343 2642 1412 ἐπάγειν
2680 1344 2780 1414 τὴν
2808 1343 3100 1412 τιμωρίαν.
3140 1342 3405 1410 ἀγγέλους
3431 1345 3626 1406 αὐτοὺς
3662 1343 3780 1398 ὀνό-

2106 1419 2265 1490 μάζει
2288 1421 2382 1473 καί
2406 1437 2572 1491 φησιν
2593 1437 2606 1451 ·
2649 1420 3024 1488 Ἐκράτησαν
3050 1417 3161 1486 τῆς
3207 1417 3406 1487 χειρὸς
3434 1418 3640 1482 αὐτοῦ,
3672 1419 3770 1471 καὶ

2101 1497 2211 1567 τῆς
2240 1499 2438 1567 χειρὸς
2469 1498 2580 1566 τῆς
2598 1501 2883 1566 γυναικὸς
2909 1498 3116 1562 αὐτοῦ,
3148 1497 3246 1550 καὶ
3275 1497 3395 1550 τῶν
3418 1495 3630 1564 χειρῶν
3656 1494 3773 1548 τῶν

2103 1575 2440 1644 θυγατέρων
2483 1574 2692 1637 αὐτοῦ,
2747 1575 2816 1628 ἐν
2845 1574 2924 1640 τῷ
2953 1574 3279 1642 φείσασθαι
3315 1574 3502 1628 αὐτοῦ
3535 1575 3770 1641 Κύριον.

2105 1651 2526 1722 Ιίαρεθάρῤυναν
2547 1653 2744 1715 αὐτοὺς
2758 1651 2844 1704 διά
2873 1652 2970 1720 τῆς
2990 1651 3135 1720 ἁφῆς
3157 1652 3258 1720 τῆς
3279 1651 3483 1722 χειρὸς,
3517 1652 3611 1704 καὶ
3627 1649 3774 1703 ἐνεύ-

2105 1746 2284 1798 ρωσαν
2332 1731 2508 1782 αὐτῶν
2548 1733 2645 1800 τὴν
2673 1729 3006 1800 προθυμίαν,
3055 1729 3142 1780 ’ίνα
3193 1729 3268 1799 μὴ
3302 1733 3331 1782 6
3367 1730 3526 1797 φόϐος
3549 1728 3773 1799 διαλύσῃ

2101 1807 2280 1860 αὐτῶν
2312 1808 2409 1877 τὴν
2448 1806 2600 1875 ίσχύν
2621 1824 2632 1835 ·
2665 1806 2754 1858 διὰ
2789 1807 2949 1857 τοῦτο
2977 1805 3278 1874 ἐπήγαγεν,
3331 1808 3433 1860 Ἐν
3463 1805 3542 1871 τῷ
3567 1809 3776 1875 φείσα-

2101 1888 2240 1938 σθαι
2270 1885 2456 1938 αὐτοῦ
2481 1887 2722 1952 Κύριον.
2769 1882 2985 1953 Ἐπειδὴ
3015 1882 3144 1953 γὰρ,
3183 1885 3337 1954 φησὶ,
3375 1886 3648 1955 σωτηρίας
3677 1884 3774 1936 αύ-

2101 1963 2190 2016 τὸν
2226 1962 2372 2026 ἀξιον
2403 1963 2612 2034 ἔκρινεν
2643 1967 2671 2016 6
2723 1961 2948 2034 Κύριος,
3003 1961 3089 2014 διὰ
3124 1961 3280 2015 τοῦτο
3330 1963 3424 2016 καὶ
3471 1966 3517 2015 οἱ
3556 1963 3775 2031 ἄγγελοι

2105 2041 2415 2111 βουλόμενοι
2470 2040 2622 2112 [445]
2658 2042 2928 2112 νευρῶσαι
2977 2039 3156 2093 αὐτῶν
3197 2039 3296 2110 τὴν
3346 2040 3651 2111 προθυμίαν
3679 2043 3775 2110 τῆς

2104 2118 2284 2188 χειρὸς
2308 2117 2487 2170 αὐτῶν
2516 2117 2800 2188 κρατοῦσι,
2835 2118 2944 2171 Καὶ
2971 2117 3370 2187 ἐξαγαγόντες
3398 2117 3620 2184 αὐτοὺς
3662 2118 3777 2180 ἕξω

2103 2192 2280 2248 εἶπαν
2299 2210 2314 2224 ο
2347 2193 2500 2254 Σῶζε
2523 2197 2638 2263 τὴν
2679 2195 2940 2249 σεαυτοῦ
2970 2195 3182 2264 ⁸ιίιυχήν
3202 2213 3214 2225 ·
3267 2195 3354 2265 μὴ
3411 2195 3777 2264 περιϐλέψῃς

2299 2210 2314 2224 ⁸
2347 2210 2500 2254 uoca
2523 2210 2638 2262 την
2679 2211 2940 2249 σεαυτου
2970 2210 3182 2262 Ψυχην
3202 2213 3214 2225 ⁸
3267 2210 3354 2262 μη
3411 2210 3778 2262 περισλεψῃς

2103 2214 2280 2248 ειπαν
2299 2214 2314 2224 ν
2347 2214 2500 2254 uaga
2523 2214 2638 2263 την
2679 2214 2940 2249 σεαυτου
2970 2214 3182 2264 ⁸εμιυχην
3202 2214 3214 2225 ·
3267 2214 3354 2265 μη
3411 2214 3778 2264 περιολεψῃς

2103 2277 2188 2338 είς
2220 2273 2292 2326 τὰ
2314 2273 2526 2337 ὀπίσω,
2551 2275 2638 2342 μὴ
2661 2273 2817 2342 στῇς
2840 2275 3092 2342 ἐνπάσῃ
3125 2273 3199 2342 τῇ
3230 2275 3556 2342 περιχώρῳ,
3592 2278 3679 2340 είς
3712 2273 3778 2326 τὸ

2105 2352 2242 2419 ὅρος
2262 2350 2474 2414 σώζου,
2486 2352 2571 2419 μή
2603 2367 2748 2404 ποτε
2772 2351 3319 2421 συμπαραληφθῇς.
3354 2353 3590 2422 Ἐπειδὴ,
3621 2354 3773 2421 φησὶ,

2103 2429 2288 2482 λοιπὸν
2320 2428 2711 2498 άπηλλάξαμέν
2743 2445 2804 2481 σε
2837 2429 2944 2481 τῶν
2972 2430 3307 2500 παρανόμων
3331 2429 3554 2493 τούτων,
3583 2431 3778 2499 μηκέτι

2103 2505 2402 2577 περιϐλέψῃ
2432 2507 2512 2568 εἰς
2548 2506 2617 2558 τὰ
2647 2505 2842 2569 ὀπίσω,
2870 2508 3007 2578 μήτε
3041 2506 3274 2579 θελήσῃς
3303 2507 3431 2560 ίδεῖν
3462 2509 3534 2559 τά
3567 2507 3779 2570 τούτοις

2106 2584 2517 2655 συμϐησόμενα,
2547 2583 2684 2638 ἀλλά
2712 2583 2946 2639 σπεῦσον
2971 2589 3066 2638 καὶΙ
3091 2585 3307 2655 μακρὰν
3335 2585 3516 2653 γενοῦ,
3556 2585 3640 2638 ἵνα
3667 2585 3780 2636 δια⁴

2105 2664 2296 2729 φυγεῖν
2320 2660 2551 2731 δυνηθῇς
2599 2662 2698 2731 τὴν
2728 2661 3078 2731 ἐπαγομένην
3109 2660 3316 2725 τούτοις
3336 2658 3779 2732 τιμωρίαν.Είτα

2104 2738 2354 2801 δεδοικὼς
2387 2739 2416 2790 6
2449 2739 2676 2803 δίκαιος,
2716 2741 2923 2810 μήποτε
2957 2741 3018 2792 οὺ
3077 2739 3278 2812 δυνηθῇ
3316 2740 3640 2793 καταλαϐεῖν
3687 2739 3778 2791 τὸν

2107 2819 2198 2870 ὑπ’
2235 2816 2416 2871 αὐτῶν
2443 2817 2801 2887 ἀφορισθέντα
2830 2818 2992 2888 τόπον
3018 2857 3031 2880 ,
3065 2817 3159 2888 καὶ
3198 2820 3279 2879 είς
3319 2818 3378 2870 τὸ
3402 2817 3526 2888 ὅρος
3555 2817 3776 2886 φθάσαι,

2107 2888 2240 2958 φησί
2265 2901 2279 2918 ·
2309 2883 2766 2954 Δέομαι,”Κύριε,
2796 2886 3004 2951 ἐπειδὴ
3035 2883 3214 2954 εὗρεν
3246 2889 3279 2939 ό
3305 2883 3446 2953 παῖς
3469 2883 3584 2940 σου
3610 2888 3781 2950 ἕλεος

2107 2965 2382 3018 ἐναντίον
2417 2979 2534 3018 σου
2560 3003 2577 3028 ,
2639 2966 2738 3018 καί
2799 2965 3176 3035 έμεγάλυνας
3233 2965 3350 3033 τὴν
3386 2967 3780 3030 δικαιοσύνην

2109 3059 2246 3106 σου,
2274 3043 2305 3096 6
2354 3043 2544 3108 ποιεῖς
2586 3045 2674 3111 είς
2709 3042 2814 3111 ἐμὲ
2836 3043 2943 3098 τοῦ
2967 3041 3074 3109 ζῇν
3107 3042 3219 3110 τὴν
3245 3041 3457 3110 ψυχήν
3483 3057 3631 3111 μου·
3667 3041 3782 3109 ἐγὼ

2109 3120 2177 3174 δέ
2203 3123 2273 3174 οὐ
2306 3120 2644 3189 δυνήσομαι
2673 3119 3038 3188 διασωθῆναι
3062 3122 3150 3186 εἱς
3177 3121 3244 3173 τὸ
3276 3121 3434 3188 ὅρος,
3469 3122 3556 3189 μὴ
3601 3136 3781 3173 κατα-

2110 3200 2268 3268 λάϐῃ
2293 3217 2369 3268 με
2399 3204 2471 3253 τὰ
2499 3198 2676 3262 κακὰ,
2712 3199 2811 3252 καὶ
2838 3198 3136 3253 ἀποθάνω.
3173 3199 3328 3252 Ἰδοὺ
3356 3201 3394 3267 ὴ
3432 3202 3611 3264 πόλις
3629 3198 3780 3264 αὕτη

2110 3279 2289 3352 ἐγγὺς
2317 3278 2421 3332 τοῦ
2450 3278 2815 3346 καταφυγεῖν
2842 3295 2918 3346 με
2963 3277 3103 3344 ἐκεῖ,
3135 3277 3321 3347 μικρά
3348 3279 3522 3331 ἐστιν
3558 3291 3580 3318 α
3602 3294 3614 3306 ·
3662 3278 3786 3330 ἐκεῖ

2111 3357 2480 3426 σωθήσομαι,
2530 3357 2628 3408 καὶ
2681 3355 2918 3420 ζήσεται
2965 3357 3003 3424 ἡ
3044 3356 3212 3424 ψυχή
3257 3374 3378 3425 μου
3406 3355 3614 3408 ἕνεκεν
3641 3355 3780 3409 σοῦ.

2125 3437 2342 3505 Ἐπειδὴ
2369 3435 2534 3498 ἅπαξ,
2561 3437 2740 3504 φησιν,
2764 3435 3014 3504 ἐκρίνατε
3037 3435 3133 3504 τὴν
3155 3435 3426 3504 σωτηρίαν
3454 3433 3782 3503 χαρίσασθαί

2115 3532 2226 3585 μοι,
2246 3513 2560 3585 ὑπερϐαίνει
2577 3513 2634 3564 δέ
2659 3529 2762 3582 μου
2778 3514 2876 3582 τὴν
2900 3514 3050 3581 ἰσχὺν
3073 3513 3132 3564 τὸ
3159 3511 3359 3580 φθάσαι
3387 3511 3482 3580 τὴν
3510 3510 3602 3562 τοῦ
3627 3512 3782 3580 ὅρους

2113 3593 2379 3664 κορυφὴν,
2419 3591 2639 3643 πλείονα
2673 3591 2800 3662 περὶ
2827 3591 2926 3660 ἐμὲ
2943 3593 3039 3662 τὴν
3080 3591 3488 3661 φιλανθρωπίαν
3520 3589 3784 3652 ἐπιδείξα-

2116 3673 2230 3738 σθε,
2262 3672 2354 3725 καὶ
2387 3671 2712 3741 κουφότερόν
2747 3688 2835 3741 μοι
2857 3671 2947 3723 τόν
2964 3671 3208 3740 κάματον
3246 3673 3529 3740 ποιήσατε.
3560 3672 3783 3738 Μήποτε

2115 3748 2206 3804 οὖν
2234 3749 2562 3818 καταληφθῶ
2592 3750 2694 3800 ὑπὸ
2725 3749 2824 3817 τῆς
2844 3748 3191 3817 ἐπαγομένης
3221 3747 3512 3817 τιμωρίας,
3546 3752 3637 3799 καὶ
3669 3762 3782 3797 κοι-

2114 3829 2340 3895 νωνήσω
2366 3827 2465 3894 τῆς
2500 3827 2653 3895 δίκης
2671 3824 2900 3888 τούτοις,
2927 3827 3026 3894 τὴν
3053 3823 3205 3877 πόλιν
3234 3824 3437 3893 ταύτην
3466 3826 3491 3862 b
3520 3825 3617 3894 τὴν
3651 3834 3785 3892 πλη-

2119 3908 2232 3960 σίον
2259 3904 2555 3972 άφορίσατέ
2589 3920 2699 3973 μοι.
2733 3904 2798 3955 Εί
2821 3903 2929 3973 γὰρ
2962 3904 3058 3956 καὶ
3081 3903 3304 3972 εὐτελής
3326 3904 3441 3954 ἐστι
3467 3903 3561 3955 καὶ
3592 3905 3782 3973 μικρά,

2119 3985 2233 4039 ἀλλ’
2266 3981 2682 4044 ἐκείδιασωθεὶς
2700 3981 2998 4052 δυνήσομαι
3023 3983 3081 4034 ἐν
3113 3981 3383 4051 ἀσφαλείᾳ
3401 3977 3540 4036 εἶναι
3579 3981 3782 4034 λοιπόν.

2117 4063 2226 4117 Καὶ
2253 4059 2422 4115 εἶπεν
2450 4060 2606 4124 αὐτῷ
2624 4077 2636 4092 ο
2679 4059 2824 4114 Ἰδοὺ
2849 4058 3162 4128 ἐθαύμασα
3190 4076 3306 4112 σου
3338 4060 3404 4111 τὸ
3439 4059 3742 4126 πρόσωπον

2117 4141 2215 4194 καὶ
2265 4140 2362 4192 ἐπὶ
2419 4135 2499 4203 τῷ
2537 4137 2759 4207 ⁹ῥήματι
2816 4141 3040 4204 τούτῳ,
3103 4136 3207 4190 τοῦ
3247 4135 3334 4206 μὴ
3385 4135 3789 4205 καταστρέψαι

2119 4218 2236 4288 τὴν
2267 4220 2487 4284 πόλιν,
2534 4217 2668 4284 περὶ
2699 4212 2775 4286 ἧς
2823 4217 3156 4283 ἐλάλησας.
3211 4215 3505 4286 Ἐδεξάμην
3543 4233 3633 4267 σου
3689 4219 3788 4286 τὴν

2122 4297 2356 4360 ἱκεσίαν,
2391 4297 2543 4366 φησὶ,
2594 4297 2685 4348 καί
2726 4297 2936 4365 ποιήσω
2969 4297 3064 4348 καὶ
3094 4293 3272 4359 τοῦτο,
3322 4297 3417 4347 καὶ
3455 4295 3672 4366 παρέξω
3706 4313 3788 4348 σοι

2119 4377 2180 4429 τὸ
2201 4375 2445 4444 αἰτηθὲν,
2473 4379 2565 4428 καὶ
2591 4375 2680 4427 διά
2711 4374 2768 4427 σὲ
2793 4378 2889 4427 καὶ
2913 4375 3011 4443 τῆς
3045 4374 3254 4438 πόλεως
3294 4377 3570 4445 φείσομαι.
3597 4377 3785 4429 Σπεῦ-

2122 4471 2239 4507 σον
2261 4451 2394 4516 οὗν,
2424 4454 2522 4506 καί
2554 4454 2850 4507 κατάλαϐε
2875 4455 2982 4506 τὸν
3001 4455 3207 4518 τόπον,
3256 4455 3353 4506 καὶ
3399 4454 3616 4514 σώζου·
3650 4455 3791 4508 οὐδὲ

2123 4538 2232 4605 γὰρ
2259 4533 2495 4605 ποιήσω
2516 4549 2572 4586 τι
2597 4534 2772 4602 μέχρι
2792 4535 2898 4588 τοῦ
2923 4533 3367 4602 παραγενέσθαι
3398 4550 3472 4587 σε
3493 4533 3620 4587 ἐκεῖ
3644 4542 3686 4588 ο.
3713 4535 3788 4586 Ui:

2124 4618 2234 4685 γὰρ
2259 4613 2580 4682 δυνήσομαι,
2618 4615 2772 4682 φησὶ,
2804 4613 2900 4665 τοῦ
2938 4613 3159 4681 ποιῆσαι
3217 4613 3449 4681 πρᾶγμα
3544 4613 3648 4675 ἐως
3695 4614 3790 4666 τοῦ

2126 4691 2386 4747 είσελθεῖν
2419 4709 2480 4745 σε
2514 4693 2650 4745 ἐκεῖ.
2690 4693 2905 4762 Ἐπειδὴ
2946 4692 3180 4762 κήδομαί
3234 4708 3327 4743 σου
3349 4692 3448 4760 τῆς
3494 4693 3788 4762 σωτηρίας,

2127 4773 2382 4842 ἀναμενῶ
2405 4773 2505 4842 τὴν
2557 4774 2674 4826 ἐκεῖ
2701 4789 2796 4824 σου
2840 4771 3045 4841 ἄφιξιν,
3086 4775 3182 4826 καὶ
3216 4773 3340 4826 τότε
3366 4771 3574 4836 τούτοις
3603 4775 3792 4842 ἐπάγω

2127 4853 2226 4924 τὴν
2264 4853 2554 4924 τιμωρίαν.
2607 4852 2672 4904 '0
2713 4850 2884 4918 ἣλιος
2921 4850 3180 4918 ἐξῆλθεν
3227 4851 3323 4904 ἐπὶ
3355 4851 3468 4918 τὴν
3500 4851 3636 4921 γῆν,
3694 4854 3795 4905 καὶ

2127 4934 2256 4986 Λὼτ
2277 4931 2562 5001 εἰσῆλθεν
2581 4934 2668 4997 είς
2691 4930 2915 5000 Σηγώρ.
2946 4932 3018 4983 Πε
3031 4933 3081 5000 ρὶ
3111 4932 3210 5000 τὴν
3237 4929 3328 4984 τοῦ
3351 4931 3500 5000 ἡλίου
3531 4935 3634 4986 ἀνα
3650 4932 3793 5001 .ολὴν

2129 5014 2332 5084 ἔφθασε
2354 5014 2452 5084 τὴν
2484 5011 2639 5065 πόλιν
2662 5027 2678 5043 °
2699 5011 2792 5066 καὶ
2825 5012 3022 5074 εὐθέως
3053 5012 3260 5064 ἐκείνου
3287 5012 3438 5076 ἐντὸς
3468 5014 3564 5084 τῆς
3589 5013 3792 5074 πόλεως

2129 5091 2445 5162 γενομένου,
2480 5087 2624 5144 οὗτοι
2653 5089 2749 5161 τὴν
2781 5090 3050 5161 τιμωρίαν
3100 5091 3361 5160 ἐδέχοντο.
3396 5093 3637 5160 Ἕϐρεξε
3663 5091 3795 5161 γὰρ,

2129 5174 2284 5243 φησι,
2321 5173 2538 5241 Κύριος
2564 5171 2663 5224 ἐπὶ
2695 5171 2924 5241 Σόδομα
2947 5173 3042 5225 καὶ
3068 5173 3338 5242 Γόμορρα
3371 5173 3528 5225 θεῖον
3558 5173 3654 5225 καὶ
3679 5174 3794 5239 πῦρ

2131 5254 2288 5322 παρὰ
2313 5253 2530 5320 Κυρίου
2581 5253 2650 5305 ἐκ
2677 5251 2783 5305 τοῦ
2810 5252 3090 5319 οίιρανοῦ,
3129 5253 3224 5306 καί
3282 5251 3648 5319 κατέστρεψε
3691 5253 3796 5318 τὰς

2131 5336 2343 5400 πόλεις
2364 5334 2581 5400 ταύτας
2610 5334 2708 5388 καί
2730 5332 2939 5389 πᾶσαν
2959 5333 3074 5401 τὴν
3097 5335 3416 5401 περίοικον,
3442 5333 3540 5386 καὶ
3570 5332 3798 5398 πάντας

2128 5415 2270 5479 τοὺς
2295 5415 2722 5480 κατοικοῦντας
2747 5415 2816 5467 ἐν
2848 5413 2977 5479 ταῖς
3001 5414 3238 5474 πόλεσι,
3271 5413 3367 5465 καί
3394 5411 3516 5465 πᾶν
3550 5413 3796 5465 ἀνατέλ-

2129 5497 2243 5546 λον
2264 5493 2332 5546 ἐκ
2362 5492 2472 5562 τῆς
2489 5491 2602 5562 τῆς
2627 5489 2679 5548 δ.
2702 5492 2796 5564 Μὴ
2824 5492 3077 5559 ξενιζέτω
3112 5508 3192 5554 σε,
3231 5492 3479 5562 άγαπητέ
3507 5531 3521 5553 ,
3567 5491 3672 5543 τῶν
3698 5493 3796 5560 ρη-

2196 5583 2220 5610 “
2253 5581 2425 5658 μοι-ει.
2449 5582 2593 5644 μικρά
2619 5583 2760 5630 ἐστιν.
2786 5580 2936 5630 Savil.
2967 5577 2998 5633 ἢ
3027 5580 3171 5642 μικρά
3195 5579 3338 5629 ἐστιν.
3366 5579 3584 5638 Quatuor
3602 5593 3713 5626 mss.
3742 5581 3796 5626 οὐ

2168 5658 2214 5688 ικ
2296 5656 2440 5690 εστιν.

2131 5656 2166 5701 μ
2194 5658 2398 5774 Ρρξευέίς
2423 5705 2504 5774 καὶ
2525 5705 2609 5774 fhv
2634 5720 2686 5774 π.
2708 5720 2750 5774 τ.
2772 5701 2920 5774 Cpisl.
2945 5703 3032 5774 περ
3049 5703 3133 5771 την
3157 5702 3291 5774 πόλι]
3323 5719 3366 5750 τ.
3389 5759 3411 5770 -
3524 5766 3541 5774 Α
3685 5761 3698 5774 ‘
3753 5760 3777 5772 ‘

2195 5768 2212 5799 ι
2251 5765 2301 5812 In
2329 5763 2501 5814 Bibliis
2522 5765 2701 5814 Graecis
2727 5766 2909 5825 legitur
2933 5777 2945 5810 :
2992 5762 3309 5825 Σπεῦσον-οὖν
3330 5762 3415 5825 τοῖα
3448 5766 3652 5825 σωθῆναι.
3679 5762 3794 5808 ἐκεῖ·

2129 5826 2184 5875 οὐ
2323 5827 2586 5897 δυνήσομαι
2605 5822 2806 5897 ποιῆσαι
2824 5829 3017 5897 πρᾶγμα
3144 5822 3228 5870 τοῦ
3257 5824 3399 5896 ἐλθεῖν
3421 5839 3474 5870 σε
3497 5824 3609 5869 ἐκεῖ.

2192 5885 2222 5926 ἆ
2250 5885 2300 5937 lh
2323 5885 2702 5948 Bibliis’logilur
2730 5887 2809 5933 καὶ
2831 5885 2889 5932 τὰ
2916 5885 3227 5934 ἀνατέλλοντα
3251 5888 3302 5931 ἐκ
3324 5893 3404 5940 τῆς
3432 5891 3530 5943 γῆς.
