4150 6276
309 349 416 404 405

311 465 494 534 μάτων
520 467 554 536 ἠ
593 467 832 541 συνθήκη
851 489 864 503 ·
901 473 1096 544 ἰδίωμα
1117 476 1226 548 γὰρ
1253 475 1411 530 τοῦτό
1438 477 1554 528 ἐστι
1584 476 1684 544 τῆς
1721 473 1965 546 Γραφῆςι

309 554 402 605 καὶ
431 553 738 625 ἀδιαφόρως
780 557 922 613 οὕτω
949 563 1210 626 πολλάκις
1241 563 1420 632 τίθησι
1454 563 1520 616 τά
1565 563 1787 634 ῥήματα
1806 579 1818 592 '
1850 562 1878 614 ὃ
1906 561 1970 634 δὴ

305 639 400 692 καὶ
428 641 521 694 νῦν
549 641 696 694 ἐστιν
736 644 884 700 ἰδεῖν.
913 649 1148 715 Ἕϐρεξε
1171 649 1303 718 γὰρ,
1356 649 1512 720 φησὶ,
1544 650 1757 716 Κύριος
1810 647 1970 702 θεῖον

306 726 405 778 καὶ
455 728 574 794 πῦρ
601 732 760 797 παρὰ
807 733 1026 800 Κυρίου
1053 735 1121 788 ἐκ
1149 735 1259 790 τοῦ
1307 737 1586 802 οὐρανοῦ,
1616 735 1703 788 ἵνα
1731 737 1858 805 εῖπῃ
1888 735 1970 788 ὅτι

307 810 518 882 Κύριος
533 814 634 885 τὴν
659 819 928 888 τιμωρίαν
964 821 1229 892 ἐπήγαγε,
1259 824 1354 874 καὶ
1381 823 1444 874 οὐ
1473 823 1632 891 μόνον
1661 821 1758 884 τὰς
1787 821 1971 882 πόλεις

309 898 642 970 κατέστρεψε
666 941 682 966 ,
735 904 828 956 καὶ
877 906 1058 959 πᾶσαν
1101 907 1200 978 τὴν
1245 907 1522 978 περίοικον
1555 948 1571 972 ,
1620 907 1717 960 καὶ
1763 907 1972 968 πάντας

307 986 432 1047 τοὺς
455 988 856 1054 κατοικοῦντας,
873 991 1020 1045 ἀλλά
1055 995 1148 1046 καί
1172 995 1240 1047 τὰ
1267 993 1625 1048 ἀνατέλλοντα
1650 997 1714 1046 ἐκ
1737 993 1838 1062 τῆς
1867 995 1972 1063 γῆς

307 1071 592 1140 ⁴ᾗφάνισεν.
657 1075 874 1147 Ἐπειδὴ
921 1079 1030 1150 γὰρ
1056 1083 1104 1132 οί
1135 1080 1336 1151 ταύτην
1365 1081 1641 1145 οἰκοῦντες
1695 1080 1970 1151 ἅνθρωποι

309 1156 475 1211 πολὺν
498 1160 597 1230 τῆς
624 1163 888 1234 πονηρίας
917 1165 1006 1216 τὸν
1037 1166 1247 1235 καρπὸν
1297 1167 1658 1233 ἐπεδείξαντο,
1707 1165 1794 1220 διὰ
1815 1165 1971 1219 τοῦτο

306 1246 400 1297 καὶ
422 1245 524 1315 τῆς
553 1248 674 1317 γῆς,
702 1251 856 1320 φησί,
886 1251 1013 1314 τοὺς
1039 1254 1284 1323 καρποὺς
1311 1254 1618 1325 ἀχρήστους
1643 1253 1968 1325 ἐργάζομαι,

305 1330 392 1383 ἵνα
413 1333 508 1385 καὶ
535 1334 759 1389 ἐκείνων
787 1336 1194 1406 ἀφανισθέντων
1220 1339 1358 1410 αὕτη
1391 1340 1638 1410 διηνεκὲς
1673 1340 1972 1410 ὑπόμνημα

306 1421 455 1494 [HG]
478 1424 701 1494 γένηται
721 1428 842 1488 ταῖς
873 1425 1010 1496 μετά
1031 1427 1204 1482 ταῦτα
1233 1431 1470 1496 γενεαῖς,
1520 1427 1608 1481 διὰ
1640 1428 1738 1499 τῆς
1765 1428 1972 1492 οἰκείας

307 1511 584 1580 ἀκαρπίας
609 1511 816 1574 πάντας
833 1512 1082 1566 διδάσκου
1090 1532 1157 1568 σα
1177 1515 1286 1568 τῶν
1303 1516 1698 1586 ἐνοικησάντων
1717 1515 1853 1586 αὐτῇ
1872 1515 1972 1586 τὴν

306 1595 589 1666 πονηρίαν.
617 1595 769 1660 Εἶδες
805 1599 930 1653 ὅσον
975 1600 1122 1654 ἐστὶν
1174 1602 1364 1672 ἀρετὴ,
1393 1603 1488 1656 καὶ
1515 1603 1638 1656 ὅσον
1659 1600 1844 1666 κακία,
1877 1602 1971 1655 καὶ

306 1681 424 1745 πῶς
449 1685 478 1736 6
510 1683 607 1752 μὲν
628 1683 832 1748 δίκαιος
856 1685 1056 1757 ἐσώθη,
1097 1687 1249 1740 αὐτοὶ
1281 1687 1339 1740 δέ
1379 1687 1536 1754 ἀξίαν
1571 1688 1674 1758 τὴν
1701 1687 1970 1758 τιμωρίαν

203 1817 208 1824 .
305 1767 496 1822 ἔδοσαν
522 1770 620 1840 τῆς
641 1773 938 1843 πονηρίας;
973 1774 1083 1827 Καὶ
1112 1773 1300 1845 ὥσπερ
1328 1775 1357 1827 6
1393 1774 1599 1838 δίκαιος
1647 1773 1734 1828 διὰ
1769 1775 1868 1845 τὴν
1893 1777 1968 1828 οἰ-

305 1853 462 1908 κείαν
493 1857 695 1928 ἀρετὴν
715 1859 918 1922 καὶτὰς
942 1859 1247 1930 θυγατέρας
1260 1861 1507 1926 διέσωσε,
1526 1861 1740 1931 καὶτῆς
1765 1861 1972 1926 πόλεως

305 1939 520 2010 ἐκείνης
556 1940 652 2013 τὴν
689 1945 1071 2018 καταστροφὴν
1122 1946 1446 2001 διεκώλυσεν
1467 1965 1482 1978 ο
1515 1946 1658 2001 οὕτω
1706 1948 1801 2001 καὶ
1827 1941 1972 2001 οὗτοι

304 2025 393 2080 διά
423 2025 521 2098 τὴν
558 2029 863 2100 ὑπερϐολὴν
892 2031 994 2102 τῆς
1016 2034 1224 2098 οἰκείας
1251 2035 1532 2106 πονηρίας,
1555 2035 1617 2088 οὐ
1640 2035 1799 2105 μόνον
1818 2034 1972 2088 αὐτοί

303 2111 580 2167 ἀπώλοντο
611 2115 708 2168 καὶ
752 2117 1142 2190 διεφθάρησαν,
1191 2120 1328 2174 ἀλλὰ
1354 2122 1448 2176 καὶ
1476 2121 1574 2192 τὴν
1597 2122 1700 2192 γῆν
1726 2121 1972 2194 ἄκαρπον

305 2202 386 2260 είς
415 2201 476 2253 τὸ
509 2200 634 2272 ἐξῆς
657 2201 908 2271 γενέσθαι
935 2205 1373 2277 παρεσκεύασαν.
1403 2208 1514 2261 Kal
1555 2208 1892 2276 ἐπέϐλεψεν
1929 2211 1970 2277 ἡ

303 2286 480 2355 γυνὴ,
521 2289 705 2360 φησὶν,
742 2293 830 2357 εις
853 2291 926 2346 τὰ
949 2293 1160 2358 ὀπίσω,
1185 2294 1284 2348 καὶ
1306 2293 1542 2363 ἐγένετο
1566 2295 1768 2364 στήλη
1800 2296 1968 2359 ἁλός.

314 2371 532 2445 Ἐπειδὴ
551 2374 662 2447 γὰρ
687 2377 972 2432 ἀκούσασα
993 2378 1102 2432 τῶν
1126 2379 1371 2447 ἀγγέλων
1401 2379 1513 2432 τῶν
1542 2379 1972 2448 διαταττομένων

303 2460 382 2530 τῷ
408 2460 620 2533 δικαίῳ,
655 2463 794 2516 ὥστε
831 2466 905 2535 μὴ
934 2465 1224 2537 προσέχειν
1245 2467 1326 2529 εἰς
1355 2467 1426 2520 τὰ
1457 2465 1652 2530 ὀπίσω,
1675 2465 1811 2519 ἀλλά
1834 2466 1972 2536 μετά

305 2547 508 2619 πολλῆς
535 2550 636 2620 τῆς
667 2550 926 2617 ἐπείξεως
951 2552 1050 2622 τὴν
1074 2551 1421 2623 ἀναχώρησιν
1453 2551 1806 2622 ποιήσασθαι,
1839 2567 1971 2621 παρ-

303 2634 504 2702 ήκουσε
527 2635 636 2688 τῶν
666 2635 961 2708 ῥηθέντων,
992 2639 1088 2692 καὶ
1111 2639 1172 2692 τὸ
1192 2637 1570 2710 παραγγελθὲν
1597 2637 1697 2692 οὐκ
1717 2635 1969 2707 ἐφύλαξε,

303 2719 390 2774 διά
415 2721 573 2774 τοῦτο
602 2723 702 2793 τῆς
729 2723 936 2785 οἰκείας
969 2723 1242 2794 ῥᾳθυμίας
1270 2725 1452 2778 δίδωσι
1480 2725 1657 2796 δίκην.

373 2807 439 2871 ζ’.
493 2807 630 2860 Ἀλλ’
659 2811 822 2880 ἡμεῖς
844 2807 1017 2864 ταῦτα
1045 2809 1357 2875 ἀκούοντες,
1395 2811 1596 2883 πολλὴν
1627 2811 1728 2881 τῆς
1765 2812 1970 2876 οἰκείας

304 2893 578 2964 σωτηρίας
595 2895 693 2966 τὴν
715 2895 970 2966 πρόνοιαν
993 2895 1371 2968 ποιησώμεθα,
1387 2897 1480 2950 καί
1503 2898 1600 2968 τῆς
1623 2897 1721 2967 μὲν
1747 2898 1970 2952 ἐκείνων

303 2981 651 3051 παρανομίας
677 2982 936 3053 φύγωμεν
959 2983 1057 3056 τὴν
1089 2984 1322 3055 μίμησιν
1345 3001 1360 3016 ·
1403 2981 1498 3036 τοῦ
1528 2984 1585 3037 δέ
1612 2985 1824 3038 δικαίου
1851 2985 1974 3039 τού-

304 3081 398 3117 του
430 3065 532 3137 τὴν
567 3067 870 3135 φιλοξενίαν
892 3067 1225 3141 ζηλώσωμεν
1260 3069 1357 3122 καὶ
1409 3067 1508 3140 τὴν
1555 3069 1720 3140 ἀλλην
1749 3069 1968 3142 ἀρετὴν,

305 3151 392 3204 ἴνα
426 3151 740 3226 δυνηθῶμεν
767 3157 863 3210 καὶ
904 3155 1005 3226 τὴν
1029 3155 1238 3210 ἀνωθεν
1281 3155 1450 3228 ὀργὴν
1505 3155 1970 3227 ἀποκρούσασθαι.

305 3239 379 3293 οὐ
411 3241 522 3311 γάρ
557 3241 722 3304 ἐστιν,
749 3243 850 3295 οὐκ
879 3243 994 3296 ἐστι
1027 3243 1118 3296 τὸν
1147 3242 1284 3312 μετά
1319 3243 1554 3314 σπουδῆς
1613 3243 1818 3314 ταύτην
1846 3261 1975 3314 μετ-

307 3321 474 3387 ιόντα,
502 3323 577 3393 μὴ
608 3323 773 3376 πολὺν
801 3323 1047 3377 ἐντεῦθεν
1075 3325 1402 3396 κομίσασθαι
1424 3326 1518 3380 τὸν
1555 3325 1844 3397 θησαυρόν.
1863 3327 1974 3380 Καὶ

305 3410 415 3481 γάρ
437 3409 484 3462 οἰ
516 3409 712 3463 δίκαιοι
737 3403 883 3464 οὗτοι
911 3409 1054 3465 οὕτω
1080 3413 1179 3483 τῆς
1208 3411 1412 3467 ἀνωθεν
1439 3413 1612 3484 ῥοπῆς
1640 3411 1971 3483 ἠξιώθησαν,

305 3495 403 3548 καὶ
429 3498 458 3548 6
495 3497 840 3568 πατριάρχης
863 3499 957 3551 καὶ
977 3501 1006 3553 6
1033 3499 1178 3564 Λὼτ,
1201 3499 1295 3552 καὶ
1317 3499 1636 3570 ἀνθρώπους
1666 3499 1974 3568 νομίζοντες

307 3580 682 3651 ὑποδέχεσθαι,
721 3583 1137 3656 κατηξιώθησαν
1166 3587 1262 3640 καὶ
1301 3585 1570 3654 ,ἀγγέλους
1599 3583 1971 3656 ὑποδέχεσθαι,

307 3669 519 3722 καὶτὸν
551 3669 660 3723 τῶν
683 3670 928 3740 ἀγγέλων
959 3672 1256 3745 Δεσπότην.
1281 3673 1499 3737 Ἔξεστι
1545 3673 1641 3728 καὶ
1696 3675 1847 3742 ἡμῖν,
1878 3673 1974 3726 ἐὰν

310 3754 656 3826 βουλώμεθα,
707 3761 802 3812 καὶ
857 3759 953 3814 νῦν
1005 3759 1164 3815 αὐτὸν
1229 3759 1608 3824 ὐποδέξασθαι.
1656 3761 1825 3824 Αὐτὸς
1866 3761 1974 3832 γάρ

307 3845 457 3898 ἐστιν
510 3845 540 3898 6
571 3845 831 3917 εἰρηκὼς,
896 3846 960 3900 ὐ
987 3847 1310 3916 δεχόμενος
1345 3847 1520 3918 ὑμᾶς,
1575 3847 1680 3918 ἐμὲ
1715 3846 1970 3917 δέχεται.

309 3929 468 3984 Οὕτω
501 3933 681 3988 τοίνυν
713 3934 840 3997 τούς
889 3933 1072 3999 ξένους
1125 3935 1536 4006 ὑποδεχώμεθα,
1594 3937 1688 3989 καὶ
1724 3937 1798 4008 μὴ
1838 3937 1975 4008 πρὸς

307 4019 408 4090 τὴν
429 4018 538 4072 τῶν
570 4019 910 4090 φαινομένων
941 4021 1219 4074 εὐτέλειαν
1266 4021 1547 4091 άπίδωμέν
1585 4038 1736 4074 ποτε.
1775 4021 1973 4076 Ἐνίοτε

305 4105 442 4176 γὰρ,
471 4107 521 4158 εί
548 4106 770 4176 τοιαύτῃ
795 4105 1077 4179 γνώμῃτά
1108 4108 1207 4178 τῆς
1237 4106 1538 4176 φιλοξενίας
1557 4107 1971 4178 ἐπιδειξώμεθα,

309 4193 832 4265 καταξιωθησόμεθα
864 4196 958 4250 καὶ
984 4198 1146 4266 ἡμεῖς
1176 4196 1450 4260 τοιούτους
1481 4195 1852 4266 ὑποδέχεσθαι,
1878 4197 1971 4252 ἄν·

307 4282 442 4352 δρας
482 4281 580 4353 μὲν
613 4279 1020 4353 νομιζομένους,
1076 4281 1184 4335 τῶν
1241 4282 1486 4352 ἀγγέλων
1530 4283 1587 4336 δὲ
1641 4283 1739 4354 τὴν
1771 4285 1972 4357 ἀρετὴν

313 4371 596 4441 μετιόντας
615 4387 628 4403 ·
653 4371 813 4442 μόνον
853 4371 929 4443 μὴ
959 4369 1469 4442 περιεργαζώμεθα,
1517 4371 1652 4442 μηδὲ
1689 4371 1971 4445 πολυπρα-

308 4457 621 4528 γμονῶμεν.
677 4457 766 4512 ῖνα
793 4459 868 4529 μὴ
915 4458 1301 4530 διαμάρτωμεν
1351 4458 1445 4512 τοῦ
1479 4458 1776 4530 θησαυροῦ.
1821 4460 1973 4516 Ἐπεὶ

309 4545 406 4599 καὶ
430 4547 460 4597 6
490 4545 757 4616 μακάριος
785 4543 997 4608 Παῦλος
1047 4545 1271 4609 τούτους
1314 4547 1440 4610 τοὺς
1475 4547 1718 4610 δικαίους
1741 4550 1973 4605 αἰνιττό-

313 4648 491 4702 μενος,
520 4632 614 4686 καί
647 4632 912 4686 διδάσκων
939 4634 1086 4703 ἡμᾶς
1125 4633 1536 4704 πῶςοέπέτυχον
1567 4633 1822 4706 τοιαύτης
1847 4637 1974 4690 ὑπο-

307 4719 488 4790 δοχῆς,
513 4721 646 4792 φησί
668 4738 682 4750 ο
725 4721 841 4788 Τῆς
865 4721 1214 4790 φιλοξενίας
1227 4721 1312 4790 μὴ
1345 4721 1819 4777 ἐπιλανθάνεσθε
1837 4739 1850 4753 ·
1875 4723 1974 4778 διὰ

308 4808 529 4875 ταύτης
581 4807 692 4878 τὰρ
734 4810 952 4865 ἔλαθόν
1020 4827 1178 4875 τινες
1241 4809 1593 4875 ξενίσαντες
1653 4809 1969 4879 ἀγγέλους.

309 4893 480 4947 Τοῦτο
506 4894 614 4964 γὰρ
641 4896 836 4958 αὐτοὺς
865 4897 1098 4965 μάλιστα
1155 4897 1503 4968 θαυμαστοὺς
1555 4896 1651 4949 καὶ
1705 4897 1971 4967 μεγάλους

310 4977 610 5045 ἀπέδειξεν,
641 4981 724 5032 ὅτι
755 4981 855 5033 οὐκ
882 4981 1082 5045 εἰδότες
1116 4984 1332 5046 αὐτοὺς,
1367 4983 1466 5053 τὴν
1513 4982 1808 5054 θεραπείαν
1874 4983 1972 5035 ἐπ-

309 5064 633 5118 εδείκνυντο.
680 5067 788 5118 Καὶ
821 5069 980 5136 ἡμεῖς
1017 5069 1196 5120 τοίνυν
1251 5070 1426 5122 πίστει
1460 5069 1552 5123 καλ¹
1605 5069 1862 5139 εὐλαϐείᾳ
1912 5070 1972 5122 τδ

311 5153 542 5222 πρᾶγμα
569 5149 864 5222 μετίωμεν,
887 5151 974 5206 ἴνα
999 5153 1095 5206 καὶ
1129 5153 1221 5206 τοῦ
1261 5154 1536 5226 θησαυροῦ
1576 5156 1851 5225 ἐπιτυχεῖν
1881 5153 1972 5206 δυ-

311 5238 562 5309 νηθῶμεν
581 5255 596 5269 ’
639 5233 700 5292 οὗ
729 5239 936 5308 γένοιτο
968 5239 1175 5304 πάντας
1221 5242 1368 5311 ἡμᾶς
1394 5241 1740 5308 ἀπολαῦσαι,
1788 5241 1994 5314 χάριτί

310 5327 404 5380 καὶ
437 5327 814 5399 φιλανθρωπίᾳ
832 5327 926 5381 τοῦ
959 5325 1164 5399 Κυρίου
1190 5327 1345 5400 ἡμῶν
1379 5329 1552 5400 Ἰησοῦ
1571 5329 1830 5402 Χριστοῦ,
1853 5329 1972 5399 μεθ’

311 5409 372 5468 οὗ
405 5414 480 5486 τῷ
517 5417 692 5488 Πατρί
721 5417 756 5488 ἡ
787 5415 940 5480 δόξα,
973 5415 1090 5487 ἅμα
1122 5415 1200 5487 τῷ
1224 5416 1364 5487 ἁγίῳ
1407 5417 1684 5487 Πνεύματι
1709 5457 1726 5484 ,
1759 5417 1854 5471 νῦν
1879 5419 1975 5470 καὶ

312 5504 418 5560 ἀεὶ,
455 5505 545 5558 καί¹
575 5507 651 5568 εἰς
678 5505 802 5567 τοὺς
837 5503 1040 5566 αἰῶνας
1067 5503 1175 5557 τῶν
1197 5504 1425 5558 αἰώνων.
1464 5506 1655 5576 Ἀμήν.

845 5589 996 5662 [ιι-1]
1027 5591 1268 5645 ΟΜΙΛΙΑ
1315 5593 1443 5644 MA’.

389 5671 661 5738 Ὤρθρισε
685 5667 754 5722 δὲ
790 5670 1036 5739 Ἀϐραὰμ
1061 5670 1140 5737 τῷ
1163 5673 1312 5739 πρωῒ
1344 5674 1433 5736 είς
1464 5672 1567 5723 τὸν
1597 5671 1799 5735 τόπον,
1825 5665 1898 5726 οὗ

692 5739 956 5807 εἱστήκει
985 5742 1262 5795 ἐναντίον
1297 5741 1403 5795 τοῦ
1439 5741 1604 5793 Θεοῦ.

389 5833 456 5884 α’.
477 5825 538 5879 Ἡ
561 5825 697 5880 κατὰ
721 5825 818 5898 τῆν
838 5828 1162 5898 Σαμαρεῖτιν
1187 5827 1435 5891 ὑπόθεσις
1462 5827 1656 5890 ἱκανῶς
1689 5829 1830 5900 ἡμᾶς
1853 5827 1978 5899 χθὲς

1071 361 1128 418 S.
1167 359 1452 418 JOANNIS
1489 357 1970 418 CHRYSOSTOMI
2008 355 2326 416 ARCHIEP.
2362 355 2908 415 CONSTANTINOP.

3634 353 3736 411 ιοε

2073 473 2274 538 ἐδίδαξε
2299 473 2394 527 καί
2429 471 2522 526 τοῦ
2559 473 2828 526 Δεσπότου
2857 471 2957 541 τὴν
2989 468 3193 538 άφατον
3227 467 3625 540 μακροθυμίαν,
3644 469 3736 522 καὶ

2033 610 2036 613 .
2069 568 2170 640 τὴν
2207 569 2647 639 ὑπερϐάλλουσαν
2677 568 2804 639 περὶ
2823 566 2993 637 αὐτὴν
3025 565 3372 636 κηδεμονίαν,
3401 567 3496 620 καὶ
3521 564 3738 634 ἐκείνης

2069 663 2167 732 τὴν
2193 663 2628 734 εὐγνωμοσύνην.
2659 662 2840 715 Είδετε
2871 660 2987 725 πῶς
3019 660 3162 732 ὕδωρ
3188 659 3444 730 αἰσθητὸν
3477 657 3740 728 ὑδρεύσα⁹

2073 757 2198 812 σθαι
2232 759 2674 829 παραγενομένη,
2705 759 2769 810 ἐκ
2791 756 2891 826 τῆς
2915 755 3112 825 νοητῆς
3156 755 3340 825 πηγῆς
3369 753 3438 808 τὰ
3479 753 3600 807 θεῖα
3643 752 3738 806 νά-

2075 868 2220 921 ματα
2243 851 2586 923 ἀρυσαμένη,
2615 849 2790 914 οὑτως
2815 849 3000 903 οἴκαδε
3043 847 3335 918 ἐπανῆλθε,
3363 845 3646 918 πληροῦσα
3676 846 3739 899 τὸ

2073 945 2226 1016 παρά
2251 944 2344 999 τοῦ
2371 947 2642 1000 Δεσπότου
2669 945 2956 1016 εἰρημένον
2978 961 2992 975 ’
3027 945 3095 997 Τὸ
3119 942 3300 1011 ὕδωρ,
3329 942 3360 996 ὃ
3397 941 3512 1011 ἐγὼ
3543 941 3733 1009 δώσω,

2071 1039 2388 1110 γενήσεται
2417 1041 2487 1095 ἐν
2515 1039 2675 1106 αὐτῷ
2702 1039 2863 1110 πηγὴ
2879 1039 3099 1106 ὕδατος
3123 1037 3460 1106 ἁλλομένου
3476 1039 3562 1103 εἰς
3583 1037 3738 1105 ζωὴν

2072 1135 2327 1192 αἰώνιον.
2346 1136 2748 1208 Ἐμφορηθεῖσα
2782 1135 2890 1207 γὰρ
2921 1134 3057 1205 αὐτη
3081 1134 3179 1204 τῆς
3205 1131 3353 1196 θείας
3381 1131 3597 1201 ἐκείνης
3643 1131 3735 1185 καὶ

2073 1229 2449 1301 πνευματικῆς
2472 1229 2675 1301 πηγῆς,
2711 1229 2769 1282 οὐ
2801 1229 3066 1298 κατέσχεν
3086 1229 3218 1280 εῖσω
3243 1226 3311 1280 τὰ
3345 1227 3581 1297 νάματα,
3619 1223 3734 1278 ἀλλ’

2072 1323 2502 1395 ὑπερϐλύζουσα,
2531 1325 2606 1389 ώς
2627 1327 2818 1389 εἰπεῖν,
2847 1323 3025 1395 ἐκχέει
3063 1323 3154 1376 καί
3183 1323 3262 1386 εἰς
3286 1322 3412 1384 τούς
3453 1319 3550 1392 τὴν
3581 1319 3736 1374 πόλιν

2071 1419 2354 1484 οἰκοῦντας
2379 1419 2480 1490 τῆς
2503 1419 2942 1491 παρασχεθείσης
2975 1419 3114 1489 αὐτῇ
3155 1418 3363 1490 δωρεᾶς
3382 1415 3444 1469 τὸ
3467 1415 3733 1487 χάρισμα,

2071 1514 2167 1569 καὶ
2196 1513 2371 1586 κήρυξ
2399 1514 2616 1582 ἐγένετο
2635 1513 2828 1586 ἀθρόον
2853 1513 3062 1584 ήγυνὴ,
3085 1515 3118 1583 ἡ
3143 1513 3494 1582 Σαμαρεῖτις,
3523 1513 3556 1582 ἡ
3581 1511 3738 1564 ἀλλό-

2072 1605 2256 1673 φυλος.
2291 1605 2470 1660 Είδετε
2519 1606 2641 1659 ὅσον
2689 1606 2807 1658 ἐστὶ
2851 1603 3030 1675 ψυχῆς
3085 1602 3471 1672 εὐγνωμοσύνη
3491 1641 3508 1667 ,
3565 1601 3736 1654 εἰδετε

2070 1696 2344 1748 Δεσπότου
2383 1694 2813 1768 φιλανθρωπίαν,
2872 1695 3020 1758 ὅπως
3044 1693 3254 1757 οὐδενὸς
3287 1693 3550 1764 ὑπερορᾷ,
3599 1690 3734 1744 ἀλλὰ

2071 1779 2173 1834 κᾶν
2201 1782 2259 1834 ἐν
2291 1782 2511 1850 γυναικί
2537 1821 2552 1845 ,
2585 1779 2687 1836 κᾶν
2740 1782 2798 1834 ἐν
2829 1781 3006 1852 πενίᾳ,
3060 1779 3165 1833 κᾶν
3213 1780 3346 1832 ὅπου
3375 1777 3570 1849 δήποτε
3598 1775 3734 1848 εὕρῃ

2071 1867 2499 1938 διεγηγερμένην
2525 1867 2702 1938 ψυχὴν
2731 1867 2821 1920 καὶ
2845 1867 3093 1932 ζέουσαν,
3123 1867 3464 1938 παραχρῆμα
3485 1865 3581 1936 τὴν
3603 1865 3734 1935 παρ’

2072 1952 2266 2006 ἐαυτοῦ
2291 1955 2448 2024 χάριν
2476 1953 2760 2022 ἐπαφίησι.
2780 1951 3164 2024 Μιμησώμεθα
3179 1951 3378 2016 τοίνυν,
3406 1949 3732 2022 παρακαλῶ,

2071 2041 2168 2094 καὶ
2201 2042 2360 2112 ἡμεῖς
2396 2039 2495 2111 τὴν
2522 2042 2752 2108 γυναῖκα
2785 2039 3011 2110 ταύτην,
3042 2039 3136 2092 καὶ
3167 2039 3304 2110 μετὰ
3337 2039 3536 2110 πολλῆς
3567 2054 3734 2108 προσ-

2070 2129 2202 2198 οχῆς
2221 2128 2504 2199 δεχώμεθα
2536 2128 2602 2180 τὰ
2623 2127 2772 2198 παρά
2794 2125 2888 2180 τοῦ
2923 2126 3063 2180 Πνεύ
3073 2144 3239 2197 ματος
3257 2126 3580 2196 διδάγματα.
3601 2123 3734 2176 Οὐδέ

2071 2215 2178 2287 γὰρ
2217 2215 2461 2287 ἡμέτερά
2483 2218 2598 2268 ἐστι
2621 2213 2688 2268 τὰ
2717 2214 3003 2286 λεγόμενα,
3039 2213 3159 2266 οὐδὲ
3184 2213 3242 2280 ἐξ
3268 2213 3468 2275 οἰκείας
3491 2209 3736 2281 γλώττης

2071 2302 2440 2372 φθεγγόμεθα,
2473 2303 2614 2372 ἅπερ
2643 2301 2708 2354 ἀν
2747 2303 3008 2371 εῖπωμεν,
3046 2301 3160 2354 ἀλλ’
3192 2301 3257 2353 ἐκ
3283 2301 3379 2370 τῆς
3411 2298 3504 2352 τοῦ
3533 2295 3735 2350 Δεσπό-

2069 2405 2163 2440 του
2190 2388 2600 2459 φιλανθρωπίας
2632 2387 2983 2457 ὁδηγούμενοι
3015 2399 3040 2426 α
3073 2385 3164 2440 διὰ
3211 2385 3309 2457 τὴν
3341 2385 3608 2453 ὠφέλειαν
3637 2383 3736 2454 τὴν

2071 2475 2344 2544 ὑμετέραν
2377 2475 2472 2528 καί
2493 2475 2592 2543 τὴν
2621 2474 2912 2544 οἰκοδομὴν
2943 2474 3039 2544 τῆς
3081 2472 3176 2525 τοῦ
3210 2471 3343 2524 Θεοῦ
3387 2470 3731 2540 Ἐκκλησίας.

2071 2561 2156 2631 Μὴ
2195 2561 2369 2614 τοίνυν
2394 2561 2528 2631 πρὸς
2559 2560 2660 2630 ἐμὲ
2687 2560 2778 2612 τὸν
2805 2560 3034 2626 λέγοντα
3060 2557 3274 2628 ἀπίδῃς,
3305 2557 3574 2625 ἀγαπητέ,
3598 2554 3734 2624 μηδὲ

2072 2649 2209 2721 πρὸς
2239 2649 2336 2716 τὴν
2359 2648 2631 2700 εὐτέλειαν
2660 2647 2758 2718 τὴν
2789 2647 2948 2717 ἐμὴν,
2973 2645 3087 2698 ἀλλ’
3116 2645 3199 2696 ὅτι
3225 2643 3292 2696 τὰ
3331 2643 3480 2712 παρά
3513 2641 3605 2695 τοῦ
3639 2645 3736 2692 Δε-

2073 2737 2272 2790 σπότου
2301 2734 2621 2805 διακομίζω,
2657 2733 2753 2786 καὶ
2781 2733 2916 2803 πρὸς
2946 2732 3037 2784 τὸν
3059 2729 3453 2782 ἀποστείλαντα
3477 2728 3614 2797 ἔχων
3635 2727 3734 2797 τὴν

2070 2823 2308 2876 διάνοιαν
2338 2820 2662 2890 τεταμένην,
2698 2817 2840 2871 οὕτω
2875 2816 3012 2886 μετὰ
3037 2816 3248 2886 νήψεως
3284 2813 3438 2883 δέχου
3487 2813 3554 2866 τὰ
3584 2811 3737 2881 λεγό-

2075 2925 2231 2979 μενα.
2275 2907 2426 2960 Ἐπεὶ
2456 2907 2550 2959 καὶ
2579 2908 2637 2958 ἐν
2667 2907 2778 2967 τοῖς
2807 2902 3170 2973 ἀνθρωπίνοις
3216 2901 3558 2972 πράγμασιν.
3593 2901 3737 2953 ἐπει·

2070 2995 2166 3048 δάν
2193 2997 2222 3047 6
2249 2993 2520 3064 βασιλεὺς,
2551 2995 2579 3045 6
2601 2992 2662 3044 τὸ
2688 2991 2928 3060 διάδημα
2953 2989 3333 3060 περικείμενος
3355 3026 3370 3050 ,
3429 2988 3734 3058 γράμματα

2043 3081 2464 3154 διαπέμῴηται,
2492 3082 2519 3134 6
2561 3078 2660 3150 μὲν
2713 3075 3106 3147 ἐπιφερόμενος
3156 3073 3328 3127 ταῦτα
3370 3073 3494 3126 καθ’
3542 3072 3734 3126 ἐαυτὸν

2075 3169 2172 3240 μὲν
2201 3167 2411 3230 οὐδενὸς
2443 3165 2610 3233 λόγου·
2625 3163 2773 3230 ἄξιος
2801 3162 3076 3233 τυγχάνει,
3107 3161 3220 3215 ἀλλ’
3247 3159 3468 3231 εὐτελής
3491 3161 3574 3222 τίς
3594 3162 3731 3224 ἐστι,

2071 3254 2167 3308 καὶ
2203 3253 2464 3316 πολλάκις
2489 3251 2610 3304 οὐδὲ
2644 3249 2945 3322 προγόνους
2968 3247 3221 3318 ἀριθμεῖν
3251 3245 3410 3316 έχων,
3461 3244 3575 3298 ἀλλ’
3603 3243 3734 3298 ἀνώ-

2071 3357 2239 3410 νυμος
2266 3341 2361 3392 καί¹
2381 3338 2440 3405 ἐξ
2477 3336 2809 3407 ἀνωνύμων
2853 3333 2966 3388 ἀλλ’
3001 3333 3100 3388 οὐκ
3132 3333 3324 3402 ἐκείνῳ
3375 3333 3736 3402 προσέχουσιν

2071 3429 2120 3480 οἱ
2145 3425 2314 3479 ταῦτα
2339 3424 2590 3496 δέχεσθαι
2639 3423 2943 3494 μέλλοντες,
2975 3420 3112 3475 ἀλλὰ
3135 3421 3225 3474 διὰ
3253 3421 3320 3474 τά
3350 3419 3443 3473 τοῦ
3473 3419 3735 3490 βασιλέως

2072 3515 2374 3584 γράμματα
2419 3511 2620 3582 πολλὴν
2666 3511 2902 3580 κάκείνῳ
2951 3507 3115 3578 τιμὴν
3157 3507 3512 3578 ἀπονέμουσι,
3545 3506 3639 3558 καὶ
3665 3506 3734 3559 τά

2041 3601 2375 3672 ·γράμματα
2406 3597 2546 3669 μετά
2581 3596 2777 3650 πολλοῦ
2797 3595 2890 3649 τοῦ
2922 3595 3086 3664 φόϐου
3127 3595 3222 3648 καὶ
3255 3594 3455 3665 πολλῆς
3481 3593 3582 3662 τῆς
3611 3595 3736 3663 ﬁcu-

2072 3687 2196 3759 χίας
2218 3688 2482 3758 δέχονται.
2519 3687 2583 3738 Εἰ
2615 3685 2793 3738 τοίνυν
2825 3685 3032 3746 ἐκεῖνος
3073 3681 3359 3755 ἀνθρώπου
3400 3681 3736 3750 ἐπαγόμενος

2073 3775 2395 3846 γράμματα,
2420 3775 2512 3827 καὶ
2534 3774 2740 3844 χάρτην
2766 3771 2952 3834 ἁπλῶς
2973 3771 3382 3842 ἐπιφερόμενος,
3403 3767 3551 3838 παρά
3573 3769 3735 3819 πᾶσιν

2074 3863 2469 3933 ἐναποδέχεται,
2519 3860 2695 3931 πολλῷ
2752 3859 2947 3931 μᾶλλον
2983 3859 3010 3900 b
3041 3859 3200 3929 ὑμεῖς
3229 3857 3296 3910 ἂν
3349 3857 3496 3925 εἴητε
3538 3855 3734 3907 δίκαιοι

2073 3951 2141 4004 τὰ
2170 3950 2321 4022 παρά
2348 3948 2440 4002 τοῦ
2460 3947 2776 4019 Πνεύματος
2807 3946 2873 4000 δι’
2901 3944 3058 4016 ἡμῶν
3092 3945 3219 4014 ὑμῖν
3241 3940 3558 4013 πεμφθέντα
3580 3940 3735 4009 λόγια

2076 4039 2214 4110 μετά
2259 4036 2460 4106 πολλῆς
2491 4037 2589 4105 τῆς
2640 4033 2912 4104 προσοχῆς
2949 4029 3328 4101 ὑποδέχεσθαι,
3385 4031 3469 4081 ἴνα
3511 4029 3610 4098 τῆς
3647 4029 3734 4080 εὐ-

2073 4123 2426 4195 γνωμοσύνης
2455 4121 2652 4192 πολλὴν
2678 4119 2978 4190 κομίσησθε
3010 4117 3105 4189 τὴν
3138 4119 3391 4187 ἀμοιϐήν.
3420 4115 3568 4187 [448]
3610 4115 3734 4169 Ἐὰν

2073 4209 2180 4281 γάρ
2202 4209 2288 4282 ἴδῃ
2315 4211 2343 4262 6
2371 4208 2480 4261 τῶν
2501 4207 2636 4261 ὅλων
2664 4207 2940 4276 Δεσπότης
2965 4205 3062 4274 τῆς
3095 4203 3270 4272 ψυχῆς
3293 4204 3447 4273 ὑμῶν
3471 4203 3568 4272 τὴν
3598 4219 3734 4272 προ-

2075 4296 2304 4367 θυμίαν,
2347 4295 2440 4348 καί¹
2483 4295 2614 4365 ἡμῖν
2643 4291 3033 4361 δαψιλεστέραν
3071 4289 3296 4359 παρέξει
3338 4289 3435 4358 τὴν
3473 4289 3736 4358 χορηγίαν

2071 4384 2162 4438 διὰ
2184 4381 2284 4453 τὴν
2306 4381 2594 4452 οἰκοδομὴν
2617 4379 2712 4450 τὴν
2733 4378 3026 4448 ὑμετέραν,
3058 4377 3152 4429 καὶ
3169 4377 3298 4446 ὑμῖν
3330 4375 3548 4426 πλείονα
3567 4375 3738 4444 δωρή-

2074 4489 2225 4524 σεται
2253 4470 2351 4541 τὴν
2383 4467 2597 4521 σύνεσιν
2630 4477 2678 4530 ο,
2705 4465 2847 4519 ὥστε
2889 4463 3124 4518 συνιέναι
3157 4462 3225 4514 τὰ
3252 4461 3538 4530 λεγόμενα.
3572 4459 3736 4530 Δαψι-

2071 4558 2167 4630 λὴς
2185 4557 2294 4629 γάρ
2321 4559 2354 4626 ἡ
2384 4554 2478 4608 τοῦ
2528 4552 2844 4624 Πνεύματος
2877 4551 3058 4622 χάρις,
3088 4549 3178 4603 καὶ
3218 4550 3298 4612 εἰς
3327 4549 3532 4611 πάντας
3561 4551 3743 4617 ἐκχεο-·

2075 4645 2210 4715 μένη
2232 4643 2420 4696 οὐδένα
2445 4641 2711 4713 μερισμὸν
2739 4639 3024 4710 ὑπομένει,
3050 4636 3187 4691 άλλά
3206 4639 3271 4708 τῇ
3293 4637 3518 4707 διανομῇ
3539 4635 3736 4704 μᾶλλον

2072 4731 2313 4799 αὔξεται,
2347 4731 2440 4784 καὶ
2467 4731 2576 4800 ὅσῳ
2599 4729 2666 4782 ἂν
2693 4727 2907 4790 πλείους
2933 4721 3066 4780 ὦσιν
3088 4727 3137 4777 οἰ
3165 4725 3368 4796 ταύτης
3399 4723 3733 4794 μετέχοντες,

2069 4817 2311 4888 τοσούτῳ
2342 4818 2436 4871 καὶ
2463 4815 2533 4868 τὰ
2554 4815 2650 4885 τῆς
2680 4813 2900 4884 χάριτος
2933 4813 3025 4866 ἐπὶ⁵
3056 4811 3216 4864 πλέον
3253 4811 3573 4865 ἐκτείνεται.
3601 4811 3739 4882 Φέρε

2071 4899 2184 4968 οὖν,
2210 4906 2258 4957 εί
2285 4903 2449 4964 δοκεῖ,
2483 4901 2575 4952 καὶ
2628 4901 2866 4969 σήμερον
2895 4898 2994 4968 τῆς
3040 4895 3360 4960 ἀκολουθίας
3407 4896 3515 4950 τῶν
3545 4896 3736 4968 πρώην

2070 4993 2203 5061 ἡμῖν
2231 4989 2538 5060 εἰρημένων
2565 4984 2975 5056 ἐπιλαϐώμεθα,
3007 4984 3102 5038 καὶ
3135 4983 3331 5054 ίδωμεν
3361 4984 3494 5037 ὅπου
3527 4984 3617 5037 τὸν
3649 4983 3738 5036 λό-

2071 5095 2166 5147 γον
2209 5074 2613 5142 κατελύσαμεν,
2651 5073 2747 5126 καὶ
2783 5071 2904 5126 ὅθεν
2937 5073 3100 5126 αὐτὸν
3153 5071 3444 5126 ἀναλαϐεῖν
3501 5073 3738 5144 σήμερον

2074 5165 2336 5236 προσῆκε.
2403 5161 2515 5215 Ποῦ
2543 5156 2636 5214 οὖν
2678 5160 2770 5214 τὸν
2814 5159 2972 5229 λόγον
3001 5159 3192 5232 πρώην
3245 5159 3735 5231 προσορμίσαντες,

2071 5251 2214 5305 οὕτω
2234 5251 2334 5320 τῆς
2361 5248 2708 5312 διδασκαλίας
2727 5247 2754 5288 ἀ
2786 5245 3174 5318 ἐπαυσάμεθα;
3211 5245 3292 5300 Τὰ
3329 5245 3472 5300 κατά
3494 5245 3583 5298 τὸν
3611 5243 3734 5298 Λὼτ

2136 5407 2161 5436 ⁸
2186 5407 2310 5454 Tres
2329 5419 2442 5454 mss.
2468 5405 2816 5468 φιλανθρωπίας
2835 5403 3135 5468 ἐνηχούμενοι

2135 5468 2163 5507 1⁵
2189 5468 2334 5514 Savil.
2353 5475 2406 5515 el
2423 5459 2642 5528 qu'inqué
2661 5480 2778 5515 mss.
2798 5459 3128 5528 ἐπιφερόμενος
3153 5463 3278 5512 οὕτω
3299 5459 3603 5528 περίϐλεπτός
3612 5460 3733 5518 ἐστι,

2076 5531 2235 5599 πο).λῷ
2257 5521 2453 5599 μᾶλλονὲ
2475 5521 2648 5599 Μριὲρι.
2677 5533 2731 5576 et
2771 5528 2856 5576 alii
2879 5521 3208 5590 ἐπιφερόμενος
3237 5521 3373 5586 παρᾶ
3391 5527 3534 5570 πᾶσιν
3567 5521 3735 5568 ἐναπο-

2078 5589 2280 5652 δέχεται,
2298 5589 2459 5650 πολλῷ
2485 5590 2678 5652 μᾶλλον.
3022 5589 3025 5590 ⁷

2142 5655 2167 5718 ’ἦ
2191 5652 2298 5718 ξριι⁵
2309 5662 2429 5718 mss.
2449 5649 2642 5698 πλείονα
2661 5649 2846 5718 παρέξει
2865 5649 2958 5718 τὴν.
2970 5648 3172 5718 σύνεσιν.

2144 5711 2170 5749 τι
2191 5711 2340 5758 Savil.
2363 5717 2414 5758 et
2443 5719 2552 5759 octo
2571 5723 2684 5772 mss.
2714 5701 3162 5772 πρῴην-τελέσαντες
3183 5713 3266 5766 τῆς
3287 5702 3610 5772 διδασκαλίαςἰ
3633 5701 3735 5772 M9-

2085 5775 2178 5820 rel.
2208 5773 2370 5842 πρῴην
2390 5762 2806 5844 προσορμίσαντές,
2836 5762 2961 5844 οὕτω
2983 5762 3421 5844 τῆςῡδιδασξιαλίας.
3449 5764 3556 5813 Mox
3581 5762 3727 5814 Sail.

2088 5841 2140 5882 et
2161 5827 2378 5896 quihilue
2401 5827 2511 5880 niss.
2537 5827 2828 5895 ἐμπρησμὸν,
2855 5831 2990 5894 μέχρι
3015 5831 3182 5880 τούτου
3205 5829 3284 5876 τὸν
3313 5827 3465 5890 λόγον.
