4150 6276
403 336 505 393 ωδ
824 360 833 369 κ
1426 329 1493 388 IN

400 460 590 518 pturaz,
618 461 736 517 qua:
764 444 1128 502 indiderenter
1144 444 1219 501 sic
1241 458 1382 513 smpe
1402 444 1553 513 ponit
1571 442 1732 498 verba
1752 459 1766 497 :
1787 442 1838 497 id
1858 443 2000 513 quod

398 548 453 594 et
480 551 622 593 nunc
648 535 830 592 videre
856 536 997 591 licet.
1035 533 1178 589 Pluit
1204 535 1365 598 enim,
1395 534 1584 604 inquit,
1613 533 1863 586 Dominus
1888 531 2004 586 sul-

401 632 533 700 pitur
574 636 621 682 et
648 628 815 698 ignem
856 643 889 680 a
916 625 1137 681 Domino
1163 626 1227 679 de
1249 624 1374 679 caelo
1397 640 1415 677 :
1443 632 1499 678 ut
1524 623 1685 689 dicat,
1718 622 2004 677 Dominum

402 736 619 792 pcenam
641 721 950 777 induxisse:
981 729 1036 775 et
1066 735 1172 774 non
1191 721 1363 774 solum
1387 717 1630 771 civitates
1650 714 2000 780 subvertisse,

402 828 731 884 omnemque
768 812 909 868 circa
949 812 1246 882 regionem,
1279 821 1333 864 et
1372 824 1561 864 omnes
1606 806 2000 871 inhabitantes,

405 906 501 962 sed
530 908 690 963 etiam
720 922 837 975 quae
859 906 1237 964 exoriebantur
1259 903 1326 957 de
1353 914 1492 957 terra
1520 901 1840 957 abolevisse.
1870 899 2005 968 Quia

405 1000 551 1055 enim
574 999 837 1062 homines,
865 998 954 1068 qui
975 1012 1096 1053 eam
1128 994 1511 1059 inhabitabant,
1540 993 1737 1049 multos
1763 992 2009 1062 impieta-

411 1092 478 1144 tis
526 1092 728 1145 lructus
780 1090 1149 1159 protulerunt:
1199 1086 1419 1149 idcirco,
1469 1083 1660 1154 inquit,
1692 1092 1749 1140 et
1791 1082 2007 1138 inutiles

413 1182 618 1236 fructus
664 1189 820 1235 terrae
850 1179 1005 1243 facio,
1038 1188 1097 1233 ut
1135 1188 1188 1233 et
1215 1178 1320 1233 illis
1348 1176 1558 1230 abolitis
1589 1184 1901 1246 perpetuum
1937 1174 2005 1229 sit

412 1274 800 1327 monimentum
829 1270 1177 1339 sequentibus
1205 1267 1637 1339 generationibus
1667 1285 1680 1321 :
1726 1275 1871 1321 terra
1915 1279 2009 1334 per

415 1380 569 1418 suam
594 1363 926 1420 sterilitatem
952 1376 1136 1417 onines
1162 1360 1410 1424 docente,
1439 1367 1637 1429 quanta
1666 1358 1827 1415 fuerit
1851 1356 2003 1412 inha-

419 1457 702 1511 hitantium
746 1455 968 1509 malitia.
1004 1454 1188 1508 Vidisti
1230 1460 1426 1523 quanta
1464 1467 1553 1506 res
1597 1451 1668 1506 sit
1712 1450 1915 1517 virtus,
1955 1455 2012 1505 et

417 1555 615 1617 quanta
644 1562 732 1602 res
760 1546 956 1601 malitia
984 1563 998 1600 :
1044 1553 1098 1599 et
1129 1543 1398 1615 quomodo
1421 1542 1600 1614 justus
1634 1550 1875 1597 servatus
1900 1541 2009 1607 sit,

419 1641 508 1693 alii
534 1650 710 1693 autem
737 1640 949 1708 dignam
978 1654 1070 1694 sua
1101 1636 1297 1690 malitia
1327 1650 1541 1707 pmnam
1580 1631 1918 1703 receperint?
1946 1631 2014 1686 Et

421 1732 564 1785 sicut
577 1732 753 1799 justus
782 1746 875 1799 per
894 1744 1045 1790 suam
1075 1728 1324 1781 virtutem
1353 1734 1407 1780 et
1429 1724 1564 1779 ﬁlias
1590 1724 1813 1778 salvavit
1855 1732 1905 1778 et
1938 1723 2019 1777 ci-

424 1822 598 1876 vitatis
640 1822 786 1875 illius
815 1821 1218 1874 sobversionem
1250 1817 1556 1887 prohibuit:
1589 1816 1660 1870 ita
1700 1825 1756 1869 et
1785 1815 1856 1869 illi
1887 1829 2012 1885 pro-

423 1925 540 1981 pter
580 1915 845 1983 ingeutcm
876 1927 1025 1967 suam
1057 1911 1311 1965 malitiam
1344 1923 1448 1963 nou
1489 1908 1664 1963 solum
1698 1906 1799 1977 ipsi
1839 1906 2013 1976 perie-

422 2017 548 2061 runt
576 2015 630 2061 et
652 2005 812 2061 dr-lcti
842 2015 986 2071 sunt,
1030 2003 1124 2059 sed
1149 2012 1203 2059 et
1226 2003 1519 2057 ell'ccerunt
1548 2010 1744 2055 terram
1774 1997 2014 2053 inutilem

424 2100 476 2152 in
501 2098 751 2153 futurum.
778 2098 869 2151 26.
898 2096 961 2150 Et
985 2097 1223 2163 respexit,
1254 2095 1443 2162 inquit,
1483 2109 1614 2146 uxor
1634 2093 1744 2161 ejus
1782 2098 1893 2159 post
1917 2098 2019 2141 ter-

423 2206 564 2258 gum,
592 2199 640 2243 et
668 2193 803 2259 facta
828 2198 899 2240 est
926 2186 1162 2240 columna
1184 2185 1328 2238 salis.
1361 2183 1489 2237 Nam
1518 2182 1771 2251 quoniam
1809 2178 2020 2233 audivit

425 2281 646 2350 angelos
671 2279 1043 2349 praecipientes
1061 2277 1230 2347 justo,
1262 2284 1319 2330 ut
1344 2290 1411 2329 ne
1436 2290 1496 2330 se
1524 2280 1900 2331 converterent
1927 2287 2017 2326 re-

427 2380 681 2434 trorsum,
705 2370 799 2424 sed
826 2385 949 2424 cum
969 2383 1157 2438 magna
1186 2367 1523 2422 festinatione
1552 2364 1867 2420 secederent
1890 2380 1902 2415 :
1926 2378 2022 2416 ne-

427 2462 586 2529 glexit
617 2461 797 2522 verba,
823 2471 876 2516 et
915 2469 1237 2529 praeceptum
1265 2473 1369 2513 non
1401 2456 1708 2523 custodivit,
1737 2462 2017 2525 propterea

429 2568 541 2606 sine
569 2552 901 2621 negligentia:
928 2551 1072 2607 dedit
1104 2565 1335 2618 poenam.

500 2644 552 2697 7.
590 2643 803 2697 Mai-alis
854 2644 1250 2697 exhortatio.-—
1276 2641 1538 2698 Cmtcrum
1594 2654 1692 2694 nos
1741 2639 2019 2695 audientes

430 2737 536 2800 illa,
572 2746 767 2790 nostra:
787 2736 978 2789 salutis
1004 2749 1186 2789 curam
1214 2733 1601 2804 diligentiorem
1625 2731 1935 2795 habeamus,
1966 2739 2022 2784 ct

428 2827 555 2879 vitia
592 2826 679 2879 illa
706 2841 773 2880 ne
796 2825 1062 2880 imitemur
1087 2838 1389 2879 caveamus.
1434 2824 1705 2878 Imitemur
1725 2822 1852 2892 justi
1876 2822 2017 2877 illius

430 2916 843 2986 hospitalitatem
872 2921 929 2971 et
948 2915 1078 2970 alias
1108 2915 1351 2981 virtutes,
1375 2923 1432 2968 ut
1455 2914 1723 2983 possimus
1752 2921 1808 2968 et
1833 2926 2022 2980 super-

432 3020 554 3058 nam
581 3004 712 3058 iram
739 3003 1031 3073 depellere.
1055 3002 1237 3072 Neque
1260 3002 1400 3057 enim
1429 3000 1684 3071 possibile
1712 3008 1814 3063 est,
1848 3007 1907 3053 ut
1932 2999 2021 3069 qui

430 3099 678 3152 virtutem
713 3096 850 3150 hanc
887 3110 1081 3167 magno
1123 3095 1300 3150 studio
1327 3103 1595 3159 exerceat,
1624 3107 1729 3147 non
1758 3096 2016 3163 grandem

432 3188 556 3241 inde
594 3194 829 3256 reportet
868 3186 1193 3241 thesaurum.
1227 3184 1435 3239 Etenim
1459 3183 1589 3254 justi
1631 3182 1702 3237 illi
1738 3183 1816 3238 sic
1838 3196 2024 3252 super-

434 3295 557 3332 nam
588 3279 815 3348 gratiam
852 3277 1164 3347 consequuti
1205 3286 1348 3339 sunt,
1377 3284 1485 3330 tam
1512 3274 1832 3344 patriarcha,
1862 3288 2022 3344 quam

434 3372 553 3436 Lot,
582 3382 636 3426 et
662 3370 749 3440 qui
779 3369 1023 3425 homines
1058 3369 1327 3438 suscipere
1353 3383 1412 3423 se
1439 3375 1779 3438 putaverunt,
1806 3382 2023 3422 merue-

433 3470 556 3515 runt
583 3460 855 3529 suscipere
879 3461 1118 3530 angelos,
1162 3468 1213 3513 et
1245 3458 1553 3528 angelorum
1586 3457 1887 3512 Dominum.
1917 3456 2026 3513 No-

435 3552 516 3607 bis
554 3566 765 3621 quoque
803 3558 859 3603 et
897 3563 1059 3615 nunc,
1099 3548 1143 3601 si
1181 3547 1529 3613 voluerimus,
1568 3548 1841 3617 suscipere
1879 3547 2021 3602 licet.

434 3642 554 3710 Ipse
581 3641 722 3695 enim
747 3652 829 3695 est
869 3640 959 3710 qui
982 3638 1116 3693 dixit
1147 3656 1163 3693 :
1200 3639 1300 3706 Qui
1327 3638 1537 3709 suscipit
1566 3654 1674 3704 vos,
1711 3655 1791 3692 me
1814 3639 2024 3710 suscipit

434 3734 648 3807 (Matth.
680 3735 769 3789 10.
810 3733 924 3804 40).
957 3732 1047 3787 Sic
1074 3732 1233 3802 igitur
1274 3731 1511 3801 hospites
1557 3730 1939 3801 suscipiamus,
1970 3739 2025 3786 et

434 3843 538 3880 non
568 3825 633 3880 ad
656 3834 930 3880 externam
961 3824 1215 3878 vilitatem
1247 3823 1613 3891 respiciamus.
1643 3822 1953 3886 Enimvero,
1977 3821 2026 3875 si

436 3918 526 3971 tali
568 3926 746 3971 mente
790 3909 1202 3985 hospitalitatem
1250 3915 1407 3967 etiam
1452 3927 1549 3966 nos
1589 3912 2018 3978 exercuerimus,

436 4009 581 4077 digni
608 4009 807 4062 erimus
833 4015 889 4060 ct
912 4021 1009 4059 nos
1033 4005 1121 4073 qui
1148 4003 1278 4058 tales
1302 4002 1538 4071 hospites
1558 4001 1907 4070 excipiamus,
1934 4002 2024 4072 qui

437 4100 684 4154 videntur
711 4098 925 4168 quidem
954 4097 1072 4163 viri,
1104 4094 1412 4165 angelorum
1443 4102 1622 4147 autem
1649 4092 1868 4149 virtutes
1896 4107 2026 4163 ope-

438 4200 661 4247 rantur:
696 4198 898 4245 tantum
934 4203 1000 4242 ne
1025 4186 1219 4242 curiosi
1259 4185 1626 4253 exploratores
1652 4193 1707 4238 et
1744 4183 2024 4255 inquisito-

438 4299 525 4339 rcs
545 4284 733 4348 simus,
758 4290 817 4336 ut
840 4296 905 4335 ne
924 4279 1226 4335 thesaurum
1250 4277 1558 4349 perdamus.
1584 4274 2023 4347 Quandoquidem

434 4386 487 4432 et
513 4376 697 4431 beatus
740 4373 935 4428 Paulus
964 4372 1060 4425 hos
1081 4370 1255 4441 justos
1295 4369 1613 4435 subindicat,
1650 4377 1704 4424 et
1730 4369 1887 4424 docet
1925 4384 2023 4426 nos

433 4466 701 4538 quomodo
726 4465 860 4520 tales
890 4464 1126 4531 hospites
1151 4462 1475 4530 exceperint.
1507 4459 1906 4527 llospitalitatis,
1942 4461 2021 4515 in-

433 4562 582 4631 quit,
616 4577 679 4614 ηε
722 4557 1082 4613 obliviscamini
1119 4571 1137 4608 :
1167 4566 1372 4625 prapter
1408 4554 1540 4607 lianc
1574 4555 1705 4607 enim
1749 4556 2023 4609 nescientes

438 4654 645 4722 quidam
672 4651 892 4722 hospitio
913 4658 1214 4719 exceperunt
1242 4647 1446 4717 angelos
1471 4646 1653 4715 (Hebr.
1683 4648 1767 4702 13.
1802 4648 1879 4718 1).
1909 4647 2024 4703 Hoc

434 4746 575 4800 enim
621 4758 715 4798 eos
760 4740 1089 4811 potissimum
1134 4738 1259 4794 fecit
1299 4737 1671 4805 admirabiles,
1716 4738 1857 4807 quod
1906 4753 2020 4805 eos,

433 4851 567 4907 quos
597 4848 703 4889 non
742 4842 1020 4895 noverant,
1062 4829 1356 4885 ministerio
1385 4844 1483 4885 suo
1524 4829 1921 4884 honoraverint.
1955 4829 2025 4885 Et

434 4944 532 4983 uos
563 4927 721 4997 igitur
748 4940 870 4980 cum
911 4923 1015 4979 ﬁde
1050 4937 1115 4978 ac
1152 4923 1350 4992 pietate
1391 4936 1503 4978 rem
1540 4923 1817 4988 obeamus,
1862 4930 1919 4975 ut
1946 4922 2024 4978 sic

435 5024 745 5077 thesaurum
787 5016 999 5089 assequi
1040 5017 1304 5086 possimus
1342 5013 1530 5084 :quod
1576 5014 1731 5068 nobis
1772 5013 2023 5068 omnibus

432 5113 774 5181 concedatur,
805 5109 974 5181 gratia
1012 5118 1064 5164 et
1104 5106 1431 5177 benignitate
1469 5105 1677 5159 Domini
1702 5107 1867 5160 nostri
1895 5105 2023 5161 Jesu

432 5204 663 5268 Christi,
697 5201 784 5258 cui
818 5217 941 5257 cum
974 5201 1129 5255 Patre
1156 5207 1212 5254 et
1251 5204 1437 5252 sancto
1481 5196 1681 5266 Spiritu
1722 5197 1791 5252 sit
1828 5197 2018 5268 gloria,

436 5313 575 5354 nunc
599 5309 653 5353 et
678 5308 913 5365 semper,
935 5300 994 5348 et
1019 5293 1071 5345 in
1096 5291 1286 5345 szecnla
1314 5289 1653 5344 smeulorum.
1687 5292 1874 5345 Amen.

978 5380 1256 5436 IIOMILIA
1291 5378 1473 5437 XLIV.

437 5478 674 5533 Diluculo
717 5484 885 5529 autem
932 5472 1062 5527 venit
1098 5472 1356 5526 Abraham
1375 5470 1444 5523 ad
1490 5471 1654 5524 locum
1702 5472 1783 5524 ubi
1820 5480 2021 5527 steterat

787 5581 958 5619 coram
985 5563 1205 5618 Domino
1235 5561 1396 5633 (Gen.
1429 5561 1515 5615 19.
1540 5562 1663 5630 2'7).

509 5660 557 5712 1.
592 5658 712 5712 Ileri
737 5673 834 5712 nos
857 5663 1231 5726 argumentum
1250 5652 1317 5707 de
1338 5651 1561 5706 muliere
1580 5650 1908 5706 Samaritana
1937 5667 2022 5707 sa-

440 5748 506 5803 tis
544 5748 723 5807 docuit
751 5746 1073 5804 incil‘abilem
1100 5743 1308 5801 Domini
1337 5742 1812 5813 longanimilalcm,
1844 5750 1896 5799 et
1925 5758 2018 5797 ex-

1556 330 1709 388 CAP.
1750 328 1891 385 ΧΙΧ.
1934 327 2177 384 GENES.
2220 326 2447 383 1103111..
2492 328 2674 383 XLIV.

3584 330 3693 391 ιοθ

2112 441 2394 498 cellentem
2439 458 2564 514 erga
2594 444 2739 497 illam
2768 442 3174 513 providentiam,
3216 452 3375 514 atque
3414 444 3552 500 illius
3575 461 3699 516 gra-

2109 541 2221 587 tum
2246 535 2503 589 animum.
2530 533 2753 589 Vidistis
2778 533 3066 605 quomodo.
3095 542 3153 590 ut
3171 550 3362 605 aquam
3388 537 3698 592 sensibilem

2111 622 2368 692 hauriret,
2395 623 2615 679 advenit
2640 623 2742 696 (a),
2764 634 2821 680 et
2844 639 2913 681 ex
2932 625 3195 696 spirituali
3221 626 3366 681 fonte
3391 627 3568 681 divina
3596 626 3699 681 llu-

2110 719 2252 772 mina
2295 718 2490 783 hausit,
2519 732 2583 773 ac
2615 717 2836 774 domum
2865 717 3045 784 rediit,
3074 719 3299 787 implens
3333 719 3473 788 quod
3498 720 3703 775 dictum

2109 818 2192 863 est
2233 822 2262 861 a
2295 808 2519 863 Domino
2556 824 2570 860 :
2600 809 2745 876 Aqua
2766 848 2784 873 ,
2811 824 2965 878 quam
3002 825 3094 879 ego
3119 808 3269 875 dabo,
3292 810 3386 862 erit
3421 811 3474 863 in
3502 826 3560 862 eo
3588 814 3703 878 [om

2111 916 2257 973 aqum
2282 899 2509 954 salientis
2535 901 2588 954 in
2614 902 2767 955 vitam
2787 909 3030 955 aeternam
3056 900 3233 971 (Joan.
3256 902 3313 956 4.
3345 902 3454 972 14).
3483 901 3704 971 Impleta

2112 994 2254 1050 enim
2282 994 2394 1064 ipsa
2435 993 2618 1048 divino
2647 994 2738 1048 illo
2762 1001 2817 1049 et
2855 993 3119 1063 spirituali
3146 993 3315 1061 fonte,
3347 1009 3453 1047 non
3479 995 3705 1048 detinuit

2113 1092 2249 1144 intra
2276 1104 2335 1144 se
2362 1086 2581 1142 ﬂumina
2624 1104 2637 1140 :
2681 1087 2776 1143 sed
2817 1088 3292 1157 superscaturiens,
3319 1097 3375 1142 ut
3406 1086 3475 1140 ita
3503 1087 3700 1151 dicam,

2112 1180 2299 1235 ell‘udit
2333 1188 2387 1235 et
2430 1179 2481 1233 in
2513 1177 2839 1234 habitatores
2878 1177 3109 1232 civitatis
3149 1180 3389 1233 concessi
3434 1178 3533 1232 sibi
3573 1177 3702 1231 doni

2112 1271 2359 1342 gratiam,
2386 1278 2441 1325 et
2460 1269 2724 1340 prreconis
2752 1267 2987 1325 ofﬁcium
3015 1268 3122 1338 egit
3152 1269 3343 1323 mulier
3369 1268 3704 1323 Samaritana

2115 1374 2168 1420 et
2188 1365 2511 1436 alienigena.
2530 1362 2749 1418 Vidistis
2767 1371 3021 1433 quantum
3042 1362 3237 1416 bonum
3260 1362 3328 1415 sit
3347 1360 3507 1415 animi
3530 1369 3709 1431 gratus

2116 1458 2377 1523 all‘ectus;
2405 1457 2612 1513 vidistis
2638 1456 2849 1511 Domini
2869 1455 3270 1525 benignitatem,
3295 1451 3563 1523 quomodo
3589 1451 3710 1504 nul-

2117 1553 2229 1609 lum
2268 1557 2597 1615 contemnat,
2628 1547 2723 1604 sed
2762 1548 2924 1603 etiam
2956 1547 3009 1601 in
3038 1545 3280 1610 muliere,
3309 1544 3468 1598 etiam
3498 1544 3550 1597 in
3584 1557 3711 1611 pau-

2120 1651 2341 1712 pertate,
2389 1650 2445 1698 et
2482 1642 2802 1711 ubicumque
2849 1640 3111 1695 invenerit
3136 1638 3369 1692 animam
3394 1635 3605 1707 vigilem
3650 1648 3713 1687 ac

2120 1734 2401 1801 fervidam,
2447 1734 2626 1789 statim
2668 1733 2891 1803 gratiam
2935 1746 3084 1786 suam
3112 1730 3185 1784 illi
3230 1730 3503 1799 largiatur.
3535 1725 3714 1782 Imite-

2120 1840 2241 1880 mur
2265 1825 2445 1895 igitur,
2475 1824 2728 1889 obsecro,
2759 1832 2825 1878 et
2855 1836 2953 1877 nos
2979 1822 3117 1876 hanc
3155 1821 3453 1885 mulierem,
3483 1833 3713 1886 cumque

2120 1930 2311 1987 magna
2353 1916 2649 1971 attentione
2693 1913 3021 1983 accipiamus
3075 1911 3373 1967 doctrinam
3424 1926 3455 1964 a
3511 1909 3711 1979 Spiritu

2124 2006 2434 2077 profectam.
2460 2004 2645 2077 Neque
2667 2006 2809 2061 enim
2841 2013 3021 2059 nostra
3043 2014 3303 2074 suntquae
3328 2002 3596 2064 dicuntur,
3622 2018 3715 2054 ne-

2121 2114 2227 2169 que
2262 2114 2325 2153 ex
2360 2099 2572 2169 propria
2600 2099 2775 2168 lingua
2821 2098 3084 2167 loquimur
3122 2110 3470 2167 quacumque
3508 2094 3709 2148 dixeri-

2125 2207 2270 2257 mus,
2313 2190 2407 2246 sed
2440 2190 2645 2246 Domini
2692 2190 3020 2259 benignitate
3060 2189 3318 2260 dirigente
3366 2196 3585 2256 propter
3626 2200 3716 2240 ve-

2125 2289 2291 2335 stram
2321 2280 2546 2335 salutem
2572 2289 2627 2335 et
2650 2279 3062 2335 aediﬁcationem
3090 2278 3344 2332 Eeclesim
3372 2278 3480 2332 Dei.
3514 2277 3591 2330 Ne
3622 2278 3717 2345 igi-

2125 2378 2213 2424 tur
2245 2369 2312 2425 ad
2341 2385 2425 2424 me
2451 2369 2738 2433 dicentem,
2763 2370 3071 2432 carissime,
3105 2382 3277 2436 neque
3305 2366 3372 2421 ad
3405 2368 3715 2421 tenuitatem

2124 2476 2297 2517 meam
2326 2461 2581 2532 respicias
2618 2479 2633 2517 :
2677 2461 2782 2516 sed.
2814 2460 3065 2530 quoniam
3091 2474 3152 2514 ea
3180 2474 3298 2528 qua:
3339 2458 3547 2512 Domini
3593 2466 3718 2512 sunt

2122 2553 2308 2621 all‘ero,
2339 2553 2407 2608 ad
2427 2568 2548 2608 eum
2573 2552 2663 2621 qui
2682 2567 2771 2607 me
2792 2551 2937 2606 misit
2961 2558 3163 2606 attenta
3193 2559 3373 2605 mente
3400 2562 3714 2614 conversus,

2126 2646 2269 2716 vigili
2312 2645 2492 2699 animo
2520 2659 2641 2714 qua:
2667 2643 2916 2699 dicuntur
2941 2644 3149 2713 accipe.
3184 2641 3627 2709 Quandoquidem
3666 2651 3722 2698 et

2127 2739 2180 2794 in
2235 2737 2484 2793 humanis
2533 2737 2781 2808 negotiis,
2822 2735 3036 2806 quando
3082 2734 3374 2804 Imperator
3416 2734 3721 2789 diademate

2126 2838 2416 2885 coronatus
2439 2828 2623 2883 literas
2645 2827 2825 2893 mittit,
2857 2834 2984 2881 tunc
3012 2826 3077 2893 is,
3106 2824 3196 2895 qui
3221 2840 3313 2880 eas
3338 2824 3513 2890 ali‘crt,
3541 2840 3637 2896 per
3661 2839 3721 2879 se

2127 2920 2323 2975 nullius
2352 2920 2607 2974 momenti
2639 2928 2741 2982 est,
2771 2916 2866 2973 sed
2892 2918 2973 2970 vir
3001 2937 3030 2970 e
3058 2918 3238 2984 trivio,
3266 2917 3356 2986 qui
3380 2932 3524 2986 saepe
3550 2931 3721 2987 neque

2130 3012 2497 3083 progenitores
2518 3026 2802 3065 numerare
2830 3009 3015 3079 possit,
3041 3009 3320 3072 obscurus,
3354 3016 3408 3063 et
3436 3024 3501 3063 ex
3528 3008 3721 3062 obscu-

2129 3106 2240 3159 ris:
2274 3104 2365 3158 sed
2393 3118 2497 3157 non
2537 3103 2601 3157 ad
2631 3102 2779 3156 illum
2810 3110 3053 3171 spectant
3082 3102 3170 3170 qui
3216 3102 3394 3155 literas
3422 3100 3725 3169 suscepturi

2128 3204 2277 3262 sunt,
2302 3194 2396 3250 sed
2421 3202 2637 3265 propter
2668 3194 3037 3262 imperatorias
3065 3190 3243 3244 literas
3264 3190 3336 3243 illi
3357 3203 3565 3258 quoque
3586 3189 3722 3242 mul-

2129 3295 2241 3342 tum
2286 3285 2542 3342 exhibent
2582 3283 2821 3347 honoris,
2869 3298 2933 3337 ac
2959 3282 3143 3336 literas
3186 3296 3376 3349 magna
3407 3294 3529 3334 cum
3567 3293 3723 3334 reve-

2131 3377 2299 3433 rentia
2341 3386 2396 3432 et
2427 3375 2643 3432 silentio
2689 3372 2972 3444 recipiunt.
3016 3372 3074 3426 Si
3107 3371 3265 3441 igitur
3294 3370 3338 3425 is
3375 3370 3465 3441 qui
3494 3369 3725 3426 hominis

2130 3468 2334 3531 literas,
2375 3473 2428 3521 et
2467 3464 2706 3519 chartam
2738 3470 2942 3517 tantum
2972 3460 3147 3527 all'ert,
3188 3460 3267 3515 sic
3294 3461 3541 3515 omnibus
3566 3473 3725 3516 accc:

2128 3570 2249 3631 ptus
2268 3568 2351 3614 est
2376 3558 2452 3630 (b)
2486 3574 2501 3612 :
2524 3558 2691 3613 multo
2719 3556 2888 3626 magis
2912 3570 3005 3610 vos
3027 3553 3523 3623 conveniteloquia,
3555 3567 3673 3623 qum
3693 3568 3724 3609 a

2129 3652 2327 3723 Spiritu
2377 3650 2532 3705 vobis
2559 3663 2655 3719 per
2703 3662 2802 3703 nos
2843 3648 3147 3711 mittuntur,
3196 3660 3386 3716 magna
3429 3644 3725 3699 attentione

2129 3744 2419 3813 suscipere,
2452 3749 2514 3795 ut
2559 3754 2804 3809 magnam
2846 3738 2982 3808 grati
3011 3738 3175 3791 animi
3216 3736 3484 3805 recipiatis
3522 3749 3730 3793 merce-

2128 3835 2272 3891 dem.
2301 3830 2499 3888 Nam‘si
2529 3832 2724 3886 viderit
2744 3831 2998 3885 Dominus
3024 3831 3395 3883 universorum
3422 3829 3721 3883 animarum

2130 3934 2430 3981 vestrarum
2479 3922 2808 3976 alacritatem
2833 3961 2849 3985 ,
2892 3929 2944 3974 et
2974 3918 3130 3973 nobis
3176 3917 3435 3987 largiores
3477 3925 3725 3987 sumptus

2131 4025 2352 4088 prepter
2372 4022 2604 4069 vestram
2633 4011 3039 4067 aediﬁcationem
3083 4009 3463 4079 suppeditabit,
3495 4019 3551 4063 et
3574 4007 3727 4063 vobis

2129 4109 2389 4179 majorem
2431 4105 2685 4177 praebebit
2734 4104 3080 4170 intellectum,
3115 4112 3173 4157 ut
3212 4118 3274 4157 ea
3311 4118 3429 4172 qua:
3471 4103 3724 4158 dicuntur

2129 4202 2431 4272 intelligere
2454 4199 2692 4256 valeatis.
2721 4197 2980 4253 Liberalis
3003 4197 3146 4251 enim
3172 4205 3255 4251 est
3282 4197 3512 4267 Spiritus
3533 4198 3723 4267 gratia,

2129 4306 2184 4352 et
2208 4310 2267 4350 se
2286 4294 2340 4349 in
2366 4306 2555 4349 omnes
2577 4289 2880 4352 eliundens,
2912 4289 3110 4342 nullam
3132 4287 3449 4343 divisionem
3474 4288 3721 4349 suStinet.

2130 4386 2226 4443 sed
2257 4400 2378 4440 cum
2403 4381 2757 4443 distribuitur,
2790 4379 2958 4449 magis
2987 4377 3201 4445 crescit,
3231 4386 3285 4432 ct
3312 4388 3513 4448 quanto
3542 4379 3725 4449 plures

2129 4485 2254 4532 sunt
2278 4476 2393 4545 ejus
2422 4472 2724 4544 participes,
2754 4479 2901 4526 tanto
2927 4480 2981 4526 et
3001 4471 3317 4526 benelicium
3343 4470 3511 4541 magis
3537 4479 3725 4525 exten-

2129 4567 2293 4622 ditur.
2326 4566 2438 4636 Age
2460 4562 2619 4634 igitur
2637 4562 2682 4617 si
2710 4561 2938 4627 videtur,
2968 4569 3025 4615 et
3043 4560 3203 4616 hodie
3222 4560 3287 4614 ad
3315 4562 3508 4615 seriem
3534 4575 3720 4616 eorum

2129 4676 2250 4732 qua:
2300 4657 2450 4729 prius
2496 4654 2636 4711 dicta
2681 4660 2806 4708 sunt
2854 4653 3154 4716 veniamus,
3201 4665 3265 4705 ac
3309 4650 3584 4705 videamus
3634 4651 3725 4705 ubi

2129 4766 2307 4810 sermo
2332 4748 2569 4814 desierit,
2596 4754 2649 4803 et
2677 4744 2819 4800 unde
2839 4759 2961 4800 eum
2991 4750 3235 4812 repetere
3265 4740 3424 4797 hodie
3450 4752 3716 4812 oporteat.

2193 4891 2267 4952 (η)
2301 4896 2367 4937 De
2389 4899 2484 4950 qua
2506 4885 2585 4952 hic
2607 4880 2807 4952 Homilia
2830 4890 3111 4929 sermonem
3144 4875 3339 4935 habeat,
3365 4874 3579 4926 nondum
3602 4877 3722 4927 satis

2128 4947 2441 5017 perspectum
2463 4947 2606 4996 nobis
2634 4950 2728 4994 est.
2768 5016 2801 5017 η
2946 5002 3043 5017 __
3096 4999 3196 5017 *ωε

2195 4999 2270 5076 (ῐῆ
2291 4999 2608 5076 θοὸειιιω-ριιω
2632 5003 2912 5076 reverentia
2936 5002 3051 5076 olim
3089 4999 3443 5076 exciperentur.
3463 4999 3721 5076 imperato-

2127 5059 2413 5129 ria‘z'l'iteraa,
2454 5070 2623 5119 videre
2662 5073 2739 5115 est
2760 5064 2886 5129 apud
2908 5064 3172 5129 scriptores
3196 5059 3298 5110 ium
3343 5059 3721 5129 Ecclesiasticos,

2128 5120 2518 5200 ithTiiiiéblios-
2544 5136 2716 5200 locum
2737 5120 2979 5200 ίηέίειιειη
3002 5120 3240 5200 habeas?
3261 5122 3394 5200 229s!
3563 5120 3720 5200 ﬁla-.5.

2126 5185 2258 5249 c.72l
2283 5185 2311 5245 z'
2325 5198 2407 5244 ubi
2440 5199 2661 5241 narratur
2696 5202 2806 5239 cum
2835 5185 2887 5238 in
2923 5186 3229 5249 depositione
3263 5185 3508 5249 gustathii,
3555 5185 3713 5243 episc.

2129 5214 2169 5249 c.
2197 5200 2294 5247 2i:
2325 5200 2407 5244 ubi
2440 5200 2661 5241 narratur
2696 5202 2806 5239 cum
2838 5201 2887 5238 tu
2923 5200 3229 5298 neerastuone
3264 5200 3508 5241 nusratnn,
3555 5200 3713 5243 episc.

2129 5257 2407 5315 Antiochiae,
2431 5261 2530 5304 tota
2548 5265 2692 5317 pene
2721 5251 2937 5317 civitass
3006 5249 3155 5317 itione
3179 5246 3541 5317 corillagrasset,
3568 5251 3720 5317 atque

2129 5305 2585 5383 uir-‘i‘nquelarmatis
2626 5312 2868 5383 stantibus
2910 5310 3170 5383 factionum
3205 5305 3719 5383 partibus:un

2129 5364 2670 5442 niililgswadiunxerang
2689 5376 2787 5437 jam
2811 5385 2963 5442 prppe
2988 5371 3161 5442 fuisset
3179 5364 3314 5442 tit-ad
3331 5374 3474 5442 atrox
3497 5364 3717 5442 praelium

2129 5426 2405 5500 'v'éiiir‘éidi’:
2418 5426 2837 5501 supervenientes
2856 5426 3189 5496 imperatorias
3202 5428 3389 5501 literas
3401 5426 3631 5501 populum
3656 5428 3719 5501 ti:-

2129 5492 2266 5554 more
2286 5492 2587 5564 implevisse,
2614 5506 2667 5549 et
2683 5498 2907 5564 factiosos
2925 5492 3551 5564 'compescuisse._vidjmus
3573 5500 3721 5564 supra

2126 5550 2274 5616 ionio
2290 5550 2629 5626 ﬁlt‘trepistolam
2649 5558 2843 5626 Honorii
2879 5550 3078 5626 sacrati!
3098 5550 3345 5626 διηιεηθεὶ
3358 5550 3720 5626 ἕννάίὲίῖωέεξίιβθ

2128 5613 2304 5689 passim
2320 5613 2652 5689 imperatorias
2669 5618 2899 5684 epistolas
2914 5618 3005 5689 hac
3028 5613 3273 5689 unavoce
3280 5613 3720 5689 sacraappella'tas

2127 5679 2298 5746 inisse,
2330 5679 2457 5749 quod
2480 5683 2637 5749 solum
2668 5679 2846 5735 nomen
2876 5679 2937 5730 ad
2968 5679 3299 5728 reverentiam
3340 5681 3491 5738 δίψη
3530 5685 3721 5730 metum

2124 5746 2361 5814 populum
2392 5746 2590 5801 vocabat
