  <div class='ocr_page' id='page_1' title='image "/cluster/home/n/w/nwhite01/storage/ocr_20150623/54/mdp.39015078384420/035.png"; bbox 0 0 4150 6276; ppageno 0'>
   <div class='ocr_carea' id='block_1_1' title="bbox 403 314 506 376">
    <p class='ocr_par' dir='ltr' id='par_1_1' title="bbox 403 314 506 376">
     <span class='ocr_line' id='line_1_1' title="bbox 403 314 506 376; baseline -0.078 -1"><span class='ocrx_word' id='word_1_1' title='bbox 403 314 506 376; x_wconf 67' lang='grc' dir='ltr'><strong>ΜΠ</strong></span> 
     </span>
    </p>
   </div>
   <div class='ocr_carea' id='block_1_2' title="bbox 395 423 1976 498">
    <p class='ocr_par' dir='ltr' id='par_1_2' title="bbox 395 423 1976 498">
     <span class='ocr_line' id='line_1_2' title="bbox 395 423 1976 498; baseline 0.001 -18"><span class='ocrx_word' id='word_1_2' title='bbox 395 423 637 492; x_wconf 74' lang='lat' dir='ltr'><strong>Quonam</strong></span> <span class='ocrx_word' id='word_1_3' title='bbox 692 423 850 495; x_wconf 79' lang='lat' dir='ltr'><strong>igitur</strong></span> <span class='ocrx_word' id='word_1_4' title='bbox 889 441 1054 497; x_wconf 83' lang='lat' dir='ltr'><strong>nuper</strong></span> <span class='ocrx_word' id='word_1_5' title='bbox 1091 429 1412 498; x_wconf 67' lang='lat' dir='ltr'><strong>appulimus,</strong></span> <span class='ocrx_word' id='word_1_6' title='bbox 1443 445 1505 485; x_wconf 89' lang='lat' dir='ltr'><strong>ac</strong></span> <span class='ocrx_word' id='word_1_7' title='bbox 1545 429 1770 486; x_wconf 84' lang='lat' dir='ltr'><strong>docendi</strong></span> <span class='ocrx_word' id='word_1_8' title='bbox 1817 429 1976 485; x_wconf 89' lang='lat' dir='ltr'><strong>ﬁnem</strong></span> 
     </span>
    </p>
   </div>
   <div class='ocr_carea' id='block_1_3' title="bbox 397 513 1981 589">
    <p class='ocr_par' dir='ltr' id='par_1_3' title="bbox 397 513 1981 589">
     <span class='ocr_line' id='line_1_3' title="bbox 397 513 1981 589; baseline 0.006 -22"><span class='ocrx_word' id='word_1_9' title='bbox 397 513 659 568; x_wconf 82' lang='lat' dir='ltr'><strong>fecimus?</strong></span> <span class='ocrx_word' id='word_1_10' title='bbox 684 514 758 570; x_wconf 90' lang='lat' dir='ltr'><strong>De</strong></span> <span class='ocrx_word' id='word_1_11' title='bbox 782 516 880 571; x_wconf 88' lang='lat' dir='ltr'><strong>Lot</strong></span> <span class='ocrx_word' id='word_1_12' title='bbox 900 518 1048 573; x_wconf 80' lang='lat' dir='ltr'><strong>vobis</strong></span> <span class='ocrx_word' id='word_1_13' title='bbox 1076 519 1444 589; x_wconf 86' lang='lat' dir='ltr'><strong>narrabamus,</strong></span> <span class='ocrx_word' id='word_1_14' title='bbox 1465 531 1520 576; x_wconf 90' lang='lat' dir='ltr'><strong>et</strong></span> <span class='ocrx_word' id='word_1_15' title='bbox 1543 522 1610 577; x_wconf 91' lang='lat' dir='ltr'><strong>de</strong></span> <span class='ocrx_word' id='word_1_16' title='bbox 1628 522 1981 578; x_wconf 85' lang='lat' dir='ltr'><strong>Sodomorum</strong></span> 
     </span>
    </p>
   </div>
   <div class='ocr_carea' id='block_1_4' title="bbox 397 604 1984 682">
    <p class='ocr_par' dir='ltr' id='par_1_4' title="bbox 397 604 1984 682">
     <span class='ocr_line' id='line_1_4' title="bbox 397 604 1984 682; baseline 0.009 -26"><span class='ocrx_word' id='word_1_17' title='bbox 397 604 662 671; x_wconf 85' lang='lat' dir='ltr'><strong>incendio,</strong></span> <span class='ocrx_word' id='word_1_18' title='bbox 693 605 800 661; x_wconf 92' lang='lat' dir='ltr'><strong>illic</strong></span> <span class='ocrx_word' id='word_1_19' title='bbox 825 623 853 660; x_wconf 87' lang='lat' dir='ltr'><strong>a</strong></span> <span class='ocrx_word' id='word_1_20' title='bbox 878 623 1127 665; x_wconf 79' lang='lat' dir='ltr'><strong>sermone</strong></span> <span class='ocrx_word' id='word_1_21' title='bbox 1153 610 1476 678; x_wconf 85' lang='lat' dir='ltr'><strong>destitimus,</strong></span> <span class='ocrx_word' id='word_1_22' title='bbox 1500 612 1586 666; x_wconf 85' lang='lat' dir='ltr'><strong>ubi</strong></span> <span class='ocrx_word' id='word_1_23' title='bbox 1610 614 1785 682; x_wconf 88' lang='lat' dir='ltr'><strong>justus</strong></span> <span class='ocrx_word' id='word_1_24' title='bbox 1805 614 1857 668; x_wconf 91' lang='lat' dir='ltr'><strong>in</strong></span> <span class='ocrx_word' id='word_1_25' title='bbox 1887 612 1984 670; x_wconf 80' lang='lat' dir='ltr'><strong>Sc-</strong></span> 
     </span>
    </p>
   </div>
   <div class='ocr_carea' id='block_1_5' title="bbox 397 701 1984 776">
    <p class='ocr_par' dir='ltr' id='par_1_5' title="bbox 397 701 1984 776">
     <span class='ocr_line' id='line_1_5' title="bbox 397 701 1984 776; baseline 0.006 -26"><span class='ocrx_word' id='word_1_26' title='bbox 397 710 495 766; x_wconf 77' lang='lat' dir='ltr'><strong>gor</strong></span> <span class='ocrx_word' id='word_1_27' title='bbox 521 708 762 754; x_wconf 82' lang='lat' dir='ltr'><strong>servatus</strong></span> <span class='ocrx_word' id='word_1_28' title='bbox 787 711 890 755; x_wconf 87' lang='lat' dir='ltr'><strong>est.</strong></span> <span class='ocrx_word' id='word_1_29' title='bbox 924 701 1020 758; x_wconf 86' lang='lat' dir='ltr'><strong>Sol</strong></span> <span class='ocrx_word' id='word_1_30' title='bbox 1055 702 1195 756; x_wconf 90' lang='lat' dir='ltr'><strong>enim</strong></span> <span class='ocrx_word' id='word_1_31' title='bbox 1221 719 1451 774; x_wconf 77' lang='lat' dir='ltr'><strong>egressus</strong></span> <span class='ocrx_word' id='word_1_32' title='bbox 1479 715 1552 760; x_wconf 85' lang='lat' dir='ltr'><strong>est</strong></span> <span class='ocrx_word' id='word_1_33' title='bbox 1581 722 1733 776; x_wconf 86' lang='lat' dir='ltr'><strong>super</strong></span> <span class='ocrx_word' id='word_1_34' title='bbox 1760 718 1984 772; x_wconf 81' lang='lat' dir='ltr'><strong>terram,-</strong></span> 
     </span>
    </p>
   </div>
   <div class='ocr_carea' id='block_1_6' title="bbox 397 786 1984 863">
    <p class='ocr_par' dir='ltr' id='par_1_6' title="bbox 397 786 1984 863">
     <span class='ocr_line' id='line_1_6' title="bbox 397 786 1984 863; baseline 0.008 -23"><span class='ocrx_word' id='word_1_35' title='bbox 397 797 442 841; x_wconf 84' lang='lat' dir='ltr'><strong>et</strong></span> <span class='ocrx_word' id='word_1_36' title='bbox 472 786 568 842; x_wconf 86' lang='lat' dir='ltr'><strong>Lat</strong></span> <span class='ocrx_word' id='word_1_37' title='bbox 587 790 790 844; x_wconf 85' lang='lat' dir='ltr'><strong>intravit</strong></span> <span class='ocrx_word' id='word_1_38' title='bbox 815 794 867 847; x_wconf 88' lang='lat' dir='ltr'><strong>in</strong></span> <span class='ocrx_word' id='word_1_39' title='bbox 889 792 1071 863; x_wconf 83' lang='lat' dir='ltr'><strong>Segor,</strong></span> <span class='ocrx_word' id='word_1_40' title='bbox 1101 804 1156 849; x_wconf 90' lang='lat' dir='ltr'><strong>et</strong></span> <span class='ocrx_word' id='word_1_41' title='bbox 1181 803 1306 850; x_wconf 86' lang='lat' dir='ltr'><strong>tunc</strong></span> <span class='ocrx_word' id='word_1_42' title='bbox 1334 797 1407 848; x_wconf 80' lang='lat' dir='ltr'><strong>ira</strong></span> <span class='ocrx_word' id='word_1_43' title='bbox 1434 811 1463 850; x_wconf 89' lang='lat' dir='ltr'><strong>a</strong></span> <span class='ocrx_word' id='word_1_44' title='bbox 1495 797 1605 852; x_wconf 88' lang='lat' dir='ltr'><strong>Deo</strong></span> <span class='ocrx_word' id='word_1_45' title='bbox 1626 798 1861 852; x_wconf 83' lang='lat' dir='ltr'><strong>immissa</strong></span> <span class='ocrx_word' id='word_1_46' title='bbox 1882 799 1984 854; x_wconf 88' lang='lat' dir='ltr'><strong>So-</strong></span> 
     </span>
    </p>
   </div>
   <div class='ocr_carea' id='block_1_7' title="bbox 395 877 1983 962">
    <p class='ocr_par' dir='ltr' id='par_1_7' title="bbox 395 877 1983 962">
     <span class='ocr_line' id='line_1_7' title="bbox 395 877 1983 962; baseline 0.01 -29"><span class='ocrx_word' id='word_1_47' title='bbox 395 877 624 938; x_wconf 77' lang='lat' dir='ltr'><strong>domitas</strong></span> <span class='ocrx_word' id='word_1_48' title='bbox 650 883 1019 952; x_wconf 72' lang='lat' dir='ltr'><strong>apprehendit,</strong></span> <span class='ocrx_word' id='word_1_49' title='bbox 1043 897 1098 942; x_wconf 89' lang='lat' dir='ltr'><strong>et</strong></span> <span class='ocrx_word' id='word_1_50' title='bbox 1115 888 1480 942; x_wconf 80' lang='lat' dir='ltr'><strong>terratuillam</strong></span> <span class='ocrx_word' id='word_1_51' title='bbox 1501 890 1752 958; x_wconf 82' lang='lat' dir='ltr'><strong>abolevit,</strong></span> <span class='ocrx_word' id='word_1_52' title='bbox 1771 893 1983 962; x_wconf 86' lang='lat' dir='ltr'><strong>quando</strong></span> 
     </span>
    </p>
   </div>
   <div class='ocr_carea' id='block_1_8' title="bbox 391 973 1986 1049">
    <p class='ocr_par' dir='ltr' id='par_1_8' title="bbox 391 973 1986 1049">
     <span class='ocr_line' id='line_1_8' title="bbox 391 973 1986 1049; baseline 0.008 -23"><span class='ocrx_word' id='word_1_53' title='bbox 391 979 448 1028; x_wconf 87' lang='lat' dir='ltr'><strong>et</strong></span> <span class='ocrx_word' id='word_1_54' title='bbox 479 987 612 1027; x_wconf 83' lang='lat' dir='ltr'><strong>uxor</strong></span> <span class='ocrx_word' id='word_1_55' title='bbox 632 973 760 1042; x_wconf 85' lang='lat' dir='ltr'><strong>justi</strong></span> <span class='ocrx_word' id='word_1_56' title='bbox 787 990 972 1031; x_wconf 89' lang='lat' dir='ltr'><strong>eorum</strong></span> <span class='ocrx_word' id='word_1_57' title='bbox 1002 993 1120 1047; x_wconf 82' lang='lat' dir='ltr'><strong>quae</strong></span> <span class='ocrx_word' id='word_1_58' title='bbox 1144 978 1213 1032; x_wconf 83' lang='lat' dir='ltr'><strong>ab</strong></span> <span class='ocrx_word' id='word_1_59' title='bbox 1236 981 1441 1049; x_wconf 76' lang='lat' dir='ltr'><strong>angelis</strong></span> <span class='ocrx_word' id='word_1_60' title='bbox 1477 980 1616 1036; x_wconf 86' lang='lat' dir='ltr'><strong>dicta</strong></span> <span class='ocrx_word' id='word_1_61' title='bbox 1649 981 1858 1037; x_wconf 82' lang='lat' dir='ltr'><strong>fuerant</strong></span> <span class='ocrx_word' id='word_1_62' title='bbox 1885 984 1986 1038; x_wconf 91' lang='lat' dir='ltr'><strong>im-</strong></span> 
     </span>
    </p>
   </div>
   <div class='ocr_carea' id='block_1_9' title="bbox 395 1068 1982 1135">
    <p class='ocr_par' dir='ltr' id='par_1_9' title="bbox 395 1068 1982 1135">
     <span class='ocr_line' id='line_1_9' title="bbox 395 1068 1982 1135; baseline 0.007 -18"><span class='ocrx_word' id='word_1_63' title='bbox 395 1078 621 1131; x_wconf 87' lang='lat' dir='ltr'><strong>memor,</strong></span> <span class='ocrx_word' id='word_1_64' title='bbox 648 1068 905 1134; x_wconf 84' lang='lat' dir='ltr'><strong>spectavit</strong></span> <span class='ocrx_word' id='word_1_65' title='bbox 930 1077 1242 1135; x_wconf 85' lang='lat' dir='ltr'><strong>retrorsum,</strong></span> <span class='ocrx_word' id='word_1_66' title='bbox 1268 1077 1323 1124; x_wconf 81' lang='lat' dir='ltr'><strong>et</strong></span> <span class='ocrx_word' id='word_1_67' title='bbox 1352 1069 1485 1126; x_wconf 89' lang='lat' dir='ltr'><strong>facta</strong></span> <span class='ocrx_word' id='word_1_68' title='bbox 1513 1081 1595 1127; x_wconf 90' lang='lat' dir='ltr'><strong>est</strong></span> <span class='ocrx_word' id='word_1_69' title='bbox 1622 1073 1868 1128; x_wconf 85' lang='lat' dir='ltr'><strong>columna</strong></span> <span class='ocrx_word' id='word_1_70' title='bbox 1899 1089 1982 1128; x_wconf 89' lang='lat' dir='ltr'><strong>sa-</strong></span> 
     </span>
    </p>
   </div>
   <div class='ocr_carea' id='block_1_10' title="bbox 394 1156 1982 1233">
    <p class='ocr_par' dir='ltr' id='par_1_10' title="bbox 394 1156 1982 1233">
     <span class='ocr_line' id='line_1_10' title="bbox 394 1156 1982 1233; baseline 0.01 -26"><span class='ocrx_word' id='word_1_71' title='bbox 394 1156 475 1220; x_wconf 88' lang='lat' dir='ltr'><strong>lis,</strong></span> <span class='ocrx_word' id='word_1_72' title='bbox 536 1168 847 1229; x_wconf 70' lang='lat' dir='ltr'><strong>perpetuum</strong></span> <span class='ocrx_word' id='word_1_73' title='bbox 911 1162 1292 1217; x_wconf 86' lang='lat' dir='ltr'><strong>monimentum</strong></span> <span class='ocrx_word' id='word_1_74' title='bbox 1342 1166 1726 1233; x_wconf 76' lang='lat' dir='ltr'><strong>posterioribus</strong></span> <span class='ocrx_word' id='word_1_75' title='bbox 1773 1168 1982 1224; x_wconf 84' lang='lat' dir='ltr'><strong>sacculis</strong></span> 
     </span>
    </p>
   </div>
   <div class='ocr_carea' id='block_1_11' title="bbox 390 1251 1980 1327">
    <p class='ocr_par' dir='ltr' id='par_1_11' title="bbox 390 1251 1980 1327">
     <span class='ocr_line' id='line_1_11' title="bbox 390 1251 1980 1327; baseline 0.014 -29"><span class='ocrx_word' id='word_1_76' title='bbox 390 1262 500 1302; x_wconf 76' lang='lat' dir='ltr'><strong>sua:</strong></span> <span class='ocrx_word' id='word_1_77' title='bbox 531 1251 864 1321; x_wconf 71' lang='lat' dir='ltr'><strong>negligentia:</strong></span> <span class='ocrx_word' id='word_1_78' title='bbox 904 1254 1166 1322; x_wconf 66' lang='lat' dir='ltr'><strong>praebens.</strong></span> <span class='ocrx_word' id='word_1_79' title='bbox 1197 1255 1386 1326; x_wconf 68' lang='lat' dir='ltr'><strong>Opera:</strong></span> <span class='ocrx_word' id='word_1_80' title='bbox 1426 1261 1652 1327; x_wconf 83' lang='lat' dir='ltr'><strong>pretium</strong></span> <span class='ocrx_word' id='word_1_81' title='bbox 1699 1278 1838 1318; x_wconf 91' lang='lat' dir='ltr'><strong>nunc</strong></span> <span class='ocrx_word' id='word_1_82' title='bbox 1866 1263 1980 1320; x_wconf 90' lang='lat' dir='ltr'><strong>fue-</strong></span> 
     </span>
    </p>
   </div>
   <div class='ocr_carea' id='block_1_12' title="bbox 393 1337 1981 1418">
    <p class='ocr_par' dir='ltr' id='par_1_12' title="bbox 393 1337 1981 1418">
     <span class='ocr_line' id='line_1_12' title="bbox 393 1337 1981 1418; baseline 0.012 -28"><span class='ocrx_word' id='word_1_83' title='bbox 393 1337 462 1391; x_wconf 92' lang='lat' dir='ltr'><strong>rit</strong></span> <span class='ocrx_word' id='word_1_84' title='bbox 502 1339 820 1396; x_wconf 71' lang='lat' dir='ltr'><strong>intermissa:</strong></span> <span class='ocrx_word' id='word_1_85' title='bbox 847 1342 1004 1398; x_wconf 86' lang='lat' dir='ltr'><strong>seriei</strong></span> <span class='ocrx_word' id='word_1_86' title='bbox 1046 1345 1309 1414; x_wconf 84' lang='lat' dir='ltr'><strong>insistere,</strong></span> <span class='ocrx_word' id='word_1_87' title='bbox 1352 1358 1404 1402; x_wconf 88' lang='lat' dir='ltr'><strong>et</strong></span> <span class='ocrx_word' id='word_1_88' title='bbox 1452 1364 1614 1418; x_wconf 87' lang='lat' dir='ltr'><strong>pauca</strong></span> <span class='ocrx_word' id='word_1_89' title='bbox 1659 1362 1854 1408; x_wconf 61' lang='lat' dir='ltr'><strong>vestrae</strong></span> <span class='ocrx_word' id='word_1_90' title='bbox 1894 1370 1981 1410; x_wconf 88' lang='lat' dir='ltr'><strong>ca-</strong></span> 
     </span>
    </p>
   </div>
   <div class='ocr_carea' id='block_1_13' title="bbox 393 1427 1980 1502">
    <p class='ocr_par' dir='ltr' id='par_1_13' title="bbox 393 1427 1980 1502">
     <span class='ocr_line' id='line_1_13' title="bbox 393 1427 1980 1502; baseline 0.014 -24"><span class='ocrx_word' id='word_1_91' title='bbox 393 1427 536 1481; x_wconf 86' lang='lat' dir='ltr'><strong>ritati</strong></span> <span class='ocrx_word' id='word_1_92' title='bbox 567 1427 732 1497; x_wconf 88' lang='lat' dir='ltr'><strong>loqui,</strong></span> <span class='ocrx_word' id='word_1_93' title='bbox 765 1440 822 1484; x_wconf 92' lang='lat' dir='ltr'><strong>ut</strong></span> <span class='ocrx_word' id='word_1_94' title='bbox 849 1430 1039 1487; x_wconf 85' lang='lat' dir='ltr'><strong>iterum</strong></span> <span class='ocrx_word' id='word_1_95' title='bbox 1068 1435 1288 1492; x_wconf 83' lang='lat' dir='ltr'><strong>videatis</strong></span> <span class='ocrx_word' id='word_1_96' title='bbox 1315 1439 1590 1495; x_wconf 81' lang='lat' dir='ltr'><strong>caritatem</strong></span> <span class='ocrx_word' id='word_1_97' title='bbox 1619 1451 1672 1497; x_wconf 88' lang='lat' dir='ltr'><strong>et</strong></span> <span class='ocrx_word' id='word_1_98' title='bbox 1695 1447 1980 1502; x_wconf 90' lang='lat' dir='ltr'><strong>commise-</strong></span> 
     </span>
    </p>
   </div>
   <div class='ocr_carea' id='block_1_14' title="bbox 393 1519 1978 1595">
    <p class='ocr_par' dir='ltr' id='par_1_14' title="bbox 393 1519 1978 1595">
     <span class='ocr_line' id='line_1_14' title="bbox 393 1519 1978 1595; baseline 0.016 -25"><span class='ocrx_word' id='word_1_99' title='bbox 393 1519 654 1575; x_wconf 77' lang='lat' dir='ltr'><strong>raziouem</strong></span> <span class='ocrx_word' id='word_1_100' title='bbox 686 1525 1018 1592; x_wconf 62' lang='lat' dir='ltr'><strong>patriarcha}.</strong></span> <span class='ocrx_word' id='word_1_101' title='bbox 1049 1539 1102 1583; x_wconf 88' lang='lat' dir='ltr'><strong>et</strong></span> <span class='ocrx_word' id='word_1_102' title='bbox 1131 1529 1224 1585; x_wconf 87' lang='lat' dir='ltr'><strong>Dei</strong></span> <span class='ocrx_word' id='word_1_103' title='bbox 1265 1532 1314 1585; x_wconf 90' lang='lat' dir='ltr'><strong>in</strong></span> <span class='ocrx_word' id='word_1_104' title='bbox 1356 1533 1504 1588; x_wconf 91' lang='lat' dir='ltr'><strong>illum</strong></span> <span class='ocrx_word' id='word_1_105' title='bbox 1534 1535 1978 1595; x_wconf 74' lang='lat' dir='ltr'><strong>benevolentiam.</strong></span> 
     </span>
    </p>
   </div>
   <div class='ocr_carea' id='block_1_15' title="bbox 395 1607 1978 1699">
    <p class='ocr_par' dir='ltr' id='par_1_15' title="bbox 395 1607 1978 1699">
     <span class='ocr_line' id='line_1_15' title="bbox 395 1607 1978 1699; baseline 0.014 -38"><span class='ocrx_word' id='word_1_106' title='bbox 395 1607 528 1662; x_wconf 86' lang='lat' dir='ltr'><strong>Nam</strong></span> <span class='ocrx_word' id='word_1_107' title='bbox 561 1609 671 1678; x_wconf 89' lang='lat' dir='ltr'><strong>ubi,</strong></span> <span class='ocrx_word' id='word_1_108' title='bbox 702 1625 822 1668; x_wconf 92' lang='lat' dir='ltr'><strong>orto</strong></span> <span class='ocrx_word' id='word_1_109' title='bbox 849 1619 981 1682; x_wconf 91' lang='lat' dir='ltr'><strong>sole,</strong></span> <span class='ocrx_word' id='word_1_110' title='bbox 1008 1618 1183 1686; x_wconf 87' lang='lat' dir='ltr'><strong>justus</strong></span> <span class='ocrx_word' id='word_1_111' title='bbox 1207 1621 1308 1675; x_wconf 90' lang='lat' dir='ltr'><strong>Lnt</strong></span> <span class='ocrx_word' id='word_1_112' title='bbox 1337 1623 1389 1678; x_wconf 90' lang='lat' dir='ltr'><strong>in</strong></span> <span class='ocrx_word' id='word_1_113' title='bbox 1421 1625 1589 1695; x_wconf 85' lang='lat' dir='ltr'><strong>Segor</strong></span> <span class='ocrx_word' id='word_1_114' title='bbox 1613 1640 1852 1685; x_wconf 88' lang='lat' dir='ltr'><strong>servatus</strong></span> <span class='ocrx_word' id='word_1_115' title='bbox 1875 1643 1978 1699; x_wconf 72' lang='grc' dir='ltr'><strong>ρει,</strong></span> 
     </span>
    </p>
   </div>
   <div class='ocr_carea' id='block_1_16' title="bbox 397 1700 1979 1790">
    <p class='ocr_par' dir='ltr' id='par_1_16' title="bbox 397 1700 1979 1790">
     <span class='ocr_line' id='line_1_16' title="bbox 397 1700 1979 1790; baseline 0.016 -37"><span class='ocrx_word' id='word_1_116' title='bbox 397 1700 484 1767; x_wconf 91' lang='lat' dir='ltr'><strong>qui</strong></span> <span class='ocrx_word' id='word_1_117' title='bbox 511 1709 686 1756; x_wconf 85' lang='lat' dir='ltr'><strong>autem</strong></span> <span class='ocrx_word' id='word_1_118' title='bbox 714 1703 962 1761; x_wconf 83' lang='lat' dir='ltr'><strong>Sodomis</strong></span> <span class='ocrx_word' id='word_1_119' title='bbox 989 1720 1161 1776; x_wconf 88' lang='lat' dir='ltr'><strong>erant,</strong></span> <span class='ocrx_word' id='word_1_120' title='bbox 1188 1728 1396 1780; x_wconf 82' lang='lat' dir='ltr'><strong>pa-nam</strong></span> <span class='ocrx_word' id='word_1_121' title='bbox 1426 1717 1652 1782; x_wconf 86' lang='lat' dir='ltr'><strong>luerunt,</strong></span> <span class='ocrx_word' id='word_1_122' title='bbox 1681 1723 1979 1790; x_wconf 76' lang='lat' dir='ltr'><strong>patriarcha</strong></span> 
     </span>
    </p>
   </div>
   <div class='ocr_carea' id='block_1_17' title="bbox 395 1792 1982 1883">
    <p class='ocr_par' dir='ltr' id='par_1_17' title="bbox 395 1792 1982 1883">
     <span class='ocr_line' id='line_1_17' title="bbox 395 1792 1982 1883; baseline 0.017 -40"><span class='ocrx_word' id='word_1_123' title='bbox 395 1792 550 1846; x_wconf 86' lang='lat' dir='ltr'><strong>simul</strong></span> <span class='ocrx_word' id='word_1_124' title='bbox 591 1802 646 1848; x_wconf 85' lang='lat' dir='ltr'><strong>et</strong></span> <span class='ocrx_word' id='word_1_125' title='bbox 691 1796 900 1853; x_wconf 87' lang='lat' dir='ltr'><strong>illorum</strong></span> <span class='ocrx_word' id='word_1_126' title='bbox 937 1800 1208 1857; x_wconf 87' lang='lat' dir='ltr'><strong>interitum</strong></span> <span class='ocrx_word' id='word_1_127' title='bbox 1251 1806 1528 1871; x_wconf 77' lang='lat' dir='ltr'><strong>miserans,</strong></span> <span class='ocrx_word' id='word_1_128' title='bbox 1569 1825 1725 1880; x_wconf 87' lang='lat' dir='ltr'><strong>quem</strong></span> <span class='ocrx_word' id='word_1_129' title='bbox 1765 1822 1982 1883; x_wconf 54' lang='lat' dir='ltr'><strong>propter</strong></span> 
     </span>
    </p>
   </div>
   <div class='ocr_carea' id='block_1_18' title="bbox 395 1895 1982 1970">
    <p class='ocr_par' dir='ltr' id='par_1_18' title="bbox 395 1895 1982 1970">
     <span class='ocr_line' id='line_1_18' title="bbox 395 1895 1982 1970; baseline 0.016 -34"><span class='ocrx_word' id='word_1_130' title='bbox 395 1897 549 1938; x_wconf 87' lang='lat' dir='ltr'><strong>suum</strong></span> <span class='ocrx_word' id='word_1_131' title='bbox 581 1897 850 1955; x_wconf 88' lang='lat' dir='ltr'><strong>peccatum</strong></span> <span class='ocrx_word' id='word_1_132' title='bbox 889 1895 1273 1963; x_wconf 85' lang='lat' dir='ltr'><strong>sustinuerunt,</strong></span> <span class='ocrx_word' id='word_1_133' title='bbox 1311 1909 1362 1954; x_wconf 92' lang='lat' dir='ltr'><strong>et</strong></span> <span class='ocrx_word' id='word_1_134' title='bbox 1385 1900 1453 1956; x_wconf 89' lang='lat' dir='ltr'><strong>de</strong></span> <span class='ocrx_word' id='word_1_135' title='bbox 1473 1902 1616 1970; x_wconf 82' lang='lat' dir='ltr'><strong>justo</strong></span> <span class='ocrx_word' id='word_1_136' title='bbox 1643 1905 1796 1961; x_wconf 85' lang='lat' dir='ltr'><strong>valde</strong></span> <span class='ocrx_word' id='word_1_137' title='bbox 1829 1907 1982 1962; x_wconf 84' lang='lat' dir='ltr'><strong>so!li-</strong></span> 
     </span>
    </p>
   </div>
   <div class='ocr_carea' id='block_1_19' title="bbox 394 1975 1973 2061">
    <p class='ocr_par' dir='ltr' id='par_1_19' title="bbox 394 1975 1973 2061">
     <span class='ocr_line' id='line_1_19' title="bbox 394 1975 1973 2061; baseline 0.018 -34"><span class='ocrx_word' id='word_1_138' title='bbox 394 1975 551 2043; x_wconf 83' lang='lat' dir='ltr'><strong>citus,</strong></span> <span class='ocrx_word' id='word_1_139' title='bbox 582 1993 736 2035; x_wconf 84' lang='lat' dir='ltr'><strong>mane</strong></span> <span class='ocrx_word' id='word_1_140' title='bbox 761 1984 982 2041; x_wconf 89' lang='lat' dir='ltr'><strong>veniens</strong></span> <span class='ocrx_word' id='word_1_141' title='bbox 1011 1991 1284 2057; x_wconf 85' lang='lat' dir='ltr'><strong>spectabat</strong></span> <span class='ocrx_word' id='word_1_142' title='bbox 1311 2008 1429 2061; x_wconf 65' lang='lat' dir='ltr'><strong>quae</strong></span> <span class='ocrx_word' id='word_1_143' title='bbox 1467 1995 1536 2049; x_wconf 86' lang='lat' dir='ltr'><strong>ibi</strong></span> <span class='ocrx_word' id='word_1_144' title='bbox 1575 1995 1712 2052; x_wconf 86' lang='lat' dir='ltr'><strong>facta</strong></span> <span class='ocrx_word' id='word_1_145' title='bbox 1745 1997 1973 2056; x_wconf 81' lang='lat' dir='ltr'><strong>fuerant.</strong></span> 
     </span>
    </p>
   </div>
   <div class='ocr_carea' id='block_1_20' title="bbox 393 2067 1977 2153">
    <p class='ocr_par' dir='ltr' id='par_1_20' title="bbox 393 2067 1977 2153">
     <span class='ocr_line' id='line_1_20' title="bbox 393 2067 1977 2153; baseline 0.018 -34"><span class='ocrx_word' id='word_1_146' title='bbox 393 2067 481 2120; x_wconf 64' lang='lat'><strong>27.</strong></span> <span class='ocrx_word' id='word_1_147' title='bbox 516 2069 754 2127; x_wconf 81' lang='lat' dir='ltr'><strong>Diluculo</strong></span> <span class='ocrx_word' id='word_1_148' title='bbox 780 2086 946 2130; x_wconf 85' lang='lat' dir='ltr'><strong>autem</strong></span> <span class='ocrx_word' id='word_1_149' title='bbox 968 2081 1118 2143; x_wconf 85' lang='lat' dir='ltr'><strong>venit,</strong></span> <span class='ocrx_word' id='word_1_150' title='bbox 1145 2082 1332 2153; x_wconf 81' lang='lat' dir='ltr'><strong>inquit,</strong></span> <span class='ocrx_word' id='word_1_151' title='bbox 1362 2085 1616 2140; x_wconf 74' lang='lat' dir='ltr'><strong>Abraham</strong></span> <span class='ocrx_word' id='word_1_152' title='bbox 1641 2107 1788 2144; x_wconf 71' lang='lat' dir='ltr'><strong>inane</strong></span> <span class='ocrx_word' id='word_1_153' title='bbox 1811 2094 1879 2145; x_wconf 84' lang='lat' dir='ltr'><strong>ad</strong></span> <span class='ocrx_word' id='word_1_154' title='bbox 1900 2094 1977 2146; x_wconf 63' lang='grc' dir='ltr'><strong>[οε</strong></span> 
     </span>
    </p>
   </div>
   <div class='ocr_carea' id='block_1_21' title="bbox 393 2164 1979 2253">
    <p class='ocr_par' dir='ltr' id='par_1_21' title="bbox 393 2164 1979 2253">
     <span class='ocr_line' id='line_1_21' title="bbox 393 2164 1979 2253; baseline 0.018 -43"><span class='ocrx_word' id='word_1_155' title='bbox 393 2175 526 2222; x_wconf 77' lang='lat' dir='ltr'><strong>cum,</strong></span> <span class='ocrx_word' id='word_1_156' title='bbox 552 2164 635 2215; x_wconf 82' lang='lat' dir='ltr'><strong>ubi</strong></span> <span class='ocrx_word' id='word_1_157' title='bbox 668 2175 872 2221; x_wconf 86' lang='lat' dir='ltr'><strong>steterat</strong></span> <span class='ocrx_word' id='word_1_158' title='bbox 898 2186 1069 2224; x_wconf 86' lang='lat' dir='ltr'><strong>coram</strong></span> <span class='ocrx_word' id='word_1_159' title='bbox 1104 2171 1235 2241; x_wconf 87' lang='lat' dir='ltr'><strong>Deo,</strong></span> <span class='ocrx_word' id='word_1_160' title='bbox 1261 2175 1350 2232; x_wconf 74' lang='grc'><strong>28.</strong></span> <span class='ocrx_word' id='word_1_161' title='bbox 1377 2188 1423 2231; x_wconf 89' lang='lat' dir='ltr'><strong>et</strong></span> <span class='ocrx_word' id='word_1_162' title='bbox 1453 2182 1670 2249; x_wconf 71' lang='lat' dir='ltr'><strong>respexit</strong></span> <span class='ocrx_word' id='word_1_163' title='bbox 1703 2183 1756 2236; x_wconf 85' lang='lat' dir='ltr'><strong>in</strong></span> <span class='ocrx_word' id='word_1_164' title='bbox 1798 2184 1979 2253; x_wconf 79' lang='lat' dir='ltr'><strong>faciem</strong></span> 
     </span>
    </p>
   </div>
   <div class='ocr_carea' id='block_1_22' title="bbox 396 2253 1981 2344">
    <p class='ocr_par' dir='ltr' id='par_1_22' title="bbox 396 2253 1981 2344">
     <span class='ocr_line' id='line_1_22' title="bbox 396 2253 1981 2344; baseline 0.015 -37"><span class='ocrx_word' id='word_1_165' title='bbox 396 2253 739 2311; x_wconf 71' lang='lat' dir='ltr'><strong>Sodomorum</strong></span> <span class='ocrx_word' id='word_1_166' title='bbox 778 2274 826 2314; x_wconf 88' lang='lat' dir='ltr'><strong>et</strong></span> <span class='ocrx_word' id='word_1_167' title='bbox 856 2261 1172 2332; x_wconf 79' lang='lat' dir='ltr'><strong>Gomorrluc,</strong></span> <span class='ocrx_word' id='word_1_168' title='bbox 1206 2279 1253 2321; x_wconf 91' lang='lat' dir='ltr'><strong>et</strong></span> <span class='ocrx_word' id='word_1_169' title='bbox 1280 2270 1332 2322; x_wconf 84' lang='lat' dir='ltr'><strong>in</strong></span> <span class='ocrx_word' id='word_1_170' title='bbox 1363 2273 1543 2340; x_wconf 80' lang='lat' dir='ltr'><strong>faciem</strong></span> <span class='ocrx_word' id='word_1_171' title='bbox 1581 2276 1981 2344; x_wconf 76' lang='lat' dir='ltr'><strong>circuntjncentis</strong></span> 
     </span>
    </p>
   </div>
   <div class='ocr_carea' id='block_1_23' title="bbox 394 2345 1976 2432">
    <p class='ocr_par' dir='ltr' id='par_1_23' title="bbox 394 2345 1976 2432">
     <span class='ocr_line' id='line_1_23' title="bbox 394 2345 1976 2432; baseline 0.013 -36"><span class='ocrx_word' id='word_1_172' title='bbox 394 2345 632 2414; x_wconf 76' lang='lat' dir='ltr'><strong>regionis,</strong></span> <span class='ocrx_word' id='word_1_173' title='bbox 662 2360 709 2402; x_wconf 91' lang='lat' dir='ltr'><strong>et</strong></span> <span class='ocrx_word' id='word_1_174' title='bbox 749 2352 891 2405; x_wconf 82' lang='lat' dir='ltr'><strong>vidit.</strong></span> <span class='ocrx_word' id='word_1_175' title='bbox 925 2353 990 2406; x_wconf 84' lang='lat' dir='ltr'><strong>Et</strong></span> <span class='ocrx_word' id='word_1_176' title='bbox 1014 2371 1128 2408; x_wconf 88' lang='lat' dir='ltr'><strong>ecce</strong></span> <span class='ocrx_word' id='word_1_177' title='bbox 1164 2360 1462 2413; x_wconf 76' lang='lat' dir='ltr'><strong>ascendebat</strong></span> <span class='ocrx_word' id='word_1_178' title='bbox 1490 2364 1701 2430; x_wconf 80' lang='lat' dir='ltr'><strong>flamma</strong></span> <span class='ocrx_word' id='word_1_179' title='bbox 1735 2365 1798 2418; x_wconf 87' lang='lat' dir='ltr'><strong>dc</strong></span> <span class='ocrx_word' id='word_1_180' title='bbox 1822 2376 1976 2432; x_wconf 84' lang='lat' dir='ltr'><strong>terra,</strong></span> 
     </span>
    </p>
   </div>
   <div class='ocr_carea' id='block_1_24' title="bbox 395 2437 1979 2523">
    <p class='ocr_par' dir='ltr' id='par_1_24' title="bbox 395 2437 1979 2523">
     <span class='ocr_line' id='line_1_24' title="bbox 395 2437 1979 2523; baseline 0.016 -38"><span class='ocrx_word' id='word_1_181' title='bbox 395 2437 540 2500; x_wconf 81' lang='lat' dir='ltr'><strong>quasi</strong></span> <span class='ocrx_word' id='word_1_182' title='bbox 567 2440 738 2505; x_wconf 68' lang='lat' dir='ltr'><strong>[uirtus</strong></span> <span class='ocrx_word' id='word_1_183' title='bbox 763 2442 968 2495; x_wconf 75' lang='lat' dir='ltr'><strong>camini.</strong></span> <span class='ocrx_word' id='word_1_184' title='bbox 1002 2443 1058 2497; x_wconf 84' lang='lat' dir='ltr'><strong>in</strong></span> <span class='ocrx_word' id='word_1_185' title='bbox 1087 2459 1172 2509; x_wconf 93' lang='lat' dir='ltr'><strong>eo,</strong></span> <span class='ocrx_word' id='word_1_186' title='bbox 1201 2446 1388 2515; x_wconf 84' lang='lat' dir='ltr'><strong>inquit,</strong></span> <span class='ocrx_word' id='word_1_187' title='bbox 1421 2450 1561 2516; x_wconf 76' lang='lat' dir='ltr'><strong>loro,</strong></span> <span class='ocrx_word' id='word_1_188' title='bbox 1593 2453 1644 2505; x_wconf 92' lang='lat' dir='ltr'><strong>iu</strong></span> <span class='ocrx_word' id='word_1_189' title='bbox 1675 2469 1780 2523; x_wconf 90' lang='lat' dir='ltr'><strong>quo</strong></span> <span class='ocrx_word' id='word_1_190' title='bbox 1809 2455 1979 2509; x_wconf 90' lang='lat' dir='ltr'><strong>collo-</strong></span> 
     </span>
    </p>
   </div>
   <div class='ocr_carea' id='block_1_25' title="bbox 395 2533 1980 2614">
    <p class='ocr_par' dir='ltr' id='par_1_25' title="bbox 395 2533 1980 2614">
     <span class='ocr_line' id='line_1_25' title="bbox 395 2533 1980 2614; baseline 0.018 -41"><span class='ocrx_word' id='word_1_191' title='bbox 395 2533 589 2589; x_wconf 75' lang='lat' dir='ltr'><strong>quatus</strong></span> <span class='ocrx_word' id='word_1_192' title='bbox 613 2538 694 2583; x_wconf 90' lang='lat' dir='ltr'><strong>est</strong></span> <span class='ocrx_word' id='word_1_193' title='bbox 711 2543 833 2612; x_wconf 79' lang='lat' dir='ltr'><strong>cum</strong></span> <span class='ocrx_word' id='word_1_194' title='bbox 861 2533 1103 2598; x_wconf 88' lang='lat' dir='ltr'><strong>Domino,</strong></span> <span class='ocrx_word' id='word_1_195' title='bbox 1135 2545 1188 2590; x_wconf 91' lang='lat' dir='ltr'><strong>et</strong></span> <span class='ocrx_word' id='word_1_196' title='bbox 1212 2551 1309 2606; x_wconf 91' lang='lat' dir='ltr'><strong>pro</strong></span> <span class='ocrx_word' id='word_1_197' title='bbox 1331 2539 1618 2596; x_wconf 86' lang='lat' dir='ltr'><strong>Sodomitis</strong></span> <span class='ocrx_word' id='word_1_198' title='bbox 1642 2545 1866 2614; x_wconf 79' lang='lat' dir='ltr'><strong>rogavit,</strong></span> <span class='ocrx_word' id='word_1_199' title='bbox 1900 2549 1980 2601; x_wconf 86' lang='lat' dir='ltr'><strong>vi-</strong></span> 
     </span>
    </p>
   </div>
   <div class='ocr_carea' id='block_1_26' title="bbox 396 2614 1979 2707">
    <p class='ocr_par' dir='ltr' id='par_1_26' title="bbox 396 2614 1979 2707">
     <span class='ocr_line' id='line_1_26' title="bbox 396 2614 1979 2707; baseline 0.018 -40"><span class='ocrx_word' id='word_1_200' title='bbox 396 2614 556 2672; x_wconf 83' lang='lat' dir='ltr'><strong>debat</strong></span> <span class='ocrx_word' id='word_1_201' title='bbox 587 2620 836 2676; x_wconf 88' lang='lat' dir='ltr'><strong>terribilis</strong></span> <span class='ocrx_word' id='word_1_202' title='bbox 879 2624 1021 2680; x_wconf 84' lang='lat' dir='ltr'><strong>illius</strong></span> <span class='ocrx_word' id='word_1_203' title='bbox 1057 2641 1230 2696; x_wconf 73' lang='lat' dir='ltr'><strong>ptenm</strong></span> <span class='ocrx_word' id='word_1_204' title='bbox 1253 2631 1492 2702; x_wconf 85' lang='lat' dir='ltr'><strong>vestigia,</strong></span> <span class='ocrx_word' id='word_1_205' title='bbox 1533 2643 1588 2689; x_wconf 88' lang='lat' dir='ltr'><strong>et</strong></span> <span class='ocrx_word' id='word_1_206' title='bbox 1620 2634 1688 2691; x_wconf 90' lang='lat' dir='ltr'><strong>de</strong></span> <span class='ocrx_word' id='word_1_207' title='bbox 1718 2636 1864 2707; x_wconf 89' lang='lat' dir='ltr'><strong>justo</strong></span> <span class='ocrx_word' id='word_1_208' title='bbox 1896 2639 1979 2695; x_wconf 88' lang='lat' dir='ltr'><strong>di-</strong></span> 
     </span>
    </p>
   </div>
   <div class='ocr_carea' id='block_1_27' title="bbox 395 2709 1984 2796">
    <p class='ocr_par' dir='ltr' id='par_1_27' title="bbox 395 2709 1984 2796">
     <span class='ocr_line' id='line_1_27' title="bbox 395 2709 1984 2796; baseline 0.017 -37"><span class='ocrx_word' id='word_1_209' title='bbox 395 2723 547 2764; x_wconf 87' lang='lat' dir='ltr'><strong>scere</strong></span> <span class='ocrx_word' id='word_1_210' title='bbox 583 2709 781 2781; x_wconf 87' lang='lat' dir='ltr'><strong>aliquid</strong></span> <span class='ocrx_word' id='word_1_211' title='bbox 817 2715 1042 2772; x_wconf 87' lang='lat' dir='ltr'><strong>volebat.</strong></span> <span class='ocrx_word' id='word_1_212' title='bbox 1070 2719 1120 2774; x_wconf 91' lang='lat' dir='ltr'><strong>ls</strong></span> <span class='ocrx_word' id='word_1_213' title='bbox 1145 2720 1287 2776; x_wconf 89' lang='lat' dir='ltr'><strong>enim</strong></span> <span class='ocrx_word' id='word_1_214' title='bbox 1319 2736 1622 2780; x_wconf 85' lang='lat' dir='ltr'><strong>sanctorum</strong></span> <span class='ocrx_word' id='word_1_215' title='bbox 1654 2743 1769 2784; x_wconf 90' lang='lat' dir='ltr'><strong>mos</strong></span> <span class='ocrx_word' id='word_1_216' title='bbox 1795 2739 1894 2796; x_wconf 89' lang='lat' dir='ltr'><strong>est,</strong></span> <span class='ocrx_word' id='word_1_217' title='bbox 1926 2742 1984 2786; x_wconf 90' lang='grc' dir='ltr'><strong>ιιι</strong></span> 
     </span>
    </p>
   </div>
   <div class='ocr_carea' id='block_1_28' title="bbox 354 2799 1984 2888">
    <p class='ocr_par' dir='ltr' id='par_1_28' title="bbox 354 2799 1984 2888">
     <span class='ocr_line' id='line_1_28' title="bbox 354 2799 1984 2888; baseline 0.017 -39"><span class='ocrx_word' id='word_1_218' title='bbox 354 2830 357 2831; x_wconf 51' lang='grc' dir='ltr'><em>ν</em></span> <span class='ocrx_word' id='word_1_219' title='bbox 399 2799 682 2865; x_wconf 89' lang='lat' dir='ltr'><strong>plurimum</strong></span> <span class='ocrx_word' id='word_1_220' title='bbox 718 2804 908 2861; x_wconf 84' lang='lat' dir='ltr'><strong>aﬁ‘cctu</strong></span> <span class='ocrx_word' id='word_1_221' title='bbox 937 2821 1270 2880; x_wconf 84' lang='lat' dir='ltr'><strong>moveantur,</strong></span> <span class='ocrx_word' id='word_1_222' title='bbox 1312 2823 1366 2868; x_wconf 88' lang='lat' dir='ltr'><strong>ot</strong></span> <span class='ocrx_word' id='word_1_223' title='bbox 1392 2820 1796 2888; x_wconf 79' lang='lat' dir='ltr'><strong>compatiantur.</strong></span> <span class='ocrx_word' id='word_1_224' title='bbox 1832 2823 1894 2877; x_wconf 77' lang='lat' dir='ltr'><strong>Et</strong></span> <span class='ocrx_word' id='word_1_225' title='bbox 1927 2834 1984 2878; x_wconf 92' lang='lat' dir='ltr'><strong>ut</strong></span> 
     </span>
    </p>
   </div>
   <div class='ocr_carea' id='block_1_29' title="bbox 396 2888 1980 2981">
    <p class='ocr_par' dir='ltr' id='par_1_29' title="bbox 396 2888 1980 2981">
     <span class='ocr_line' id='line_1_29' title="bbox 396 2888 1980 2981; baseline 0.02 -42"><span class='ocrx_word' id='word_1_226' title='bbox 396 2888 586 2946; x_wconf 87' lang='lat' dir='ltr'><strong>doceat</strong></span> <span class='ocrx_word' id='word_1_227' title='bbox 624 2909 721 2948; x_wconf 92' lang='lat' dir='ltr'><strong>nos</strong></span> <span class='ocrx_word' id='word_1_228' title='bbox 759 2895 938 2952; x_wconf 87' lang='lat' dir='ltr'><strong>divina</strong></span> <span class='ocrx_word' id='word_1_229' title='bbox 969 2899 1240 2972; x_wconf 87' lang='lat' dir='ltr'><strong>Scriptura</strong></span> <span class='ocrx_word' id='word_1_230' title='bbox 1278 2903 1507 2975; x_wconf 83' lang='lat' dir='ltr'><strong>Spiritus</strong></span> <span class='ocrx_word' id='word_1_231' title='bbox 1543 2913 1768 2981; x_wconf 76' lang='lat' dir='ltr'><strong>gratiam</strong></span> <span class='ocrx_word' id='word_1_232' title='bbox 1804 2917 1980 2970; x_wconf 86' lang='lat' dir='ltr'><strong>statim</strong></span> 
     </span>
    </p>
   </div>
   <div class='ocr_carea' id='block_1_30' title="bbox 400 2982 1979 3076">
    <p class='ocr_par' dir='ltr' id='par_1_30' title="bbox 400 2982 1979 3076">
     <span class='ocr_line' id='line_1_30' title="bbox 400 2982 1979 3076; baseline 0.019 -43"><span class='ocrx_word' id='word_1_233' title='bbox 400 2982 497 3049; x_wconf 76' lang='lat' dir='ltr'><strong>ipsi</strong></span> <span class='ocrx_word' id='word_1_234' title='bbox 529 2982 686 3055; x_wconf 91' lang='lat' dir='ltr'><strong>hujus</strong></span> <span class='ocrx_word' id='word_1_235' title='bbox 725 2993 799 3043; x_wconf 89' lang='lat' dir='ltr'><strong>rei</strong></span> <span class='ocrx_word' id='word_1_236' title='bbox 828 2991 1068 3048; x_wconf 88' lang='lat' dir='ltr'><strong>notitiam</strong></span> <span class='ocrx_word' id='word_1_237' title='bbox 1105 2999 1457 3068; x_wconf 88' lang='lat' dir='ltr'><strong>concessisse,</strong></span> <span class='ocrx_word' id='word_1_238' title='bbox 1504 3009 1559 3057; x_wconf 89' lang='lat' dir='ltr'><strong>et</strong></span> <span class='ocrx_word' id='word_1_239' title='bbox 1591 3003 1792 3073; x_wconf 90' lang='lat' dir='ltr'><strong>justum</strong></span> <span class='ocrx_word' id='word_1_240' title='bbox 1832 3023 1979 3076; x_wconf 87' lang='lat' dir='ltr'><strong>cura,</strong></span> 
     </span>
    </p>
   </div>
   <div class='ocr_carea' id='block_1_31' title="bbox 395 3079 1984 3164">
    <p class='ocr_par' dir='ltr' id='par_1_31' title="bbox 395 3079 1984 3164">
     <span class='ocr_line' id='line_1_31' title="bbox 395 3079 1984 3164; baseline 0.016 -39"><span class='ocrx_word' id='word_1_241' title='bbox 395 3085 553 3140; x_wconf 87' lang='lat' dir='ltr'><strong>quam</strong></span> <span class='ocrx_word' id='word_1_242' title='bbox 603 3091 699 3145; x_wconf 90' lang='lat' dir='ltr'><strong>pro</strong></span> <span class='ocrx_word' id='word_1_243' title='bbox 740 3079 838 3134; x_wconf 86' lang='lat' dir='ltr'><strong>Lot</strong></span> <span class='ocrx_word' id='word_1_244' title='bbox 878 3084 1114 3152; x_wconf 80' lang='lat' dir='ltr'><strong>gerebat,</strong></span> <span class='ocrx_word' id='word_1_245' title='bbox 1163 3087 1450 3160; x_wconf 88' lang='lat' dir='ltr'><strong>liberasse,</strong></span> <span class='ocrx_word' id='word_1_246' title='bbox 1485 3093 1694 3164; x_wconf 88' lang='lat' dir='ltr'><strong>inquit:</strong></span> <span class='ocrx_word' id='word_1_247' title='bbox 1721 3095 1817 3153; x_wconf 74' lang='lat'><strong>29.</strong></span> <span class='ocrx_word' id='word_1_248' title='bbox 1857 3097 1984 3153; x_wconf 85' lang='lat' dir='ltr'><strong>Cum</strong></span> 
     </span>
    </p>
   </div>
   <div class='ocr_carea' id='block_1_32' title="bbox 396 3170 1984 3254">
    <p class='ocr_par' dir='ltr' id='par_1_32' title="bbox 396 3170 1984 3254">
     <span class='ocr_line' id='line_1_32' title="bbox 396 3170 1984 3254; baseline 0.018 -38"><span class='ocrx_word' id='word_1_249' title='bbox 396 3174 669 3223; x_wconf 80' lang='lat' dir='ltr'><strong>contereret</strong></span> <span class='ocrx_word' id='word_1_250' title='bbox 699 3170 945 3229; x_wconf 88' lang='lat' dir='ltr'><strong>Dominus</strong></span> <span class='ocrx_word' id='word_1_251' title='bbox 976 3179 1199 3233; x_wconf 85' lang='lat' dir='ltr'><strong>civitates</strong></span> <span class='ocrx_word' id='word_1_252' title='bbox 1227 3183 1445 3252; x_wconf 74' lang='lat' dir='ltr'><strong>regionis</strong></span> <span class='ocrx_word' id='word_1_253' title='bbox 1481 3186 1644 3254; x_wconf 83' lang='lat' dir='ltr'><strong>illius,</strong></span> <span class='ocrx_word' id='word_1_254' title='bbox 1687 3190 1984 3245; x_wconf 83' lang='lat' dir='ltr'><strong>recordatus</strong></span> 
     </span>
    </p>
   </div>
   <div class='ocr_carea' id='block_1_33' title="bbox 396 3255 1978 3335">
    <p class='ocr_par' dir='ltr' id='par_1_33' title="bbox 396 3255 1978 3335">
     <span class='ocr_line' id='line_1_33' title="bbox 396 3255 1978 3335; baseline 0.017 -26"><span class='ocrx_word' id='word_1_255' title='bbox 396 3267 471 3310; x_wconf 87' lang='lat' dir='ltr'><strong>est</strong></span> <span class='ocrx_word' id='word_1_256' title='bbox 507 3255 644 3316; x_wconf 83' lang='lat' dir='ltr'><strong>Deus</strong></span> <span class='ocrx_word' id='word_1_257' title='bbox 674 3265 913 3331; x_wconf 74' lang='lat' dir='ltr'><strong>Abraltaz,</strong></span> <span class='ocrx_word' id='word_1_258' title='bbox 959 3277 1005 3321; x_wconf 89' lang='lat' dir='ltr'><strong>et</strong></span> <span class='ocrx_word' id='word_1_259' title='bbox 1043 3271 1204 3324; x_wconf 82' lang='lat' dir='ltr'><strong>emisit</strong></span> <span class='ocrx_word' id='word_1_260' title='bbox 1241 3272 1339 3327; x_wconf 90' lang='lat' dir='ltr'><strong>Lot</strong></span> <span class='ocrx_word' id='word_1_261' title='bbox 1377 3291 1405 3328; x_wconf 89' lang='lat' dir='ltr'><strong>e</strong></span> <span class='ocrx_word' id='word_1_262' title='bbox 1449 3279 1614 3332; x_wconf 84' lang='lat' dir='ltr'><strong>media</strong></span> <span class='ocrx_word' id='word_1_263' title='bbox 1646 3280 1978 3335; x_wconf 80' lang='lat' dir='ltr'><strong>subversione.</strong></span> 
     </span>
    </p>
   </div>
   <div class='ocr_carea' id='block_1_34' title="bbox 397 3350 1982 3444">
    <p class='ocr_par' dir='ltr' id='par_1_34' title="bbox 397 3350 1982 3444">
     <span class='ocr_line' id='line_1_34' title="bbox 397 3350 1982 3444; baseline 0.018 -41"><span class='ocrx_word' id='word_1_264' title='bbox 397 3350 534 3444; x_wconf 75' lang='lat' dir='ltr'><strong>Quid</strong></span> <span class='ocrx_word' id='word_1_265' title='bbox 564 3362 665 3414; x_wconf 75' lang='lat' dir='ltr'><strong>est,</strong></span> <span class='ocrx_word' id='word_1_266' title='bbox 693 3352 1005 3413; x_wconf 79' lang='lat' dir='ltr'><strong>Recordatus</strong></span> <span class='ocrx_word' id='word_1_267' title='bbox 1024 3371 1098 3414; x_wconf 85' lang='lat' dir='ltr'><strong>est</strong></span> <span class='ocrx_word' id='word_1_268' title='bbox 1126 3361 1265 3416; x_wconf 87' lang='lat' dir='ltr'><strong>Deus</strong></span> <span class='ocrx_word' id='word_1_269' title='bbox 1296 3365 1554 3422; x_wconf 75' lang='lat' dir='ltr'><strong>Abraltw?</strong></span> <span class='ocrx_word' id='word_1_270' title='bbox 1580 3369 1694 3425; x_wconf 85' lang='lat' dir='ltr'><strong>Hoc</strong></span> <span class='ocrx_word' id='word_1_271' title='bbox 1718 3381 1819 3437; x_wconf 89' lang='lat' dir='ltr'><strong>est,</strong></span> <span class='ocrx_word' id='word_1_272' title='bbox 1848 3381 1982 3444; x_wconf 90' lang='lat' dir='ltr'><strong>peti-</strong></span> 
     </span>
    </p>
   </div>
   <div class='ocr_carea' id='block_1_35' title="bbox 399 3442 1985 3534">
    <p class='ocr_par' dir='ltr' id='par_1_35' title="bbox 399 3442 1985 3534">
     <span class='ocr_line' id='line_1_35' title="bbox 399 3442 1985 3534; baseline 0.017 -40"><span class='ocrx_word' id='word_1_273' title='bbox 399 3442 560 3498; x_wconf 87' lang='lat' dir='ltr'><strong>tionis</strong></span> <span class='ocrx_word' id='word_1_274' title='bbox 598 3461 754 3514; x_wconf 88' lang='lat' dir='ltr'><strong>quatn</strong></span> <span class='ocrx_word' id='word_1_275' title='bbox 803 3449 946 3516; x_wconf 87' lang='lat' dir='ltr'><strong>fecit,</strong></span> <span class='ocrx_word' id='word_1_276' title='bbox 999 3451 1226 3508; x_wconf 83' lang='lat' dir='ltr'><strong>dicens:</strong></span> <span class='ocrx_word' id='word_1_277' title='bbox 1259 3455 1342 3510; x_wconf 87' lang='lat' dir='ltr'><strong>Ne</strong></span> <span class='ocrx_word' id='word_1_278' title='bbox 1379 3459 1533 3514; x_wconf 81' lang='lat' dir='ltr'><strong>simul</strong></span> <span class='ocrx_word' id='word_1_279' title='bbox 1574 3463 1759 3531; x_wconf 81' lang='lat' dir='ltr'><strong>perdas</strong></span> <span class='ocrx_word' id='word_1_280' title='bbox 1786 3442 1985 3534; x_wconf 79' lang='lat' dir='ltr'><strong>justum</strong></span> 
     </span>
    </p>
   </div>
   <div class='ocr_carea' id='block_1_36' title="bbox 398 3536 1982 3627">
    <p class='ocr_par' dir='ltr' id='par_1_36' title="bbox 398 3536 1982 3627">
     <span class='ocr_line' id='line_1_36' title="bbox 398 3536 1982 3627; baseline 0.017 -42"><span class='ocrx_word' id='word_1_281' title='bbox 398 3549 514 3588; x_wconf 79' lang='lat' dir='ltr'><strong>cum</strong></span> <span class='ocrx_word' id='word_1_282' title='bbox 558 3536 714 3606; x_wconf 88' lang='lat' dir='ltr'><strong>impio</strong></span> <span class='ocrx_word' id='word_1_283' title='bbox 752 3538 904 3608; x_wconf 81' lang='lat' dir='ltr'><strong>(Gen.</strong></span> <span class='ocrx_word' id='word_1_284' title='bbox 942 3543 1028 3597; x_wconf 89' lang='grc'><strong>18.</strong></span> <span class='ocrx_word' id='word_1_285' title='bbox 1059 3544 1174 3616; x_wconf 66' lang='grc'><strong>22).</strong></span> <span class='ocrx_word' id='word_1_286' title='bbox 1205 3546 1510 3619; x_wconf 83' lang='lat' dir='ltr'><strong>Curigitur,</strong></span> <span class='ocrx_word' id='word_1_287' title='bbox 1557 3552 1749 3609; x_wconf 74' lang='lat' dir='ltr'><strong>dixerit</strong></span> <span class='ocrx_word' id='word_1_288' title='bbox 1773 3557 1982 3627; x_wconf 85' lang='lat' dir='ltr'><strong>aliquis,</strong></span> 
     </span>
    </p>
   </div>
   <div class='ocr_carea' id='block_1_37' title="bbox 402 3631 1986 3709">
    <p class='ocr_par' dir='ltr' id='par_1_37' title="bbox 402 3631 1986 3709">
     <span class='ocr_line' id='line_1_37' title="bbox 402 3631 1986 3709; baseline 0.016 -30"><span class='ocrx_word' id='word_1_289' title='bbox 402 3635 618 3696; x_wconf 79' lang='lat' dir='ltr'><strong>propter</strong></span> <span class='ocrx_word' id='word_1_290' title='bbox 632 3631 922 3686; x_wconf 84' lang='lat' dir='ltr'><strong>orationem</strong></span> <span class='ocrx_word' id='word_1_291' title='bbox 941 3636 1253 3703; x_wconf 57' lang='lat' dir='ltr'><strong>patriarcha:</strong></span> <span class='ocrx_word' id='word_1_292' title='bbox 1264 3639 1440 3709; x_wconf 89' lang='lat' dir='ltr'><strong>justus</strong></span> <span class='ocrx_word' id='word_1_293' title='bbox 1455 3653 1700 3700; x_wconf 88' lang='lat' dir='ltr'><strong>servatus</strong></span> <span class='ocrx_word' id='word_1_294' title='bbox 1715 3659 1794 3702; x_wconf 91' lang='lat' dir='ltr'><strong>est</strong></span> <span class='ocrx_word' id='word_1_295' title='bbox 1811 3657 1864 3702; x_wconf 92' lang='lat' dir='ltr'><strong>et</strong></span> <span class='ocrx_word' id='word_1_296' title='bbox 1882 3665 1986 3705; x_wconf 92' lang='lat' dir='ltr'><strong>non</strong></span> 
     </span>
    </p>
   </div>
   <div class='ocr_carea' id='block_1_38' title="bbox 401 3725 1986 3808">
    <p class='ocr_par' dir='ltr' id='par_1_38' title="bbox 401 3725 1986 3808">
     <span class='ocr_line' id='line_1_38' title="bbox 401 3725 1986 3808; baseline 0.012 -36"><span class='ocrx_word' id='word_1_297' title='bbox 401 3727 620 3788; x_wconf 80' lang='lat' dir='ltr'><strong>prepter</strong></span> <span class='ocrx_word' id='word_1_298' title='bbox 643 3735 792 3776; x_wconf 91' lang='lat' dir='ltr'><strong>suam</strong></span> <span class='ocrx_word' id='word_1_299' title='bbox 819 3725 1115 3792; x_wconf 85' lang='lat' dir='ltr'><strong>justitiam?</strong></span> <span class='ocrx_word' id='word_1_300' title='bbox 1144 3728 1217 3783; x_wconf 91' lang='lat' dir='ltr'><strong>Ita</strong></span> <span class='ocrx_word' id='word_1_301' title='bbox 1243 3741 1408 3798; x_wconf 90' lang='lat' dir='ltr'><strong>certe,</strong></span> <span class='ocrx_word' id='word_1_302' title='bbox 1438 3733 1595 3789; x_wconf 90' lang='lat' dir='ltr'><strong>etiam</strong></span> <span class='ocrx_word' id='word_1_303' title='bbox 1628 3747 1844 3808; x_wconf 88' lang='lat' dir='ltr'><strong>propter</strong></span> <span class='ocrx_word' id='word_1_304' title='bbox 1862 3754 1986 3794; x_wconf 74' lang='lat' dir='ltr'><strong>ora-</strong></span> 
     </span>
    </p>
   </div>
   <div class='ocr_carea' id='block_1_39' title="bbox 401 3809 1991 3894">
    <p class='ocr_par' dir='ltr' id='par_1_39' title="bbox 401 3809 1991 3894">
     <span class='ocr_line' id='line_1_39' title="bbox 401 3809 1991 3894; baseline 0.015 -32"><span class='ocrx_word' id='word_1_305' title='bbox 401 3809 600 3865; x_wconf 89' lang='lat' dir='ltr'><strong>tionem</strong></span> <span class='ocrx_word' id='word_1_306' title='bbox 629 3815 945 3882; x_wconf 82' lang='lat' dir='ltr'><strong>patriarchae</strong></span> <span class='ocrx_word' id='word_1_307' title='bbox 977 3837 990 3872; x_wconf 89' lang='lat'><strong>:</strong></span> <span class='ocrx_word' id='word_1_308' title='bbox 1019 3820 1231 3888; x_wconf 88' lang='lat' dir='ltr'><strong>quando</strong></span> <span class='ocrx_word' id='word_1_309' title='bbox 1271 3823 1413 3876; x_wconf 90' lang='lat' dir='ltr'><strong>enim</strong></span> <span class='ocrx_word' id='word_1_310' title='bbox 1456 3825 1596 3894; x_wconf 89' lang='lat' dir='ltr'><strong>quod</strong></span> <span class='ocrx_word' id='word_1_311' title='bbox 1621 3842 1685 3882; x_wconf 85' lang='lat' dir='ltr'><strong>ex</strong></span> <span class='ocrx_word' id='word_1_312' title='bbox 1717 3829 1870 3884; x_wconf 91' lang='lat' dir='ltr'><strong>nobis</strong></span> <span class='ocrx_word' id='word_1_313' title='bbox 1908 3841 1991 3887; x_wconf 90' lang='lat' dir='ltr'><strong>est</strong></span> 
     </span>
    </p>
   </div>
   <div class='ocr_carea' id='block_1_40' title="bbox 400 3901 1986 3980">
    <p class='ocr_par' dir='ltr' id='par_1_40' title="bbox 400 3901 1986 3980">
     <span class='ocr_line' id='line_1_40' title="bbox 400 3901 1986 3980; baseline 0.015 -26"><span class='ocrx_word' id='word_1_314' title='bbox 400 3901 560 3957; x_wconf 88' lang='lat' dir='ltr'><strong>simul</strong></span> <span class='ocrx_word' id='word_1_315' title='bbox 605 3904 910 3974; x_wconf 82' lang='lat' dir='ltr'><strong>all‘eritnus,</strong></span> <span class='ocrx_word' id='word_1_316' title='bbox 962 3909 1075 3980; x_wconf 90' lang='lat' dir='ltr'><strong>ipsa</strong></span> <span class='ocrx_word' id='word_1_317' title='bbox 1118 3913 1278 3966; x_wconf 89' lang='lat' dir='ltr'><strong>etiam</strong></span> <span class='ocrx_word' id='word_1_318' title='bbox 1329 3914 1640 3973; x_wconf 89' lang='lat' dir='ltr'><strong>intercessio</strong></span> <span class='ocrx_word' id='word_1_319' title='bbox 1678 3931 1986 3978; x_wconf 76' lang='lat' dir='ltr'><strong>sanctorum</strong></span> 
     </span>
    </p>
   </div>
   <div class='ocr_carea' id='block_1_41' title="bbox 403 3993 1987 4077">
    <p class='ocr_par' dir='ltr' id='par_1_41' title="bbox 403 3993 1987 4077">
     <span class='ocr_line' id='line_1_41' title="bbox 403 3993 1987 4077; baseline 0.012 -29"><span class='ocrx_word' id='word_1_320' title='bbox 403 3993 684 4062; x_wconf 85' lang='lat' dir='ltr'><strong>plurimum</strong></span> <span class='ocrx_word' id='word_1_321' title='bbox 707 3997 863 4053; x_wconf 91' lang='lat' dir='ltr'><strong>nobis</strong></span> <span class='ocrx_word' id='word_1_322' title='bbox 883 4000 1106 4055; x_wconf 77' lang='lat' dir='ltr'><strong>confert.</strong></span> <span class='ocrx_word' id='word_1_323' title='bbox 1136 4003 1286 4069; x_wconf 81' lang='lat' dir='ltr'><strong>Quod</strong></span> <span class='ocrx_word' id='word_1_324' title='bbox 1315 4005 1359 4057; x_wconf 85' lang='lat' dir='ltr'><strong>si</strong></span> <span class='ocrx_word' id='word_1_325' title='bbox 1388 4006 1484 4074; x_wconf 86' lang='lat' dir='ltr'><strong>ipsi</strong></span> <span class='ocrx_word' id='word_1_326' title='bbox 1518 4008 1844 4077; x_wconf 77' lang='lat' dir='ltr'><strong>negligentes</strong></span> <span class='ocrx_word' id='word_1_327' title='bbox 1872 4011 1987 4068; x_wconf 89' lang='lat' dir='ltr'><strong>fuc-</strong></span> 
     </span>
    </p>
   </div>
   <div class='ocr_carea' id='block_1_42' title="bbox 403 4084 1989 4156">
    <p class='ocr_par' dir='ltr' id='par_1_42' title="bbox 403 4084 1989 4156">
     <span class='ocr_line' id='line_1_42' title="bbox 403 4084 1989 4156; baseline 0.013 -20"><span class='ocrx_word' id='word_1_328' title='bbox 403 4084 590 4151; x_wconf 85' lang='lat' dir='ltr'><strong>rimns,</strong></span> <span class='ocrx_word' id='word_1_329' title='bbox 621 4095 674 4139; x_wconf 89' lang='lat' dir='ltr'><strong>et</strong></span> <span class='ocrx_word' id='word_1_330' title='bbox 700 4102 850 4155; x_wconf 89' lang='lat' dir='ltr'><strong>spem</strong></span> <span class='ocrx_word' id='word_1_331' title='bbox 878 4090 928 4142; x_wconf 90' lang='lat' dir='ltr'><strong>in</strong></span> <span class='ocrx_word' id='word_1_332' title='bbox 958 4091 1064 4144; x_wconf 92' lang='lat' dir='ltr'><strong>illis</strong></span> <span class='ocrx_word' id='word_1_333' title='bbox 1089 4093 1215 4146; x_wconf 88' lang='lat' dir='ltr'><strong>solis</strong></span> <span class='ocrx_word' id='word_1_334' title='bbox 1245 4103 1442 4149; x_wconf 84' lang='lat' dir='ltr'><strong>nostrae</strong></span> <span class='ocrx_word' id='word_1_335' title='bbox 1471 4098 1655 4152; x_wconf 87' lang='lat' dir='ltr'><strong>salutis</strong></span> <span class='ocrx_word' id='word_1_336' title='bbox 1683 4101 1989 4156; x_wconf 85' lang='lat' dir='ltr'><strong>collocave-</strong></span> 
     </span>
    </p>
   </div>
   <div class='ocr_carea' id='block_1_43' title="bbox 405 4175 1992 4258">
    <p class='ocr_par' dir='ltr' id='par_1_43' title="bbox 405 4175 1992 4258">
     <span class='ocr_line' id='line_1_43' title="bbox 405 4175 1992 4258; baseline 0.013 -31"><span class='ocrx_word' id='word_1_337' title='bbox 405 4175 592 4241; x_wconf 90' lang='lat' dir='ltr'><strong>rimus,</strong></span> <span class='ocrx_word' id='word_1_338' title='bbox 623 4177 753 4232; x_wconf 90' lang='lat' dir='ltr'><strong>nihil</strong></span> <span class='ocrx_word' id='word_1_339' title='bbox 782 4182 1010 4249; x_wconf 90' lang='lat' dir='ltr'><strong>amplius</strong></span> <span class='ocrx_word' id='word_1_340' title='bbox 1038 4182 1194 4238; x_wconf 90' lang='lat' dir='ltr'><strong>nobis</strong></span> <span class='ocrx_word' id='word_1_341' title='bbox 1219 4185 1434 4253; x_wconf 90' lang='lat' dir='ltr'><strong>prodest</strong></span> <span class='ocrx_word' id='word_1_342' title='bbox 1462 4203 1476 4238; x_wconf 89' lang='lat'><strong>:</strong></span> <span class='ocrx_word' id='word_1_343' title='bbox 1510 4203 1615 4242; x_wconf 89' lang='lat' dir='ltr'><strong>non</strong></span> <span class='ocrx_word' id='word_1_344' title='bbox 1647 4192 1786 4258; x_wconf 91' lang='lat' dir='ltr'><strong>quod</strong></span> <span class='ocrx_word' id='word_1_345' title='bbox 1813 4193 1992 4250; x_wconf 91' lang='lat' dir='ltr'><strong>minus</strong></span> 
     </span>
    </p>
   </div>
   <div class='ocr_carea' id='block_1_44' title="bbox 404 4266 1990 4344">
    <p class='ocr_par' dir='ltr' id='par_1_44' title="bbox 404 4266 1990 4344">
     <span class='ocr_line' id='line_1_44' title="bbox 404 4266 1990 4344; baseline 0.013 -25"><span class='ocrx_word' id='word_1_346' title='bbox 404 4266 615 4321; x_wconf 82' lang='lat' dir='ltr'><strong>valeant</strong></span> <span class='ocrx_word' id='word_1_347' title='bbox 643 4268 792 4336; x_wconf 91' lang='lat' dir='ltr'><strong>justi,</strong></span> <span class='ocrx_word' id='word_1_348' title='bbox 819 4271 914 4326; x_wconf 88' lang='lat' dir='ltr'><strong>sed</strong></span> <span class='ocrx_word' id='word_1_349' title='bbox 941 4273 1062 4342; x_wconf 90' lang='lat' dir='ltr'><strong>quia</strong></span> <span class='ocrx_word' id='word_1_350' title='bbox 1095 4283 1310 4344; x_wconf 90' lang='lat' dir='ltr'><strong>propter</strong></span> <span class='ocrx_word' id='word_1_351' title='bbox 1343 4287 1576 4333; x_wconf 88' lang='lat' dir='ltr'><strong>nostram</strong></span> <span class='ocrx_word' id='word_1_352' title='bbox 1606 4279 1865 4336; x_wconf 84' lang='lat' dir='ltr'><strong>desidiam</strong></span> <span class='ocrx_word' id='word_1_353' title='bbox 1891 4297 1990 4340; x_wconf 89' lang='lat' dir='ltr'><strong>nos</strong></span> 
     </span>
    </p>
   </div>
   <div class='ocr_carea' id='block_1_45' title="bbox 404 4356 862 4428">
    <p class='ocr_par' dir='ltr' id='par_1_45' title="bbox 404 4356 862 4428">
     <span class='ocr_line' id='line_1_45' title="bbox 404 4356 862 4428; baseline 0.011 -19"><span class='ocrx_word' id='word_1_354' title='bbox 404 4356 548 4425; x_wconf 79' lang='lat' dir='ltr'><strong>ipsos</strong></span> <span class='ocrx_word' id='word_1_355' title='bbox 569 4359 862 4428; x_wconf 91' lang='lat' dir='ltr'><strong>prodimus.</strong></span> 
     </span>
    </p>
   </div>
   <div class='ocr_carea' id='block_1_46' title="bbox 473 4449 1990 4534">
    <p class='ocr_par' dir='ltr' id='par_1_46' title="bbox 473 4449 1990 4534">
     <span class='ocr_line' id='line_1_46' title="bbox 473 4449 1990 4534; baseline 0.007 -28"><span class='ocrx_word' id='word_1_356' title='bbox 473 4449 528 4506; x_wconf 74' lang='grc'><strong>2.</strong></span> <span class='ocrx_word' id='word_1_357' title='bbox 563 4449 630 4505; x_wconf 91' lang='grc' dir='ltr'>Ει</span> <span class='ocrx_word' id='word_1_358' title='bbox 660 4462 716 4507; x_wconf 84' lang='grc' dir='ltr'><strong>ιιι</strong></span> <span class='ocrx_word' id='word_1_359' title='bbox 742 4452 918 4508; x_wconf 88' lang='lat' dir='ltr'><strong>discas</strong></span> <span class='ocrx_word' id='word_1_360' title='bbox 943 4455 1244 4524; x_wconf 89' lang='lat' dir='ltr'><strong>quomodo,</strong></span> <span class='ocrx_word' id='word_1_361' title='bbox 1271 4472 1392 4512; x_wconf 91' lang='lat' dir='ltr'><strong>cum</strong></span> <span class='ocrx_word' id='word_1_362' title='bbox 1419 4459 1747 4532; x_wconf 75' lang='lat' dir='ltr'><strong>negligentes</strong></span> <span class='ocrx_word' id='word_1_363' title='bbox 1775 4477 1990 4534; x_wconf 70' lang='lat' dir='ltr'><strong>sumus,</strong></span> 
     </span>
    </p>
   </div>
   <div class='ocr_carea' id='block_1_47' title="bbox 404 4539 1991 4626">
    <p class='ocr_par' dir='ltr' id='par_1_47' title="bbox 404 4539 1991 4626">
     <span class='ocr_line' id='line_1_47' title="bbox 404 4539 1991 4626; baseline 0.011 -32"><span class='ocrx_word' id='word_1_364' title='bbox 404 4539 613 4598; x_wconf 87' lang='lat' dir='ltr'><strong>etiamsi</strong></span> <span class='ocrx_word' id='word_1_365' title='bbox 649 4542 777 4612; x_wconf 87' lang='lat' dir='ltr'><strong>justi</strong></span> <span class='ocrx_word' id='word_1_366' title='bbox 822 4545 931 4599; x_wconf 87' lang='lat' dir='ltr'><strong>sint</strong></span> <span class='ocrx_word' id='word_1_367' title='bbox 967 4546 1056 4616; x_wconf 90' lang='lat' dir='ltr'><strong>qui</strong></span> <span class='ocrx_word' id='word_1_368' title='bbox 1096 4561 1194 4616; x_wconf 92' lang='lat' dir='ltr'><strong>pro</strong></span> <span class='ocrx_word' id='word_1_369' title='bbox 1231 4549 1384 4604; x_wconf 90' lang='lat' dir='ltr'><strong>nobis</strong></span> <span class='ocrx_word' id='word_1_370' title='bbox 1409 4562 1599 4619; x_wconf 86' lang='lat' dir='ltr'><strong>orant,</strong></span> <span class='ocrx_word' id='word_1_371' title='bbox 1630 4554 1837 4610; x_wconf 87' lang='lat' dir='ltr'><strong>etiamsi</strong></span> <span class='ocrx_word' id='word_1_372' title='bbox 1867 4572 1991 4626; x_wconf 85' lang='lat' dir='ltr'><strong>pro-</strong></span> 
     </span>
    </p>
   </div>
   <div class='ocr_carea' id='block_1_48' title="bbox 408 4633 1994 4715">
    <p class='ocr_par' dir='ltr' id='par_1_48' title="bbox 408 4633 1994 4715">
     <span class='ocr_line' id='line_1_48' title="bbox 408 4633 1994 4715; baseline 0.01 -28"><span class='ocrx_word' id='word_1_373' title='bbox 408 4633 618 4702; x_wconf 73' lang='lat' dir='ltr'><strong>phetae,</strong></span> <span class='ocrx_word' id='word_1_374' title='bbox 661 4637 806 4692; x_wconf 88' lang='lat' dir='ltr'><strong>nulla</strong></span> <span class='ocrx_word' id='word_1_375' title='bbox 845 4639 1000 4694; x_wconf 90' lang='lat' dir='ltr'><strong>nobis</strong></span> <span class='ocrx_word' id='word_1_376' title='bbox 1044 4641 1168 4697; x_wconf 90' lang='lat' dir='ltr'><strong>inde</strong></span> <span class='ocrx_word' id='word_1_377' title='bbox 1211 4643 1282 4697; x_wconf 90' lang='lat' dir='ltr'><strong>sit</strong></span> <span class='ocrx_word' id='word_1_378' title='bbox 1322 4643 1521 4698; x_wconf 86' lang='lat' dir='ltr'><strong>utilitas</strong></span> <span class='ocrx_word' id='word_1_379' title='bbox 1546 4645 1647 4715; x_wconf 90' lang='lat' dir='ltr'><strong>(illi</strong></span> <span class='ocrx_word' id='word_1_380' title='bbox 1675 4647 1816 4701; x_wconf 89' lang='lat' dir='ltr'><strong>enim</strong></span> <span class='ocrx_word' id='word_1_381' title='bbox 1843 4663 1994 4703; x_wconf 89' lang='lat' dir='ltr'><strong>suam</strong></span> 
     </span>
    </p>
   </div>
   <div class='ocr_carea' id='block_1_49' title="bbox 406 4728 1992 4800">
    <p class='ocr_par' dir='ltr' id='par_1_49' title="bbox 406 4728 1992 4800">
     <span class='ocr_line' id='line_1_49' title="bbox 406 4728 1992 4800; baseline 0.009 -23"><span class='ocrx_word' id='word_1_382' title='bbox 406 4728 655 4784; x_wconf 85' lang='lat' dir='ltr'><strong>virtutem</strong></span> <span class='ocrx_word' id='word_1_383' title='bbox 701 4746 796 4796; x_wconf 87' lang='lat' dir='ltr'><strong>per</strong></span> <span class='ocrx_word' id='word_1_384' title='bbox 839 4731 942 4785; x_wconf 91' lang='lat' dir='ltr'><strong>hoc</strong></span> <span class='ocrx_word' id='word_1_385' title='bbox 976 4733 1379 4800; x_wconf 87' lang='lat' dir='ltr'><strong>demonstrant,</strong></span> <span class='ocrx_word' id='word_1_386' title='bbox 1411 4735 1564 4789; x_wconf 90' lang='lat' dir='ltr'><strong>nobis</strong></span> <span class='ocrx_word' id='word_1_387' title='bbox 1589 4745 1767 4790; x_wconf 87' lang='lat' dir='ltr'><strong>autem</strong></span> <span class='ocrx_word' id='word_1_388' title='bbox 1796 4738 1866 4792; x_wconf 93' lang='lat' dir='ltr'><strong>ob</strong></span> <span class='ocrx_word' id='word_1_389' title='bbox 1892 4739 1992 4792; x_wconf 85' lang='lat' dir='ltr'><strong>im-</strong></span> 
     </span>
    </p>
   </div>
   <div class='ocr_carea' id='block_1_50' title="bbox 407 4818 1994 4896">
    <p class='ocr_par' dir='ltr' id='par_1_50' title="bbox 407 4818 1994 4896">
     <span class='ocr_line' id='line_1_50' title="bbox 407 4818 1994 4896; baseline 0.008 -27"><span class='ocrx_word' id='word_1_390' title='bbox 407 4818 603 4884; x_wconf 87' lang='lat' dir='ltr'><strong>probos</strong></span> <span class='ocrx_word' id='word_1_391' title='bbox 636 4835 816 4875; x_wconf 89' lang='lat' dir='ltr'><strong>mores</strong></span> <span class='ocrx_word' id='word_1_392' title='bbox 855 4823 994 4876; x_wconf 89' lang='lat' dir='ltr'><strong>nulla</strong></span> <span class='ocrx_word' id='word_1_393' title='bbox 1022 4823 1126 4878; x_wconf 88' lang='lat' dir='ltr'><strong>erit</strong></span> <span class='ocrx_word' id='word_1_394' title='bbox 1147 4825 1366 4896; x_wconf 90' lang='lat' dir='ltr'><strong>utilitas)</strong></span> <span class='ocrx_word' id='word_1_395' title='bbox 1394 4866 1408 4891; x_wconf 91' lang='lat'><strong>,</strong></span> <span class='ocrx_word' id='word_1_396' title='bbox 1442 4825 1564 4880; x_wconf 87' lang='lat' dir='ltr'><strong>audi</strong></span> <span class='ocrx_word' id='word_1_397' title='bbox 1593 4827 1759 4881; x_wconf 89' lang='lat' dir='ltr'><strong>Deum</strong></span> <span class='ocrx_word' id='word_1_398' title='bbox 1779 4828 1994 4882; x_wconf 88' lang='lat' dir='ltr'><strong>univer-</strong></span> 
     </span>
    </p>
   </div>
   <div class='ocr_carea' id='block_1_51' title="bbox 405 4911 1991 4987">
    <p class='ocr_par' dir='ltr' id='par_1_51' title="bbox 405 4911 1991 4987">
     <span class='ocr_line' id='line_1_51' title="bbox 405 4911 1991 4987; baseline 0.009 -26"><span class='ocrx_word' id='word_1_399' title='bbox 405 4925 604 4973; x_wconf 79' lang='lat' dir='ltr'><strong>sorum,</strong></span> <span class='ocrx_word' id='word_1_400' title='bbox 640 4911 706 4964; x_wconf 90' lang='lat' dir='ltr'><strong>ad</strong></span> <span class='ocrx_word' id='word_1_401' title='bbox 732 4929 876 4979; x_wconf 89' lang='lat' dir='ltr'><strong>eum,</strong></span> <span class='ocrx_word' id='word_1_402' title='bbox 904 4916 990 4984; x_wconf 92' lang='lat' dir='ltr'><strong>qui</strong></span> <span class='ocrx_word' id='word_1_403' title='bbox 1023 4916 1090 4970; x_wconf 90' lang='lat' dir='ltr'><strong>de</strong></span> <span class='ocrx_word' id='word_1_404' title='bbox 1116 4927 1266 4972; x_wconf 90' lang='lat' dir='ltr'><strong>utero</strong></span> <span class='ocrx_word' id='word_1_405' title='bbox 1291 4920 1476 4974; x_wconf 87' lang='lat' dir='ltr'><strong>matris</strong></span> <span class='ocrx_word' id='word_1_406' title='bbox 1498 4919 1858 4975; x_wconf 87' lang='lat' dir='ltr'><strong>sanctiﬁcatus</strong></span> <span class='ocrx_word' id='word_1_407' title='bbox 1883 4931 1991 4987; x_wconf 88' lang='lat' dir='ltr'><strong>est,</strong></span> 
     </span>
    </p>
   </div>
   <div class='ocr_carea' id='block_1_52' title="bbox 407 4999 2002 5082">
    <p class='ocr_par' dir='ltr' id='par_1_52' title="bbox 407 4999 2002 5082">
     <span class='ocr_line' id='line_1_52' title="bbox 407 4999 2002 5082; baseline 0.009 -28"><span class='ocrx_word' id='word_1_408' title='bbox 407 4999 695 5055; x_wconf 83' lang='lat' dir='ltr'><strong>Jeremiam</strong></span> <span class='ocrx_word' id='word_1_409' title='bbox 726 5005 1041 5072; x_wconf 83' lang='lat' dir='ltr'><strong>prophetam</strong></span> <span class='ocrx_word' id='word_1_410' title='bbox 1060 5007 1364 5076; x_wconf 86' lang='lat' dir='ltr'><strong>loquentem</strong></span> <span class='ocrx_word' id='word_1_411' title='bbox 1389 5029 1402 5064; x_wconf 90' lang='lat'><strong>:</strong></span> <span class='ocrx_word' id='word_1_412' title='bbox 1433 5009 1516 5064; x_wconf 87' lang='lat' dir='ltr'><strong>Ne</strong></span> <span class='ocrx_word' id='word_1_413' title='bbox 1535 5028 1646 5066; x_wconf 75' lang='lat' dir='ltr'><strong>ores</strong></span> <span class='ocrx_word' id='word_1_414' title='bbox 1668 5028 1758 5081; x_wconf 85' lang='lat' dir='ltr'><strong>pro</strong></span> <span class='ocrx_word' id='word_1_415' title='bbox 1807 5012 2002 5082; x_wconf 85' lang='lat' dir='ltr'><strong>papula</strong></span> 
     </span>
    </p>
   </div>
   <div class='ocr_carea' id='block_1_53' title="bbox 405 5093 1996 5172">
    <p class='ocr_par' dir='ltr' id='par_1_53' title="bbox 405 5093 1996 5172">
     <span class='ocr_line' id='line_1_53' title="bbox 405 5093 1996 5172; baseline 0.009 -28"><span class='ocrx_word' id='word_1_416' title='bbox 405 5093 526 5160; x_wconf 74' lang='lat' dir='ltr'><strong>hoc,</strong></span> <span class='ocrx_word' id='word_1_417' title='bbox 575 5094 693 5164; x_wconf 85' lang='lat' dir='ltr'><strong>quia</strong></span> <span class='ocrx_word' id='word_1_418' title='bbox 731 5111 832 5148; x_wconf 86' lang='lat' dir='ltr'><strong>non</strong></span> <span class='ocrx_word' id='word_1_419' title='bbox 877 5097 1146 5150; x_wconf 76' lang='lat' dir='ltr'><strong>exaudiam</strong></span> <span class='ocrx_word' id='word_1_420' title='bbox 1187 5109 1234 5153; x_wconf 89' lang='lat' dir='ltr'><strong>te</strong></span> <span class='ocrx_word' id='word_1_421' title='bbox 1262 5099 1394 5168; x_wconf 61' lang='grc' dir='ltr'><strong>(λεν.</strong></span> <span class='ocrx_word' id='word_1_422' title='bbox 1421 5101 1506 5157; x_wconf 89' lang='grc'><strong>16.</strong></span> <span class='ocrx_word' id='word_1_423' title='bbox 1534 5103 1612 5172; x_wconf 91' lang='grc'><strong>7).</strong></span> <span class='ocrx_word' id='word_1_424' title='bbox 1636 5103 1769 5158; x_wconf 85' lang='lat' dir='ltr'><strong>Vide</strong></span> <span class='ocrx_word' id='word_1_425' title='bbox 1789 5101 1996 5159; x_wconf 87' lang='lat' dir='ltr'><strong>Domini</strong></span> 
     </span>
    </p>
   </div>
   <div class='ocr_carea' id='block_1_54' title="bbox 411 5187 1998 5268">
    <p class='ocr_par' dir='ltr' id='par_1_54' title="bbox 411 5187 1998 5268">
     <span class='ocr_line' id='line_1_54' title="bbox 411 5187 1998 5268; baseline 0.008 -28"><span class='ocrx_word' id='word_1_426' title='bbox 411 5187 790 5260; x_wconf 77' lang='lat' dir='ltr'><strong>benignitatem</strong></span> <span class='ocrx_word' id='word_1_427' title='bbox 839 5207 852 5243; x_wconf 91' lang='lat'><strong>:</strong></span> <span class='ocrx_word' id='word_1_428' title='bbox 901 5189 1139 5259; x_wconf 74' lang='lat' dir='ltr'><strong>prmdicit</strong></span> <span class='ocrx_word' id='word_1_429' title='bbox 1181 5195 1490 5263; x_wconf 64' lang='lat' dir='ltr'><strong>propheta},</strong></span> <span class='ocrx_word' id='word_1_430' title='bbox 1541 5204 1598 5250; x_wconf 91' lang='lat' dir='ltr'><strong>ut</strong></span> <span class='ocrx_word' id='word_1_431' title='bbox 1644 5214 1708 5251; x_wconf 91' lang='lat' dir='ltr'><strong>ne</strong></span> <span class='ocrx_word' id='word_1_432' title='bbox 1734 5213 1855 5252; x_wconf 89' lang='lat' dir='ltr'><strong>cum</strong></span> <span class='ocrx_word' id='word_1_433' title='bbox 1879 5208 1998 5268; x_wconf 86' lang='lat' dir='ltr'><strong>post</strong></span> 
     </span>
    </p>
   </div>
   <div class='ocr_carea' id='block_1_55' title="bbox 406 5282 1997 5356">
    <p class='ocr_par' dir='ltr' id='par_1_55' title="bbox 406 5282 1997 5356">
     <span class='ocr_line' id='line_1_55' title="bbox 406 5282 1997 5356; baseline 0.005 -20"><span class='ocrx_word' id='word_1_434' title='bbox 406 5282 706 5337; x_wconf 89' lang='lat' dir='ltr'><strong>orationem</strong></span> <span class='ocrx_word' id='word_1_435' title='bbox 736 5298 840 5336; x_wconf 92' lang='lat' dir='ltr'><strong>non</strong></span> <span class='ocrx_word' id='word_1_436' title='bbox 868 5283 1213 5350; x_wconf 77' lang='lat' dir='ltr'><strong>exaudiatur,</strong></span> <span class='ocrx_word' id='word_1_437' title='bbox 1243 5285 1346 5340; x_wconf 87' lang='lat' dir='ltr'><strong>hoc</strong></span> <span class='ocrx_word' id='word_1_438' title='bbox 1363 5286 1475 5340; x_wconf 88' lang='lat' dir='ltr'><strong>suis</strong></span> <span class='ocrx_word' id='word_1_439' title='bbox 1500 5289 1730 5356; x_wconf 86' lang='lat' dir='ltr'><strong>peccatis</strong></span> <span class='ocrx_word' id='word_1_440' title='bbox 1759 5290 1952 5344; x_wconf 83' lang='lat' dir='ltr'><strong>tribuat</strong></span> <span class='ocrx_word' id='word_1_441' title='bbox 1980 5312 1997 5328; x_wconf 83' lang='grc' dir='ltr'><strong>ο</strong></span> 
     </span>
    </p>
   </div>
   <div class='ocr_carea' id='block_1_56' title="bbox 408 5369 2009 5452">
    <p class='ocr_par' dir='ltr' id='par_1_56' title="bbox 408 5369 2009 5452">
     <span class='ocr_line' id='line_1_56' title="bbox 408 5369 2009 5452; baseline 0.006 -25"><span class='ocrx_word' id='word_1_442' title='bbox 408 5383 464 5428; x_wconf 89' lang='lat' dir='ltr'><strong>et</strong></span> <span class='ocrx_word' id='word_1_443' title='bbox 488 5373 609 5428; x_wconf 89' lang='lat' dir='ltr'><strong>ideo</strong></span> <span class='ocrx_word' id='word_1_444' title='bbox 633 5374 745 5444; x_wconf 91' lang='lat' dir='ltr'><strong>jam</strong></span> <span class='ocrx_word' id='word_1_445' title='bbox 772 5377 1093 5445; x_wconf 85' lang='lat' dir='ltr'><strong>praenuntiat</strong></span> <span class='ocrx_word' id='word_1_446' title='bbox 1113 5376 1161 5431; x_wconf 89' lang='lat' dir='ltr'><strong>ei</strong></span> <span class='ocrx_word' id='word_1_447' title='bbox 1186 5378 1365 5448; x_wconf 79' lang='lat' dir='ltr'><strong>pepuli</strong></span> <span class='ocrx_word' id='word_1_448' title='bbox 1395 5379 1704 5449; x_wconf 87' lang='lat' dir='ltr'><strong>nequitiam,</strong></span> <span class='ocrx_word' id='word_1_449' title='bbox 1734 5391 1788 5437; x_wconf 91' lang='lat' dir='ltr'><strong>ct</strong></span> <span class='ocrx_word' id='word_1_450' title='bbox 1813 5369 2009 5452; x_wconf 46' lang='lat' dir='ltr'><strong>prohiQ</strong></span> 
     </span>
    </p>
   </div>
   <div class='ocr_carea' id='block_1_57' title="bbox 413 5465 1999 5541">
    <p class='ocr_par' dir='ltr' id='par_1_57' title="bbox 413 5465 1999 5541">
     <span class='ocr_line' id='line_1_57' title="bbox 413 5465 1999 5541; baseline 0.004 -20"><span class='ocrx_word' id='word_1_451' title='bbox 413 5465 504 5521; x_wconf 84' lang='lat' dir='ltr'><strong>bet</strong></span> <span class='ocrx_word' id='word_1_452' title='bbox 538 5482 604 5521; x_wconf 90' lang='lat' dir='ltr'><strong>ne</strong></span> <span class='ocrx_word' id='word_1_453' title='bbox 635 5478 882 5534; x_wconf 84' lang='lat' dir='ltr'><strong>precetur</strong></span> <span class='ocrx_word' id='word_1_454' title='bbox 901 5509 916 5534; x_wconf 92' lang='lat'><strong>,</strong></span> <span class='ocrx_word' id='word_1_455' title='bbox 947 5477 1003 5523; x_wconf 89' lang='lat' dir='ltr'><strong>ut</strong></span> <span class='ocrx_word' id='word_1_456' title='bbox 1031 5477 1086 5524; x_wconf 89' lang='lat' dir='ltr'><strong>et</strong></span> <span class='ocrx_word' id='word_1_457' title='bbox 1115 5469 1228 5538; x_wconf 80' lang='lat' dir='ltr'><strong>ipse</strong></span> <span class='ocrx_word' id='word_1_458' title='bbox 1253 5469 1397 5526; x_wconf 87' lang='lat' dir='ltr'><strong>scire</strong></span> <span class='ocrx_word' id='word_1_459' title='bbox 1421 5480 1580 5539; x_wconf 88' lang='lat' dir='ltr'><strong>queat</strong></span> <span class='ocrx_word' id='word_1_460' title='bbox 1607 5472 1874 5541; x_wconf 78' lang='lat' dir='ltr'><strong>ingentem</strong></span> <span class='ocrx_word' id='word_1_461' title='bbox 1901 5472 1999 5527; x_wconf 81' lang='lat' dir='ltr'><strong>Ju-</strong></span> 
     </span>
    </p>
   </div>
   <div class='ocr_carea' id='block_1_58' title="bbox 407 5557 2003 5636">
    <p class='ocr_par' dir='ltr' id='par_1_58' title="bbox 407 5557 2003 5636">
     <span class='ocr_line' id='line_1_58' title="bbox 407 5557 2003 5636; baseline 0.008 -25"><span class='ocrx_word' id='word_1_462' title='bbox 407 5557 644 5613; x_wconf 67' lang='lat' dir='ltr'><strong>datorum</strong></span> <span class='ocrx_word' id='word_1_463' title='bbox 667 5561 1066 5629; x_wconf 69' lang='lat' dir='ltr'><strong>perversitatem</strong></span> <span class='ocrx_word' id='word_1_464' title='bbox 1089 5579 1105 5618; x_wconf 89' lang='lat'><strong>:</strong></span> <span class='ocrx_word' id='word_1_465' title='bbox 1127 5569 1183 5620; x_wconf 92' lang='lat' dir='ltr'><strong>et</strong></span> <span class='ocrx_word' id='word_1_466' title='bbox 1209 5563 1283 5620; x_wconf 92' lang='lat' dir='ltr'><strong>illi</strong></span> <span class='ocrx_word' id='word_1_467' title='bbox 1312 5565 1481 5620; x_wconf 88' lang='lat' dir='ltr'><strong>sciant</strong></span> <span class='ocrx_word' id='word_1_468' title='bbox 1508 5564 1639 5620; x_wconf 86' lang='lat' dir='ltr'><strong>nihil</strong></span> <span class='ocrx_word' id='word_1_469' title='bbox 1661 5566 1738 5622; x_wconf 89' lang='lat' dir='ltr'><strong>eis</strong></span> <span class='ocrx_word' id='word_1_470' title='bbox 1751 5565 2003 5636; x_wconf 86' lang='lat' dir='ltr'><strong>prodesse</strong></span> 
     </span>
    </p>
   </div>
   <div class='ocr_carea' id='block_1_59' title="bbox 414 5651 1998 5727">
    <p class='ocr_par' dir='ltr' id='par_1_59' title="bbox 414 5651 1998 5727">
     <span class='ocr_line' id='line_1_59' title="bbox 414 5651 1998 5727; baseline 0.005 -23"><span class='ocrx_word' id='word_1_471' title='bbox 414 5651 731 5724; x_wconf 76' lang='lat' dir='ltr'><strong>prophetam</strong></span> <span class='ocrx_word' id='word_1_472' title='bbox 752 5695 766 5718; x_wconf 96' lang='lat'><strong>,</strong></span> <span class='ocrx_word' id='word_1_473' title='bbox 803 5655 901 5710; x_wconf 85' lang='lat' dir='ltr'><strong>nisi</strong></span> <span class='ocrx_word' id='word_1_474' title='bbox 931 5665 985 5710; x_wconf 85' lang='lat' dir='ltr'><strong>et</strong></span> <span class='ocrx_word' id='word_1_475' title='bbox 1015 5657 1114 5724; x_wconf 83' lang='lat' dir='ltr'><strong>ipsi</strong></span> <span class='ocrx_word' id='word_1_476' title='bbox 1142 5672 1259 5726; x_wconf 67' lang='lat' dir='ltr'><strong>qua:</strong></span> <span class='ocrx_word' id='word_1_477' title='bbox 1283 5672 1380 5711; x_wconf 90' lang='lat' dir='ltr'><strong>sua</strong></span> <span class='ocrx_word' id='word_1_478' title='bbox 1401 5665 1527 5712; x_wconf 91' lang='lat' dir='ltr'><strong>sunt</strong></span> <span class='ocrx_word' id='word_1_479' title='bbox 1550 5656 1791 5727; x_wconf 88' lang='lat' dir='ltr'><strong>proferre</strong></span> <span class='ocrx_word' id='word_1_480' title='bbox 1813 5658 1998 5714; x_wconf 89' lang='lat' dir='ltr'><strong>velint.</strong></span> 
     </span>
    </p>
   </div>
   <div class='ocr_carea' id='block_1_60' title="bbox 487 5741 1994 5812">
    <p class='ocr_par' dir='ltr' id='par_1_60' title="bbox 487 5741 1994 5812">
     <span class='ocr_line' id='line_1_60' title="bbox 487 5741 1994 5812; baseline 0.01 -15"><span class='ocrx_word' id='word_1_481' title='bbox 487 5741 747 5798; x_wconf 73' lang='lat' dir='ltr'><strong>lui-oratio</strong></span> <span class='ocrx_word' id='word_1_482' title='bbox 792 5758 837 5800; x_wconf 70' lang='lat' dir='ltr'><strong>et</strong></span> <span class='ocrx_word' id='word_1_483' title='bbox 881 5749 1167 5803; x_wconf 75' lang='lat' dir='ltr'><strong>intercessio</strong></span> <span class='ocrx_word' id='word_1_484' title='bbox 1209 5762 1517 5805; x_wconf 86' lang='lat' dir='ltr'><strong>sanctorum.</strong></span> <span class='ocrx_word' id='word_1_485' title='bbox 1547 5780 1615 5789; x_wconf 91' lang='lat'><strong>--</strong></span> <span class='ocrx_word' id='word_1_486' title='bbox 1649 5750 1702 5805; x_wconf 95' lang='lat' dir='ltr'><strong>ld</strong></span> <span class='ocrx_word' id='word_1_487' title='bbox 1729 5753 1994 5812; x_wconf 78' lang='lat' dir='ltr'><strong>scientes.</strong></span> 
     </span>
    </p>
   </div>
   <div class='ocr_carea' id='block_1_61' title="bbox 1137 305 2942 390">
    <p class='ocr_par' dir='ltr' id='par_1_61' title="bbox 1137 305 2942 390">
     <span class='ocr_line' id='line_1_61' title="bbox 1137 305 2942 390; baseline -0.003 -20"><span class='ocrx_word' id='word_1_488' title='bbox 1137 312 1192 370; x_wconf 86' lang='lat' dir='ltr'><strong>S.</strong></span> <span class='ocrx_word' id='word_1_489' title='bbox 1233 314 1510 371; x_wconf 71' lang='lat' dir='ltr'><strong>JOAN‘NIS</strong></span> <span class='ocrx_word' id='word_1_490' title='bbox 1550 307 2017 370; x_wconf 70' lang='lat' dir='ltr'><strong>CllliYSOSTOMl</strong></span> <span class='ocrx_word' id='word_1_491' title='bbox 2056 305 2369 390; x_wconf 64' lang='lat' dir='ltr'><strong>ARCHI&#39;EP.</strong></span> <span class='ocrx_word' id='word_1_492' title='bbox 2409 307 2942 366; x_wconf 71' lang='lat' dir='ltr'><strong>CONSTANTINOP.</strong></span> 
     </span>
    </p>
   </div>
   <div class='ocr_carea' id='block_1_62' title="bbox 3575 305 3677 361">
    <p class='ocr_par' dir='ltr' id='par_1_62' title="bbox 3575 305 3677 361">
     <span class='ocr_line' id='line_1_62' title="bbox 3575 305 3677 361; baseline 0.02 -2"><span class='ocrx_word' id='word_1_493' title='bbox 3575 305 3677 361; x_wconf 66' lang='lat'><strong>408</strong></span> 
     </span>
    </p>
   </div>
   <div class='ocr_carea' id='block_1_63' title="bbox 2092 425 3678 499">
    <p class='ocr_par' dir='ltr' id='par_1_63' title="bbox 2092 425 3678 499">
     <span class='ocr_line' id='line_1_63' title="bbox 2092 425 3678 499; baseline 0.003 -19"><span class='ocrx_word' id='word_1_494' title='bbox 2092 425 2302 493; x_wconf 81' lang='lat' dir='ltr'><strong>dilecti,</strong></span> <span class='ocrx_word' id='word_1_495' title='bbox 2329 425 2696 497; x_wconf 87' lang='lat' dir='ltr'><strong>confugiamus</strong></span> <span class='ocrx_word' id='word_1_496' title='bbox 2723 428 2789 482; x_wconf 88' lang='lat' dir='ltr'><strong>ad</strong></span> <span class='ocrx_word' id='word_1_497' title='bbox 2811 437 3116 484; x_wconf 87' lang='lat' dir='ltr'><strong>sanctorum</strong></span> <span class='ocrx_word' id='word_1_498' title='bbox 3135 442 3323 499; x_wconf 88' lang='lat' dir='ltr'><strong>preces</strong></span> <span class='ocrx_word' id='word_1_499' title='bbox 3345 471 3360 493; x_wconf 93' lang='lat'><strong>,</strong></span> <span class='ocrx_word' id='word_1_500' title='bbox 3389 438 3443 484; x_wconf 89' lang='lat' dir='ltr'><strong>et</strong></span> <span class='ocrx_word' id='word_1_501' title='bbox 3462 443 3678 484; x_wconf 79' lang='lat' dir='ltr'><strong>oremus</strong></span> 
     </span>
    </p>
   </div>
   <div class='ocr_carea' id='block_1_64' title="bbox 2093 519 3679 590">
    <p class='ocr_par' dir='ltr' id='par_1_64' title="bbox 2093 519 3679 590">
     <span class='ocr_line' id='line_1_64' title="bbox 2093 519 3679 590; baseline 0.003 -21"><span class='ocrx_word' id='word_1_502' title='bbox 2093 527 2148 571; x_wconf 96' lang='grc' dir='ltr'><strong>ιιι</strong></span> <span class='ocrx_word' id='word_1_503' title='bbox 2188 532 2287 587; x_wconf 89' lang='lat' dir='ltr'><strong>pro</strong></span> <span class='ocrx_word' id='word_1_504' title='bbox 2334 519 2488 573; x_wconf 88' lang='lat' dir='ltr'><strong>nobis</strong></span> <span class='ocrx_word' id='word_1_505' title='bbox 2528 520 2861 575; x_wconf 88' lang='lat' dir='ltr'><strong>intercedant</strong></span> <span class='ocrx_word' id='word_1_506' title='bbox 2900 538 2914 572; x_wconf 91' lang='lat'><strong>:</strong></span> <span class='ocrx_word' id='word_1_507' title='bbox 2947 519 3039 575; x_wconf 89' lang='lat' dir='ltr'><strong>sed</strong></span> <span class='ocrx_word' id='word_1_508' title='bbox 3069 535 3171 574; x_wconf 92' lang='lat' dir='ltr'><strong>non</strong></span> <span class='ocrx_word' id='word_1_509' title='bbox 3200 520 3411 576; x_wconf 89' lang='lat' dir='ltr'><strong>illorum</strong></span> <span class='ocrx_word' id='word_1_510' title='bbox 3433 521 3679 590; x_wconf 81' lang='lat' dir='ltr'><strong>precibus</strong></span> 
     </span>
    </p>
   </div>
   <div class='ocr_carea' id='block_1_65' title="bbox 2091 609 3676 682">
    <p class='ocr_par' dir='ltr' id='par_1_65' title="bbox 2091 609 3676 682">
     <span class='ocr_line' id='line_1_65' title="bbox 2091 609 3676 682; baseline 0.003 -21"><span class='ocrx_word' id='word_1_511' title='bbox 2091 617 2295 664; x_wconf 83' lang='lat' dir='ltr'><strong>tantum</strong></span> <span class='ocrx_word' id='word_1_512' title='bbox 2334 609 2665 664; x_wconf 83' lang='lat' dir='ltr'><strong>conﬁdamus</strong></span> <span class='ocrx_word' id='word_1_513' title='bbox 2685 652 2701 678; x_wconf 95' lang='lat'><strong>,</strong></span> <span class='ocrx_word' id='word_1_514' title='bbox 2739 610 2835 666; x_wconf 90' lang='lat' dir='ltr'><strong>sed</strong></span> <span class='ocrx_word' id='word_1_515' title='bbox 2863 619 2916 666; x_wconf 90' lang='lat' dir='ltr'><strong>et</strong></span> <span class='ocrx_word' id='word_1_516' title='bbox 2945 610 3045 680; x_wconf 90' lang='lat' dir='ltr'><strong>ipsi</strong></span> <span class='ocrx_word' id='word_1_517' title='bbox 3074 620 3252 665; x_wconf 86' lang='lat' dir='ltr'><strong>nostra</strong></span> <span class='ocrx_word' id='word_1_518' title='bbox 3275 651 3291 677; x_wconf 94' lang='lat'><strong>,</strong></span> <span class='ocrx_word' id='word_1_519' title='bbox 3321 619 3381 666; x_wconf 91' lang='lat' dir='ltr'><strong>ut</strong></span> <span class='ocrx_word' id='word_1_520' title='bbox 3428 622 3676 682; x_wconf 77' lang='lat' dir='ltr'><strong>Oportet,</strong></span> 
     </span>
    </p>
   </div>
   <div class='ocr_carea' id='block_1_66' title="bbox 2089 700 3678 772">
    <p class='ocr_par' dir='ltr' id='par_1_66' title="bbox 2089 700 3678 772">
     <span class='ocr_line' id='line_1_66' title="bbox 2089 700 3678 772; baseline 0.003 -21"><span class='ocrx_word' id='word_1_521' title='bbox 2089 700 2458 767; x_wconf 81' lang='lat' dir='ltr'><strong>diSpensemus</strong></span> <span class='ocrx_word' id='word_1_522' title='bbox 2502 710 2678 767; x_wconf 87' lang='lat' dir='ltr'><strong>recte,</strong></span> <span class='ocrx_word' id='word_1_523' title='bbox 2723 710 2777 756; x_wconf 94' lang='lat' dir='ltr'><strong>et</strong></span> <span class='ocrx_word' id='word_1_524' title='bbox 2819 701 2884 756; x_wconf 87' lang='lat' dir='ltr'><strong>ad</strong></span> <span class='ocrx_word' id='word_1_525' title='bbox 2924 702 3146 756; x_wconf 80' lang='lat' dir='ltr'><strong>meliora</strong></span> <span class='ocrx_word' id='word_1_526' title='bbox 3187 717 3401 772; x_wconf 89' lang='lat' dir='ltr'><strong>semper</strong></span> <span class='ocrx_word' id='word_1_527' title='bbox 3437 704 3678 758; x_wconf 86' lang='lat' dir='ltr'><strong>converti</strong></span> 
     </span>
    </p>
   </div>
   <div class='ocr_carea' id='block_1_67' title="bbox 2089 790 3680 863">
    <p class='ocr_par' dir='ltr' id='par_1_67' title="bbox 2089 790 3680 863">
     <span class='ocr_line' id='line_1_67' title="bbox 2089 790 3680 863; baseline 0.005 -23"><span class='ocrx_word' id='word_1_528' title='bbox 2089 791 2355 857; x_wconf 81' lang='lat' dir='ltr'><strong>nitamur,</strong></span> <span class='ocrx_word' id='word_1_529' title='bbox 2401 799 2460 844; x_wconf 88' lang='lat' dir='ltr'><strong>ut</strong></span> <span class='ocrx_word' id='word_1_530' title='bbox 2502 790 2678 846; x_wconf 89' lang='lat' dir='ltr'><strong>locum</strong></span> <span class='ocrx_word' id='word_1_531' title='bbox 2723 791 2915 847; x_wconf 90' lang='lat' dir='ltr'><strong>demus</strong></span> <span class='ocrx_word' id='word_1_532' title='bbox 2960 791 3188 848; x_wconf 88' lang='lat' dir='ltr'><strong>orationi</strong></span> <span class='ocrx_word' id='word_1_533' title='bbox 3232 807 3350 863; x_wconf 64' lang='lat' dir='ltr'><strong>quae</strong></span> <span class='ocrx_word' id='word_1_534' title='bbox 3390 807 3489 863; x_wconf 90' lang='lat' dir='ltr'><strong>pro</strong></span> <span class='ocrx_word' id='word_1_535' title='bbox 3525 792 3680 848; x_wconf 75' lang='lat' dir='ltr'><strong>nobis</strong></span> 
     </span>
    </p>
   </div>
   <div class='ocr_carea' id='block_1_68' title="bbox 2088 879 3680 958">
    <p class='ocr_par' dir='ltr' id='par_1_68' title="bbox 2088 879 3680 958">
     <span class='ocr_line' id='line_1_68' title="bbox 2088 879 3680 958; baseline 0.004 -24"><span class='ocrx_word' id='word_1_536' title='bbox 2088 879 2344 936; x_wconf 90' lang='lat' dir='ltr'><strong>funditur.</strong></span> <span class='ocrx_word' id='word_1_537' title='bbox 2386 883 2502 939; x_wconf 85' lang='lat' dir='ltr'><strong>Hoc</strong></span> <span class='ocrx_word' id='word_1_538' title='bbox 2537 893 2591 938; x_wconf 90' lang='lat' dir='ltr'><strong>et</strong></span> <span class='ocrx_word' id='word_1_539' title='bbox 2616 884 2682 938; x_wconf 87' lang='lat' dir='ltr'><strong>ad</strong></span> <span class='ocrx_word' id='word_1_540' title='bbox 2709 885 2872 939; x_wconf 92' lang='lat' dir='ltr'><strong>alium</strong></span> <span class='ocrx_word' id='word_1_541' title='bbox 2897 886 3212 956; x_wconf 63' lang='lat' dir='ltr'><strong>prophetam</strong></span> <span class='ocrx_word' id='word_1_542' title='bbox 3232 883 3308 958; x_wconf 84' lang='grc' dir='ltr'><strong>(α)</strong></span> <span class='ocrx_word' id='word_1_543' title='bbox 3336 885 3466 940; x_wconf 92' lang='lat' dir='ltr'><strong>dicit</strong></span> <span class='ocrx_word' id='word_1_544' title='bbox 3495 885 3680 940; x_wconf 67' lang='lat' dir='ltr'><strong>Domi-a</strong></span> 
     </span>
    </p>
   </div>
   <div class='ocr_carea' id='block_1_69' title="bbox 2086 975 3676 1049">
    <p class='ocr_par' dir='ltr' id='par_1_69' title="bbox 2086 975 3676 1049">
     <span class='ocr_line' id='line_1_69' title="bbox 2086 975 3676 1049; baseline 0.003 -22"><span class='ocrx_word' id='word_1_545' title='bbox 2086 988 2187 1028; x_wconf 87' lang='lat' dir='ltr'><strong>nus</strong></span> <span class='ocrx_word' id='word_1_546' title='bbox 2229 975 2602 1030; x_wconf 82' lang='lat' dir='ltr'><strong>universorum</strong></span> <span class='ocrx_word' id='word_1_547' title='bbox 2645 994 2659 1032; x_wconf 91' lang='lat'><strong>:</strong></span> <span class='ocrx_word' id='word_1_548' title='bbox 2705 975 2826 1031; x_wconf 87' lang='lat' dir='ltr'><strong>Non</strong></span> <span class='ocrx_word' id='word_1_549' title='bbox 2857 978 2994 1032; x_wconf 84' lang='lat' dir='ltr'><strong>vides</strong></span> <span class='ocrx_word' id='word_1_550' title='bbox 3028 979 3150 1049; x_wconf 84' lang='lat' dir='ltr'><strong>quid</strong></span> <span class='ocrx_word' id='word_1_551' title='bbox 3191 979 3291 1048; x_wconf 87' lang='lat' dir='ltr'><strong>ipsi</strong></span> <span class='ocrx_word' id='word_1_552' title='bbox 3317 979 3555 1048; x_wconf 79' lang='lat' dir='ltr'><strong>faciunt?</strong></span> <span class='ocrx_word' id='word_1_553' title='bbox 3581 977 3676 1032; x_wconf 86' lang='lat' dir='ltr'><strong>In-</strong></span> 
     </span>
    </p>
   </div>
   <div class='ocr_carea' id='block_1_70' title="bbox 2087 1067 3678 1141">
    <p class='ocr_par' dir='ltr' id='par_1_70' title="bbox 2087 1067 3678 1141">
     <span class='ocr_line' id='line_1_70' title="bbox 2087 1067 3678 1141; baseline 0.005 -24"><span class='ocrx_word' id='word_1_554' title='bbox 2087 1067 2304 1119; x_wconf 76' lang='lat' dir='ltr'><strong>rendunt</strong></span> <span class='ocrx_word' id='word_1_555' title='bbox 2332 1067 2555 1136; x_wconf 83' lang='lat' dir='ltr'><strong>adipem,</strong></span> <span class='ocrx_word' id='word_1_556' title='bbox 2575 1077 2625 1121; x_wconf 90' lang='lat' dir='ltr'><strong>et</strong></span> <span class='ocrx_word' id='word_1_557' title='bbox 2651 1068 2908 1136; x_wconf 84' lang='lat' dir='ltr'><strong>placentas</strong></span> <span class='ocrx_word' id='word_1_558' title='bbox 2933 1069 3131 1137; x_wconf 79' lang='lat' dir='ltr'><strong>faciunt</strong></span> <span class='ocrx_word' id='word_1_559' title='bbox 3158 1070 3397 1124; x_wconf 73' lang='lat' dir='ltr'><strong>exercitui</strong></span> <span class='ocrx_word' id='word_1_560' title='bbox 3416 1070 3528 1124; x_wconf 71' lang='lat' dir='ltr'><strong>(teli</strong></span> <span class='ocrx_word' id='word_1_561' title='bbox 3544 1069 3678 1141; x_wconf 80' lang='lat' dir='ltr'><strong>(Jer.</strong></span> 
     </span>
    </p>
   </div>
   <div class='ocr_carea' id='block_1_71' title="bbox 2087 1155 3676 1230">
    <p class='ocr_par' dir='ltr' id='par_1_71' title="bbox 2087 1155 3676 1230">
     <span class='ocr_line' id='line_1_71' title="bbox 2087 1155 3676 1230; baseline 0.003 -22"><span class='ocrx_word' id='word_1_562' title='bbox 2087 1155 2140 1208; x_wconf 88' lang='lat'><strong>7.</strong></span> <span class='ocrx_word' id='word_1_563' title='bbox 2186 1156 2272 1210; x_wconf 88' lang='grc'><strong>17.</strong></span> <span class='ocrx_word' id='word_1_564' title='bbox 2323 1157 2412 1227; x_wconf 88' lang='grc'><strong>18)</strong></span> <span class='ocrx_word' id='word_1_565' title='bbox 2446 1175 2459 1210; x_wconf 90' lang='lat'><strong>:</strong></span> <span class='ocrx_word' id='word_1_566' title='bbox 2487 1173 2553 1213; x_wconf 90' lang='lat' dir='ltr'><strong>ac</strong></span> <span class='ocrx_word' id='word_1_567' title='bbox 2581 1159 2626 1212; x_wconf 90' lang='lat' dir='ltr'><strong>si</strong></span> <span class='ocrx_word' id='word_1_568' title='bbox 2655 1158 2863 1215; x_wconf 87' lang='lat' dir='ltr'><strong>diceret</strong></span> <span class='ocrx_word' id='word_1_569' title='bbox 2891 1177 2904 1213; x_wconf 91' lang='lat'><strong>:</strong></span> <span class='ocrx_word' id='word_1_570' title='bbox 2938 1159 3040 1214; x_wconf 89' lang='lat' dir='ltr'><strong>Pro</strong></span> <span class='ocrx_word' id='word_1_571' title='bbox 3066 1159 3174 1215; x_wconf 90' lang='lat' dir='ltr'><strong>illis</strong></span> <span class='ocrx_word' id='word_1_572' title='bbox 3199 1175 3286 1215; x_wconf 89' lang='lat' dir='ltr'><strong>me</strong></span> <span class='ocrx_word' id='word_1_573' title='bbox 3309 1174 3497 1230; x_wconf 89' lang='lat' dir='ltr'><strong>rogas,</strong></span> <span class='ocrx_word' id='word_1_574' title='bbox 3529 1160 3615 1229; x_wconf 91' lang='lat' dir='ltr'><strong>qui</strong></span> <span class='ocrx_word' id='word_1_575' title='bbox 3648 1175 3676 1213; x_wconf 89' lang='lat' dir='ltr'><strong>a</strong></span> 
     </span>
    </p>
   </div>
   <div class='ocr_carea' id='block_1_72' title="bbox 2088 1248 3679 1320">
    <p class='ocr_par' dir='ltr' id='par_1_72' title="bbox 2088 1248 3679 1320">
     <span class='ocr_line' id='line_1_72' title="bbox 2088 1248 3679 1320; baseline 0.004 -20"><span class='ocrx_word' id='word_1_576' title='bbox 2088 1257 2308 1316; x_wconf 87' lang='lat' dir='ltr'><strong>peccato</strong></span> <span class='ocrx_word' id='word_1_577' title='bbox 2349 1263 2455 1303; x_wconf 92' lang='lat' dir='ltr'><strong>non</strong></span> <span class='ocrx_word' id='word_1_578' title='bbox 2494 1248 2792 1313; x_wconf 87' lang='lat' dir='ltr'><strong>desistunt,</strong></span> <span class='ocrx_word' id='word_1_579' title='bbox 2835 1250 2924 1320; x_wconf 91' lang='lat' dir='ltr'><strong>qui</strong></span> <span class='ocrx_word' id='word_1_580' title='bbox 2958 1261 3142 1306; x_wconf 88' lang='lat' dir='ltr'><strong>carent</strong></span> <span class='ocrx_word' id='word_1_581' title='bbox 3167 1265 3326 1306; x_wconf 91' lang='lat' dir='ltr'><strong>sensu</strong></span> <span class='ocrx_word' id='word_1_582' title='bbox 3354 1251 3679 1306; x_wconf 88' lang='lat' dir='ltr'><strong>inﬁrmitatis</strong></span> 
     </span>
    </p>
   </div>
   <div class='ocr_carea' id='block_1_73' title="bbox 2086 1339 3678 1408">
    <p class='ocr_par' dir='ltr' id='par_1_73' title="bbox 2086 1339 3678 1408">
     <span class='ocr_line' id='line_1_73' title="bbox 2086 1339 3678 1408; baseline 0.001 -17"><span class='ocrx_word' id='word_1_583' title='bbox 2086 1352 2196 1392; x_wconf 73' lang='lat' dir='ltr'><strong>suae</strong></span> <span class='ocrx_word' id='word_1_584' title='bbox 2231 1353 2334 1408; x_wconf 84' lang='lat' dir='ltr'><strong>qua</strong></span> <span class='ocrx_word' id='word_1_585' title='bbox 2378 1339 2622 1394; x_wconf 85' lang='lat' dir='ltr'><strong>laborant</strong></span> <span class='ocrx_word' id='word_1_586' title='bbox 2643 1382 2658 1405; x_wconf 97' lang='lat'><strong>,</strong></span> <span class='ocrx_word' id='word_1_587' title='bbox 2705 1340 2800 1396; x_wconf 91' lang='lat' dir='ltr'><strong>sed</strong></span> <span class='ocrx_word' id='word_1_588' title='bbox 2826 1341 2904 1396; x_wconf 89' lang='lat' dir='ltr'><strong>sic</strong></span> <span class='ocrx_word' id='word_1_589' title='bbox 2936 1341 3082 1397; x_wconf 87' lang='lat' dir='ltr'><strong>nullo</strong></span> <span class='ocrx_word' id='word_1_590' title='bbox 3103 1341 3291 1398; x_wconf 90' lang='lat' dir='ltr'><strong>dolore</strong></span> <span class='ocrx_word' id='word_1_591' title='bbox 3316 1351 3440 1397; x_wconf 90' lang='lat' dir='ltr'><strong>sunt</strong></span> <span class='ocrx_word' id='word_1_592' title='bbox 3460 1341 3678 1396; x_wconf 78' lang='lat' dir='ltr'><strong>all‘ecti?</strong></span> 
     </span>
    </p>
   </div>
   <div class='ocr_carea' id='block_1_74' title="bbox 2085 1425 3678 1503">
    <p class='ocr_par' dir='ltr' id='par_1_74' title="bbox 2085 1425 3678 1503">
     <span class='ocr_line' id='line_1_74' title="bbox 2085 1425 3678 1503; baseline 0.005 -22"><span class='ocrx_word' id='word_1_593' title='bbox 2085 1425 2202 1482; x_wconf 84' lang='lat' dir='ltr'><strong>Non</strong></span> <span class='ocrx_word' id='word_1_594' title='bbox 2229 1428 2379 1484; x_wconf 84' lang='lat' dir='ltr'><strong>vides</strong></span> <span class='ocrx_word' id='word_1_595' title='bbox 2423 1445 2692 1486; x_wconf 91' lang='lat' dir='ltr'><strong>summum</strong></span> <span class='ocrx_word' id='word_1_596' title='bbox 2731 1446 2918 1486; x_wconf 90' lang='lat' dir='ltr'><strong>eorum</strong></span> <span class='ocrx_word' id='word_1_597' title='bbox 2957 1433 3369 1503; x_wconf 83' lang='lat' dir='ltr'><strong>contemptum?</strong></span> <span class='ocrx_word' id='word_1_598' title='bbox 3397 1449 3500 1488; x_wconf 91' lang='lat' dir='ltr'><strong>non</strong></span> <span class='ocrx_word' id='word_1_599' title='bbox 3526 1431 3678 1489; x_wconf 68' lang='lat' dir='ltr'><strong>vides</strong></span> 
     </span>
    </p>
   </div>
   <div class='ocr_carea' id='block_1_75' title="bbox 2086 1521 3680 1593">
    <p class='ocr_par' dir='ltr' id='par_1_75' title="bbox 2086 1521 3680 1593">
     <span class='ocr_line' id='line_1_75' title="bbox 2086 1521 3680 1593; baseline 0.004 -22"><span class='ocrx_word' id='word_1_600' title='bbox 2086 1533 2271 1573; x_wconf 89' lang='lat' dir='ltr'><strong>eorum</strong></span> <span class='ocrx_word' id='word_1_601' title='bbox 2306 1534 2553 1589; x_wconf 82' lang='lat' dir='ltr'><strong>magnam</strong></span> <span class='ocrx_word' id='word_1_602' title='bbox 2591 1521 2890 1577; x_wconf 82' lang='lat' dir='ltr'><strong>insaniam?</strong></span> <span class='ocrx_word' id='word_1_603' title='bbox 2926 1523 3193 1593; x_wconf 85' lang='lat' dir='ltr'><strong>quomodo</strong></span> <span class='ocrx_word' id='word_1_604' title='bbox 3215 1523 3448 1579; x_wconf 88' lang='lat' dir='ltr'><strong>nondum</strong></span> <span class='ocrx_word' id='word_1_605' title='bbox 3481 1525 3680 1579; x_wconf 74' lang='lat' dir='ltr'><strong>Saticu-</strong></span> 
     </span>
    </p>
   </div>
   <div class='ocr_carea' id='block_1_76' title="bbox 2087 1610 3675 1683">
    <p class='ocr_par' dir='ltr' id='par_1_76' title="bbox 2087 1610 3675 1683">
     <span class='ocr_line' id='line_1_76' title="bbox 2087 1610 3675 1683; baseline 0.003 -21"><span class='ocrx_word' id='word_1_606' title='bbox 2087 1617 2173 1663; x_wconf 92' lang='lat' dir='ltr'><strong>tur</strong></span> <span class='ocrx_word' id='word_1_607' title='bbox 2215 1610 2519 1680; x_wconf 89' lang='lat' dir='ltr'><strong>impietate,</strong></span> <span class='ocrx_word' id='word_1_608' title='bbox 2567 1613 2661 1667; x_wconf 71' lang='lat' dir='ltr'><strong>sed</strong></span> <span class='ocrx_word' id='word_1_609' title='bbox 2700 1615 2850 1683; x_wconf 89' lang='lat' dir='ltr'><strong>quasi</strong></span> <span class='ocrx_word' id='word_1_610' title='bbox 2887 1629 2980 1670; x_wconf 91' lang='lat' dir='ltr'><strong>sus</strong></span> <span class='ocrx_word' id='word_1_611' title='bbox 3021 1615 3071 1669; x_wconf 94' lang='lat' dir='ltr'><strong>in</strong></span> <span class='ocrx_word' id='word_1_612' title='bbox 3112 1615 3323 1681; x_wconf 91' lang='lat' dir='ltr'><strong>luto,se</strong></span> <span class='ocrx_word' id='word_1_613' title='bbox 3351 1615 3590 1670; x_wconf 87' lang='lat' dir='ltr'><strong>volutent</strong></span> <span class='ocrx_word' id='word_1_614' title='bbox 3624 1614 3675 1668; x_wconf 91' lang='lat' dir='ltr'><strong>in</strong></span> 
     </span>
    </p>
   </div>
   <div class='ocr_carea' id='block_1_77' title="bbox 2086 1700 3676 1776">
    <p class='ocr_par' dir='ltr' id='par_1_77' title="bbox 2086 1700 3676 1776">
     <span class='ocr_line' id='line_1_77' title="bbox 2086 1700 3676 1776; baseline 0.006 -22"><span class='ocrx_word' id='word_1_615' title='bbox 2086 1700 2453 1767; x_wconf 83' lang='lat' dir='ltr'><strong>iniquitatibus</strong></span> <span class='ocrx_word' id='word_1_616' title='bbox 2495 1705 2644 1758; x_wconf 85' lang='lat' dir='ltr'><strong>suis?</strong></span> <span class='ocrx_word' id='word_1_617' title='bbox 2675 1706 2868 1760; x_wconf 86' lang='lat' dir='ltr'><strong>Annon</strong></span> <span class='ocrx_word' id='word_1_618' title='bbox 2909 1707 2952 1761; x_wconf 92' lang='lat' dir='ltr'><strong>si</strong></span> <span class='ocrx_word' id='word_1_619' title='bbox 2993 1707 3196 1763; x_wconf 89' lang='lat' dir='ltr'><strong>vellent</strong></span> <span class='ocrx_word' id='word_1_620' title='bbox 3220 1708 3458 1762; x_wconf 87' lang='lat' dir='ltr'><strong>converti</strong></span> <span class='ocrx_word' id='word_1_621' title='bbox 3483 1748 3500 1776; x_wconf 96' lang='lat'><strong>,</strong></span> <span class='ocrx_word' id='word_1_622' title='bbox 3529 1707 3676 1763; x_wconf 90' lang='lat' dir='ltr'><strong>audi-</strong></span> 
     </span>
    </p>
   </div>
   <div class='ocr_carea' id='block_1_78' title="bbox 2085 1793 3674 1870">
    <p class='ocr_par' dir='ltr' id='par_1_78' title="bbox 2085 1793 3674 1870">
     <span class='ocr_line' id='line_1_78' title="bbox 2085 1793 3674 1870; baseline 0.004 -24"><span class='ocrx_word' id='word_1_623' title='bbox 2085 1802 2204 1847; x_wconf 87' lang='lat' dir='ltr'><strong>rent</strong></span> <span class='ocrx_word' id='word_1_624' title='bbox 2232 1793 2616 1851; x_wconf 87' lang='lat' dir='ltr'><strong>coltortantes?</strong></span> <span class='ocrx_word' id='word_1_625' title='bbox 2640 1797 2830 1853; x_wconf 87' lang='lat' dir='ltr'><strong>Nonne</strong></span> <span class='ocrx_word' id='word_1_626' title='bbox 2855 1814 2956 1869; x_wconf 88' lang='lat' dir='ltr'><strong>ego</strong></span> <span class='ocrx_word' id='word_1_627' title='bbox 2979 1811 3098 1853; x_wconf 91' lang='lat' dir='ltr'><strong>sum</strong></span> <span class='ocrx_word' id='word_1_628' title='bbox 3129 1815 3225 1870; x_wconf 88' lang='lat' dir='ltr'><strong>per</strong></span> <span class='ocrx_word' id='word_1_629' title='bbox 3251 1800 3540 1870; x_wconf 88' lang='lat' dir='ltr'><strong>prophetas</strong></span> <span class='ocrx_word' id='word_1_630' title='bbox 3566 1801 3674 1854; x_wconf 88' lang='lat' dir='ltr'><strong>cla-</strong></span> 
     </span>
    </p>
   </div>
   <div class='ocr_carea' id='block_1_79' title="bbox 2084 1886 3678 1960">
    <p class='ocr_par' dir='ltr' id='par_1_79' title="bbox 2084 1886 3678 1960">
     <span class='ocr_line' id='line_1_79' title="bbox 2084 1886 3678 1960; baseline 0.005 -23"><span class='ocrx_word' id='word_1_631' title='bbox 2084 1899 2236 1938; x_wconf 86' lang='lat' dir='ltr'><strong>mans</strong></span> <span class='ocrx_word' id='word_1_632' title='bbox 2257 1927 2271 1950; x_wconf 95' lang='lat'><strong>,</strong></span> <span class='ocrx_word' id='word_1_633' title='bbox 2303 1894 2359 1940; x_wconf 90' lang='lat' dir='ltr'><strong>et</strong></span> <span class='ocrx_word' id='word_1_634' title='bbox 2396 1886 2580 1942; x_wconf 87' lang='lat' dir='ltr'><strong>dicens</strong></span> <span class='ocrx_word' id='word_1_635' title='bbox 2608 1906 2620 1939; x_wconf 89' lang='lat'><em>:</em></span> <span class='ocrx_word' id='word_1_636' title='bbox 2653 1889 2720 1942; x_wconf 89' lang='lat' dir='ltr'><strong>Et</strong></span> <span class='ocrx_word' id='word_1_637' title='bbox 2746 1890 2857 1943; x_wconf 75' lang='lat' dir='ltr'><strong>dixi</strong></span> <span class='ocrx_word' id='word_1_638' title='bbox 2883 1900 3148 1960; x_wconf 85' lang='lat' dir='ltr'><strong>postquam</strong></span> <span class='ocrx_word' id='word_1_639' title='bbox 3173 1891 3286 1960; x_wconf 90' lang='lat' dir='ltr'><strong>ipsa</strong></span> <span class='ocrx_word' id='word_1_640' title='bbox 3310 1900 3530 1945; x_wconf 80' lang='lat' dir='ltr'><strong>scortatu</strong></span> <span class='ocrx_word' id='word_1_641' title='bbox 3561 1901 3634 1945; x_wconf 84' lang='lat' dir='ltr'><strong>est</strong></span> <span class='ocrx_word' id='word_1_642' title='bbox 3658 1907 3678 1945; x_wconf 86' lang='lat'><strong><em>:</em></strong></span> 
     </span>
    </p>
   </div>
   <div class='ocr_carea' id='block_1_80' title="bbox 2091 1974 3678 2049">
    <p class='ocr_par' dir='ltr' id='par_1_80' title="bbox 2091 1974 3678 2049">
     <span class='ocr_line' id='line_1_80' title="bbox 2091 1974 3678 2049; baseline 0.004 -22"><span class='ocrx_word' id='word_1_643' title='bbox 2091 1974 2214 2031; x_wconf 87' lang='lat' dir='ltr'><strong>Post</strong></span> <span class='ocrx_word' id='word_1_644' title='bbox 2254 1978 2362 2031; x_wconf 79' lang='lat' dir='ltr'><strong>lucc</strong></span> <span class='ocrx_word' id='word_1_645' title='bbox 2399 1981 2571 2032; x_wconf 86' lang='lat' dir='ltr'><strong>omnia</strong></span> <span class='ocrx_word' id='word_1_646' title='bbox 2609 1980 2678 2033; x_wconf 89' lang='lat' dir='ltr'><strong>ad</strong></span> <span class='ocrx_word' id='word_1_647' title='bbox 2704 1997 2782 2034; x_wconf 89' lang='lat' dir='ltr'><strong>me</strong></span> <span class='ocrx_word' id='word_1_648' title='bbox 2806 1991 3090 2036; x_wconf 83' lang='lat' dir='ltr'><strong>convertere</strong></span> <span class='ocrx_word' id='word_1_649' title='bbox 3107 2022 3123 2049; x_wconf 91' lang='lat'><strong>,</strong></span> <span class='ocrx_word' id='word_1_650' title='bbox 3146 1991 3195 2036; x_wconf 86' lang='lat' dir='ltr'><strong>et</strong></span> <span class='ocrx_word' id='word_1_651' title='bbox 3215 1997 3314 2035; x_wconf 89' lang='lat' dir='ltr'><strong>non</strong></span> <span class='ocrx_word' id='word_1_652' title='bbox 3341 1991 3414 2035; x_wconf 83' lang='lat' dir='ltr'><strong>est</strong></span> <span class='ocrx_word' id='word_1_653' title='bbox 3439 1997 3678 2035; x_wconf 85' lang='lat' dir='ltr'><strong>conversa</strong></span> 
     </span>
    </p>
   </div>
   <div class='ocr_carea' id='block_1_81' title="bbox 2086 2067 3675 2144">
    <p class='ocr_par' dir='ltr' id='par_1_81' title="bbox 2086 2067 3675 2144">
     <span class='ocr_line' id='line_1_81' title="bbox 2086 2067 3675 2144; baseline 0.003 -23"><span class='ocrx_word' id='word_1_654' title='bbox 2086 2067 2196 2140; x_wconf 88' lang='lat' dir='ltr'><strong>(Id.</strong></span> <span class='ocrx_word' id='word_1_655' title='bbox 2227 2069 2281 2124; x_wconf 77' lang='grc'><strong>5.</strong></span> <span class='ocrx_word' id='word_1_656' title='bbox 2326 2071 2426 2141; x_wconf 83' lang='lat'><strong>7)?</strong></span> <span class='ocrx_word' id='word_1_657' title='bbox 2464 2071 2602 2126; x_wconf 84' lang='lat' dir='ltr'><strong>Num</strong></span> <span class='ocrx_word' id='word_1_658' title='bbox 2639 2073 2784 2127; x_wconf 90' lang='lat' dir='ltr'><strong>aliud</strong></span> <span class='ocrx_word' id='word_1_659' title='bbox 2827 2089 3011 2143; x_wconf 70' lang='lat' dir='ltr'><strong>quaero</strong></span> <span class='ocrx_word' id='word_1_660' title='bbox 3031 2115 3044 2137; x_wconf 95' lang='lat'><strong>,</strong></span> <span class='ocrx_word' id='word_1_661' title='bbox 3074 2089 3234 2144; x_wconf 90' lang='lat' dir='ltr'><strong>quam</strong></span> <span class='ocrx_word' id='word_1_662' title='bbox 3259 2081 3313 2127; x_wconf 91' lang='lat' dir='ltr'><strong>ut</strong></span> <span class='ocrx_word' id='word_1_663' title='bbox 3342 2075 3620 2143; x_wconf 89' lang='lat' dir='ltr'><strong>quiescant</strong></span> <span class='ocrx_word' id='word_1_664' title='bbox 3646 2088 3675 2126; x_wconf 89' lang='lat' dir='ltr'><strong>a</strong></span> 
     </span>
    </p>
   </div>
   <div class='ocr_carea' id='block_1_82' title="bbox 2085 2163 3678 2234">
    <p class='ocr_par' dir='ltr' id='par_1_82' title="bbox 2085 2163 3678 2234">
     <span class='ocr_line' id='line_1_82' title="bbox 2085 2163 3678 2234; baseline 0.002 -21"><span class='ocrx_word' id='word_1_665' title='bbox 2085 2168 2304 2229; x_wconf 86' lang='lat' dir='ltr'><strong>peccato</strong></span> <span class='ocrx_word' id='word_1_666' title='bbox 2332 2169 2572 2230; x_wconf 89' lang='lat' dir='ltr'><strong>tantum,</strong></span> <span class='ocrx_word' id='word_1_667' title='bbox 2600 2170 2657 2217; x_wconf 90' lang='lat' dir='ltr'><strong>et</strong></span> <span class='ocrx_word' id='word_1_668' title='bbox 2684 2163 2877 2218; x_wconf 88' lang='lat' dir='ltr'><strong>sistant</strong></span> <span class='ocrx_word' id='word_1_669' title='bbox 2906 2164 3090 2218; x_wconf 87' lang='lat' dir='ltr'><strong>mala?</strong></span> <span class='ocrx_word' id='word_1_670' title='bbox 3115 2180 3241 2219; x_wconf 91' lang='lat' dir='ltr'><strong>num</strong></span> <span class='ocrx_word' id='word_1_671' title='bbox 3271 2178 3368 2234; x_wconf 87' lang='lat' dir='ltr'><strong>pro</strong></span> <span class='ocrx_word' id='word_1_672' title='bbox 3394 2164 3678 2233; x_wconf 72' lang='lat' dir='ltr'><strong>praeteritis</strong></span> 
     </span>
    </p>
   </div>
   <div class='ocr_carea' id='block_1_83' title="bbox 2084 2250 3678 2323">
    <p class='ocr_par' dir='ltr' id='par_1_83' title="bbox 2084 2250 3678 2323">
     <span class='ocr_line' id='line_1_83' title="bbox 2084 2250 3678 2323; baseline 0.003 -21"><span class='ocrx_word' id='word_1_673' title='bbox 2084 2250 2347 2305; x_wconf 87' lang='lat' dir='ltr'><strong>rationem</strong></span> <span class='ocrx_word' id='word_1_674' title='bbox 2389 2253 2546 2323; x_wconf 80' lang='lat' dir='ltr'><strong>exigo</strong></span> <span class='ocrx_word' id='word_1_675' title='bbox 2570 2295 2585 2321; x_wconf 93' lang='lat'><strong>,</strong></span> <span class='ocrx_word' id='word_1_676' title='bbox 2632 2253 2678 2308; x_wconf 92' lang='lat' dir='ltr'><strong>si</strong></span> <span class='ocrx_word' id='word_1_677' title='bbox 2716 2254 2925 2310; x_wconf 87' lang='lat' dir='ltr'><strong>videam</strong></span> <span class='ocrx_word' id='word_1_678' title='bbox 2971 2255 3092 2310; x_wconf 89' lang='lat' dir='ltr'><strong>illos</strong></span> <span class='ocrx_word' id='word_1_679' title='bbox 3131 2255 3270 2310; x_wconf 81' lang='lat' dir='ltr'><strong>velle</strong></span> <span class='ocrx_word' id='word_1_680' title='bbox 3317 2254 3678 2323; x_wconf 74' lang='lat' dir='ltr'><strong>resipiscere?</strong></span> 
     </span>
    </p>
   </div>
   <div class='ocr_carea' id='block_1_84' title="bbox 2085 2345 3679 2417">
    <p class='ocr_par' dir='ltr' id='par_1_84' title="bbox 2085 2345 3679 2417">
     <span class='ocr_line' id='line_1_84' title="bbox 2085 2345 3679 2417; baseline 0.004 -23"><span class='ocrx_word' id='word_1_681' title='bbox 2085 2355 2264 2397; x_wconf 88' lang='lat' dir='ltr'><strong>nonne</strong></span> <span class='ocrx_word' id='word_1_682' title='bbox 2305 2345 2545 2412; x_wconf 88' lang='lat' dir='ltr'><strong>quotidie</strong></span> <span class='ocrx_word' id='word_1_683' title='bbox 2585 2346 2791 2414; x_wconf 89' lang='lat' dir='ltr'><strong>clamo,</strong></span> <span class='ocrx_word' id='word_1_684' title='bbox 2829 2347 3015 2401; x_wconf 87' lang='lat' dir='ltr'><strong>dicens</strong></span> <span class='ocrx_word' id='word_1_685' title='bbox 3060 2365 3076 2402; x_wconf 89' lang='lat'><strong><em>:</em></strong></span> <span class='ocrx_word' id='word_1_686' title='bbox 3126 2346 3392 2417; x_wconf 79' lang='lat' dir='ltr'><strong>Numquid</strong></span> <span class='ocrx_word' id='word_1_687' title='bbox 3428 2346 3679 2400; x_wconf 84' lang='lat' dir='ltr'><strong>voluntate</strong></span> 
     </span>
    </p>
   </div>
   <div class='ocr_carea' id='block_1_85' title="bbox 2085 2431 3680 2503">
    <p class='ocr_par' dir='ltr' id='par_1_85' title="bbox 2085 2431 3680 2503">
     <span class='ocr_line' id='line_1_85' title="bbox 2085 2431 3680 2503; baseline 0.003 -20"><span class='ocrx_word' id='word_1_688' title='bbox 2085 2431 2198 2484; x_wconf 79' lang='lat' dir='ltr'><strong>volo</strong></span> <span class='ocrx_word' id='word_1_689' title='bbox 2239 2443 2450 2488; x_wconf 83' lang='lat' dir='ltr'><strong>mortem</strong></span> <span class='ocrx_word' id='word_1_690' title='bbox 2496 2437 2802 2503; x_wconf 84' lang='lat' dir='ltr'><strong>peccatoris,</strong></span> <span class='ocrx_word' id='word_1_691' title='bbox 2845 2438 2976 2490; x_wconf 85' lang='lat' dir='ltr'><strong>sicut</strong></span> <span class='ocrx_word' id='word_1_692' title='bbox 3018 2438 3236 2491; x_wconf 85' lang='lat' dir='ltr'><strong>converti</strong></span> <span class='ocrx_word' id='word_1_693' title='bbox 3273 2453 3387 2491; x_wconf 80' lang='lat' dir='ltr'><strong>eun:</strong></span> <span class='ocrx_word' id='word_1_694' title='bbox 3429 2448 3476 2490; x_wconf 91' lang='lat' dir='ltr'><strong>et</strong></span> <span class='ocrx_word' id='word_1_695' title='bbox 3515 2438 3680 2490; x_wconf 75' lang='lat' dir='ltr'><strong>virere</strong></span> 
     </span>
    </p>
   </div>
   <div class='ocr_carea' id='block_1_86' title="bbox 2091 2522 3679 2597">
    <p class='ocr_par' dir='ltr' id='par_1_86' title="bbox 2091 2522 3679 2597">
     <span class='ocr_line' id='line_1_86' title="bbox 2091 2522 3679 2597; baseline 0.002 -21"><span class='ocrx_word' id='word_1_696' title='bbox 2091 2522 2301 2594; x_wconf 78' lang='lat' dir='ltr'><strong>(Ezech.</strong></span> <span class='ocrx_word' id='word_1_697' title='bbox 2335 2526 2422 2580; x_wconf 77' lang='lat'><strong>18.</strong></span> <span class='ocrx_word' id='word_1_698' title='bbox 2445 2525 2538 2596; x_wconf 75' lang='grc'><strong>25)</strong></span> <span class='ocrx_word' id='word_1_699' title='bbox 2560 2528 2583 2580; x_wconf 88' lang='lat'><strong>?</strong></span> <span class='ocrx_word' id='word_1_700' title='bbox 2605 2527 2793 2581; x_wconf 85' lang='lat' dir='ltr'><strong>Nonne</strong></span> <span class='ocrx_word' id='word_1_701' title='bbox 2821 2536 3101 2597; x_wconf 89' lang='lat' dir='ltr'><strong>propterea</strong></span> <span class='ocrx_word' id='word_1_702' title='bbox 3131 2529 3307 2581; x_wconf 90' lang='lat' dir='ltr'><strong>omnia</strong></span> <span class='ocrx_word' id='word_1_703' title='bbox 3339 2527 3502 2590; x_wconf 87' lang='lat' dir='ltr'><strong>facio,</strong></span> <span class='ocrx_word' id='word_1_704' title='bbox 3528 2535 3585 2579; x_wconf 88' lang='grc' dir='ltr'><strong>ιιι</strong></span> <span class='ocrx_word' id='word_1_705' title='bbox 3610 2528 3679 2580; x_wconf 87' lang='lat' dir='ltr'><strong>ab</strong></span> 
     </span>
    </p>
   </div>
   <div class='ocr_carea' id='block_1_87' title="bbox 2087 2615 3678 2690">
    <p class='ocr_par' dir='ltr' id='par_1_87' title="bbox 2087 2615 3678 2690">
     <span class='ocr_line' id='line_1_87' title="bbox 2087 2615 3678 2690; baseline 0.002 -21"><span class='ocrx_word' id='word_1_706' title='bbox 2087 2615 2304 2670; x_wconf 89' lang='lat' dir='ltr'><strong>interitu</strong></span> <span class='ocrx_word' id='word_1_707' title='bbox 2343 2619 2566 2687; x_wconf 91' lang='lat' dir='ltr'><strong>eripiam</strong></span> <span class='ocrx_word' id='word_1_708' title='bbox 2595 2633 2689 2674; x_wconf 90' lang='lat' dir='ltr'><strong>eos</strong></span> <span class='ocrx_word' id='word_1_709' title='bbox 2713 2619 2804 2689; x_wconf 90' lang='lat' dir='ltr'><strong>qui</strong></span> <span class='ocrx_word' id='word_1_710' title='bbox 2833 2621 2902 2673; x_wconf 91' lang='lat' dir='ltr'><strong>ab</strong></span> <span class='ocrx_word' id='word_1_711' title='bbox 2930 2634 3113 2675; x_wconf 87' lang='lat' dir='ltr'><strong>errore</strong></span> <span class='ocrx_word' id='word_1_712' title='bbox 3142 2623 3492 2690; x_wconf 69' lang='lat' dir='ltr'><strong>praeoccupati</strong></span> <span class='ocrx_word' id='word_1_713' title='bbox 3517 2619 3678 2673; x_wconf 79' lang='lat' dir='ltr'><strong>sunt?</strong></span> 
     </span>
    </p>
   </div>
   <div class='ocr_carea' id='block_1_88' title="bbox 2087 2708 3677 2781">
    <p class='ocr_par' dir='ltr' id='par_1_88' title="bbox 2087 2708 3677 2781">
     <span class='ocr_line' id='line_1_88' title="bbox 2087 2708 3677 2781; baseline 0.001 -19"><span class='ocrx_word' id='word_1_714' title='bbox 2087 2708 2280 2762; x_wconf 87' lang='lat' dir='ltr'><strong>Annon</strong></span> <span class='ocrx_word' id='word_1_715' title='bbox 2306 2708 2352 2763; x_wconf 91' lang='lat' dir='ltr'><strong>si</strong></span> <span class='ocrx_word' id='word_1_716' title='bbox 2376 2708 2584 2764; x_wconf 90' lang='lat' dir='ltr'><strong>videam</strong></span> <span class='ocrx_word' id='word_1_717' title='bbox 2612 2726 2901 2766; x_wconf 86' lang='lat' dir='ltr'><strong>conversos</strong></span> <span class='ocrx_word' id='word_1_718' title='bbox 2924 2753 2941 2778; x_wconf 96' lang='lat'><strong>,</strong></span> <span class='ocrx_word' id='word_1_719' title='bbox 2972 2710 3202 2766; x_wconf 83' lang='lat' dir='ltr'><strong>differo?</strong></span> <span class='ocrx_word' id='word_1_720' title='bbox 3227 2711 3412 2766; x_wconf 83' lang='lat' dir='ltr'><strong>Nonne</strong></span> <span class='ocrx_word' id='word_1_721' title='bbox 3437 2726 3537 2781; x_wconf 79' lang='lat' dir='ltr'><strong>ego</strong></span> <span class='ocrx_word' id='word_1_722' title='bbox 3560 2728 3677 2765; x_wconf 89' lang='lat' dir='ltr'><strong>sum</strong></span> 
     </span>
    </p>
   </div>
   <div class='ocr_carea' id='block_1_89' title="bbox 2087 2798 3676 2873">
    <p class='ocr_par' dir='ltr' id='par_1_89' title="bbox 2087 2798 3676 2873">
     <span class='ocr_line' id='line_1_89' title="bbox 2087 2798 3676 2873; baseline 0.004 -21"><span class='ocrx_word' id='word_1_723' title='bbox 2087 2799 2177 2867; x_wconf 88' lang='lat' dir='ltr'><strong>qui</strong></span> <span class='ocrx_word' id='word_1_724' title='bbox 2203 2798 2326 2854; x_wconf 90' lang='lat' dir='ltr'><strong>dico</strong></span> <span class='ocrx_word' id='word_1_725' title='bbox 2357 2816 2374 2854; x_wconf 89' lang='lat'><strong>:</strong></span> <span class='ocrx_word' id='word_1_726' title='bbox 2406 2801 2589 2855; x_wconf 81' lang='lat' dir='ltr'><strong>Adhuc</strong></span> <span class='ocrx_word' id='word_1_727' title='bbox 2618 2811 2666 2855; x_wconf 87' lang='lat' dir='ltr'><strong>te</strong></span> <span class='ocrx_word' id='word_1_728' title='bbox 2685 2801 2919 2872; x_wconf 85' lang='lat' dir='ltr'><strong>loquente</strong></span> <span class='ocrx_word' id='word_1_729' title='bbox 2945 2802 3113 2856; x_wconf 87' lang='lat' dir='ltr'><strong>dicam</strong></span> <span class='ocrx_word' id='word_1_730' title='bbox 3142 2817 3162 2856; x_wconf 93' lang='lat'><strong><em>:</em></strong></span> <span class='ocrx_word' id='word_1_731' title='bbox 3189 2819 3301 2857; x_wconf 87' lang='lat' dir='ltr'><strong>ecce</strong></span> <span class='ocrx_word' id='word_1_732' title='bbox 3323 2802 3506 2856; x_wconf 88' lang='lat' dir='ltr'><strong>adsum</strong></span> <span class='ocrx_word' id='word_1_733' title='bbox 3541 2801 3676 2873; x_wconf 89' lang='lat' dir='ltr'><strong>(Isa.</strong></span> 
     </span>
    </p>
   </div>
   <div class='ocr_carea' id='block_1_90' title="bbox 2086 2893 3677 2966">
    <p class='ocr_par' dir='ltr' id='par_1_90' title="bbox 2086 2893 3677 2966">
     <span class='ocr_line' id='line_1_90' title="bbox 2086 2893 3677 2966; baseline 0.001 -17"><span class='ocrx_word' id='word_1_734' title='bbox 2086 2893 2176 2949; x_wconf 86' lang='lat'><strong>58.</strong></span> <span class='ocrx_word' id='word_1_735' title='bbox 2201 2894 2260 2964; x_wconf 91' lang='lat'><strong>9)</strong></span> <span class='ocrx_word' id='word_1_736' title='bbox 2281 2895 2305 2948; x_wconf 86' lang='lat'><strong>?</strong></span> <span class='ocrx_word' id='word_1_737' title='bbox 2323 2894 2461 2950; x_wconf 85' lang='lat' dir='ltr'><strong>Num</strong></span> <span class='ocrx_word' id='word_1_738' title='bbox 2482 2896 2560 2951; x_wconf 89' lang='lat' dir='ltr'><strong>sic</strong></span> <span class='ocrx_word' id='word_1_739' title='bbox 2581 2895 2680 2966; x_wconf 92' lang='lat' dir='ltr'><strong>ipsi</strong></span> <span class='ocrx_word' id='word_1_740' title='bbox 2707 2909 2817 2951; x_wconf 65' lang='lat' dir='ltr'><strong>suae</strong></span> <span class='ocrx_word' id='word_1_741' title='bbox 2837 2896 3024 2950; x_wconf 85' lang='lat' dir='ltr'><strong>salutis</strong></span> <span class='ocrx_word' id='word_1_742' title='bbox 3052 2896 3190 2950; x_wconf 89' lang='lat' dir='ltr'><strong>avidi</strong></span> <span class='ocrx_word' id='word_1_743' title='bbox 3221 2903 3364 2961; x_wconf 90' lang='lat' dir='ltr'><strong>sunt,</strong></span> <span class='ocrx_word' id='word_1_744' title='bbox 3390 2905 3448 2949; x_wconf 92' lang='lat' dir='ltr'><strong>ut</strong></span> <span class='ocrx_word' id='word_1_745' title='bbox 3472 2896 3598 2950; x_wconf 89' lang='lat' dir='ltr'><strong>utihi</strong></span> <span class='ocrx_word' id='word_1_746' title='bbox 3626 2896 3677 2950; x_wconf 89' lang='lat' dir='ltr'><strong>itt</strong></span> 
     </span>
    </p>
   </div>
   <div class='ocr_carea' id='block_1_91' title="bbox 2091 2987 3680 3060">
    <p class='ocr_par' dir='ltr' id='par_1_91' title="bbox 2091 2987 3680 3060">
     <span class='ocr_line' id='line_1_91' title="bbox 2091 2987 3680 3060; baseline 0.001 -19"><span class='ocrx_word' id='word_1_747' title='bbox 2091 2987 2292 3056; x_wconf 84' lang='lat' dir='ltr'><strong>optatis</strong></span> <span class='ocrx_word' id='word_1_748' title='bbox 2319 2997 2402 3043; x_wconf 91' lang='lat' dir='ltr'><strong>est</strong></span> <span class='ocrx_word' id='word_1_749' title='bbox 2431 3004 2618 3044; x_wconf 88' lang='lat' dir='ltr'><strong>omnes</strong></span> <span class='ocrx_word' id='word_1_750' title='bbox 2644 2989 2887 3044; x_wconf 89' lang='lat' dir='ltr'><strong>homines</strong></span> <span class='ocrx_word' id='word_1_751' title='bbox 2914 2989 3094 3045; x_wconf 89' lang='lat' dir='ltr'><strong>salvos</strong></span> <span class='ocrx_word' id='word_1_752' title='bbox 3123 2988 3234 3044; x_wconf 90' lang='lat' dir='ltr'><strong>ﬁeri</strong></span> <span class='ocrx_word' id='word_1_753' title='bbox 3251 3030 3266 3056; x_wconf 91' lang='lat'><strong>,</strong></span> <span class='ocrx_word' id='word_1_754' title='bbox 3293 2997 3346 3043; x_wconf 87' lang='lat' dir='ltr'><strong>et</strong></span> <span class='ocrx_word' id='word_1_755' title='bbox 3366 2989 3431 3042; x_wconf 87' lang='lat' dir='ltr'><strong>ad</strong></span> <span class='ocrx_word' id='word_1_756' title='bbox 3453 2987 3680 3060; x_wconf 80' lang='lat' dir='ltr'><strong>agnitio-</strong></span> 
     </span>
    </p>
   </div>
   <div class='ocr_carea' id='block_1_92' title="bbox 2088 3079 3678 3151">
    <p class='ocr_par' dir='ltr' id='par_1_92' title="bbox 2088 3079 3678 3151">
     <span class='ocr_line' id='line_1_92' title="bbox 2088 3079 3678 3151; baseline -0.001 -17"><span class='ocrx_word' id='word_1_757' title='bbox 2088 3095 2210 3134; x_wconf 90' lang='lat' dir='ltr'><strong>nem</strong></span> <span class='ocrx_word' id='word_1_758' title='bbox 2234 3081 2475 3136; x_wconf 79' lang='lat' dir='ltr'><strong>veritatis</strong></span> <span class='ocrx_word' id='word_1_759' title='bbox 2495 3080 2678 3136; x_wconf 88' lang='lat' dir='ltr'><strong>veuire</strong></span> <span class='ocrx_word' id='word_1_760' title='bbox 2705 3081 2782 3150; x_wconf 92' lang='grc'><strong>(1.</strong></span> <span class='ocrx_word' id='word_1_761' title='bbox 2806 3079 2994 3134; x_wconf 73' lang='grc' dir='ltr'><strong>Τὶιη.2.</strong></span> <span class='ocrx_word' id='word_1_762' title='bbox 3026 3081 3125 3151; x_wconf 71' lang='grc' dir='ltr'><strong>4)⁴ῐ</strong></span> <span class='ocrx_word' id='word_1_763' title='bbox 3150 3079 3288 3134; x_wconf 82' lang='grc' dir='ltr'>Νιιηι</span> <span class='ocrx_word' id='word_1_764' title='bbox 3317 3081 3458 3134; x_wconf 88' lang='lat' dir='ltr'><strong>cnitn</strong></span> <span class='ocrx_word' id='word_1_765' title='bbox 3488 3094 3585 3134; x_wconf 92' lang='lat' dir='ltr'><strong>vos</strong></span> <span class='ocrx_word' id='word_1_766' title='bbox 3614 3095 3678 3136; x_wconf 84' lang='lat' dir='ltr'><strong>ex</strong></span> 
     </span>
    </p>
   </div>
   <div class='ocr_carea' id='block_1_93' title="bbox 2089 3171 3676 3242">
    <p class='ocr_par' dir='ltr' id='par_1_93' title="bbox 2089 3171 3676 3242">
     <span class='ocr_line' id='line_1_93' title="bbox 2089 3171 3676 3242; baseline 0.001 -18"><span class='ocrx_word' id='word_1_767' title='bbox 2089 3171 2256 3226; x_wconf 87' lang='lat' dir='ltr'><strong>nihilo</strong></span> <span class='ocrx_word' id='word_1_768' title='bbox 2294 3172 2520 3242; x_wconf 82' lang='lat' dir='ltr'><strong>produxi</strong></span> <span class='ocrx_word' id='word_1_769' title='bbox 2542 3215 2556 3240; x_wconf 97' lang='lat'><strong>,</strong></span> <span class='ocrx_word' id='word_1_770' title='bbox 2589 3182 2648 3228; x_wconf 88' lang='lat' dir='ltr'><strong>ut</strong></span> <span class='ocrx_word' id='word_1_771' title='bbox 2675 3172 2939 3242; x_wconf 82' lang='lat' dir='ltr'><strong>perdam?</strong></span> <span class='ocrx_word' id='word_1_772' title='bbox 2965 3188 3092 3227; x_wconf 91' lang='lat' dir='ltr'><strong>num</strong></span> <span class='ocrx_word' id='word_1_773' title='bbox 3123 3172 3239 3227; x_wconf 91' lang='lat' dir='ltr'><strong>sine</strong></span> <span class='ocrx_word' id='word_1_774' title='bbox 3267 3187 3425 3227; x_wconf 89' lang='lat' dir='ltr'><strong>causa</strong></span> <span class='ocrx_word' id='word_1_775' title='bbox 3457 3187 3676 3242; x_wconf 83' lang='lat' dir='ltr'><strong>regnum</strong></span> 
     </span>
    </p>
   </div>
   <div class='ocr_carea' id='block_1_94' title="bbox 2090 3261 3682 3332">
    <p class='ocr_par' dir='ltr' id='par_1_94' title="bbox 2090 3261 3682 3332">
     <span class='ocr_line' id='line_1_94' title="bbox 2090 3261 3682 3332; baseline -0.001 -16"><span class='ocrx_word' id='word_1_776' title='bbox 2090 3261 2322 3316; x_wconf 88' lang='lat' dir='ltr'><strong>futttrum</strong></span> <span class='ocrx_word' id='word_1_777' title='bbox 2371 3271 2427 3316; x_wconf 93' lang='lat' dir='ltr'><strong>ct</strong></span> <span class='ocrx_word' id='word_1_778' title='bbox 2463 3263 2743 3319; x_wconf 88' lang='lat' dir='ltr'><strong>innumera</strong></span> <span class='ocrx_word' id='word_1_779' title='bbox 2787 3263 2924 3318; x_wconf 88' lang='lat' dir='ltr'><strong>bona</strong></span> <span class='ocrx_word' id='word_1_780' title='bbox 2967 3263 3301 3332; x_wconf 62' lang='lat' dir='ltr'><strong>prasparavi?</strong></span> <span class='ocrx_word' id='word_1_781' title='bbox 3338 3263 3530 3317; x_wconf 81' lang='lat' dir='ltr'><strong>Annon</strong></span> <span class='ocrx_word' id='word_1_782' title='bbox 3562 3278 3682 3332; x_wconf 85' lang='lat' dir='ltr'><strong>pro-</strong></span> 
     </span>
    </p>
   </div>
   <div class='ocr_carea' id='block_1_95' title="bbox 2090 3353 3682 3425">
    <p class='ocr_par' dir='ltr' id='par_1_95' title="bbox 2090 3353 3682 3425">
     <span class='ocr_line' id='line_1_95' title="bbox 2090 3353 3682 3425; baseline 0 -19"><span class='ocrx_word' id='word_1_783' title='bbox 2090 3363 2211 3423; x_wconf 88' lang='lat' dir='ltr'><strong>pter</strong></span> <span class='ocrx_word' id='word_1_784' title='bbox 2241 3353 2342 3408; x_wconf 92' lang='lat' dir='ltr'><strong>hoc</strong></span> <span class='ocrx_word' id='word_1_785' title='bbox 2379 3362 2433 3409; x_wconf 90' lang='lat' dir='ltr'><strong>et</strong></span> <span class='ocrx_word' id='word_1_786' title='bbox 2461 3355 2758 3425; x_wconf 83' lang='lat' dir='ltr'><strong>gehennam</strong></span> <span class='ocrx_word' id='word_1_787' title='bbox 2796 3355 3026 3409; x_wconf 79' lang='lat' dir='ltr'><strong>minatus</strong></span> <span class='ocrx_word' id='word_1_788' title='bbox 3063 3369 3181 3409; x_wconf 84' lang='lat' dir='ltr'><strong>sunt</strong></span> <span class='ocrx_word' id='word_1_789' title='bbox 3203 3396 3216 3419; x_wconf 98' lang='lat'><strong>,</strong></span> <span class='ocrx_word' id='word_1_790' title='bbox 3250 3362 3308 3409; x_wconf 91' lang='lat' dir='ltr'><strong>ut</strong></span> <span class='ocrx_word' id='word_1_791' title='bbox 3343 3353 3499 3422; x_wconf 88' lang='lat' dir='ltr'><strong>lutjs</strong></span> <span class='ocrx_word' id='word_1_792' title='bbox 3538 3363 3682 3408; x_wconf 89' lang='lat' dir='ltr'><strong>metu</strong></span> 
     </span>
    </p>
   </div>
   <div class='ocr_carea' id='block_1_96' title="bbox 2091 3444 3681 3516">
    <p class='ocr_par' dir='ltr' id='par_1_96' title="bbox 2091 3444 3681 3516">
     <span class='ocr_line' id='line_1_96' title="bbox 2091 3444 3681 3516; baseline -0.001 -17"><span class='ocrx_word' id='word_1_793' title='bbox 2091 3446 2334 3500; x_wconf 89' lang='lat' dir='ltr'><strong>homines</strong></span> <span class='ocrx_word' id='word_1_794' title='bbox 2374 3447 2426 3500; x_wconf 92' lang='lat' dir='ltr'><strong>in</strong></span> <span class='ocrx_word' id='word_1_795' title='bbox 2459 3462 2682 3516; x_wconf 84' lang='lat' dir='ltr'><strong>regnum</strong></span> <span class='ocrx_word' id='word_1_796' title='bbox 2709 3448 2958 3501; x_wconf 74' lang='lat' dir='ltr'><strong>czelorum</strong></span> <span class='ocrx_word' id='word_1_797' title='bbox 2987 3445 3362 3501; x_wconf 88' lang='lat' dir='ltr'><strong>introducam?</strong></span> <span class='ocrx_word' id='word_1_798' title='bbox 3387 3444 3464 3500; x_wconf 81' lang='lat' dir='ltr'><strong>Nc</strong></span> <span class='ocrx_word' id='word_1_799' title='bbox 3492 3445 3681 3514; x_wconf 81' lang='lat' dir='ltr'><strong>igitur,</strong></span> 
     </span>
    </p>
   </div>
   <div class='ocr_carea' id='block_1_97' title="bbox 2091 3532 3682 3610">
    <p class='ocr_par' dir='ltr' id='par_1_97' title="bbox 2091 3532 3682 3610">
     <span class='ocr_line' id='line_1_97' title="bbox 2091 3532 3682 3610; baseline -0.002 -20"><span class='ocrx_word' id='word_1_800' title='bbox 2091 3553 2123 3590; x_wconf 94' lang='lat' dir='ltr'><strong>o</strong></span> <span class='ocrx_word' id='word_1_801' title='bbox 2153 3538 2307 3592; x_wconf 83' lang='lat' dir='ltr'><strong>beate</strong></span> <span class='ocrx_word' id='word_1_802' title='bbox 2334 3537 2593 3608; x_wconf 86' lang='lat' dir='ltr'><strong>propheta</strong></span> <span class='ocrx_word' id='word_1_803' title='bbox 2616 3580 2632 3604; x_wconf 95' lang='lat'><strong>,</strong></span> <span class='ocrx_word' id='word_1_804' title='bbox 2665 3539 2786 3593; x_wconf 92' lang='lat' dir='ltr'><strong>illos</strong></span> <span class='ocrx_word' id='word_1_805' title='bbox 2819 3539 3123 3610; x_wconf 83' lang='lat' dir='ltr'><strong>relinquens</strong></span> <span class='ocrx_word' id='word_1_806' title='bbox 3145 3581 3160 3607; x_wconf 93' lang='lat'><strong>,</strong></span> <span class='ocrx_word' id='word_1_807' title='bbox 3187 3536 3316 3592; x_wconf 89' lang='lat' dir='ltr'><strong>mihi</strong></span> <span class='ocrx_word' id='word_1_808' title='bbox 3342 3532 3534 3590; x_wconf 86' lang='lat' dir='ltr'><strong>allcras</strong></span> <span class='ocrx_word' id='word_1_809' title='bbox 3557 3548 3682 3590; x_wconf 84' lang='lat' dir='ltr'><strong>ora-</strong></span> 
     </span>
    </p>
   </div>
   <div class='ocr_carea' id='block_1_98' title="bbox 2093 3627 3682 3692">
    <p class='ocr_par' dir='ltr' id='par_1_98' title="bbox 2093 3627 3682 3692">
     <span class='ocr_line' id='line_1_98' title="bbox 2093 3627 3682 3692; baseline -0.003 -8"><span class='ocrx_word' id='word_1_810' title='bbox 2093 3630 2290 3685; x_wconf 87' lang='lat' dir='ltr'><strong>tionem</strong></span> <span class='ocrx_word' id='word_1_811' title='bbox 2339 3647 2353 3684; x_wconf 92' lang='lat'><strong>:</strong></span> <span class='ocrx_word' id='word_1_812' title='bbox 2397 3629 2492 3685; x_wconf 89' lang='lat' dir='ltr'><strong>sed</strong></span> <span class='ocrx_word' id='word_1_813' title='bbox 2535 3629 2660 3686; x_wconf 92' lang='lat' dir='ltr'><strong>illud</strong></span> <span class='ocrx_word' id='word_1_814' title='bbox 2706 3647 2871 3686; x_wconf 89' lang='lat' dir='ltr'><strong>unum</strong></span> <span class='ocrx_word' id='word_1_815' title='bbox 2928 3631 3020 3685; x_wconf 90' lang='lat' dir='ltr'><strong>tibi</strong></span> <span class='ocrx_word' id='word_1_816' title='bbox 3071 3646 3213 3685; x_wconf 73' lang='lat' dir='ltr'><strong>cura:</strong></span> <span class='ocrx_word' id='word_1_817' title='bbox 3245 3629 3351 3692; x_wconf 91' lang='lat' dir='ltr'><strong>sit,</strong></span> <span class='ocrx_word' id='word_1_818' title='bbox 3383 3640 3439 3681; x_wconf 90' lang='lat' dir='ltr'><strong>ut</strong></span> <span class='ocrx_word' id='word_1_819' title='bbox 3472 3627 3682 3681; x_wconf 88' lang='lat' dir='ltr'><strong>illorqu</strong></span> 
     </span>
    </p>
   </div>
   <div class='ocr_carea' id='block_1_99' title="bbox 2092 3718 3685 3790">
    <p class='ocr_par' dir='ltr' id='par_1_99' title="bbox 2092 3718 3685 3790">
     <span class='ocr_line' id='line_1_99' title="bbox 2092 3718 3685 3790; baseline -0.003 -13"><span class='ocrx_word' id='word_1_820' title='bbox 2092 3722 2310 3778; x_wconf 89' lang='lat' dir='ltr'><strong>morbus</strong></span> <span class='ocrx_word' id='word_1_821' title='bbox 2344 3731 2597 3790; x_wconf 84' lang='lat' dir='ltr'><strong>sanetur,</strong></span> <span class='ocrx_word' id='word_1_822' title='bbox 2628 3732 2683 3777; x_wconf 91' lang='lat' dir='ltr'><strong>et</strong></span> <span class='ocrx_word' id='word_1_823' title='bbox 2715 3723 2766 3777; x_wconf 93' lang='lat' dir='ltr'><strong>in</strong></span> <span class='ocrx_word' id='word_1_824' title='bbox 2793 3739 3009 3778; x_wconf 86' lang='lat' dir='ltr'><strong>sensum</strong></span> <span class='ocrx_word' id='word_1_825' title='bbox 3041 3718 3363 3776; x_wconf 87' lang='lat' dir='ltr'><strong>inﬁrmitatis</strong></span> <span class='ocrx_word' id='word_1_826' title='bbox 3389 3735 3500 3774; x_wconf 77' lang='lat' dir='ltr'><strong>sum</strong></span> <span class='ocrx_word' id='word_1_827' title='bbox 3525 3729 3685 3787; x_wconf 86' lang='lat' dir='ltr'><strong>atque</strong></span> 
     </span>
    </p>
   </div>
   <div class='ocr_carea' id='block_1_100' title="bbox 2092 3813 3684 3885">
    <p class='ocr_par' dir='ltr' id='par_1_100' title="bbox 2092 3813 3684 3885">
     <span class='ocr_line' id='line_1_100' title="bbox 2092 3813 3684 3885; baseline -0.002 -17"><span class='ocrx_word' id='word_1_828' title='bbox 2092 3813 2159 3868; x_wconf 89' lang='lat' dir='ltr'><strong>ad</strong></span> <span class='ocrx_word' id='word_1_829' title='bbox 2193 3813 2551 3869; x_wconf 87' lang='lat' dir='ltr'><strong>valetudinem</strong></span> <span class='ocrx_word' id='word_1_830' title='bbox 2590 3815 2689 3885; x_wconf 91' lang='lat' dir='ltr'><strong>ipsi</strong></span> <span class='ocrx_word' id='word_1_831' title='bbox 2728 3815 3090 3880; x_wconf 85' lang='lat' dir='ltr'><strong>reducantur;</strong></span> <span class='ocrx_word' id='word_1_832' title='bbox 3135 3822 3187 3868; x_wconf 89' lang='lat' dir='ltr'><strong>et</strong></span> <span class='ocrx_word' id='word_1_833' title='bbox 3214 3828 3327 3867; x_wconf 89' lang='lat' dir='ltr'><strong>mea</strong></span> <span class='ocrx_word' id='word_1_834' title='bbox 3356 3813 3571 3865; x_wconf 88' lang='lat' dir='ltr'><strong>omnino</strong></span> <span class='ocrx_word' id='word_1_835' title='bbox 3600 3827 3684 3865; x_wconf 89' lang='lat' dir='ltr'><strong>sc-</strong></span> 
     </span>
    </p>
   </div>
   <div class='ocr_carea' id='block_1_101' title="bbox 2093 3903 3686 3976">
    <p class='ocr_par' dir='ltr' id='par_1_101' title="bbox 2093 3903 3686 3976">
     <span class='ocr_line' id='line_1_101' title="bbox 2093 3903 3686 3976; baseline -0.001 -17"><span class='ocrx_word' id='word_1_836' title='bbox 2093 3915 2341 3976; x_wconf 91' lang='lat' dir='ltr'><strong>quentur.</strong></span> <span class='ocrx_word' id='word_1_837' title='bbox 2387 3905 2572 3976; x_wconf 80' lang='lat' dir='ltr'><strong>Neque</strong></span> <span class='ocrx_word' id='word_1_838' title='bbox 2622 3907 2766 3961; x_wconf 88' lang='lat' dir='ltr'><strong>enint</strong></span> <span class='ocrx_word' id='word_1_839' title='bbox 2815 3923 3033 3973; x_wconf 90' lang='lat' dir='ltr'><strong>moror,</strong></span> <span class='ocrx_word' id='word_1_840' title='bbox 3083 3905 3166 3961; x_wconf 87' lang='lat' dir='ltr'><strong>vel</strong></span> <span class='ocrx_word' id='word_1_841' title='bbox 3210 3903 3433 3971; x_wconf 85' lang='lat' dir='ltr'><strong>dill&#39;ero,</strong></span> <span class='ocrx_word' id='word_1_842' title='bbox 3474 3903 3686 3973; x_wconf 88' lang='lat' dir='ltr'><strong>quando</strong></span> 
     </span>
    </p>
   </div>
   <div class='ocr_carea' id='block_1_102' title="bbox 2093 3997 3674 4070">
    <p class='ocr_par' dir='ltr' id='par_1_102' title="bbox 2093 3997 3674 4070">
     <span class='ocr_line' id='line_1_102' title="bbox 2093 3997 3674 4070; baseline -0.003 -18"><span class='ocrx_word' id='word_1_843' title='bbox 2093 3999 2250 4054; x_wconf 86' lang='lat' dir='ltr'><strong>video</strong></span> <span class='ocrx_word' id='word_1_844' title='bbox 2287 4002 2518 4055; x_wconf 88' lang='lat' dir='ltr'><strong>animam</strong></span> <span class='ocrx_word' id='word_1_845' title='bbox 2546 4008 2754 4070; x_wconf 79' lang='lat' dir='ltr'><strong>gratam</strong></span> <span class='ocrx_word' id='word_1_846' title='bbox 2785 4017 2798 4052; x_wconf 91' lang='lat'>:</span> <span class='ocrx_word' id='word_1_847' title='bbox 2834 4015 2994 4053; x_wconf 91' lang='lat' dir='ltr'><strong>unum</strong></span> <span class='ocrx_word' id='word_1_848' title='bbox 3021 4000 3163 4054; x_wconf 88' lang='lat' dir='ltr'><strong>enim</strong></span> <span class='ocrx_word' id='word_1_849' title='bbox 3188 4007 3391 4052; x_wconf 90' lang='lat' dir='ltr'><strong>tantum</strong></span> <span class='ocrx_word' id='word_1_850' title='bbox 3419 3997 3634 4067; x_wconf 75' lang='lat' dir='ltr'><strong>requiro</strong></span> <span class='ocrx_word' id='word_1_851' title='bbox 3660 4037 3674 4062; x_wconf 98' lang='lat'><strong>,</strong></span> 
     </span>
    </p>
   </div>
   <div class='ocr_carea' id='block_1_103' title="bbox 2097 4091 3681 4161">
    <p class='ocr_par' dir='ltr' id='par_1_103' title="bbox 2097 4091 3681 4161">
     <span class='ocr_line' id='line_1_103' title="bbox 2097 4091 3681 4161; baseline -0.001 -17"><span class='ocrx_word' id='word_1_852' title='bbox 2097 4107 2287 4161; x_wconf 87' lang='lat' dir='ltr'><strong>nempe</strong></span> <span class='ocrx_word' id='word_1_853' title='bbox 2316 4103 2373 4146; x_wconf 92' lang='lat' dir='ltr'><strong>ut</strong></span> <span class='ocrx_word' id='word_1_854' title='bbox 2399 4094 2758 4147; x_wconf 90' lang='lat' dir='ltr'><strong>couliteautur</strong></span> <span class='ocrx_word' id='word_1_855' title='bbox 2786 4099 2998 4161; x_wconf 87' lang='lat' dir='ltr'><strong>peccata</strong></span> <span class='ocrx_word' id='word_1_856' title='bbox 3017 4133 3032 4158; x_wconf 96' lang='lat'><strong>,</strong></span> <span class='ocrx_word' id='word_1_857' title='bbox 3064 4102 3118 4145; x_wconf 92' lang='lat' dir='ltr'><strong>ct</strong></span> <span class='ocrx_word' id='word_1_858' title='bbox 3142 4092 3210 4146; x_wconf 87' lang='lat' dir='ltr'><strong>ab</strong></span> <span class='ocrx_word' id='word_1_859' title='bbox 3237 4093 3316 4146; x_wconf 88' lang='lat' dir='ltr'><strong>eis</strong></span> <span class='ocrx_word' id='word_1_860' title='bbox 3344 4091 3681 4155; x_wconf 76' lang='lat' dir='ltr'><strong>abstineant,</strong></span> 
     </span>
    </p>
   </div>
   <div class='ocr_carea' id='block_1_104' title="bbox 2096 4181 3690 4254">
    <p class='ocr_par' dir='ltr' id='par_1_104' title="bbox 2096 4181 3690 4254">
     <span class='ocr_line' id='line_1_104' title="bbox 2096 4181 3690 4254; baseline 0.001 -20"><span class='ocrx_word' id='word_1_861' title='bbox 2096 4189 2153 4235; x_wconf 88' lang='lat' dir='ltr'><strong>et</strong></span> <span class='ocrx_word' id='word_1_862' title='bbox 2194 4197 2298 4234; x_wconf 84' lang='lat' dir='ltr'><strong>non</strong></span> <span class='ocrx_word' id='word_1_863' title='bbox 2347 4183 2482 4236; x_wconf 90' lang='lat' dir='ltr'><strong>ultra</strong></span> <span class='ocrx_word' id='word_1_864' title='bbox 2524 4181 2698 4236; x_wconf 85' lang='lat' dir='ltr'><strong>infero</strong></span> <span class='ocrx_word' id='word_1_865' title='bbox 2743 4197 2954 4252; x_wconf 77' lang='lat' dir='ltr'><strong>pmnam</strong></span> <span class='ocrx_word' id='word_1_866' title='bbox 2993 4184 3250 4252; x_wconf 89' lang='lat' dir='ltr'><strong>peccatis.</strong></span> <span class='ocrx_word' id='word_1_867' title='bbox 3285 4183 3421 4236; x_wconf 71' lang='lat' dir='ltr'><strong>Num</strong></span> <span class='ocrx_word' id='word_1_868' title='bbox 3447 4197 3608 4254; x_wconf 88' lang='lat' dir='ltr'><strong>grave</strong></span> <span class='ocrx_word' id='word_1_869' title='bbox 3636 4193 3690 4236; x_wconf 91' lang='lat' dir='ltr'><strong>et</strong></span> 
     </span>
    </p>
   </div>
   <div class='ocr_carea' id='block_1_105' title="bbox 2096 4273 3688 4344">
    <p class='ocr_par' dir='ltr' id='par_1_105' title="bbox 2096 4273 3688 4344">
     <span class='ocr_line' id='line_1_105' title="bbox 2096 4273 3688 4344; baseline -0.001 -16"><span class='ocrx_word' id='word_1_870' title='bbox 2096 4274 2382 4328; x_wconf 78' lang='lat' dir='ltr'><strong>molestum</strong></span> <span class='ocrx_word' id='word_1_871' title='bbox 2430 4282 2514 4328; x_wconf 90' lang='lat' dir='ltr'><strong>est</strong></span> <span class='ocrx_word' id='word_1_872' title='bbox 2559 4273 2703 4344; x_wconf 88' lang='lat' dir='ltr'><strong>qttod</strong></span> <span class='ocrx_word' id='word_1_873' title='bbox 2753 4289 2784 4328; x_wconf 90' lang='lat' dir='ltr'><strong>a</strong></span> <span class='ocrx_word' id='word_1_874' title='bbox 2831 4289 2919 4328; x_wconf 89' lang='lat' dir='ltr'><strong>me</strong></span> <span class='ocrx_word' id='word_1_875' title='bbox 2962 4275 3314 4344; x_wconf 87' lang='lat' dir='ltr'><strong>proponitur?</strong></span> <span class='ocrx_word' id='word_1_876' title='bbox 3356 4275 3467 4330; x_wconf 79' lang='lat' dir='ltr'><strong>Nisi</strong></span> <span class='ocrx_word' id='word_1_877' title='bbox 3496 4274 3688 4328; x_wconf 83' lang='lat' dir='ltr'><strong>scirem</strong></span> 
     </span>
    </p>
   </div>
   <div class='ocr_carea' id='block_1_106' title="bbox 2097 4365 3691 4438">
    <p class='ocr_par' dir='ltr' id='par_1_106' title="bbox 2097 4365 3691 4438">
     <span class='ocr_line' id='line_1_106' title="bbox 2097 4365 3691 4438; baseline -0.002 -16"><span class='ocrx_word' id='word_1_878' title='bbox 2097 4366 2394 4422; x_wconf 89' lang='lat' dir='ltr'><strong>deteriores</strong></span> <span class='ocrx_word' id='word_1_879' title='bbox 2426 4367 2538 4421; x_wconf 86' lang='lat' dir='ltr'><strong>fieri</strong></span> <span class='ocrx_word' id='word_1_880' title='bbox 2558 4408 2572 4432; x_wconf 95' lang='lat'><strong>,</strong></span> <span class='ocrx_word' id='word_1_881' title='bbox 2606 4365 2818 4438; x_wconf 90' lang='lat' dir='ltr'><strong>quando</strong></span> <span class='ocrx_word' id='word_1_882' title='bbox 2844 4366 3023 4438; x_wconf 86' lang='lat' dir='ltr'><strong>priora</strong></span> <span class='ocrx_word' id='word_1_883' title='bbox 3053 4377 3266 4436; x_wconf 87' lang='lat' dir='ltr'><strong>peccata</strong></span> <span class='ocrx_word' id='word_1_884' title='bbox 3291 4382 3398 4421; x_wconf 91' lang='lat' dir='ltr'><strong>non</strong></span> <span class='ocrx_word' id='word_1_885' title='bbox 3427 4365 3691 4421; x_wconf 88' lang='lat' dir='ltr'><strong>conﬁten-</strong></span> 
     </span>
    </p>
   </div>
   <div class='ocr_carea' id='block_1_107' title="bbox 2099 4456 3678 4530">
    <p class='ocr_par' dir='ltr' id='par_1_107' title="bbox 2099 4456 3678 4530">
     <span class='ocr_line' id='line_1_107' title="bbox 2099 4456 3678 4530; baseline -0.003 -16"><span class='ocrx_word' id='word_1_886' title='bbox 2099 4469 2214 4527; x_wconf 91' lang='lat' dir='ltr'><strong>tur,</strong></span> <span class='ocrx_word' id='word_1_887' title='bbox 2245 4473 2416 4530; x_wconf 91' lang='lat' dir='ltr'><strong>nequc</strong></span> <span class='ocrx_word' id='word_1_888' title='bbox 2438 4457 2664 4528; x_wconf 90' lang='lat' dir='ltr'><strong>idipsutn</strong></span> <span class='ocrx_word' id='word_1_889' title='bbox 2692 4458 3040 4528; x_wconf 89' lang='lat' dir='ltr'><strong>requirerem.</strong></span> <span class='ocrx_word' id='word_1_890' title='bbox 3070 4458 3266 4514; x_wconf 75' lang='lat' dir='ltr'><strong>Verum</strong></span> <span class='ocrx_word' id='word_1_891' title='bbox 3294 4458 3415 4528; x_wconf 89' lang='lat' dir='ltr'><strong>quia</strong></span> <span class='ocrx_word' id='word_1_892' title='bbox 3440 4457 3551 4511; x_wconf 92' lang='lat' dir='ltr'><strong>scio</strong></span> <span class='ocrx_word' id='word_1_893' title='bbox 3579 4456 3678 4510; x_wconf 81' lang='lat' dir='ltr'><strong>ho-</strong></span> 
     </span>
    </p>
   </div>
   <div class='ocr_carea' id='block_1_108' title="bbox 2098 4550 3688 4623">
    <p class='ocr_par' dir='ltr' id='par_1_108' title="bbox 2098 4550 3688 4623">
     <span class='ocr_line' id='line_1_108' title="bbox 2098 4550 3688 4623; baseline -0.002 -17"><span class='ocrx_word' id='word_1_894' title='bbox 2098 4551 2303 4607; x_wconf 92' lang='lat' dir='ltr'><strong>minum</strong></span> <span class='ocrx_word' id='word_1_895' title='bbox 2338 4565 2506 4623; x_wconf 77' lang='lat' dir='ltr'><strong>genus</strong></span> <span class='ocrx_word' id='word_1_896' title='bbox 2536 4551 2704 4621; x_wconf 89' lang='lat' dir='ltr'><strong>magis</strong></span> <span class='ocrx_word' id='word_1_897' title='bbox 2733 4550 2800 4606; x_wconf 94' lang='lat' dir='ltr'><strong>ad</strong></span> <span class='ocrx_word' id='word_1_898' title='bbox 2831 4559 3105 4620; x_wconf 88' lang='lat' dir='ltr'><strong>peccatum</strong></span> <span class='ocrx_word' id='word_1_899' title='bbox 3133 4564 3372 4620; x_wconf 86' lang='lat' dir='ltr'><strong>vergere,</strong></span> <span class='ocrx_word' id='word_1_900' title='bbox 3407 4558 3688 4619; x_wconf 84' lang='lat' dir='ltr'><strong>prepterea</strong></span> 
     </span>
    </p>
   </div>
   <div class='ocr_carea' id='block_1_109' title="bbox 2099 4639 3694 4712">
    <p class='ocr_par' dir='ltr' id='par_1_109' title="bbox 2099 4639 3694 4712">
     <span class='ocr_line' id='line_1_109' title="bbox 2099 4639 3694 4712; baseline -0.003 -14"><span class='ocrx_word' id='word_1_901' title='bbox 2099 4643 2224 4699; x_wconf 91' lang='lat' dir='ltr'><strong>volo</strong></span> <span class='ocrx_word' id='word_1_902' title='bbox 2268 4653 2326 4698; x_wconf 89' lang='grc' dir='ltr'><strong>ιιι</strong></span> <span class='ocrx_word' id='word_1_903' title='bbox 2373 4643 2729 4698; x_wconf 87' lang='lat' dir='ltr'><strong>conﬁteantur</strong></span> <span class='ocrx_word' id='word_1_904' title='bbox 2772 4643 2948 4712; x_wconf 84' lang='lat' dir='ltr'><strong>priora</strong></span> <span class='ocrx_word' id='word_1_905' title='bbox 2987 4651 3238 4712; x_wconf 88' lang='lat' dir='ltr'><strong>peccata,</strong></span> <span class='ocrx_word' id='word_1_906' title='bbox 3278 4649 3332 4696; x_wconf 87' lang='lat' dir='ltr'><strong>et</strong></span> <span class='ocrx_word' id='word_1_907' title='bbox 3357 4639 3694 4696; x_wconf 85' lang='lat' dir='ltr'><strong>confessione</strong></span> 
     </span>
    </p>
   </div>
   <div class='ocr_carea' id='block_1_110' title="bbox 2102 4732 3158 4806">
    <p class='ocr_par' dir='ltr' id='par_1_110' title="bbox 2102 4732 3158 4806">
     <span class='ocr_line' id='line_1_110' title="bbox 2102 4732 3158 4806; baseline -0.004 -17"><span class='ocrx_word' id='word_1_908' title='bbox 2102 4733 2484 4806; x_wconf 87' lang='lat' dir='ltr'><strong>prohibeantur</strong></span> <span class='ocrx_word' id='word_1_909' title='bbox 2512 4749 2579 4788; x_wconf 90' lang='lat' dir='ltr'><strong>ne</strong></span> <span class='ocrx_word' id='word_1_910' title='bbox 2607 4735 2659 4788; x_wconf 93' lang='lat' dir='ltr'><strong>in</strong></span> <span class='ocrx_word' id='word_1_911' title='bbox 2683 4734 2869 4788; x_wconf 89' lang='lat' dir='ltr'><strong>eadem</strong></span> <span class='ocrx_word' id='word_1_912' title='bbox 2898 4732 3158 4787; x_wconf 88' lang='lat' dir='ltr'><strong>recidant.</strong></span> 
     </span>
    </p>
   </div>
   <div class='ocr_carea' id='block_1_111' title="bbox 2173 4821 3694 4894">
    <p class='ocr_par' dir='ltr' id='par_1_111' title="bbox 2173 4821 3694 4894">
     <span class='ocr_line' id='line_1_111' title="bbox 2173 4821 3694 4894; baseline -0.004 -14"><span class='ocrx_word' id='word_1_913' title='bbox 2173 4827 2227 4880; x_wconf 81' lang='lat'><strong>5.</strong></span> <span class='ocrx_word' id='word_1_914' title='bbox 2264 4825 2390 4881; x_wconf 74' lang='lat' dir='ltr'><strong>llmc</strong></span> <span class='ocrx_word' id='word_1_915' title='bbox 2416 4826 2575 4894; x_wconf 86' lang='lat' dir='ltr'><strong>igitur</strong></span> <span class='ocrx_word' id='word_1_916' title='bbox 2605 4826 2899 4894; x_wconf 84' lang='lat' dir='ltr'><strong>cogitantes</strong></span> <span class='ocrx_word' id='word_1_917' title='bbox 2919 4863 2933 4890; x_wconf 92' lang='lat'><strong>,</strong></span> <span class='ocrx_word' id='word_1_918' title='bbox 2968 4823 3183 4889; x_wconf 87' lang='lat' dir='ltr'><strong>dilecti,</strong></span> <span class='ocrx_word' id='word_1_919' title='bbox 3213 4837 3277 4876; x_wconf 89' lang='lat' dir='ltr'><strong>ac</strong></span> <span class='ocrx_word' id='word_1_920' title='bbox 3307 4821 3516 4876; x_wconf 90' lang='lat' dir='ltr'><strong>Domini</strong></span> <span class='ocrx_word' id='word_1_921' title='bbox 3538 4821 3694 4877; x_wconf 88' lang='lat' dir='ltr'><strong>beni-</strong></span> 
     </span>
    </p>
   </div>
   <div class='ocr_carea' id='block_1_112' title="bbox 2101 4912 3694 4988">
    <p class='ocr_par' dir='ltr' id='par_1_112' title="bbox 2101 4912 3694 4988">
     <span class='ocr_line' id='line_1_112' title="bbox 2101 4912 3694 4988; baseline -0.002 -17"><span class='ocrx_word' id='word_1_922' title='bbox 2101 4917 2355 4988; x_wconf 85' lang='lat' dir='ltr'><strong>gnitatem</strong></span> <span class='ocrx_word' id='word_1_923' title='bbox 2384 4917 2437 4971; x_wconf 93' lang='lat' dir='ltr'><strong>in</strong></span> <span class='ocrx_word' id='word_1_924' title='bbox 2462 4916 2640 4969; x_wconf 86' lang='lat' dir='ltr'><strong>animo</strong></span> <span class='ocrx_word' id='word_1_925' title='bbox 2667 4922 2942 4968; x_wconf 88' lang='lat' dir='ltr'><strong>versantes</strong></span> <span class='ocrx_word' id='word_1_926' title='bbox 2965 4953 2979 4977; x_wconf 91' lang='lat'><strong>,</strong></span> <span class='ocrx_word' id='word_1_927' title='bbox 3013 4928 3078 4967; x_wconf 90' lang='lat' dir='ltr'><strong>ne</strong></span> <span class='ocrx_word' id='word_1_928' title='bbox 3107 4913 3276 4967; x_wconf 90' lang='lat' dir='ltr'><strong>simus</strong></span> <span class='ocrx_word' id='word_1_929' title='bbox 3303 4912 3518 4968; x_wconf 89' lang='lat' dir='ltr'><strong>desides</strong></span> <span class='ocrx_word' id='word_1_930' title='bbox 3554 4931 3567 4968; x_wconf 90' lang='lat'>:</span> <span class='ocrx_word' id='word_1_931' title='bbox 3601 4913 3694 4968; x_wconf 89' lang='lat' dir='ltr'><strong>sed</strong></span> 
     </span>
    </p>
   </div>
   <div class='ocr_carea' id='block_1_113' title="bbox 2103 5006 3690 5078">
    <p class='ocr_par' dir='ltr' id='par_1_113' title="bbox 2103 5006 3690 5078">
     <span class='ocr_line' id='line_1_113' title="bbox 2103 5006 3690 5078; baseline -0.003 -15"><span class='ocrx_word' id='word_1_932' title='bbox 2103 5023 2348 5078; x_wconf 88' lang='lat' dir='ltr'><strong>magnam</strong></span> <span class='ocrx_word' id='word_1_933' title='bbox 2377 5006 2544 5062; x_wconf 91' lang='lat' dir='ltr'><strong>nostri</strong></span> <span class='ocrx_word' id='word_1_934' title='bbox 2568 5007 2802 5075; x_wconf 91' lang='lat' dir='ltr'><strong>ipsorum</strong></span> <span class='ocrx_word' id='word_1_935' title='bbox 2825 5018 3071 5074; x_wconf 85' lang='lat' dir='ltr'><strong>geramus</strong></span> <span class='ocrx_word' id='word_1_936' title='bbox 3099 5018 3280 5058; x_wconf 90' lang='lat' dir='ltr'><strong>curam</strong></span> <span class='ocrx_word' id='word_1_937' title='bbox 3307 5045 3320 5068; x_wconf 91' lang='lat'><strong>,</strong></span> <span class='ocrx_word' id='word_1_938' title='bbox 3351 5013 3405 5058; x_wconf 89' lang='lat' dir='ltr'><strong>et</strong></span> <span class='ocrx_word' id='word_1_939' title='bbox 3433 5013 3690 5073; x_wconf 77' lang='lat' dir='ltr'><strong>peccato~</strong></span> 
     </span>
    </p>
   </div>
   <div class='ocr_carea' id='block_1_114' title="bbox 2105 5095 3696 5166">
    <p class='ocr_par' dir='ltr' id='par_1_114' title="bbox 2105 5095 3696 5166">
     <span class='ocr_line' id='line_1_114' title="bbox 2105 5095 3696 5166; baseline -0.002 -13"><span class='ocrx_word' id='word_1_940' title='bbox 2105 5115 2226 5154; x_wconf 92' lang='lat' dir='ltr'><strong>rum</strong></span> <span class='ocrx_word' id='word_1_941' title='bbox 2273 5098 2508 5153; x_wconf 88' lang='lat' dir='ltr'><strong>maculas</strong></span> <span class='ocrx_word' id='word_1_942' title='bbox 2535 5111 2819 5166; x_wconf 85' lang='lat' dir='ltr'><strong>purgemus</strong></span> <span class='ocrx_word' id='word_1_943' title='bbox 2842 5136 2857 5159; x_wconf 93' lang='lat'><strong>,</strong></span> <span class='ocrx_word' id='word_1_944' title='bbox 2889 5103 3048 5162; x_wconf 87' lang='lat' dir='ltr'><strong>atque</strong></span> <span class='ocrx_word' id='word_1_945' title='bbox 3077 5096 3154 5149; x_wconf 92' lang='lat' dir='ltr'><strong>sic</strong></span> <span class='ocrx_word' id='word_1_946' title='bbox 3178 5095 3241 5148; x_wconf 92' lang='lat' dir='ltr'><strong>ad</strong></span> <span class='ocrx_word' id='word_1_947' title='bbox 3270 5105 3578 5150; x_wconf 88' lang='lat' dir='ltr'><strong>sanctorum</strong></span> <span class='ocrx_word' id='word_1_948' title='bbox 3609 5096 3696 5150; x_wconf 81' lang='lat' dir='ltr'><strong>in-</strong></span> 
     </span>
    </p>
   </div>
   <div class='ocr_carea' id='block_1_115' title="bbox 2109 5185 3696 5258">
    <p class='ocr_par' dir='ltr' id='par_1_115' title="bbox 2109 5185 3696 5258">
     <span class='ocr_line' id='line_1_115' title="bbox 2109 5185 3696 5258; baseline -0.003 -13"><span class='ocrx_word' id='word_1_949' title='bbox 2109 5189 2487 5245; x_wconf 88' lang='lat' dir='ltr'><strong>tercessioncm</strong></span> <span class='ocrx_word' id='word_1_950' title='bbox 2538 5201 2904 5258; x_wconf 81' lang='lat' dir='ltr'><strong>properemus.</strong></span> <span class='ocrx_word' id='word_1_951' title='bbox 2947 5185 3078 5239; x_wconf 85' lang='lat' dir='ltr'><strong>Nam</strong></span> <span class='ocrx_word' id='word_1_952' title='bbox 3124 5186 3170 5240; x_wconf 90' lang='lat' dir='ltr'><strong>si</strong></span> <span class='ocrx_word' id='word_1_953' title='bbox 3205 5185 3370 5240; x_wconf 87' lang='lat' dir='ltr'><strong>sobrii</strong></span> <span class='ocrx_word' id='word_1_954' title='bbox 3418 5197 3472 5241; x_wconf 87' lang='lat' dir='ltr'><strong>et</strong></span> <span class='ocrx_word' id='word_1_955' title='bbox 3511 5185 3696 5253; x_wconf 77' lang='lat' dir='ltr'><strong>vigiles</strong></span> 
     </span>
    </p>
   </div>
   <div class='ocr_carea' id='block_1_116' title="bbox 2107 5277 3700 5349">
    <p class='ocr_par' dir='ltr' id='par_1_116' title="bbox 2107 5277 3700 5349">
     <span class='ocr_line' id='line_1_116' title="bbox 2107 5277 3700 5349; baseline -0.006 -10"><span class='ocrx_word' id='word_1_956' title='bbox 2107 5299 2228 5339; x_wconf 87' lang='lat' dir='ltr'><strong>esse</strong></span> <span class='ocrx_word' id='word_1_957' title='bbox 2272 5281 2597 5337; x_wconf 87' lang='lat' dir='ltr'><strong>voluerimus</strong></span> <span class='ocrx_word' id='word_1_958' title='bbox 2617 5322 2630 5343; x_wconf 98' lang='lat'><strong>,</strong></span> <span class='ocrx_word' id='word_1_959' title='bbox 2669 5280 2829 5333; x_wconf 90' lang='lat' dir='ltr'><strong>etiam</strong></span> <span class='ocrx_word' id='word_1_960' title='bbox 2869 5293 2966 5349; x_wconf 90' lang='lat' dir='ltr'><strong>per</strong></span> <span class='ocrx_word' id='word_1_961' title='bbox 2995 5292 3095 5332; x_wconf 90' lang='lat' dir='ltr'><strong>nos</strong></span> <span class='ocrx_word' id='word_1_962' title='bbox 3125 5279 3266 5348; x_wconf 90' lang='lat' dir='ltr'><strong>ipsos</strong></span> <span class='ocrx_word' id='word_1_963' title='bbox 3291 5289 3507 5332; x_wconf 76' lang='lat' dir='ltr'><strong>orantes</strong></span> <span class='ocrx_word' id='word_1_964' title='bbox 3529 5277 3700 5346; x_wconf 75' lang='lat' dir='ltr'><strong>pluri-</strong></span> 
     </span>
    </p>
   </div>
   <div class='ocr_carea' id='block_1_117' title="bbox 2110 5370 3698 5442">
    <p class='ocr_par' dir='ltr' id='par_1_117' title="bbox 2110 5370 3698 5442">
     <span class='ocr_line' id='line_1_117' title="bbox 2110 5370 3698 5442; baseline -0.005 -12"><span class='ocrx_word' id='word_1_965' title='bbox 2110 5392 2252 5430; x_wconf 89' lang='lat' dir='ltr'><strong>tuum</strong></span> <span class='ocrx_word' id='word_1_966' title='bbox 2298 5375 2452 5428; x_wconf 91' lang='lat' dir='ltr'><strong>nobis</strong></span> <span class='ocrx_word' id='word_1_967' title='bbox 2483 5373 2837 5442; x_wconf 89' lang='lat' dir='ltr'><strong>proderimus.</strong></span> <span class='ocrx_word' id='word_1_968' title='bbox 2880 5370 3011 5424; x_wconf 86' lang='lat' dir='ltr'><strong>Nam</strong></span> <span class='ocrx_word' id='word_1_969' title='bbox 3054 5372 3303 5440; x_wconf 84' lang='lat' dir='ltr'><strong>quoniam</strong></span> <span class='ocrx_word' id='word_1_970' title='bbox 3343 5371 3580 5425; x_wconf 84' lang='lat' dir='ltr'><strong>clemens</strong></span> <span class='ocrx_word' id='word_1_971' title='bbox 3615 5378 3698 5423; x_wconf 89' lang='lat' dir='ltr'><strong>est</strong></span> 
     </span>
    </p>
   </div>
   <div class='ocr_carea' id='block_1_118' title="bbox 2114 5460 3701 5530">
    <p class='ocr_par' dir='ltr' id='par_1_118' title="bbox 2114 5460 3701 5530">
     <span class='ocr_line' id='line_1_118' title="bbox 2114 5460 3701 5530; baseline -0.006 -9"><span class='ocrx_word' id='word_1_972' title='bbox 2114 5467 2369 5521; x_wconf 80' lang='lat' dir='ltr'><strong>Dominus</strong></span> <span class='ocrx_word' id='word_1_973' title='bbox 2396 5475 2578 5520; x_wconf 86' lang='lat' dir='ltr'><strong>noster</strong></span> <span class='ocrx_word' id='word_1_974' title='bbox 2602 5506 2617 5530; x_wconf 94' lang='lat'><strong>,</strong></span> <span class='ocrx_word' id='word_1_975' title='bbox 2641 5479 2748 5518; x_wconf 91' lang='lat' dir='ltr'><strong>non</strong></span> <span class='ocrx_word' id='word_1_976' title='bbox 2778 5464 2856 5516; x_wconf 89' lang='lat' dir='ltr'><strong>sic</strong></span> <span class='ocrx_word' id='word_1_977' title='bbox 2885 5463 3070 5516; x_wconf 90' lang='lat' dir='ltr'><strong>annuit</strong></span> <span class='ocrx_word' id='word_1_978' title='bbox 3094 5477 3213 5515; x_wconf 90' lang='lat' dir='ltr'><strong>cum</strong></span> <span class='ocrx_word' id='word_1_979' title='bbox 3244 5461 3312 5515; x_wconf 91' lang='lat' dir='ltr'><strong>ab</strong></span> <span class='ocrx_word' id='word_1_980' title='bbox 3340 5460 3459 5514; x_wconf 88' lang='lat' dir='ltr'><strong>aliis</strong></span> <span class='ocrx_word' id='word_1_981' title='bbox 3481 5474 3575 5529; x_wconf 91' lang='lat' dir='ltr'><strong>pro</strong></span> <span class='ocrx_word' id='word_1_982' title='bbox 3603 5474 3701 5512; x_wconf 80' lang='lat' dir='ltr'><strong>no-</strong></span> 
     </span>
    </p>
   </div>
   <div class='ocr_carea' id='block_1_119' title="bbox 2111 5549 3694 5626">
    <p class='ocr_par' dir='ltr' id='par_1_119' title="bbox 2111 5549 3694 5626">
     <span class='ocr_line' id='line_1_119' title="bbox 2111 5549 3694 5626; baseline -0.007 -12"><span class='ocrx_word' id='word_1_983' title='bbox 2111 5561 2192 5614; x_wconf 88' lang='lat' dir='ltr'><strong>bis</strong></span> <span class='ocrx_word' id='word_1_984' title='bbox 2219 5569 2430 5626; x_wconf 88' lang='lat' dir='ltr'><strong>oratur,</strong></span> <span class='ocrx_word' id='word_1_985' title='bbox 2458 5565 2518 5612; x_wconf 89' lang='lat' dir='ltr'><strong>ut</strong></span> <span class='ocrx_word' id='word_1_986' title='bbox 2545 5571 2665 5612; x_wconf 92' lang='lat' dir='ltr'><strong>cum</strong></span> <span class='ocrx_word' id='word_1_987' title='bbox 2694 5571 2726 5610; x_wconf 88' lang='lat' dir='ltr'><strong>a</strong></span> <span class='ocrx_word' id='word_1_988' title='bbox 2751 5553 2904 5610; x_wconf 90' lang='lat' dir='ltr'><strong>nobis</strong></span> <span class='ocrx_word' id='word_1_989' title='bbox 2934 5554 3083 5623; x_wconf 90' lang='lat' dir='ltr'><strong>ipsis.</strong></span> <span class='ocrx_word' id='word_1_990' title='bbox 3113 5552 3244 5607; x_wconf 80' lang='lat' dir='ltr'><strong>Vide</strong></span> <span class='ocrx_word' id='word_1_991' title='bbox 3267 5550 3559 5605; x_wconf 89' lang='lat' dir='ltr'><strong>bonitatem</strong></span> <span class='ocrx_word' id='word_1_992' title='bbox 3581 5549 3694 5604; x_wconf 77' lang='lat' dir='ltr'><strong>exi-</strong></span> 
     </span>
    </p>
   </div>
   <div class='ocr_carea' id='block_1_120' title="bbox 2177 5684 3701 5756">
    <p class='ocr_par' dir='ltr' id='par_1_120' title="bbox 2177 5684 3701 5756">
     <span class='ocr_line' id='line_1_120' title="bbox 2177 5684 3701 5756; baseline -0.01 -13"><span class='ocrx_word' id='word_1_993' title='bbox 2177 5695 2248 5756; x_wconf 90' lang='lat' dir='ltr'><strong>(a)</strong></span> <span class='ocrx_word' id='word_1_994' title='bbox 2285 5695 2418 5755; x_wconf 78' lang='lat' dir='ltr'><strong>Atqui</strong></span> <span class='ocrx_word' id='word_1_995' title='bbox 2444 5693 2573 5756; x_wconf 86' lang='lat' dir='ltr'><strong>idem</strong></span> <span class='ocrx_word' id='word_1_996' title='bbox 2590 5693 2696 5756; x_wconf 66' lang='lat' dir='ltr'><strong>ipse</strong></span> <span class='ocrx_word' id='word_1_997' title='bbox 2721 5687 2958 5752; x_wconf 84' lang='lat' dir='ltr'><strong>prepheta</strong></span> <span class='ocrx_word' id='word_1_998' title='bbox 2983 5687 3120 5756; x_wconf 80' lang='lat' dir='ltr'><strong>estis</strong></span> <span class='ocrx_word' id='word_1_999' title='bbox 3146 5686 3228 5747; x_wconf 85' lang='lat' dir='ltr'><strong>qui</strong></span> <span class='ocrx_word' id='word_1_1000' title='bbox 3245 5684 3330 5755; x_wconf 79' lang='lat' dir='ltr'><strong>hic</strong></span> <span class='ocrx_word' id='word_1_1001' title='bbox 3351 5692 3701 5735; x_wconf 80' lang='lat' dir='ltr'><strong>commemora-</strong></span> 
     </span>
    </p>
   </div>
   <div class='ocr_carea' id='block_1_121' title="bbox 2116 5751 3328 5821">
    <p class='ocr_par' dir='ltr' id='par_1_121' title="bbox 2116 5751 3328 5821">
     <span class='ocr_line' id='line_1_121' title="bbox 2116 5751 3328 5821; baseline -0.007 -17"><span class='ocrx_word' id='word_1_1002' title='bbox 2116 5751 2213 5818; x_wconf 76' lang='lat' dir='ltr'><strong>tur,</strong></span> <span class='ocrx_word' id='word_1_1003' title='bbox 2232 5751 2289 5807; x_wconf 77' lang='grc' dir='ltr'>ἐι</span> <span class='ocrx_word' id='word_1_1004' title='bbox 2304 5751 2442 5821; x_wconf 76' lang='lat' dir='ltr'><strong>cujus</strong></span> <span class='ocrx_word' id='word_1_1005' title='bbox 2466 5755 2600 5804; x_wconf 90' lang='lat' dir='ltr'><strong>locus</strong></span> <span class='ocrx_word' id='word_1_1006' title='bbox 2614 5751 2842 5812; x_wconf 32' lang='lat' dir='ltr'><strong>’aﬁ‘ertur,</strong></span> <span class='ocrx_word' id='word_1_1007' title='bbox 2867 5761 3047 5811; x_wconf 88' lang='lat' dir='ltr'><strong>nempe</strong></span> <span class='ocrx_word' id='word_1_1008' title='bbox 3077 5751 3328 5796; x_wconf 86' lang='lat' dir='ltr'><strong>.Icremias.</strong></span> 
     </span>
    </p>
   </div>
  </div>
