4150 6276
220 314 324 370 407

220 427 347 496 ὑμῖν
399 425 763 495 διηγούμενοι,
822 426 917 480 καί⁵
948 424 1039 479 τδν
1066 426 1176 479 τῶν
1218 427 1469 497 Σοδόμων
1524 428 1880 499 ἐμπρησμὸν,

220 513 336 565 ἐκεῖ
353 512 441 565 τὸν
474 512 631 580 λόγον
651 514 980 583 ἐστήσαμεν,
1008 514 1143 566 ὅπου
1176 515 1204 565 6
1226 513 1434 576 δίκαιος
1463 516 1542 577 εἰς
1570 514 1669 584 τήν
1690 513 1887 584 Σηγὼρ

223 600 475 671 διεσώθη.
520 602 583 655 '0
616 602 789 669 ἥλιος
812 603 920 673 γὰρ
957 602 1216 670 ἐξῆλθεν
1253 602 1354 655 ἐπὶ
1392 601 1501 670 τῆς
1546 602 1660 669 γῆς
1683 641 1698 665 ,
1732 603 1884 671 φησὶ,

223 690 319 743 καί
364 688 493 744 Λὼτ
541 686 826 756 εἰσῆλθεν
862 692 949 757 εἰς
999 689 1238 759 Σηγὼρ,
1269 690 1363 744 καὶ
1410 690 1530 743 τότε
1561 692 1594 760 ἡ
1629 689 1887 759 θεήλατος

219 776 403 846 ἐκείνη
435 775 572 846 ὀργή
607 777 734 839 τούς
756 794 815 829 τε
848 777 905 831 ἐν
932 777 1185 847 Σοδόμοις
1218 776 1504 840 κατέλαϐε,
1542 777 1635 830 καὶ
1657 777 1757 845 τῆς
1782 777 1884 844 γῆς

218 862 310 917 τὸν
353 863 657 932 ἀφανισμὸν
701 864 1016 933 εἰργάσατο,
1051 864 1140 916 ὅτε
1166 864 1263 916 καὶ
1298 864 1330 933 ἡ
1362 864 1499 934 γυνὴ
1546 863 1639 916 τοῦ
1674 862 1884 916 δικαίου

220 949 584 1019 ἐπιλαϐομένη
618 949 723 1001 τῶν
758 950 1032 1020 ῥηθέντων
1063 950 1213 1022 παρὰ
1238 951 1347 1003 τῶν
1377 950 1647 1019 ἀγγέλων,
1670 950 1888 1004 ἐπιϐλέ-

220 1034 368 1102 ψασα
389 1039 468 1099 εἰς
504 1036 572 1089 τά
597 1037 792 1099 ὀπίσω,
822 1037 1037 1104 ἐγένετο
1082 1037 1250 1107 στήλη
1298 1037 1444 1102 ἀλὸς,
1478 1037 1720 1106 διηνεκὲς
1754 1037 1886 1090 61:6—

225 1138 413 1192 μνημα
442 1126 560 1185 ταῖς
608 1122 747 1192 μετὰ
774 1122 947 1175 ταῦτα
985 1124 1199 1190 γενεαῖς
1251 1123 1348 1193 τῆς
1374 1123 1577 1185 οἰκείας
1612 1122 1887 1193 ῥᾳθυμίας

222 1210 590 1281 παρεχομένη.
638 1212 957 1278 ’Δναγκατον
994 1205 1089 1263 οὖν
1111 1211 1351 1281 σήμερον
1379 1208 1449 1262 τά
1477 1209 1605 1278 ἑξῆς
1632 1209 1887 1262 ἐπελθόν-

219 1313 319 1356 τας
344 1297 512 1367 μικρά
538 1314 658 1349 τινα
684 1296 1030 1367 διαλεχθῆναι
1056 1296 1191 1367 πρὸς
1212 1296 1310 1367 τὴν
1345 1297 1615 1367 ὑμετέραν
1644 1297 1883 1366 ἀγάπην,

224 1384 310 1435 ἵνα
342 1384 500 1437 πάλιν
524 1383 697 1453 εἰδῆτε
730 1383 823 1436 τοῦ
858 1382 1196 1455 πατριάρχου
1219 1383 1279 1435 τὸ
1306 1383 1587 1454 συμπαθὲς
1615 1384 1709 1436 καί⁸
1739 1384 1884 1452 φιλό-

225 1486 470 1541 στοργον,
507 1472 599 1523 καί
622 1470 714 1523 τοῦ
744 1470 877 1523 Θεοῦ
912 1471 1007 1540 τήν
1037 1472 1166 1543 περὶ
1207 1472 1368 1525 αὐτὸν
1397 1470 1627 1528 εὐνοιαν.
1670 1472 1887 1543 Ἐπειδὴ

223 1556 352 1626 γὰρ,
389 1556 489 1625 τῆς
515 1556 775 1625 ἀνατολῆς
798 1556 889 1609 τοῦ
924 1557 1075 1626 ἡλίου
1118 1556 1416 1627 γενομένης
1437 1596 1452 1619 ,
1493 1559 1521 1609 6
1553 1556 1652 1626 μὲν
1681 1556 1885 1621 δίκαιος

220 1642 343 1695 Λὼτ
370 1644 449 1704 εἰς
476 1645 573 1712 τὴν
594 1642 788 1713 Σηγὼρ
818 1643 1071 1713 διεσώθη.
1096 1645 1143 1696 οἰ
1171 1644 1228 1697 δὲ
1252 1645 1321 1697 τά
1342 1645 1545 1715 Σόδομα
1573 1645 1885 1698 κατοικοῦν-

219 1745 311 1792 τες
341 1730 447 1781 ὐπὸ
471 1729 569 1799 τὴν
592 1730 748 1800 δίκην
771 1730 1074 1797 γεγόνασιν,
1102 1730 1130 1781 6
1157 1730 1501 1801 πατριάρχης
1530 1732 1664 1801 ὁμοῦ
1699 1732 1888 1786 κάκεί-

221 1831 343 1877 νους
362 1816 646 1886 οἰκτείρων
674 1817 774 1884 τῆς
801 1816 1095 1879 ἀπωλείας,
1130 1816 1198 1886 ἢν
1220 1816 1310 1869 διὰ
1337 1817 1436 1884 τὴν
1463 1817 1669 1869 οἰκείαν
1706 1833 1886 1886 παρα-

221 1902 412 1969 νομίαν
436 1903 757 1971 ὑπέμειναν,
791 1903 884 1955 καὶ
917 1903 1046 1973 περὶ
1073 1904 1167 1955 τοῦ
1194 1904 1404 1956 δικαίου
1428 1904 1632 1973 σφόδρα
1670 1904 1889 1973 φροντί-

220 1986 349 2049 ζων,
385 1988 663 2058 όρθρίσας,
696 1989 851 2058 φησὶ,
877 1990 1231 2059 περιεσκόπει
1260 1991 1327 2043 τὰ
1361 1990 1721 2059 γεγενημένα.
1755 1993 1889 2058 Ὠρ-

220 2077 388 2142 θρισε
412 2074 540 2144 γάρ,
582 2076 769 2145 φησὶν,
811 2076 1069 2143 Ἀϐραὰμ
1113 2075 1194 2139 τῷ
1227 2077 1376 2142 πρωϊ
1404 2080 1492 2140 εἰς
1533 2077 1639 2128 τὸν
1677 2076 1886 2141 τόπον,

219 2155 293 2213 οὗ
314 2160 576 2224 εἱστήκει
602 2161 885 2214 ἐναντίον
930 2160 1036 2213 τοῦ
1086 2159 1255 2221 Θεοῦ,
1291 2161 1386 2211 καί
1418 2160 1753 2227 ἐπέϐλεψεν
1788 2161 1890 2213 ἐπὶ

220 2247 545 2311 ,πρόσωπον
591 2245 703 2313 τῆς
740 2245 1069 2314 περιχώρου
1103 2246 1379 2313 Σοδόμων
1420 2246 1513 2300 καὶ
1560 2247 1886 2315 Γομόρρας,

221 2332 322 2383 καί
359 2330 499 2385 εἶδε.
528 2333 637 2386 Καὶ
662 2333 794 2385 ἰδοὺ
827 2332 1100 2386 ἀνέϐαινε
1137 2331 1295 2400 φλὸξ
1317 2333 1384 2384 ἐκ
1429 2332 1538 2399 τῆς
1568 2332 1701 2401 γῆς,
1744 2334 1887 2387 ὡσεὶ

229 2419 398 2486 ἀτμὶς
428 2420 697 2486 καμίνου.
750 2421 839 2471 Ἐν
872 2420 1087 2489 ἐκείνῳ,
1130 2420 1280 2488 φησὶ,
1334 2419 1410 2489 τῷ
1441 2421 1590 2488 τόπῳ
1628 2419 1886 2488 γεγονὼς,

223 2505 351 2557 ἔνθα
381 2506 475 2575 τὴν
505 2506 735 2570 διάλεξιν
762 2506 897 2577 πρὸς
922 2507 1011 2557 τὸν
1033 2507 1306 2574 Δεσπότην
1341 2509 1649 2574 ἐποιήσατο.
1680 2508 1772 2558 καὶ
1793 2506 1888 2576 τὴν

230 2590 353 2660 περὶ
400 2590 508 2642 τῶν
533 2593 591 2641 ἐν
643 2591 892 2660 Σοδόμοις
942 2591 1305 2659 παράκλησιν,
1340 2591 1485 2659 ἐώρα
1518 2592 1614 2659 τῆς
1654 2591 1889 2661 φοϐερᾶς

221 2677 437 2747 ἐκείνης
459 2678 728 2748 τιμωρίας
761 2678 827 2729 τά
850 2679 990 2747 ἴχνη,
1016 2680 1108 2730 καὶ
1127 2678 1218 2730 τοῦ
1249 2678 1457 2730 δικαίου
1481 2678 1663 2730 ἐνεκεν
1700 2679 1889 2747 μαθεῖν

222 2781 273 2816 τι
307 2763 587 2835 ἐπεθύμει.
614 2763 864 2816 Τοιοῦτον
890 2764 999 2834 γὰρ
1025 2764 1132 2816 τῶν
1160 2764 1328 2831 ἁγίων
1356 2766 1416 2815 τὸ
1441 2764 1577 2826 ἔθος,
1612 2764 1891 2834 φιλόστορ-

225 2865 318 2916 γον
352 2851 443 2901 καὶ
478 2849 912 2919 συμπαθητικόν.
970 2850 1077 2901 Καὶ
1123 2850 1212 2902 ἵνα
1271 2850 1455 2921 διδάξῃ
1507 2852 1650 2920 ἡμᾶς
1702 2852 1735 2920 ἡ
1772 2851 1890 2902 θεία

225 2936 433 3006 Γραφὴ,
464 2937 545 2997 ὄτι
579 2936 779 2999 εὐθέως
822 2936 968 3005 αὐτῷ
996 2937 1186 2988 τούτου
1227 2937 1325 3007 τὴν
1356 2937 1554 3003 γνῶσιν
1580 2936 1889 3008 ἑνέθηκενὴ

223 3021 317 3074 τοῦ
351 3022 668 3091 Πνεύματος
706 3023 886 3092 χάρις,
942 3023 1073 3092 ὁμοῦ
1114 3024 1169 3075 δέ
1201 3025 1294 3076 καὶ
1326 3023 1415 3076 τὸν
1446 3024 1651 3076 δίκαιον
1678 3025 1763 3077 ἵνα
1791 3026 1890 3094 τῆς

227 3110 352 3180 περί
382 3109 475 3161 τοῦ
514 3109 638 3161 Λὼτ
688 3109 972 3181 ἀπαλλάξῃ
1009 3111 1282 3180 φροντίδος
1314 3124 1362 3173 ιι,
1416 3112 1612 3180 φησίν*
1659 3113 1760 3165 Ἐν
1812 3112 1890 3179 τῷ

224 3196 491 3265 ἐκτρῖψαι
518 3199 735 3265 Κύριον
770 3199 874 3262 τὰς
899 3202 1107 3264 πόλεις
1140 3198 1247 3266 τῆς
1272 3202 1593 3266 περιοίκου,
1617 3201 1890 3270 ἐμνήσθη

224 3287 258 3337 ὀ
284 3286 426 3351 Θεὸς
452 3285 561 3339 τοῦ
619 3286 893 3354 Ἀϐραὰμ,
947 3287 1045 3338 καὶ
1100 3286 1491 3349 ἐξαπέστειλε
1519 3286 1625 3340 τὸν
1656 3289 1786 3343 Λὼτ
1822 3288 1891 3342 ἐκ

222 3370 415 3440 μέσου
444 3372 554 3437 τῆς
577 3372 1018 3440 καταστροφῆς.
1046 3374 1109 3424 Τί
1137 3376 1303 3435 ἐστιν,
1340 3375 1646 3442 Ἐμνήσθη
1678 3378 1710 3427 ὀ
1749 3375 1892 3440 Θεὸς

227 3455 333 3508 τοῦ
379 3455 624 3523 Ἁϐραάμ
649 3472 667 3519 ;
697 3456 809 3525 Τῆς
838 3456 1250 3525 παρακλήσεως,
1278 3459 1460 3527 φησὶν,
1482 3454 1549 3530 ἦς
1578 3460 1888 3528 ἐποιήσατο,

226 3540 418 3609 λέγων,
448 3542 546 3609 Μὴ
583 3543 1017 3609 συναπολέσῃς
1049 3542 1283 3596 δίκαιον
1327 3546 1478 3612 μετὰ
1515 3546 1796 3611 ἀσεϐοῦς.
1827 3547 1891 3598 Τί

226 3627 340 3689 οὖν,
367 3629 431 3682 ἂν
461 3630 604 3682 εἴποι
630 3646 734 3691 τις,
781 3630 868 3682 διὰ
895 3629 992 3700 τήν
1034 3630 1377 3700 παράκλησιν
1423 3632 1517 3684 τοῦ
1553 3633 1890 3703 πατριάρχου

225 3718 254 3768 6
292 3716 495 3779 δίκαιος
518 3715 770 3786 διεσώθη,
801 3716 896 3768 καὶ
932 3716 1051 3786 οὐχ).
1091 3716 1177 3769 διὰ
1204 3716 1303 3786 τὴν
1345 3717 1477 3769 ἰδίαν
1510 3718 1890 3788 δικαιοσύνην;

226 3803 356 3866 Ναὶ,
388 3804 481 3855 καὶ
535 3803 623 3855 διὰ
653 3804 752 3874 τὴν
786 3802 1127 3873 παράκλησιν
1179 3804 1272 3856 τοῦ
1335 3807 1707 3874 πατριάρχου·
1765 3806 1893 3858 ὅταν

226 3889 338 3957 γὰρ
361 3888 427 3941 τὰ
451 3892 580 3960 παρ’
614 3890 821 3941 ἑαυτῶν
854 3889 1372 3958 συνεισενέγκωμεν,
1403 3891 1495 3941 καὶ
1521 3893 1553 3960 ἡ
1598 3890 1751 3960 παρά
1787 3890 1891 3943 τῶν

225 3977 453 4031 δικαίων
487 3976 633 4047 [449]
656 3976 921 4047 πρεσϐεία
937 3976 1006 4029 τὰ
1035 3977 1268 4044 μέγιστα
1294 3978 1442 4046 ἡμᾶς
1466 3978 1723 4046 ὀνίνησιν.
1743 3977 1894 4029 Ἐπεὶ

227 4064 326 4117 ἐάν
356 4064 510 4117 αὐτοὶ
536 4063 633 4132 μὲν
670 4063 1024 4134 ῥαθυμῶμεν,
1057 4062 1153 4125 τὰς
1175 4063 1229 4115 δὲ
1254 4062 1474 4126 ἐλπίδας
1497 4062 1596 4133 τῆς
1622 4063 1894 4133 ἡμετέρας

230 4151 505 4221 σωτηρίας
553 4152 639 4203 ἐπ’
693 4150 923 4212 ἐκείνοις
983 4150 1164 4219 μόνοις
1214 4149 1514 4218 ποιώμεθα,
1563 4150 1713 4202 οὐδὲν
1763 4151 1894 4220 ἡμῖν

227 4239 384 4291 ἐσται
414 4238 605 4291 πλέον’
636 4238 735 4291 οὐκ
763 4238 947 4307 ἐπειδὴ
974 4238 1217 4299 ἀσθενεῖς
1248 4238 1296 4289 οἰ
1319 4237 1536 4299 δίκαιοι,
1569 4237 1683 4289 ἀλλ’
1706 4236 1893 4307 ἐπειδή

226 4328 391 4397 ἡμεῖς
418 4325 506 4378 διὰ
536 4326 635 4395 τῆς
657 4325 864 4388 οἰκείας
896 4324 1164 4395 ῥᾳθυμίας
1191 4325 1413 4387 ἑαυτοὺς
1446 4325 1783 4396 προδίδομεν.

304 4414 371 4483 β’.
415 4415 523 4467 Καὶ
565 4414 649 4466 ἵνα
697 4411 872 4483 μάθῃς
908 4413 1023 4472 ὅτι,
1059 4414 1186 4464 ὅταν
1220 4411 1532 4481 ἀμελῶμεν,
1569 4413 1672 4465 κᾶν
1696 4412 1892 4464 δίκαιοι

226 4493 363 4553 ὦσιν
402 4502 450 4552 οί
498 4500 637 4570 ὑπὲρ
667 4499 822 4570 ἡμῶν
874 4497 1318 4568 παρακαλοῦντες
1346 4539 1361 4562 ,
1406 4498 1508 4552 κᾶν
1576 4498 1890 4568 προφῆται,

227 4586 540 4659 οὐδένὴμῖν
574 4591 637 4642 ἐκ
658 4588 845 4642 τούτου
875 4588 1065 4656 ὄφελος
1096 4588 1302 4654 γίνεται
1355 4586 1583 4656 (ἐκεῖνοι
1639 4588 1736 4656 μὲν
1784 4587 1894 4657 γὰρ

226 4677 329 4747 τὴν
360 4676 567 4728 ἑαυτῶν
600 4675 796 4745 ἀρετὴν
825 4675 916 4727 καὶ
948 4673 1035 4725 διὰ
1065 4673 1267 4725 τούτων
1300 4672 1714 4737 ἐπιδείκνυνται,
1763 4675 1893 4742 ἡμῖν

229 4764 286 4816 δὲ
313 4763 541 4832 οὐδεμία
568 4761 718 4813 ἐσται
755 4761 939 4832 ὄνησις
980 4760 1068 4815 διὰ
1095 4760 1184 4812 τὸν
1210 4762 1405 4812 οἰκεῖον
1434 4758 1687 4829 τρόπον),
1735 4759 1895 4812 ἄκου-

232 4868 323 4904 σον
353 4850 446 4902 τοῦ
472 4849 578 4902 τῶν
604 4848 738 4902 ὅλων
776 4848 908 4901 Θεοῦ
930 4850 1063 4919 πρὸς
1089 4849 1180 4901 τὸν
1215 4849 1278 4900 ἐκ
1312 4847 1521 4909 κοιλίας
1564 4847 1894 4914 άγιασθέντα

240 4939 510 5006 Ἰερεμίαν
530 4937 621 4988 τὸν
649 4937 933 5006 προφήτην
962 4935 1185 5002 λέγοντα
1210 4951 1223 4965 ·
1251 4933 1346 5001 Μὴ
1382 4936 1722 5002 προσεύχου
1768 4934 1895 5001 περὶ

231 5026 338 5078 τοῦ
390 5024 542 5078 λαοῦ
572 5026 808 5087 τούτου,
859 5022 949 5077 ὅτι
977 5025 1087 5075 οὐκ
1121 5021 1553 5088 εἰσακούσομαί
1574 5038 1707 5073 σου.
1752 5021 1895 5090 Ὅρα

232 5111 323 5164 τοῦ
348 5111 616 5163 Δεσπότω
642 5108 1049 5178 φιλανθρωπίαν
1069 5125 1083 5139 ·
1112 5107 1363 5176 προλέγει
1396 5106 1473 5175 τῷ
1506 5108 1774 5177 προφήτῃ,
1807 5108 1896 5161 ἵνα

238 5198 310 5267 μὴ
346 5198 484 5267 μετὰ
526 5197 586 5247 τὸ
632 5193 1029 5265 προσεύξασθαι
1090 5193 1487 5263 παρακουσθελς
1512 5231 1527 5255 ,
1577 5191 1769 5264 νομίσῃ
1812 5194 1894 5247 ὅτι

234 5284 322 5335 διά
342 5283 440 5353 τὴν
471 5284 599 5352 παρ’
636 5281 801 5334 αὐτοῦ
835 5282 1010 5333 αἰτίαν
1038 5280 1197 5332 τοῦτο
1241 5280 1552 5348 γεγένηται.
1605 5279 1703 5331 Διά
1739 5282 1895 5334 τοῦτο

238 5366 338 5437 ήδη
367 5366 671 5439 προμηνύει
702 5367 850 5436 αὐτῷ
875 5367 972 5436 τὴν
998 5365 1193 5419 κακίαν
1226 5363 1319 5416 τόῦ
1345 5363 1498 5425 λαοῦ,
1528 5365 1621 5416 καὶ
1649 5365 1893 5419 διαστέλ-

236 5454 383 5508 λεται
416 5456 492 5526 μὴ
538 5454 977 5526 προσεύξασθαι,
1014 5454 1098 5505 ἴνα
1129 5453 1223 5505 καὶ
1254 5452 1410 5514 αὐτὸς
1443 5450 1637 5505 εἰδέναι
1672 5451 1769 5523 ἐχῃ
1796 5454 1895 5523 τῆς

242 5544 499 5611 πονηρίας
539 5542 761 5595 ἐκείνων
810 5543 903 5613 τὴν
944 5541 1212 5602 ἐπίτασιν,
1260 5541 1501 5591 κάκεῖνοι
1544 5539 1786 5608 μάθωσιν
1822 5540 1897 5602 ὼς

241 5626 387 5679 οὐδὲν
415 5628 595 5692 αὐτοῖς
622 5630 651 5679 6
680 5631 964 5699 προφήτης
995 5625 1391 5697 συμϐάλλεται,
1426 5626 1474 5676 εἰ
1509 5625 1584 5695 μή
1617 5627 1711 5678 καὶ
1744 5626 1895 5679 αὐτοί

244 5713 306 5765 τά
336 5718 464 5784 παρ’
492 5716 696 5767 ἑαυτῶν
723 5715 1050 5782 εἰσενεγκεῖν
1082 5713 1431 5783 βουληθῶσιν.
1470 5713 1645 5783 Ὅπερ
1671 5714 1887 5779 εἰδότες,

297 5816 494 5882 '_Savi|.
520 5824 571 5867 et
612 5821 806 5881 quidam
848 5822 928 5869 alii
971 5822 1046 5867 ἵνα
1081 5825 1163 5877 τῆς
1198 5819 1301 5877 περὶ
1342 5816 1424 5865 τοῦ
1447 5818 1630 5866 δικαίου
1648 5820 1888 5882 φροντίδος

244 5876 477 5940 ἀπαλλάξῃ
498 5876 654 5929 αὐτόν.

1338 313 1408 369 ΙΝ
1444 312 1594 370 CAP.
1639 313 1759 369 XIX
1801 313 2044 373 GENES.
2089 315 2321 373 HOMIL.
2359 315 2540 374 XLIV.

3537 330 3642 381 408

1985 430 2259 501 ἀγαπητοὶ
2282 471 2297 494 ,
2354 430 2783 502 καταφεύγωμεν
2844 432 2944 503 μὲν
3010 433 3104 487 ἐπὶ
3162 432 3261 496 τάς
3313 435 3422 489 τῶν
3477 437 3647 504 ἁγίων

1988 518 2305 586 πρεσϐείας,
2331 519 2423 571 καὶ
2439 519 2845 589 παρακαλῶμεν
2865 519 3004 572 ὥστε
3020 519 3162 590 ὑπὲρ
3185 520 3342 590 ἡμῶν
3364 522 3641 592 δεηθῆναι,

1982 604 2115 656 ἀλλὰ
2158 606 2230 675 μὴ
2270 608 2391 667 ταῖς
2427 606 2649 659 ἐκείνων
2680 606 2908 669 ἰκεσίαις
2955 607 3112 676 μόνον
3145 607 3469 679 θαρρῶμεν,
3509 611 3646 664 ἀλλά

1983 692 2076 742 καὶ
2101 691 2255 744 αὐτοὶ
2276 691 2345 743 τά
2372 690 2493 744 καθ’
2529 694 2751 755 ἑαυτοὺς
2772 693 2998 755 δεόντως
3024 695 3530 765 οἰκονομῶμεν,-καὶ
3547 698 3646 767 τῆς

1986 776 2079 828 ἐπὶ
2109 775 2172 828 τὸ
2204 776 2410 844 βέλτιον
2441 776 2745 846 μεταϐολῆς
2775 778 3056 847 ἐχώμεθα,
3105 779 3194 833 ἵνα
3243 780 3427 851 χώραν
3470 782 3648 852 δῶμεν

1982 866 2049 934 τῇ
2085 864 2351 935 πρεσϐείᾳ
2376 869 2446 936 τῇ
2474 865 2616 936 ὐπὲρ
2642 864 2798 935 ἡμῶν
2839 868 3117 938 γινομένῃ.
3162 867 3330 920 Τοῦτο
3377 870 3470 921 καὶ
3511 871 3649 939 πρὸς

1983 949 2170 1020 ἕτερον
2210 951 2496 1022 προφήτην
2603 951 2766 1020 φησὶν
2808 953 2840 1003 6
2881 952 2988 1003 τῶν
3031 953 3287 1007 ἁπάντων
3327 954 3602 1025 Δεσπότης
3631 968 3645 983 ⁸

1978 1040 2102 1107 οὐχ
2155 1037 2298 1105 ὁρᾷς
2346 1039 2402 1091 τί
2453 1037 2621 1091 αὐτοὶ
2672 1037 2913 1091 ποιοῦσι
2928 1054 2947 1099 ;
3003 1037 3262 1107 Θυμιῶσι
3308 1042 3510 1109 στέαρ,
3548 1041 3650 1095 και

1984 1120 2260 1188 χαυῶνας
2282 1120 2521 1175 ποιοῦσι
2549 1118 2626 1187 τῇ
2650 1117 2901 1189 στρατιᾷ
2924 1119 3032 1173 τοῦ
3053 1123 3343 1189 οὐρανοῦ⁹
3370 1126 3650 1195 μονονουχὶ

1984 1205 2157 1272 λέγων
2194 1207 2329 1275 πρὸς
2352 1207 2514 1260 αὐτόν
2539 1219 2554 1236 °
2597 1205 2766 1276 ’Υπὲρ
2803 1206 3009 1259 τούτων
3041 1223 3107 1276 με
3139 1210 3475 1276 παρακαλεῖς
3495 1249 3509 1270 ,
3541 1212 3651 1264 τῶν

1983 1292 2081 1360 οὐχ
2130 1292 2430 1362 ἱσταμένων
2467 1292 2568 1361 τῆς
2607 1293 2908 1362 πονηρίας,
2942 1292 3053 1345 τῶν
3100 1293 3352 1362 οὐδεμίαν
3400 1297 3651 1365 αἴσθησιν

1984 1379 2372 1449 λαμϐανόντων
2416 1380 2518 1449 τῆς
2566 1379 2723 1432 νόσου
2771 1382 2829 1432 ἐν
2959 1381 3301 1450 κατέχονται,
3347 1382 3458 1435 ἀλλ’
3482 1384 3650 1448 οὕτως

1984 1467 2305 1536 ἀναλγήτως
2327 1467 2713 1536 διακειμένων;
2754 1467 2864 1535 Οὐχ
2888 1467 3021 1537 ὁρᾷς
3044 1467 3222 1521 αὐτῶν
3248 1468 3351 1540 τήν
3375 1470 3648 1541 ὑπερϐάλο

1982 1553 2180 1606 λουσαν
2230 1556 2668 1624 καταφρόνησιν;
2717 1554 2778 1606 οὐ
2826 1553 3041 1623 βλέπεις
3090 1555 3270 1609 αὐτῶν
3313 1556 3412 1626 τὴν
3457 1559 3651 1627 μανίαν

1981 1640 2080 1709 τὴν
2112 1640 2352 1710 πολλήν;
2388 1640 2505 1702 πῶς
2531 1640 2744 1693 οὐδέπω
2771 1640 2931 1710 κόρον
2954 1641 3207 1711 εἰλήφασι
3238 1642 3339 1712 τῆς
3376 1644 3648 1709 ἀσεϐείας,

1983 1725 2120 1779 ἀλλά
2164 1726 2415 1797 καθάπερ
2460 1718 2524 1789 ὗς
2570 1728 2629 1779 ἐν
2673 1726 2918 1798 βορϐόρῳ
2940 1767 2955 1791 ,
2998 1728 3173 1790 οὕτως
3216 1729 3648 1796 ἑγκαλινδοῦνται

1982 1816 2102 1875 ταῖς
2126 1812 2355 1875 οἰκείαις
2399 1813 2797 1884 παρανομίαις;
2838 1814 2930 1884 Μή
2956 1814 3064 1885 γὰρ
3087 1853 3103 1876 ,
3137 1817 3185 1867 εἰ
3214 1816 3495 1870 ἐϐούλοντο
3526 1820 3644 1870 ἐπιο

1987 1897 2263 1967 στρέφειν,
2296 1898 2714 1968 παρακληθῆναι
2753 1899 3041 1968 ἀνέμενον;
3083 1902 3197 1952 Οὐκ
3228 1900 3338 1968 ἐγώ
3364 1903 3481 1971 εἰμι
3508 1905 3537 1956 6
3564 1904 3649 1957 διὰ
3752 1888 3764 1897 ’

1983 1982 2092 2034 τῶν
2128 1983 2425 2051 προφητῶν
2467 1983 2604 2053 βοῶν
2648 1984 2742 2036 καὶ
2774 1984 2945 2050 λέγων
2974 2001 2988 2015 ο
3033 1986 3142 2038 Καὶ
3185 1982 3358 2039 εἷπον
3390 1989 3539 2056 μετὰ
3583 1991 3648 2042 τὸ

1986 2069 2315 2135 πορνεῦσαι
2370 2067 2565 2133 αὑτήν
2587 2085 2604 2102 ο
2639 2069 2800 2122 Μετὰ
2862 2070 3047 2123 ταῦτα
3113 2070 3310 2124 πάντα
3371 2074 3514 2141 πρός
3575 2092 3652 2142 με

1985 2154 2394 2221 ἀνάστρεψον,
2426 2155 2524 2208 καὶ
2553 2158 2663 2209 οὐκ
2693 2156 3066 2224 ἀνέστρεψε;
3090 2158 3186 2226 Μή
3227 2159 3336 2229 γὰρ
3372 2160 3558 2231 ἐτερόν
3598 2178 3652 2216 τι

1987 2240 2152 2307 ζητῶ,
2183 2241 2215 2309 ἡ
2250 2241 2560 2294 παύσασθαι
2579 2242 2681 2311 τῆς
2708 2244 2972 2313 πονηρίας
3001 2243 3181 2312 μόνον,
3208 2245 3303 2298 καὶ
3333 2247 3521 2314 στῆναι
3544 2247 3653 2300 τῶν

1988 2326 2173 2377 κακῶν
2194 2343 2207 2389 ;
2242 2326 2315 2397 μὴ
2345 2327 2453 2397 γὰρ
2477 2327 2616 2398 ὐπέρ
2639 2329 2748 2381 τῶν
2768 2328 3144 2399 παρελθόντων
3172 2332 3401 2395 εὐθύνας
3415 2334 3659 2398 ἀπαιτῶ,

1986 2413 2081 2465 ἐὰν
2127 2413 2218 2465 ῖδω
2276 2413 2702 2482 μεταϐάλλεσθαι
2746 2415 3138 2485 βουλομένους;
3171 2419 3229 2471 οὐ
3263 2420 3386 2472 καθ’
3415 2421 3653 2490 ἑκάστην

1986 2500 2201 2570 ἡμέραν
2254 2500 2360 2570 βοῶ
2400 2501 2568 2569 λέγων
2594 2518 2606 2530 ·
2634 2504 2717 2555 Οὐ
2764 2504 3009 2571 θελήσει
3059 2506 3211 2559 θέλω
3252 2507 3357 2559 τὸν
3395 2507 3655 2562 θάνατον

1986 2587 2091 2639 τοῦ
2135 2588 2507 2655 ἀμαρτωλοῦ,
2550 2590 2630 2654 ὠς
2673 2589 2741 2643 τὸ
2783 2591 3139 2660 ἐπιστρέψαι
3169 2592 3403 2661 καὶζῆν
3433 2596 3653 2659 αὐτόν;

1987 2673 2060 2724 Οὐ
2091 2674 2179 2725 διὰ
2207 2674 2367 2727 τοῦτο
2394 2676 2569 2728 πάντα
2603 2676 2741 2729 ποιῶ
2760 2718 2774 2740 ,
2808 2677 2894 2730 ἵνα
2922 2678 3023 2747 τῆς
3066 2679 3335 2742 ἀπωλείας
3363 2680 3654 2751 ἐξαρπάσω

1987 2761 2111 2823 τοὺς
2126 2762 2215 2813 ἐπὶ
2241 2764 2305 2832 τῇ
2333 2763 2507 2833 πλάνῃ
2533 2764 3110 2834 προκατειλημμένους
3130 2782 3143 2829 ;
3167 2766 3260 2837 Μὴ
3284 2767 3412 2835 γὰρ,
3441 2767 3534 2819 ἐάν
3563 2767 3654 2820 ίδω

1993 2847 2515 2915 μεταϐαλλομένους,
2543 2849 2934 2920 ὐπερτίθεμαι;
2961 2851 3073 2903 Οὐκ
3095 2851 3203 2919 ἐγώ
3232 2853 3344 2921 εἰμι
3377 2854 3404 2904 6
3438 2852 3609 2919 λέγων
3637 2870 3653 2885 ο

1992 2935 2120 2987 Ἔτι
2164 2934 2506 2998 λαλοῦντός
2555 2952 2671 2989 σου
2717 2935 2866 3002 ἐρῶ·
2911 2936 3057 2990 Ἰδοὺ
3101 2937 3372 3006 πάρειμι;
3424 2939 3514 3010 Μὴ
3548 2939 3657 3008 γὰρ

1988 3020 2161 3084 οὕτως
2196 3022 2349 3073 αὐτοί
2382 3021 2706 3091 ἐπιθυμοῦσι
2734 3023 2831 3091 τῆς
2856 3022 3063 3075 ἑαυτῶν
3090 3025 3380 3094 σωτηρίας,
3430 3025 3505 3087 ὼς
3534 3027 3659 3096 ἐμοὶ

1990 3108 2457 3178 περισπούδαστόν
2485 3110 2632 3161 ἐστιν
2665 3109 2910 3172 ἅπαντας
2938 3110 3253 3180 ἀνθρώπους
3286 3111 3541 3180 σωθῆναι,
3564 3113 3659 3164 καὶ

1990 3199 2067 3258 εἰς
2093 3197 2385 3263 ἐπίγνωσιν
2411 3196 2665 3266 ἀληθείας
2699 3197 2873 3249 ἐλθεῖν
2898 3216 2913 3261 ς
2945 3196 3095 3268 [450]
3136 3197 3225 3265 Μὴ
3255 3198 3362 3266 γὰρ
3391 3198 3476 3250 διὰ
3502 3193 3671 3271 τοῦτὸξ

1992 3299 2047 3333 σε
2088 3284 2195 3335 ἀπὸ
2224 3283 2318 3335 τοῦ
2348 3284 2421 3353 μή
2455 3285 2604 3347 ὄντος
2638 3285 2978 3355 παρήγαγον,
3018 3287 3104 3340 ἵνα
3132 3286 3414 3351 ἀπολέσω;
3451 3287 3523 3358 μή
3548 3288 3656 3357 γὰρ

1990 3370 2112 3438 εἰκῆ
2146 3372 2245 3440 τὴν
2279 3371 2554 3440 βασιλείαν
2593 3371 2685 3425 καὶ
2727 3371 2798 3424 τὰ
2846 3373 3015 3442 μυρία
3044 3372 3135 3425 καὶ
3165 3372 3447 3444 ἀπόρρητα
3480 3374 3659 3441 ἀγαθά

1990 3460 2327 3529 ηὐτρέπισα;
2354 3460 2487 3529 (ἰύχί
2525 3460 2613 3513 διά
2651 3460 2809 3513 τοῦτο
2849 3462 2943 3513 καὶ
2984 3463 3206 3528 γέενναν
3248 3463 3541 3533 ἠπείλησα,
3570 3464 3658 3517 ἵνα

1992 3551 2067 3610 εἰς
2102 3550 2201 3620 τὴν
2237 3549 2511 3618 βασιλείαν
2543 3551 2786 3614 ἅπαντας
2816 3552 2909 3605 καὶ
2945 3552 3033 3605 διὰ
3074 3552 3263 3605 τούτου
3296 3553 3520 3623 δραμεῖν
3551 3571 3658 3605 πα-

1995 3639 2355 3707 ρασκευάσω;
2385 3640 2475 3710 Μή
2501 3640 2679 3693 τοίνυν
2705 3683 2719 3705 ,
2748 3635 2793 3693 ὦ
2830 3641 3062 3712 μακάριε
3093 3643 3346 3712 προφῆτα
3367 3684 3380 3705 ,
3419 3641 3658 3705 ἐκείνους

1993 3725 2439 3796 καταλιμπάνων,
2474 3728 2597 3796 ἐμοὶ
2623 3728 2864 3796 πρόσαγε
2907 3730 3006 3797 τήν
3038 3728 3381 3799 παράκλησιν
3405 3770 3419 3794 ,
3449 3729 3563 3781 ἀλλ’
3600 3730 3659 3780 ἐν

1994 3829 2075 3865 σοι
2096 3811 2254 3864 τοῦτο
2278 3813 2365 3866 διά
2387 3804 2621 3881 σπουδῆς
2646 3814 2807 3877 ἔστω,
2839 3814 2977 3866 ὥστε
3004 3815 3103 3882 τῆς
3131 3814 3352 3866 ἐκείνων
3377 3815 3532 3867 νόσου
3564 3833 3656 3867 πεο

1996 3900 2320 3969 ριγενέσθαι,
2360 3901 2454 3953 καί⁵
2496 3902 2575 3962 εἰς
2616 3900 2867 3971 αἴσθησιν
2908 3901 3131 3968 ἀγαγεῖν
3179 3899 3280 3970 τῆς
3325 3901 3653 3970 ἀρρωστίας,

1995 3991 2087 4042 καὶ
2119 3989 2252 4059 πρὸς
2281 3988 2489 4057 ὑγίειαν
2530 3990 2894 4056 ἐπαναγαγεῖν
2917 4030 2930 4053 ,
2960 3990 3054 4041 καὶ
3090 3988 3162 4042 τά
3192 3989 3321 4059 παρ’
3355 3988 3490 4059 ἐμοῦ
3521 3990 3657 4041 πάν-

1993 4092 2100 4138 τως
2132 4074 2341 4143 ἑψεται.
2371 4077 2444 4128 Οὐ
2471 4075 2579 4146 γάρ
2612 4075 2807 4145 μέλλω,
2835 4076 2954 4128 οὐδὲ
2993 4074 3400 4144 ἀναϐάλλομαι,
3437 4075 3658 4129 ἐπειδὰν

1996 4163 2089 4216 ῐδω
2114 4162 2292 4233 ψυχὴν
2318 4162 2633 4232 εὐγνώμονα
2656 4179 2671 4193 ⁸
2696 4162 2753 4215 ἐν
2774 4163 2881 4232 γὰρ
2905 4163 3063 4233 μόνον
3085 4161 3343 4232 ἐπιζητῶ,
3368 4162 3657 4232 ὁμολογίαν

1993 4249 2101 4301 τῶν
2133 4249 2528 4319 ἐπταισμένων,
2556 4250 2649 4303 καὶ
2673 4249 2773 4303 οὐκ
2797 4249 2876 4302 ἐτι
2902 4249 3001 4320 τήν
3026 4250 3117 4302 ἐπὶ
3148 4252 3258 4313 τοῖς
3278 4251 3656 4320 ἐπταισμένοις

1992 4336 2146 4405 δίκην
2201 4335 2410 4403 ἐπάγω.
2465 4335 2556 4407 Μὴ
2596 4336 2704 4407 γὰρ
2752 4336 2888 4406 βαρύ
2939 4354 2990 4389 τι
3037 4338 3130 4389 καὶ
3175 4337 3407 4407 ἐπαχθὲς
3437 4337 3498 4389 τὸ
3528 4339 3655 4407 παρ’

1994 4422 2128 4491 ἐμοῦ
2168 4422 2610 4493 προτεινόμενον;
2652 4423 2715 4474 Εἰ
2755 4422 2829 4492 μὴ
2871 4422 3017 4491 ᾔδειν
3060 4421 3273 4492 χείρους
3316 4424 3654 4492 γινομένους,
3766 4494 3772 4500 ⁸

1993 4510 2058 4561 ἐκ
2105 4509 2198 4561 τοῦ
2247 4509 2321 4579 μή
2359 4508 2690 4578 ὁμολογῆσαι
2727 4507 2798 4560 τά
2832 4509 3070 4579 πρότερα
3114 4510 3482 4579 ἁμαρτήματα
3508 4549 3522 4570 ,
3556 4511 3656 4561 οὐκ

1994 4593 2060 4647 ἂν
2081 4595 2199 4647 οὐδέ
2227 4594 2381 4648 τοῦτο
2411 4595 2654 4663 ἐζήτουν.
2698 4594 2837 4646 Ἀλλ’
2872 4595 3057 4663 ἐπειδὴ
3086 4591 3200 4646 οἶδα
3229 4595 3289 4646 τὸ
3322 4595 3430 4647 τῶν
3453 4596 3657 4666 ἀνθρώ-

1995 4700 2112 4736 πων
2148 4682 2303 4751 γένος
2347 4682 2544 4752 μᾶλλον
2590 4684 2725 4752 πρὸς
2764 4682 2958 4735 κακίαν
2983 4684 3167 4753 ῥέπον,
3207 4682 3294 4735 διά
3328 4684 3484 4735 τοῦτο
3533 4683 3653 4752 βού-

1994 4768 2157 4840 λομαι
2180 4770 2249 4823 τά
2276 4769 2514 4841 πρότερα
2541 4769 2867 4839 ὁμολογῆσαι
2898 4770 3265 4839 ἁμαρτήματα
3288 4810 3302 4834 ,
3346 4770 3434 4824 ἵνα
3464 4772 3497 4842 ἡ
3532 4774 3658 4841 ὁμο·-

1994 4856 2148 4922 λογία
2191 4856 2418 4929 κώλυμα
2465 4857 2649 4920 αὐτοῖς
2692 4857 2919 4926 γένηται
2954 4857 3091 4928 πρὸς
3126 4856 3189 4909 τὸ
3231 4856 3305 4931 μὴ
3333 4860 3446 4921 τοῖς
3477 4860 3656 4924 αὐτοῖς

1995 4964 2062 4999 πε
2071 4966 2192 5017 ριπε
2199 4950 2331 5001 σεῖν.

2064 5107 2131 5161 γ’.
2174 5093 2358 5147 Ταῦτα
2387 5092 2589 5155 τοίνυν,
2625 5090 2919 5161 ἀγαπητοὶ,
2951 5091 3421 5161 ἀναλογιζόμενοι,
3456 5096 3548 5145 καὶ
3572 5094 3655 5144 ἐν-

1994 5181 2240 5242 νοοῦντες
2264 5179 2357 5232 τοῦ
2385 5178 2659 5249 ἡμετέρου
2683 5178 2953 5231 Δεσπότου
2986 5180 3086 5249 τήν
3118 5178 3547 5248 φιλανθρωπίαν,
3580 5178 3656 5248 μὴ

1997 5268 2351 5339 ῥᾳθυμῶμεν,
2393 5265 2527 5318 ἀλλά
2570 5266 2831 5337 πρότερον
2892 5264 3084 5335 πολλὴν
3130 5265 3341 5319 ἑαυτῶν
3390 5263 3489 5333 τήν
3536 5264 3657 5315 ἐπι-

1997 5357 2217 5427 μέλειαν
2245 5352 2545 5422 ποιώμεθα,
2569 5357 2662 5406 καὶ
2691 5355 2782 5406 τὸν
2817 5355 2986 5423 ῥύπον
3018 5353 3112 5406 τὸν
3139 5353 3248 5406 ἀπὸ
3271 5351 3380 5404 τῶν
3409 5353 3657 5421 ἁμαρτη-

1998 5444 2181 5511 μάτων
2207 5439 2618 5509 ὲκκαθάρωμεν,
2646 5442 2741 5492 καὶ
2768 5438 2940 5502 οὕτως
2968 5439 3060 5491 ἐπὶ
3088 5438 3186 5500 τάς
3228 5436 3523 5507 πρεσϐείας
3547 5435 3657 5487 τῶν

1996 5528 2165 5597 ἁγίων
2214 5527 2550 5596 σπεύδωμεν.
2608 5528 2733 5579 Ἐὰν
2781 5526 2886 5597 γὰρ
2944 5524 3261 5595 βουλώμεθα
3315 5524 3503 5594 νήφειν
3563 5524 3667 5589 καὶ,

1996 5614 2373 5684 ἐγρηγορέναι,
2414 5615 2507 5666 καὶ
2530 5613 2597 5665 δι’
2628 5614 2834 5667 ἑαυτῶν
2858 5609 3297 5682 παρακαλοῦντες
3329 5610 3408 5661 τά·
3425 5609 3655 5678 μέγιστα

2002 5699 2325 5769 ὀνησόμεθα.
2370 5700 2585 5769 Ἐπειδὴ
2609 5699 2717 5770 γάρ
2742 5696 3117 5767 φιλάνθρωπός
3154 5698 3299 5748 ἐστιν
3335 5697 3362 5748 6
3385 5694 3653 5763 Δεσπότης

1995 5788 2024 5837 ὁ
2058 5785 2319 5857 ἡμέτερος
2341 5827 2354 5849 ,
2386 5786 2484 5855 οὐχ
2524 5785 2665 5838 οὕτω
2689 5785 2754 5837 δι’
2787 5785 2987 5853 ἑτέρων
3019 5782 3498 5853 παρακαλούμενος
3517 5780 3651 5848 ὐπὲρ

1996 5871 2150 5942 ἡμῶν
2193 5872 2451 5940 ἐπινεύει,
2496 5872 2570 5936 ὡς
2606 5872 2672 5924 δι’
2704 5870 2873 5941 ¹ἡμῶν
2918 5870 3113 5924 αὐτῶν.
3155 5870 3295 5939 ’Ὅρα
3326 5867 3649 5935 ἀγαθότητος
