4150 6276
443 318 546 373 409

446 427 746 500 δπερϐολὴν
771 443 785 458 ·
813 425 910 480 ἐὰν
936 425 1025 497 ῐδῃ
1055 424 1180 487 τοὺς
1210 421 1718 495 προσκεκρουκότας
1756 420 1902 491 ἡμᾶς
1927 458 1941 482 ,
1978 416 2104 478 τοὺς

445 514 844 588 ἡτιμωμένους,
869 515 993 575 τοὺς
1016 510 1283 583 μηδεμίαν
1308 507 1619 580 παρρησίαν
1640 506 1885 575 ἔχοντας,
1912 503 2107 572 μικρὸν

446 604 844 675 διεγερθέντας,
897 601 990 654 καὶ
1028 599 1120 651 ἐπὶ
1164 598 1256 650 τὸν
1300 596 1528 649 πλοῦτον
1567 596 1666 664 τῆς
1703 592 2108 664 φιλανθρωπίας

448 689 611 744 αὐτοῦ
651 690 984 756 καταφυγεῖν
1021 684 1417 753 ἐθελήσαντας,
1470 681 1669 744 εύθέως
1696 680 1937 732 ἐπινεύει
1986 680 2105 741 ταῖς

448 778 716 847 αἰτήσεσι,
762 775 851 828 καὶ
880 774 1034 842 χεῖρα
1079 770 1261 841 ὀρέγει
1305 767 1610 837 κειμένοις,
1664 766 1759 819 καὶ
1804 764 2109 833 διανίστησι

449 860 821 923 πεπτωκότας,
863 860 957 912 καὶ
1001 857 1099 927 βοᾷ.
1147 856 1321 923 λέγων
1348 870 1363 884 ·
1415 853 1512 920 Μὴ
1549 856 1582 905 ό
1616 853 1846 904 πίπτων
1875 852 1985 903 οὐκ
2012 850 2110 902 ἀν-

449 950 717 1012 ίσταται;
754 945 892 998 Ἀλλ’
929 945 1015 997 ἵνα
1054 941 1259 1013 μάθητε
1298 940 1390 992 καὶ
1412 939 1471 1002 ἐξ
1502 939 1678 991 αὐτῶν
1712 938 1819 990 τῶν
1852 935 2111 1006 πραγμά-

449 1052 577 1098 των,
641 1036 723 1087 ὅτι
772 1031 955 1085 πολλοὶ
1002 1030 1069 1083 δι’
1114 1026 1320 1081 ἑαυτῶν
1380 1027 1575 1096 μᾶλλον
1634 1024 2109 1094 παρακαλέσαντες

453 1120 676 1189 ἴσχυσαν
717 1119 988 1187 ἐπιτυχεῖν
1033 1115 1140 1167 τῶν
1186 1112 1631 1181 σπουδαζομένων
1652 1152 1669 1177 ,
1702 1112 1735 1182 ἢ
1763 1112 1827 1163 δι’
1861 1110 2065 1180 ἐτέρων
2092 1146 2108 1172 ,

449 1206 742 1273 ἀναγκαῖόν
766 1205 883 1257 ἐστι
914 1202 1039 1263 τοὺς
1065 1200 1417 1269 ἐπιτυχόντας
1439 1200 1517 1261 εις
1556 1198 1719 1267 μέσον
1747 1198 2107 1268 παραγαγεῖν,

450 1293 539 1343 ἵνα
573 1292 669 1344 καὶ
701 1290 860 1358 ἡμεῖς
895 1284 1264 1356 μιμησώμεθα
1284 1326 1299 1348 ,
1324 1284 1418 1337 καὶ
1440 1285 1519 1347 είς
1542 1283 1699 1354 ζῆλον
1723 1282 2109 1353 διεγερθῶμεν.

463 1376 806 1444 ’Δκούσωμεν
854 1370 1032 1424 τοίνυν
1077 1369 1193 1430 πῶς
1240 1371 1270 1440 ἡ
1304 1369 1585 1422 Χαναναία
1610 1370 1794 1439 ἐκείνη
1816 1369 1950 1438 γυνὴ
1984 1385 2112 1421 κατ-

453 1465 651 1525 ὡδυνος
692 1456 826 1514 οὖσα
852 1458 950 1528 τὴν
992 1457 1169 1526 ψυχὴν
1210 1456 1303 1510 καὶ
1344 1456 1657 1524 ἀλλόφυλος,
1679 1455 1865 1526 ἐπειδὴ
1889 1450 1995 1508 εἶδε
2020 1454 2111 1509 τὸν

452 1551 560 1602 τῶν
597 1547 788 1617 ψυχῶν
822 1544 1033 1615 ίατρὺν,
1062 1544 1156 1596 καὶ
1187 1543 1277 1595 τὸν
1304 1542 1451 1610 ἣλιον
1487 1542 1584 1613 τῆς
1611 1542 1953 1612 δικαιοσύνης
1982 1543 2113 1596 ἀνα·

453 1636 703 1688 τείλαντα
731 1634 843 1696 τοῖς
874 1633 933 1683 ἐν
969 1630 1147 1683 σκότει
1178 1628 1505 1698 καθημένοις
1528 1668 1544 1691 ,
1575 1629 1723 1692 ὅπως
1747 1630 1883 1699 μετά
1905 1628 2113 1700 θερμῆς

454 1723 550 1775 καὶ
574 1719 801 1788 ζεούσης
821 1715 1127 1787 προθυμίας
1149 1716 1247 1784 τὴν
1267 1714 1522 1786 πρόσοδον
1542 1715 1851 1785 ἐποιήσατο,
1878 1716 1971 1768 καὶ
1988 1714 2113 1767 οὔτε

453 1808 515 1862 τδ
552 1808 780 1874 γυναῖκα
811 1802 980 1872 αὐτὴν
1014 1798 1156 1855 εἶναι
1182 1840 1197 1864 ,
1226 1800 1349 1853 οὔτε
1376 1802 1436 1853 τὸ
1466 1801 1757 1871 ἀλλόφυλον
1782 1840 1797 1865 ,
1826 1802 2113 1872 ὀκνηροτέ-

457 1911 556 1963 ραν
590 1891 838 1960 γενέσθαι
869 1886 1279 1960 παρεσκεύασεν
1298 1927 1314 1950 ,
1350 1888 1484 1940 ἀλλά
1521 1888 1697 1941 πάντα
1722 1887 1791 1941 τὰ
1816 1888 2111 1959 κωλύματα

453 1981 625 2032 ταῦτα
672 1975 1044 2047 παρωσαμένη
1073 2014 1089 2038 ,
1148 1972 1522 2043 προσελθοῦσα
1577 1988 1777 2043 φησιν’
1822 1972 2112 2039 Ἐλέησόν

452 2084 544 2134 με,
576 2066 768 2132 Κύριε,
793 2063 883 2116 ὅτι
928 2061 966 2127 ἠ
1002 2060 1262 2130 θυγάτηρ
1299 2078 1418 2129 μου
1461 2059 1657 2126 κακῶς
1700 2060 2108 2130 δαιμονίζεται.

454 2152 595 2204 Ἀλλ’
625 2153 653 2203 ὁ
678 2150 745 2202 τά
771 2148 1057 2219 ἀπόρρητα
1081 2146 1179 2215 τῆς
1207 2146 1442 2209 διανοίας
1472 2142 1831 2217 ἐπιστάμενος
1860 2149 1987 2218 σιγᾷ
2018 2148 2113 2201 καὶ

454 2240 554 2290 οῦκ
582 2236 929 2307 ἀποκρίνεται
955 2274 970 2297 ,
1001 2233 1061 2286 ού
1089 2234 1251 2301 λόγου
1282 2234 1632 2303 μεταδίδωσιν
1652 2274 1665 2297 ,
1707 2234 1829 2286 ούδέ
1855 2235 2112 2305 οίκτείρει

454 2326 514 2377 τὸ
544 2323 784 2390 γύναιον,
807 2322 950 2392 ὁρῶν
980 2320 1118 2389 μετά
1138 2318 1404 2389 τοσαύτης
1423 2320 1666 2390 οἰμωγῆς
1692 2320 2112 2390 προσελθοῦσαν,

456 2409 607 2481 μὸι]
630 2408 766 2462 ἀλλά
796 2406 1158 2478 μακροθυμεῖ,
1194 2404 1511 2474 βουλόμενος
1541 2406 1633 2458 τὸν
1663 2406 1989 2459 λανθάνοντα
2017 2407 2115 2475 θη-

458 2497 657 2567 σαυρὸν
702 2496 759 2547 ἐν
794 2496 863 2563 τῇ
901 2493 1122 2561 γυναικὶ
1149 2490 1451 2561 κατάδηλον
1478 2491 1648 2544 ἀπασι
1674 2492 1919 2562 ποιῆσαι.
1961 2493 2115 2563 ’ῌδει

456 2584 562 2653 γὰρ
614 2581 705 2634 τὸν
768 2579 1144 2650 κρυπτόμενον
1192 2579 1576 2648 μαργαρίτην,
1609 2579 1667 2631 ὃν
1716 2580 1817 2632 οὐκ
1868 2579 2116 2632 ἐϐούλετο

456 2670 639 2723 λαθεῖν
680 2670 825 2739 ἡμᾶς
852 2682 865 2696 ’
918 2666 1011 2719 καὶ
1057 2666 1145 2719 διά
1196 2664 1355 2717 τοῦτο
1405 2665 1795 2730 ἀναϐάλλεται,
1856 2667 1948 2718 καὶ
1994 2665 2115 2718 ούδέ

457 2755 798 2827 ἀποκρίσεως
829 2752 990 2819 ἀξιοῖ,
1020 2753 1106 2805 ἴνα
1140 2753 1174 2822 ἡ
1209 2752 1376 2822 πολλὴ
1416 2753 1517 2822 τῆς
1542 2753 1798 2821 γυναικὸς
1827 2753 2116 2824 προσεδρία

456 2841 772 2896 διδασκαλία
805 2842 940 2894 πᾶσι
967 2840 1190 2910 γένηται
1226 2844 1338 2903 τοῖς
1363 2840 1502 2909 μετά
1528 2839 1714 2894 ταῦτα.
1752 2840 1860 2892 Καὶ
1891 2841 1990 2908 ὅρα
2022 2838 2115 2891 τοῦ

456 2929 591 2983 Θεοῦ
629 2928 729 2997 τὴν
759 2927 963 2995 ἄφατον
999 2926 1331 2997 ἀγαθότητα,
1385 2926 1556 2989 Αὐτὸς
1607 2927 1706 2997 μὲν
1728 2965 1742 2989 ,
1780 2928 1943 2997 φησὶν
1966 2968 1981 2990 ,
2018 2927 2118 2979 οὐκ

458 3016 791 3083 ἀπεκρίνατο
834 3015 971 3084 αὐτῇ
997 3014 1084 3066 'ol
1128 3013 1183 3066 δὲ
1240 3006 1478 3084 μαθηταὶ
1527 3014 1966 3085 συμπαθέστεροι
2023 3014 2118 3067 καὶ

459 3101 962 3174 φιλανθρωπότεροι
985 3098 1297 3169 νομίζοντες
1328 3095 1497 3167 εἷναι,
1529 3102 1588 3154 ού
1612 3101 1849 3171 τολμῶσι
1872 3100 2118 3172 φανερῶς

458 3191 663 3241 εἰπεῖν’
700 3188 989 3258 Παράσχου
1028 3188 1164 3255 αὐτῇ
1218 3186 1317 3255 τὴν
1362 3186 1578 3257 αἴτησιν
1602 3226 1617 3249 ,
1660 3187 1879 3257 ἐλέησον
1909 3187 2078 3257 αὐτὴν
2100 3227 2117 3252 ,

461 3272 886 3343 σπλαγχνίσθητι
908 3271 994 3325 ἐπ’
1023 3272 1161 3341 αὐτῇ
1188 3288 1203 3304 ο
1233 3272 1369 3325 ἀλλά
1398 3273 1490 3338 τί;
1530 3274 1871 3327 Ἀπόλυσον
1902 3274 2115 3340 αὐτὴν,

460 3360 549 3413 ὅτι
590 3358 783 3427 κράζει
818 3359 1069 3411 ὄπισθεν
1105 3355 1298 3426 ἡμῶν.
1333 3359 1618 3427 μονονουχὶ
1647 3358 1894 3425 λέγοντες
1916 3374 1932 3388 ο
1969 3359 2121 3411 ἐλευ-

463 3445 703 3516 θέρωσον
750 3445 899 3515 ἡμᾶς
944 3443 1043 3513 τῆς
1102 3443 1418 3513 ἐπαχθείας,
1469 3443 1772 3507 ἀπάλλαξον
1824 3444 1969 3514 ἡμᾶς
2020 3444 2121 3512 τῆς

463 3531 713 3602 κραυγῆς
742 3531 840 3601 τῆς
864 3528 994 3600 παρ’
1021 3529 1190 3599 αὐτῆς
1217 3530 1527 3600 γινομένης.
1558 3530 1624 3583 Τί
1647 3525 1738 3583 οῦν
1757 3532 1785 3583 ὁ
1810 3530 2117 3600 Δεσπότης;

461 3615 733 3686 Νομίζετέ
767 3632 857 3685 με,
888 3614 1076 3686 φησὶν,
1104 3614 1227 3684 είκῆ
1263 3615 1608 3684 σεσιγηκέναι
1631 3654 1647 3679 ,
1674 3615 1863 3686 καὶμὴ
1894 3614 2119 3679 ἀξιῶσαι

461 3703 629 3774 αὐτὴν
650 3702 1035 3773 ἀποκρίσεως;
1086 3701 1337 3755 Ἀκούετε
1362 3718 1376 3732 ·
1407 3704 1529 3757 Οὐκ
1561 3701 1915 3771 ἀπεστάλην
1946 3706 1998 3757 εί
2032 3703 2118 3773 μὴ

460 3793 547 3855 είς
576 3790 649 3845 τὰ
679 3791 942 3858 πρόϐατα
977 3787 1050 3842 τὰ
1096 3789 1452 3844 ἀπολωλότα
1484 3788 1652 3844 οἴκου
1690 3789 1959 3858 Ἰσραήλ.
2007 3792 2122 3844 Ούκ

462 3881 575 3932 ἴστε
602 3918 616 3943 ,
649 3878 813 3951 φησὶν
838 3918 853 3943 ,
881 3879 962 3932 ὅτι
993 3877 1287 3947 ἀλλόφυλός
1315 3878 1459 3931 ἐστιν
1482 3881 1515 3949 ἡ
1550 3880 1685 3949 γυνή
1713 3896 1729 3946 ;
1760 3880 1858 3934 οὐκ
1892 3880 2004 3934 ἴστε
2040 3882 2119 3935 ὅτι

463 3968 553 4018 καὶ
575 3968 704 4035 ύμῖν
737 3965 841 4037 ἡδη
871 3966 1237 4038 παρηγγύησα
1269 3968 1349 4030 είς
1382 3967 1499 4021 ὁδὸν
1531 3968 1697 4021 ἐθνῶν
1731 3969 1805 4041 μὴ
1836 3968 2117 4033 ἀπελθεῖν;

459 4054 617 4115 Τίνος
662 4050 756 4105 οῦν
796 4053 979 4105 ἐνεκεν
1022 4051 1194 4114 οὕτως
1233 4052 1601 4116 ἀνεξετάστως
1634 4055 1732 4124 τὴν
1781 4056 2121 4124 συμπάθειαν

460 4139 835 4191 ἐπιδείκνυσθε
860 4155 874 4203 ;
920 4139 1117 4191 Σκόπει
1142 4139 1241 4208 τὴν
1273 4139 1577 4207 εὐμήχανον
1598 4140 1691 4191 τοῦ
1725 4140 1859 4192 Θεοῦ
1894 4142 2084 4207 σοφίαν
2102 4180 2119 4204 ,

463 4224 580 4287 πῶς
614 4225 707 4277 καὶ
740 4224 831 4276 ὅτε
860 4223 1040 4287 ἔδοξεν
1072 4224 1483 4293 ἀποκρίνεσθαι,
1516 4225 1613 4294 τῆς
1640 4225 1797 4295 σιγῆς
1826 4226 2121 4296 βαρύτερον

462 4311 771 4365 καθικνεῖτο
800 4311 898 4379 τῆς
926 4310 1216 4378 γυναικὸς,
1256 4311 1351 4362 καὶ
1395 4312 1672 4381 μονονουχὶ
1716 4313 1931 4382 καιρίαν
1984 4316 2118 4386 αύτῇ

462 4400 660 4453 δέδωκε
690 4396 787 4467 τὴν
821 4397 1053 4468 πληγὴν,
1085 4399 1224 4451 κατά
1264 4396 1459 4467 μικρὸν
1499 4398 1666 4470 αὐτὴν
1704 4399 1964 4470 διεγεῖραι
2000 4401 2122 4470 βου-

461 4483 685 4553 λόμενος
711 4524 726 4547 ,
792 4484 879 4536 ἵνα
937 4483 1183 4554 μάθωσιν
1254 4483 1571 4551 ἀγνοοῦντες
1620 4486 1669 4537 οί
1728 4486 1967 4557 μαθηταὶ
2020 4490 2119 4559 τὴν

462 4572 918 4645 ἐγκεκρυμμένην
982 4572 1039 4625 ἐν
1114 4572 1251 4643 αὐτῇ
1314 4573 1517 4628 πίστιν.
1584 4574 1724 4627 Ἀλλ’
1775 4576 1897 4628 οὐδὲ
1948 4575 2121 4639 οὕτως

462 4664 786 4731 ινάρκησεν,
814 4660 934 4713 οὐδὲ
958 4659 1290 4733 ὀκνηροτέρα
1317 4661 1504 4729 γέγονε
1533 4660 1839 4734 θεασαμένη
1879 4664 1973 4717 καὶ
1995 4665 2120 4728 τοὺς

464 4748 713 4819 μαθητὰς
754 4747 907 4801 ούδέν
948 4746 1110 4801 πλέον
1155 4747 1479 4813 ἀνύσαντας,
1526 4750 1621 4802 καὶ
1665 4751 1765 4804 ούκ
1814 4746 1938 4803 εἷπε
1984 4751 2121 4821 πρὸς

462 4835 692 4904 ἐαυτὴψ
726 4834 789 4886 Εἰ
818 4834 954 4906 μηδὲ
996 4828 1141 4889 οὗτοι
1189 4834 1415 4909 ἴσχυσαν
1457 4835 1773 4906 δυσωπῆσαι
1825 4836 1924 4907 τὴν
1978 4838 2119 4909 ὑπὲρ

463 4918 598 4987 ἐμοῦ
629 4919 837 4973 ἱκεσίαν
866 4906 1251 4992 ποιησάμενοι,
1272 4906 1416 4988 τίνος
1446 4923 1635 4977 ἕνεκεν
1664 4924 1786 4995 εἰκῆ
1816 4906 1910 4978 καὶ
1940 4906 2120 4997 μάτην

462 5003 841 5073 προσεδρεύως
872 5006 1006 5059 ἀλλὰ
1033 5007 1284 5080 καθάπερ
1311 5010 1415 5063 ὑπὸ
1447 5012 1617 5081 πυρὸς
1649 5011 1953 5081 φλεγομένη
1977 5052 1992 5077 ,
2026 5013 2119 5066 καὶ

462 5091 857 5161 ἐμπιπραμένη
882 5092 973 5144 τὸν
1002 5092 1280 5164 λογισμὸν,
1310 5098 1406 5150 καὶ
1427 5098 1496 5152 τὰ
1524 5097 1805 5167 σπλάγχνα
1832 5098 2122 5153 διακοπτοο

465 5180 636 5250 μένη,
688 5178 935 5248 πρόσεισι
990 5182 1366 5249 προσκυνοῦσα
1418 5185 1513 5237 καὶ
1565 5184 1838 5252 λέγουσα,
1900 5186 2119 5253 Κύριε,

455 5266 668 5333 ,ϐοήθει
689 5283 811 5335 μοι.
839 5266 950 5319 Καὶ
973 5267 1093 5320 οὐδὲ
1122 5266 1293 5331 οὔτως
1321 5270 1559 5323 ἐπινεύει
1599 5274 1662 5341 τῇ
1696 5272 1918 5339 γυναικὶ
1944 5312 1959 5338 ,
1996 5273 2115 5326 ἀλλ’

460 5356 750 5426 ἀπόκρισιν
775 5356 1007 5408 ποιεῖται
1033 5355 1129 5425 τῆς
1160 5354 1431 5427 προτέρας
1462 5356 1790 5428 βαρυτέραν.
1816 5362 1939 5413 Οὐκ
1961 5359 2116 5423 ἐστι,

462 5446 631 5516 φησὶ,
691 5447 886 5502 καλὸν
929 5445 1139 5501 λαϐεῖν
1192 5447 1297 5500 τὸν
1336 5445 1517 5515 ἄρτον
1557 5448 1676 5501 τῶν
1715 5448 1940 5503 τέκνων
1966 5489 1981 5514 ,
2023 5450 2123 5504 καὶ

456 5544 677 5611 βαλεῖν
696 5546 817 5613 τοῖς
848 5549 1174 5615 κυναρίοις.
1220 5547 1522 5618 Ἐννόησον,
1554 5548 1805 5619 ἀγαπητέ
1825 5589 1839 5612 ,
1866 5550 1958 5601 καὶ
1987 5548 2119 5602 θαύ-

465 5660 635 5712 μασον
683 5644 911 5697 ἐνταῦθα
959 5645 1060 5715 τῆς
1108 5645 1283 5716 ψυχῆς
1334 5644 1504 5714 αύτῆς
1548 5644 1640 5697 τὸν
1689 5645 1849 5698 πόθον
1893 5645 1988 5698 καὶ
2020 5645 2119 5716 τὴν

462 5742 643 5795 πίστιν
670 5739 767 5813 τὴν
797 5744 1237 5816 ὑπερϐάλλουσαν
1266 5762 1278 5775 ·
1314 5746 1395 5799 ὅτι
1434 5744 1689 5814 κυνάριον
1713 5744 1993 5798 ἀκούσασα
2018 5744 2117 5797 οὐκ

463 5836 816 5909 ἐδυσχέρανεν
842 5879 858 5907 ,
911 5842 1011 5914 οὐκ
1059 5843 1405 5912 ἀπεπήδησεν
1436 5884 1450 5912 ,
1513 5841 1648 5897 ἀλλά
1710 5840 1847 5913 μετά
1914 5839 2112 5911 πολλῆς

1252 306 1310 363 S.
1347 304 1629 363 JOANNIS
1658 297 2150 359 CHRYSOSTOMI
2187 294 2505 354 ARCHIEP.
2554 285 3100 349 CONSTANTINOP.

3762 285 3874 340 ΗΟ

2210 409 2665 480 εὐγνωμοσύνης⁸
2698 405 2860 477 φησί’
2880 404 3015 468 Ναὶ,
3031 402 3235 480 Κύριεέ
3258 400 3356 480 καὶ
3391 402 3500 480 γᾲρ
3522 399 3593 454 τὰ
3614 402 3875 480 κυνάρια

2206 476 2525 544 ἐσθίείάπὸ
2547 476 2666 540 τῶν
2685 476 2905 554 ψιχίων
2922 481 3031 550 τῆς
3058 478 3346 554 τραπέζης
3375 476 3490 531 τῶν
3518 478 3736 547 κυρίων
3764 480 3875 554 αυ-

2207 568 2343 623 τῶν.
2361 565 2642 636 Ὃμολογῶ
2661 606 2677 631 ,
2694 552 2867 633 φησὶ,
2898 560 3158 631 κυνάριον
3182 553 3320 612 εἶναι
3338 575 3350 587 ·
3394 556 3750 636 ὼς-κυνάριον
3774 552 3875 610 οὖν

2210 664 2276 716 με
2319 632 2547 712 ἀξίωσον
2572 632 2702 697 Ἰτῶν
2728 632 2944 711 ἀψιχίων
2976 639 3075 708 τῆς
3107 636 3404 707 τραπέζης.
3438 632 3590 699 Εἶδες
3616 636 3876 716 γυναικὸς

2209 715 2389 778 πίστιν
2431 724 2525 777 καὶ
2570 719 3018 791 εύγνωμοσύνην;
3062 716 3399 782 Κατεδέξατο
3440 716 3501 768 τὸ
3545 715 3873 786 εἰρημένον,

2208 805 2301 857 καὶ
2338 803 2677 874 παραχρῆμα
2727 800 2955 869 ἐπέτυχε
3003 797 3098 851 τοῦ
3150 795 3607 866 σπουδαζομένου,
3644 796 3737 849 καὶ
3774 797 3877 847 ἐπ-

2208 884 2365 951 έτυχε
2398 883 2533 951 μετά
2567 880 2776 933 πολλῶν
2802 879 2911 932 τῶν
2937 877 3246 948 ἐγκωμίων.
3281 875 3346 929 Τί
3376 877 3484 948 γάρ
3512 878 3718 945 φησινό
3735 877 3876 946 Χρι-

2210 956 2453 1024 στόςςτο
2483 960 2676 1028 γύναι,
2701 958 2933 1027 μεγάλη
2959 970 3075 1010 σου
3104 956 3141 1022 ἠ
3170 956 3372 1020 πίστις
3391 970 3407 985 ⁸
3442 953 3744 1023 γενηθήτω
3770 966 3877 1005 σοι

2209 1040 2289 1103 ὠς
2328 1035 2635 1102 θέλεις-,Ὠ
2686 1037 2895 1105 γύναι·
2948 1032 3273 1103 θαυμασμοῦ
3319 1032 3381 1085 τὸ
3429 1031 3598 1101 ῥῆμα,
3647 1030 3874 1083 ἐπαίνου

2211 1115 2404 1170 πολλοῦ
2430 1114 2597 1184 γέμον
2648 1113 2708 1166 τὸ
2755 1111 3064 1181 εἰρημένον.
3095 1109 3372 1180 Μεγάλην,
3397 1110 3580 1177 φησὶν,
3612 1107 3876 1173 ἐπεδείξω

2208 1195 2308 1264 τὴν
2347 1195 2527 1249 πίστιν
2548 1208 2563 1223 ⁸
2598 1191 2684 1245 διὰ
2707 1190 2865 1244 τοῦτο
2890 1189 3123 1243 τοσαῦτά
3160 1207 3239 1243 σοι
3271 1189 3518 1259 ὑπάρξει,
3544 1189 3642 1240 ὅσα
3672 1187 3868 1251 θέλεις.

2212 1273 2353 1344 Ὅρα
2381 1270 2690 1341 φιλοτιμίας
2716 1268 3009 1337 δαψίλειαν,
3051 1268 3143 1320 καὶ
3178 1266 3454 1336 θαύμασον
3474 1264 3566 1317 τοῦ
3598 1266 3870 1318 Δεσπότου

2210 1352 2308 1421 τὴν
2344 1350 2554 1419 σοφίαν.
2588 1345 2737 1418 Ἀρα
2769 1348 2868 1400 ούκ
2911 1349 2967 1400 ἐν
3000 1347 3302 1415 προοιμίοις
3336 1345 3657 1414 ἐνομίζομεν
3689 1345 3870 1421 ἀσυμέ

2211 1420 2357 1500 παθῆ
2400 1445 2519 1482 τινα
2558 1427 2717 1481 αὐτὸν
2748 1422 2908 1490 εἶναι,
2940 1425 3081 1478 οὕτω
3124 1423 3558 1494 διακρουόμενον,
3582 1423 3673 1475 καὶ
3721 1420 3873 1493 [452]

2212 1509 2475 1580 πρότερον
2525 1507 2621 1577 μὲν
2667 1506 2785 1559 ούδέ
2837 1503 3179 1575 ἀποκρίσεως
3234 1502 3489 1567 ἀξιοῦντα
3527 1502 3587 1554 τὸ
3628 1501 3870 1568 γύναιον,

2215 1586 2351 1655 μετὰ
2379 1586 2436 1639 δέ
2469 1584 2641 1638 ταῦτα
2674 1585 2769 1636 καὶ
2796 1583 2883 1636 διὰ
2910 1586 3009 1652 τῆς
3039 1582 3329 1653 προτέρας,
3381 1581 3475 1633 καὶ
3515 1581 3603 1634 διὰ
3628 1582 3725 1651 τῆς
3753 1582 3873 1633 δευ-

2211 1664 2377 1733 τέρας
2396 1663 2738 1734 ἀποκρίσεως
2769 1660 3047 1731 μονονουχὶ
3074 1659 3468 1721 ἀπελαύνοντα,
3485 1659 3581 1713 καὶ
3607 1659 3706 1728 τὴν
3735 1657 3874 1727 μετά

2212 1741 2464 1794 τοσούτου
2520 1742 2682 1793 πόθου
2732 1738 3131 1807 προσελθοῦσαν
3175 1738 3582 1801 ἀποσοϐοῦντα;
3637 1737 3775 1789 Ἀλλ’
3806 1737 3874 1789 ἐκ

2211 1820 2306 1873 τοῦ
2330 1821 2515 1882 τέλους
2538 1820 2819 1888 κατάμαθε
2851 1817 2946 1871 τοῦ
2975 1816 3107 1870 Θεοῦ
3138 1818 3235 1888 τὴν
3263 1816 3594 1886 ἀγαθότητα,
3628 1816 3708 1869 ὅτι
3750 1815 3876 1885 βου-

2211 1899 2433 1969 λόμενος
2464 1897 2630 1967 αὐτὴν
2652 1897 3118 1967 περιφανεστέραν
3140 1894 3495 1965 ἐργάσασθαι,
3516 1894 3605 1947 διὰ
3630 1894 3786 1947 τοῦτο
3807 1898 3873 1965 τῇ

2216 1976 2565 2047 μακροθυμίᾳ
2587 1974 2953 2045 ἐχρήσατο.Εἰ
2976 1973 3073 2044 μὲν
3092 1973 3200 2042 γὰρ
3219 1973 3420 2037 εὐθέως
3445 1974 3753 2038 ἐπένευσεν,
3775 1974 3876 2027 οὑκ

2213 2056 2277 2109 ἂν
2319 2055 2558 2124 ἔγνωμεν
2596 2056 2758 2123 ἡμεῖς
2794 2052 2893 2120 τῆς
2917 2051 3171 2119 γυναικὸς
3199 2050 3295 2123 τὴν
3327 2052 3526 2122 ἀρετήν
3546 2068 3559 2082 ·
3592 2052 3784 2123 ἐπειδὴ
3815 2052 3873 2106 δέ

2218 2133 2410 2205 μικρὸν
2427 2131 2764 2192 ἀνεϐάλλετο,
2782 2132 2875 2184 καὶ
2892 2130 2987 2183 τοῦ
3007 2132 3275 2184 Δεσπότου
3294 2131 3536 2201 ἔγνωμεν
3554 2131 3653 2200 τὴν
3671 2131 3876 2199 ἄφατον

2216 2211 2640 2283 φιλανθρωπίαν,
2668 2210 2926 2279 κάκείνης
2948 2210 3044 2278 τὴν
3065 2211 3248 2262 πίστιν
3278 2208 3376 2279 τὴν
3408 2208 3871 2281 ὑπερϐάλλουσαν.

2282 2289 2345 2345 δ’.
2362 2290 2577 2359 Ταύτην
2598 2290 2654 2341 δέ
2677 2291 2853 2343 πᾶσαν
2867 2288 2964 2358 τὴν
2992 2288 3229 2360 ἱστορίαν
3248 2290 3326 2351 εἰς
3348 2287 3511 2357 μέσον
3532 2291 3875 2358 παραγαγεῖν

2214 2368 2665 2437 ἠναγκάσθημεν,
2709 2367 2795 2419 ἵνα
2830 2366 3090 2436 μάθωμεν
3110 2407 3125 2431 ,
3172 2367 3254 2419 ὅτι
3282 2365 3378 2435 οὐχ
3409 2366 3549 2418 οὕτω
3572 2365 3637 2418 δι’
3672 2365 3875 2435 ἐτέρων

2216 2443 2657 2515 παρακαλοῦντες
2684 2442 2917 2512 ἀνύομεν
2940 2480 2955 2506 ,
2994 2443 3067 2506 ὡς
3092 2444 3244 2496 αὐτοὶ
3276 2444 3343 2496 δι’
3374 2443 3579 2495 ἑαυτῶν
3598 2482 3613 2505 ,
3658 2443 3877 2495 ἐπειδὰν

2219 2524 2354 2593 μετά
2378 2523 2706 2593 θερμότητος
2722 2522 3032 2592 προσίωμεν
3055 2524 3148 2575 καὶ
3167 2523 3595 2591 διεγηγερμένης
3617 2523 3870 2583 διανοίας.

2215 2600 2347 2654 Ἰδοὺ
2369 2601 2474 2671 γὰρ
2501 2600 2639 2670 αῦτη
2665 2601 2757 2652 καὶ
2770 2599 2895 2662 τοὺς
2918 2598 3166 2669 μαθητὰς
3192 2600 3387 2669 ἔχουσα
3414 2600 3554 2669 ὑπὲρ
3575 2601 3741 2669 αὐτῆς
3764 2602 3877 2653 ίκε-

2214 2676 2467 2740 τεύοντας
2496 2677 2645 2729 οὐδὲν
2682 2676 2842 2728 πλέον
2886 2674 3079 2727 ἀνύσαι
3117 2675 3378 2745 ἡδυνήθη,
3415 2677 3604 2746 μέχρις
3628 2678 3715 2730 ὅτε
3738 2676 3877 2749 αὑτὴ

2215 2757 2279 2809 δι’
2305 2755 2502 2823 ἑαυτῆς
2540 2753 2921 2825 παραμείνασα
2958 2752 3056 2822 τὴν
3085 2752 3488 2825 φιλανθρωπίαν
3524 2756 3877 2810 ἐπεσπάσατο

2214 2834 2308 2887 τοῦ
2333 2833 2620 2886 Δεσπότου.
2662 2831 2769 2885 Καὶ
2807 2832 2837 2900 ἡ
2868 2831 3145 2902 παραϐολὴ
3172 2832 3229 2885 δὲ
3255 2832 3437 2901 ἐκείνη
3467 2832 3560 2885 τοῦ
3599 2834 3752 2901 φίλου
3778 2833 3875 2887 τοῦ

2216 2913 2355 2983 ἀωρὶ
2378 2912 2476 2979 τῆς
2498 2911 2686 2972 νυκτὸς
2721 2909 3183 2980 παραγενομένου,
3219 2910 3313 2962 καὶ
3350 2911 3473 2973 τοὺς
3493 2914 3642 2981 τρεῖς
3680 2913 3878 2980 ἄρτους

2216 2992 2555 3059 αἰτήσαντος,
2589 2986 2650 3039 τὸ
2685 2987 2816 3040 αὐτὸ
2849 2987 3161 3041 αἰνίττεται.
3193 2989 3263 3041 Et
3443 2988 3539 3040 καὶ
3570 2990 3654 3057 μὴ
3688 2988 3783 3042 διὰ
3809 2990 3878 3043 τὸ

2217 3070 2392 3138 φίλος
2414 3065 2599 3121 αὐτοῦ
2619 3063 2790 3131 εἶναι,
2824 3066 3014 3136 φησὶν,
3038 3066 3369 3120 ὑπακούσει
3401 3066 3578 3131 αὐτῷ,
3608 3067 3704 3122 διὰ
3730 3067 3879 3137 γοῦν

2217 3147 2332 3214 τὴν
2366 3146 2673 3200 ἀναίδειαν
2708 3143 2894 3198 αὐτοῦ
2924 3144 3195 3209 ἀναστὰς
3233 3144 3424 3197 δώσει.
3462 3145 3673 3208 Εἰδότες
3696 3147 3874 3199 τοίνυν

2217 3226 2315 3296 τὴν
2335 3227 2537 3295 ἄφατον
2564 3223 2968 3294 φιλανθρωπίαν
2987 3222 3081 3276 τοῦ
3106 3223 3372 3295 ἡμετέρου
3391 3225 3679 3286 Δεσπότου,
3705 3232 3875 3295 προσ-

2222 3304 2387 3374 ίωμεν
2420 3303 2588 3373 αὐτῷ,
2622 3303 2947 3366 δεικνύντες,
2978 3304 3073 3355 καὶ
3110 3304 3390 3372 μονονουχὶ
3422 3302 3525 3371 πρὸ
3551 3303 3660 3354 τῶν
3685 3302 3878 3370 ὀφθαλ-

2224 3383 2338 3453 μῶν
2370 3382 2479 3435 τῶν
2505 3382 2789 3453 ἡμετέρων
2819 3382 3163 3451 προτιθέντες
3193 3384 3314 3435 κατ’
3341 3377 3477 3444 εῐδος
3509 3381 3737 3434 ’ἑκαστον
3768 3382 3878 3433 τῶν

2220 3464 2349 3531 ἡμῖν
2379 3459 2947 3531 πεπλημμελημένων,
2973 3461 3066 3513 καὶ
3086 3459 3183 3530 τὴν
3207 3460 3345 3530 ὑπὲρ
3365 3459 3473 3512 τῶν
3500 3460 3877 3531 παρελθόντων

2221 3538 2564 3612 συγχώρησιν
2596 3539 2869 3611 αιίτοῦντες
2892 3577 2905 3601 ,
2942 3538 3027 3591 ίνα
3060 3538 3154 3591 καὶ
3182 3540 3262 3600 είς
3296 3538 3357 3590 τὸ
3394 3538 3519 3607 ἑξῆς
3549 3539 3747 3608 πολλὴν
3777 3538 3880 3607 τὴν

2219 3616 2503 3686 ἀκρίϐειαν
2538 3614 2952 3685 ἐπιδειξάμενοι,
2984 3615 3200 3668 πλείονα
3222 3615 3250 3654 1³
3293 3614 3388 3685 τὴν
3431 3618 3559 3687 παρ’
3590 3616 3753 3670 αὑτοῦ
3786 3617 3876 3668 εὖ-

2219 3710 2366 3748 νοιαν
2418 3691 2867 3762 ἐπισπασὼμεθα.
2886 3692 3024 3746 Ἀλλ’
3051 3691 3450 3760 ἐπανέλθωμεν,
3498 3696 3545 3747 εί
3578 3695 3752 3758 δοκεῖ,
3786 3695 3880 3749 ἐπὶ

2220 3771 2316 3842 τὴν
2371 3771 2690 3824 ἀκολουθίαν
2741 3769 2835 3823 τοῦ
2889 3770 3332 3841 ἀναγνώσματος.
3352 3770 3546 3838 Ἀνέϐη
3599 3771 3685 3835 δὲ,
3721 3774 3876 3842 φησὶ,

2220 3849 2350 3905 Λὼτ
2376 3850 2461 3915 εἱς
2492 3847 2726 3918 Σηγὼρ,
2756 3848 2851 3901 καὶ
2882 3848 3133 3916 ἐκάθητο
3155 3848 3225 3900 ἐν
3256 3845 3333 3912 τῷ
3362 3847 3512 3916 ὄρει,
3553 3848 3649 3902 καὶ
3676 3854 3734 3903 αὶ
3768 3849 3878 3905 δύο

2221 3927 2536 3998 θυγατέρες
2568 3927 2752 3981 αὐτοῦ
2772 3928 2900 3995 μετ’
2924 3925 3111 3980 αὑτοῦ
3129 3942 3142 3955 ·
3165 3925 3552 3994 ἐφοϐήθησαν
3583 3927 3691 3997 γὰρ
3719 3928 3879 3997 olm}-

2219 4022 2323 4061 σαι
2370 4007 2439 4059 ὲν
2480 4006 2720 4075 Σηγόιρο
2754 4006 2851 4058 καὶ
2884 4007 3123 4073 ᾤκησεν
3158 4004 3227 4057 ἐν
3268 4001 3347 4069 τῷ
3388 4006 3664 4072 σπηλαίῳ
3694 4008 3875 4073 αὐτὸς

2152 4116 2157 4123 ~
2220 4085 2318 4138 καὶ
2363 4086 2423 4136 al
2466 4084 2574 4137 δύο
2621 4084 2934 4151 θυγατέρες
2987 4084 3172 4137 αὐτοῦ
3211 4082 3338 4151 μετ’
3363 4084 3567 4138 αὑτοῦ.
3605 4086 3875 4155 Ἐνακμάο

2222 4164 2379 4226 ζοντα
2421 4161 2559 4230 ἔχων
2590 4161 2669 4213 ἔτι
2693 4164 2783 4213 τὸν
2812 4162 2974 4228 φόϐον
3000 4162 3099 4230 τῆς
3127 4163 3394 4231 τιμωρίας
3421 4164 3518 4234 τῆς
3547 4165 3878 4235 ἐπαχθείσης

2220 4243 2331 4301 τοῖς
2366 4239 2505 4291 κατά
2548 4239 2614 4291 τά
2654 4239 2877 4307 Σόδομα,
2906 4239 3185 4309 πόρρωθεν
3220 4241 3444 4293 ἀπεισιν
3471 4244 3500 4293 ὁ
3524 4243 3755 4306 δίκαιος,
3784 4247 3878 4297 καὶ

2220 4319 2299 4379 εἰς
2339 4316 2400 4368 τὸ
2431 4315 2586 4386 ὅρος,
2624 4318 2775 4383 φησὶ,
2806 4319 3046 4369 κατοικεῖ
3084 4316 3221 4385 μετὰ
3263 4317 3371 4369 τῶν
3411 4317 3747 4388 θυγατέρων,
3787 4324 3879 4375 καὶ

2220 4398 2278 4449 ἐν
2300 4394 2503 4465 ἐρημίᾳ
2529 4394 2730 4465 ἐσχάτῃ
2760 4394 2849 4447 καὶ
2872 4393 3099 4464 μονώσει
3128 4394 3308 4446 λοιπὸν
3326 4395 3582 4465 ἐτύγχανε
3608 4401 3746 4467 μετά
3772 4401 3879 4453 τῶν

2219 4474 2311 4528 δύο
2348 4473 2658 4543 θυγατέρων
2700 4475 2757 4526 ἐν
2790 4472 2866 4543 τῷ
2906 4473 3020 4544 ὄρει
3072 4474 3358 4528 κατοικῶν,
3391 4471 3536 4529 Εἷπε
3564 4476 3652 4540 δὲ,
3692 4481 3877 4547 φησὶν,

2221 4555 2257 4620 ἠ
2289 4551 2657 4620 πρεσϐυτέρα
2684 4552 2833 4619 πρὸς
2870 4553 2983 4621 τὴν
3018 4552 3335 4619 νεωτέραν
3376 4552 3438 4605 '0
3478 4555 3671 4623 πατὴρ
3712 4555 3880 4625 ἡμῶν

2220 4632 2637 4697 πρεσϐύτερος,
2664 4632 2759 4685 καὶ
2794 4632 2990 4698 οὐδείς
3026 4632 3195 4686 ἐστιν
3230 4631 3327 4684 ἐπὶ
3367 4631 3476 4701 τῆς
3503 4632 3635 4701 γῆς,
3662 4633 3729 4699 ὃς
3758 4638 3881 4687 εισ-

2219 4710 2529 4763 ελεύσεται
2580 4708 2728 4776 πρὸς
2781 4708 2956 4778 ἡμᾶς,
2996 4712 3077 4774 ὼς
3130 4710 3374 4775 καθήκει
3428 4711 3595 4777 πάσῃ
3649 4710 3726 4779 τῇ
3778 4710 3878 4781 γῆ.

2221 4788 2401 4855 Δεῦρο
2425 4827 2441 4851 ,
2498 4787 2596 4839 καὶ
2644 4788 2980 4855 ποτίσωμεν
3033 4788 3140 4841 τὸν
3193 4788 3418 4856 πατέρα
3461 4787 3631 4857 ἡμῶν
3679 4784 3876 4855 οἶνον,

2221 4867 2319 4921 καὶ
2365 4864 2733 4933 κοιμηθῶμεν
2770 4865 2898 4933 μετ’
2933 4866 3117 4919 αὐτοῦ
3146 4904 3161 4929 ,
3218 4867 3315 4919 καὶ
3370 4867 3879 4937 έξαναστήσωμεν

2221 4944 2459 5013 σπέρμα
2481 4944 2549 4996 ἐκ
2572 4943 2679 4996 τοῦ
2703 4942 2924 5010 πατρὸς
2946 4943 3131 5011 ἡμῶν.
3161 4944 3293 4997 Μετ’
3321 4946 3607 5009 εὐλαϐείας
3648 4949 3741 5000 καὶ
3786 4948 3879 5015 φό-

2222 5026 2315 5077 ϐου
2357 5020 2553 5075 πολλοῦ
2588 5021 2895 5091 ἀκούωμεν,
2939 5022 3255 5092 ἀγαπητοὶ,
3301 5024 3409 5077 τῶν
3446 5027 3504 5078 ἐν
3547 5028 3667 5087 ταῖς
3707 5024 3880 5088 θείαις

2221 5102 2462 5172 Γραφαῖς
2517 5101 2785 5169 κειμένων
2820 5116 2834 5130 '
2872 5099 3022 5153 ούδέν
3072 5103 3178 5173 γὰρ
3232 5103 3418 5167 ἁπλῶς
3472 5106 3566 5157 καὶ
3613 5104 3737 5172 είκῆ
3788 5105 3877 5173 γέο

2221 5197 2483 5250 γραπται,
2515 5179 2649 5233 ἀλλά
2684 5178 2859 5232 πάντα
2903 5181 3289 5250 συμφερόντως
3314 5181 3410 5235 καὶ
3438 5182 3573 5251 πρὸς
3613 5182 3878 5250 ὠφέλειαν

2222 5258 2514 5330 ἡμετέραν,
2549 5258 2652 5312 κᾶν
2681 5259 2840 5328 ἡμεῖς
2879 5257 2995 5310 ἔνια
3042 5259 3346 5330 ἀγνοῶμεν.
3398 5257 3473 5313 Ού
3523 5260 3633 5331 γὰρ
3662 5261 3877 5315 ἅπαντα

2221 5336 2496 5407 δυνάμεθα
2545 5337 2683 5407 μετά
2733 5336 3017 5406 ἀκριϐείας
3045 5338 3278 5403 εἰδέναι,
3331 5340 3446 5395 ἀλλ’
3489 5343 3537 5394 εἰ
3572 5341 3665 5394 καὶ
3698 5343 3877 5406 αἰτίας

2284 5424 2310 5452 ⁸
2337 5426 2709 5489 Εύγνωμοσύνην
2730 5425 2810 5474 hic
2833 5423 3169 5489 ingenuitatem
3192 5434 3409 5489 verterat
3428 5430 3674 5489 interpres
3712 5435 3873 5486 vetns,

2221 5498 2316 5553 non
2340 5488 2493 5553 malle;
2519 5487 2695 5553 meliqs
2718 5493 2882 5553 lamen
2909 5487 2987 5553 hi0
3017 5495 3136 5553 pulo
3158 5491 3300 5553 veni,
3337 5488 3507 5538 bonum
3540 5487 3583 5553 εὶ
3600 5489 3737 5553 ρξωη
3757 5489 3876 5553 οπε-

2221 5552 2368 5595 clum.
2392 5548 2841 5609 Frequerntissimus
2862 5556 2938 5595 est
2976 5550 3119 5606 hujus
3145 5548 3275 5598 vocis
3297 5564 3415 5597 usus
3436 5550 3563 5608 apud
3590 5548 3879 5609 ChrywSio-

2222 5621 2373 5672 ῐηιιηι,
2394 5608 2481 5672 εεά
2504 5608 2557 5655 ει
2582 5608 2665 5656 ille
2687 5609 2871 5672 varigs;
2894 5621 3005 5656 nam
3026 5610 3283 5671 aliquando
3304 5612 3544 5672 signiﬁcat
3574 5608 3874 5672 probitatem,

2226 5669 2696 5777 ειίῖιυοηὲῧρναιιιηι
2731 5668 2976 5730 animum;
3018 5668 3285 5732 saepissime
3327 5668 3418 5733 p'cr
3460 5670 3633 5719 bonum
3655 5669 3873 5737 affectum

2226 5744 2286 5777 an
2311 5743 2338 5776 e
2368 5742 2421 5775 re
2491 5744 2504 5777 ι
2532 5742 2605 5777 ur.

2226 5744 2338 5790 apte
2351 5744 2605 5790 ireauuur.

2289 5789 2777 5867 b,§a\'i|.‘et‘aléqllol
2800 5803 2915 5867 ωερε.
2955 5790 3209 5867 αἰτοῦντες,
3253 5793 3314 5849 εἰς
3354 5794 3407 5841 τὸ
3432 5795 3529 5849 ἐξης
3569 5793 3746 5867 πολλὴν
3786 5796 3865 5849 τήν

2223 5852 2461 5917 ἀκρίϐειαν
2484 5852 2829 5911 ἐπιδειξώμεθα.
2850 5853 2924 5899 ἵνα
2949 5854 3024 5899 καὶ
3050 5853 3254 5903 πλείονα.
3700 5854 3729 5867 ³
