4150 6276
246 329 350 388 409

244 445 404 498 miam
432 460 447 498 :
471 458 592 499 nam
619 442 665 501 si
691 442 881 500 viderit
906 458 1003 499 nos
1029 442 1118 514 qui
1148 442 1467 499 oﬁ'endimus
1488 484 1501 509 ,
1525 452 1577 497 et
1606 440 1833 511 ignomi—

249 536 383 590 niosi
423 535 545 591 facti
569 551 776 603 sumus,
808 536 1116 605 nullamque
1142 535 1399 590 habemus
1425 534 1689 592 ﬁduciam.
1710 545 1839 602 pau-

250 625 414 681 lulum
438 626 681 694 excitari,
709 635 761 681 et
782 627 849 681 ad
872 628 1168 682 clementia:
1189 642 1299 682 sua:
1319 626 1531 681 divitias
1551 624 1841 694 confugere

250 717 496 772 volentes
517 757 534 782 ,
565 718 743 772 statim
775 717 1022 788 precibus
1046 719 1263 785 annuit,
1291 728 1347 773 et
1374 732 1588 772 manum
1622 716 1843 787 porrigit

248 806 548 874 iacentibus
576 816 630 862 et
656 808 833 878 lapsos
862 809 1078 875 excitat,
1106 810 1404 877 clamatque
1431 809 1647 863 dicens:
1671 805 1842 860 Num-

252 895 378 963 quid
417 896 504 966 qui
552 896 719 963 cadit,
769 914 871 951 non
910 908 1131 969 resurget
1175 897 1389 969 (Jerem.
1433 897 1487 952 8.
1518 896 1616 969 4)?
1643 895 1841 952 Verum

258 995 313 1038 ut
366 987 526 1041 etiam
564 1002 630 1042 ex
669 988 831 1043 rebus
862 988 990 1058 ipsis
1028 989 1244 1043 discatis
1273 987 1540 1058 quomodo
1570 985 1719 1041 multi
1751 1001 1846 1055 per

256 1078 576 1148 semetipsos
613 1089 829 1135 orantes
859 1080 909 1135 id
936 1081 1076 1150 quod
1103 1080 1387 1151 cupiebant
1412 1081 1604 1135 melius
1633 1078 1842 1149 assequi

257 1168 567 1236 valuerunt,
597 1184 754 1239 quam
792 1186 889 1241 per
915 1172 1139 1226 aliorum
1168 1184 1385 1239 preces,
1413 1185 1591 1240 operte
1616 1170 1844 1241 pretium

259 1258 417 1313 fuerit
444 1274 539 1315 eos
557 1302 571 1324 ,
602 1262 794 1330 quibus
820 1262 869 1316 id
895 1261 1114 1329 contigit
1132 1303 1148 1329 ,
1180 1262 1233 1317 in
1255 1261 1487 1317 medium
1515 1260 1844 1330 producere,

259 1361 315 1403 ut
343 1362 393 1405 et
425 1366 523 1406 nos
545 1352 843 1419 imitemur,
877 1363 926 1407 et
960 1353 1026 1406 ad
1057 1353 1445 1407 aemulationem
1474 1366 1845 1421 provocemur.

260 1444 554 1505 Audiamus
585 1447 742 1516 igitur
768 1445 1038 1516 quomodo
1063 1445 1363 1500 Chananaea
1394 1445 1481 1500 illa
1510 1444 1700 1499 mulier
1724 1458 1846 1497 cum

262 1545 411 1591 esset
458 1536 775 1607 alienigena,
808 1546 862 1592 et
890 1537 1064 1591 anima
1085 1537 1237 1592 valde
1256 1538 1618 1601 cruciaretur,
1648 1536 1736 1590 ubi
1767 1535 1848 1589 vi-

263 1626 341 1681 dit
381 1627 638 1682 Medicum
678 1628 974 1682 animarqu
996 1669 1011 1692 ,
1039 1636 1093 1683 et
1123 1627 1300 1683 Solem
1321 1627 1540 1697 justitia:
1570 1627 1659 1696 qui
1688 1641 1850 1682 exor-

264 1728 350 1773 tus
369 1727 453 1773 est
476 1720 540 1773 iis
565 1720 653 1790 qui
680 1719 870 1774 sedent
895 1722 946 1773 in
977 1719 1244 1785 tenebris,
1276 1718 1498 1773 accessit
1517 1717 1584 1771 ad
1607 1732 1726 1771 eum
1749 1717 1853 1771 fer-

263 1810 388 1865 vido
414 1819 467 1863 et
492 1810 654 1866 alacri
682 1810 861 1866 studio
888 1819 1029 1865 mota
1064 1827 1078 1865 :
1109 1825 1281 1881 neque
1307 1809 1426 1865 ideo
1450 1808 1664 1879 segnior
1690 1808 1849 1877 facta,

264 1902 407 1972 quod
446 1902 531 1957 vel
572 1903 797 1971 mulier,
827 1903 912 1958 vel
940 1903 1233 1973 alienigena
1266 1910 1409 1957 esset
1436 1919 1451 1955 :
1482 1901 1575 1957 sed
1606 1900 1852 1953 omnibus

265 1994 665 2061 impedimentis
690 1994 923 2064 repulsis
941 2037 957 2062 ,
984 2004 1040 2048 ut
1065 1995 1323 2059 accessit,
1355 1993 1525 2062 inquit
1552 2008 1566 2045 :
1600 1991 1849 2056 Domine,

263 2085 500 2139 adserere
529 2087 627 2139 mei
642 2127 659 2152 ,
684 2089 803 2156 quia
832 2087 941 2155 [ilia
967 2103 1076 2140 mea
1103 2088 1235 2139 male
1257 2101 1288 2138 a
1318 2085 1568 2137 dwmonio
1598 2089 1856 2151 torquetur

264 2176 478 2246 (Matth.
509 2178 597 2233 15.
628 2177 746 2249 22).
772 2177 972 2233 Verum
999 2177 1089 2247 qui
1117 2176 1216 2230 scit
1242 2174 1547 2229 abscondita
1579 2173 1816 2229 cordium
1836 2210 1854 2238 ,

266 2279 407 2323 tacet
436 2278 489 2324 et
516 2284 623 2322 non
656 2268 966 2339 respondet,
991 2282 1162 2337 neque
1184 2281 1428 2321 sermone
1449 2280 1564 2319 eam
1585 2264 1851 2334 dignatur,

265 2374 444 2427 neque
487 2360 770 2414 miseretur
812 2360 1084 2423 mulieris,
1127 2373 1285 2428 quam
1324 2357 1535 2411 videbat
1566 2364 1711 2409 tanto
1735 2369 1854 2409 cum

266 2449 467 2518 ejulatu
493 2449 781 2514 accedere;
807 2450 899 2505 sed
930 2450 1139 2512 differt,
1164 2451 1346 2503 volens
1371 2446 1636 2501 occultum
1670 2446 1858 2498 mulie-

268 2540 345 2594 ris
394 2540 703 2594 thesaurum
753 2540 1000 2593 omnibus
1038 2539 1375 2593 manifestum
1419 2538 1610 2591 facere.
1640 2534 1856 2591 Sciebat

266 2633 410 2684 enim
438 2630 766 2685 reconditam
795 2631 1166 2700 margaritam,
1199 2645 1356 2699 quam
1383 2644 1482 2683 nos
1508 2629 1673 2682 latere
1701 2626 1857 2680 nole-

270 2723 359 2776 bat
392 2741 405 2775 :
433 2733 489 2777 et
520 2721 718 2777 idcirco
754 2721 1032 2777 differebat
1051 2762 1066 2784 .
1096 2732 1150 2777 et
1180 2736 1281 2776 nec
1309 2734 1568 2789 responso
1596 2717 1855 2789 dignaba-

269 2822 372 2877 tur,
396 2820 453 2866 ttt
475 2813 701 2882 posteris
725 2813 971 2867 omnibus
992 2812 1228 2867 mulieris
1248 2810 1502 2865 sedulitas
1518 2824 1705 2879 magna
1724 2809 1859 2863 foret

268 2903 530 2958 doctrina.
586 2904 653 2958 Et
702 2904 822 2958 vide
864 2903 1182 2958 ineffabilem
1233 2903 1325 2957 Dei
1372 2902 1683 2956 bonitatem.
1738 2898 1857 2968 lpse

269 2994 410 3046 enim
432 3035 446 3057 ,
478 2994 682 3064 inquit,
712 3009 817 3047 non
857 2993 1210 3063 respondebat
1239 2993 1287 3047 ei
1312 3009 1328 3057 ;
1364 2991 1608 3061 discipuli
1636 3000 1811 3045 autem
1835 3030 1853 3057 ,

268 3083 359 3152 qui
401 3084 686 3139 admodum
720 3084 1092 3139 misericordes
1117 3094 1170 3137 et
1199 3084 1412 3153 benigni
1445 3098 1564 3138 esse
1593 3081 1849 3136 videban-

272 3182 388 3236 tur,
416 3188 523 3227 non
563 3174 760 3228 audent
786 3172 1064 3227 manifeste
1092 3174 1269 3227 dicere
1288 3212 1303 3235 ,
1336 3173 1409 3226 Da
1438 3173 1484 3227 ei
1512 3171 1653 3241 quod
1686 3171 1852 3239 petit,

272 3264 526 3319 miserere
552 3264 622 3327 ei,
642 3276 758 3319 esto
783 3265 831 3319 ei
857 3264 1094 3319 clemens
1119 3282 1131 3317 :
1161 3264 1253 3319 sed
1283 3264 1448 3333 quid?
1472 3262 1682 3316 Dimitte
1710 3278 1818 3316 eam
1836 3302 1853 3330 ,

269 3355 387 3423 quia
431 3356 617 3409 clamat
663 3364 775 3423 post
819 3372 911 3409 nos
953 3354 1115 3424 (Ibid.
1157 3371 1205 3409 υ.
1234 3354 1325 3426 23)
1350 3395 1366 3421 ,
1396 3354 1546 3425 quasi
1574 3353 1853 3408 dicerent:

273 3445 460 3501 Libera
504 3461 604 3501 nos
644 3461 674 3500 a
715 3446 989 3510 molestia,
1038 3446 1203 3501 libera
1247 3460 1346 3499 nos
1383 3460 1413 3498 a
1439 3444 1670 3498 clamore
1697 3458 1853 3513 quem

271 3537 486 3591 excitat.
530 3535 668 3603 Quid
716 3536 875 3607 igitur
923 3536 1225 3592 Dominus?
1266 3536 1468 3591 Putatis
1502 3551 1621 3600 me,
1652 3534 1851 3604 inquit,

208 3672 223 3687 κ
273 3629 476 3699 absque
513 3643 671 3683 causa
708 3630 974 3697 tacuisse,
1017 3640 1070 3685 et
1125 3644 1385 3697 responso
1409 3644 1526 3683 eam
1554 3643 1659 3682 non
1692 3627 1855 3682 fuisse

269 3718 580 3790 diguatum?
611 3720 802 3776 Audite
841 3738 855 3773 :
899 3720 1019 3775 Non
1057 3738 1168 3777 sum
1194 3721 1377 3775 missus
1403 3721 1502 3774 nisi
1524 3720 1591 3773 ad
1611 3736 1722 3773 oves
1745 3734 1857 3789 qua:

271 3811 525 3879 perierunt
568 3812 748 3866 domus
790 3811 957 3867 Israel
984 3812 1142 3886 (Ibid.
1166 3829 1214 3866 υ.
1242 3813 1356 3879 24).
1388 3810 1634 3876 Nescitis,
1664 3810 1852 3880 inquit,

269 3902 621 3971 alienigenam
664 3903 941 3959 mulierem
985 3918 1106 3958 esse
1133 3903 1157 3956 ?
1187 3902 1407 3957 nescitis
1449 3917 1536 3956 me
1565 3899 1715 3954 vobis
1745 3901 1855 3968 jam

272 3997 593 4064 prmcepisse
635 4009 703 4050 ne
745 3996 893 4049 iretis
920 3995 974 4049 in
1010 3995 1148 4049 viam
1174 3992 1455 4064 gentium?
1492 3992 1668 4059 Quare
1696 3990 1855 4061 igitur

270 4090 389 4143 sine
415 4090 659 4144 examine
684 4089 1199 4145 commiserationem
1231 4105 1353 4160 erga
1380 4105 1497 4145 eam
1529 4089 1855 4144 declaratis!

269 4180 562 4236 Considera
591 4182 930 4237 multifariam
954 4183 1042 4238 Dei
1071 4183 1383 4252 sapientiam
1403 4223 1417 4245 ,
1443 4182 1711 4252 quomodo
1731 4196 1852 4236 cum

270 4271 598 4340 respondere
624 4272 933 4338 videbatur,
966 4273 1241 4327 mulierem
1272 4273 1438 4342 magis
1468 4272 1855 4341 perstringebat

269 4380 427 4432 quam
463 4365 669 4420 silendo
706 4383 718 4420 :
756 4375 809 4420 et
842 4366 993 4436 quasi
1024 4366 1235 4421 letalem
1271 4366 1477 4435 plagam
1507 4364 1700 4429 dabat,
1728 4379 1855 4435 pro-

270 4470 463 4510 vocare
492 4457 743 4526 paulatim
771 4472 889 4511 eam
912 4457 1132 4523 volens,
1168 4465 1223 4511 ut
1251 4457 1517 4510 discerent
1549 4456 1854 4526 ignorantes

270 4546 554 4615 discipuli,
600 4556 795 4616 quanta
840 4547 893 4602 in
934 4562 993 4602 ea
1035 4547 1221 4601 lateret
1264 4547 1414 4601 fides.
1446 4544 1551 4601 Sed
1583 4561 1752 4615 neque
1776 4546 1854 4600 sic

271 4638 473 4692 tardior
512 4639 927 4708 negligentiorve
970 4637 1103 4691 facta
1141 4648 1224 4692 est
1250 4636 1376 4691 visis
1413 4635 1686 4705 discipulis
1716 4636 1853 4691 nihil

273 4730 671 4801 proficientibus
691 4770 707 4797 ,
736 4744 911 4799 neque
938 4728 1074 4783 dixit
1093 4730 1229 4783 intra
1259 4728 1599 4797 semetipsum
1630 4727 1724 4782 :Si
1746 4744 1852 4781 non

274 4832 558 4892 potuerunt
604 4822 679 4876 illi
712 4822 991 4876 Dominum
1044 4837 1140 4892 pro
1171 4837 1257 4876 me
1281 4836 1503 4876 exorare
1522 4862 1537 4886 ,
1566 4836 1729 4892 quare
1756 4836 1855 4892 ego

272 4920 467 4972 frustra
509 4932 797 4993 sequerer,
836 4926 890 4972 et
938 4917 1190 4971 continuo
1236 4914 1533 4969 instarem?
1571 4915 1665 4970 sed
1705 4915 1854 4984 quasi

272 5019 451 5066 mente
473 5009 543 5064 ab
571 5010 691 5079 igne
719 5008 1045 5063 inflammata
1070 5016 1126 5062 et
1146 5022 1401 5062 succensa
1419 5049 1434 5072 ,
1460 5008 1856 5074 visceribusque

271 5102 577 5169 conscissis,
600 5102 806 5157 accedit
831 5101 1081 5169 adorans,
1102 5111 1155 5157 et
1179 5102 1360 5156 dicens
1384 5119 1396 5155 :
1418 5100 1653 5167 Domine,
1671 5101 1858 5172 adjuva

273 5211 351 5247 me
389 5193 551 5264 (Ibid.
578 5209 627 5247 υ.
667 5193 784 5265 25).
812 5193 906 5248 llle
933 5201 1111 5248 autem
1138 5208 1310 5262 neque
1334 5193 1410 5247 sic
1435 5191 1651 5262 adjuvat
1672 5192 1858 5245 mulie-

272 5302 384 5339 rem
403 5328 419 5349 ,
455 5284 551 5340 sed
588 5300 902 5355 responsum
928 5284 1018 5339 dat
1044 5285 1319 5355 superiore
1339 5284 1573 5353 gravius.
1607 5282 1726 5337 Non
1747 5293 1853 5349 est,

272 5377 461 5446 inquit.
496 5378 678 5430 bonum
703 5387 756 5430 ut
774 5378 985 5431 tollatur
1006 5374 1160 5446 panis
1179 5377 1404 5444 ﬁliorum
1422 5415 1436 5439 ,
1466 5385 1513 5427 et
1543 5375 1685 5436 detur
1714 5376 1859 5427 cani—

273 5470 361 5521 bus
388 5467 546 5539 (Ibid.
579 5484 629 5521 υ.
657 5469 769 5538 26).
797 5467 1087 5524 Considera
1110 5508 1125 5533 ,
1158 5468 1369 5533 dilecte,
1398 5477 1450 5522 et
1482 5467 1567 5521 hic
1593 5467 1858 5521 admirare

274 5560 466 5612 anima:
492 5559 607 5628 ejus
627 5558 975 5625 desiderium,
1008 5567 1063 5614 et
1086 5559 1242 5612 ﬁdem
1265 5558 1535 5612 eximiam.
1564 5556 1630 5612 Ut
1652 5556 1859 5611 audivit

273 5667 331 5706 se
364 5667 551 5706 canem
595 5652 699 5707 dici
720 5686 736 5719 ,
764 5668 868 5708 non
894 5652 1150 5723 gravatim
1180 5651 1339 5716 tulit,
1372 5666 1475 5704 non
1507 5650 1811 5705 retrocessit
1842 5666 1854 5702 :

273 5744 368 5803 sed
408 5760 599 5815 magno
640 5756 695 5802 et
734 5746 822 5818 pio
847 5746 1042 5803 affectu
1086 5747 1255 5815 inquit
1298 5763 1311 5798 :
1354 5743 1559 5813 Etiam,
1588 5742 1851 5798 Domine:

1263 326 1328 385 IN
1366 327 1518 386 CAP.
1560 326 1702 384 XIX.
1746 323 1988 383 GENES.
2034 323 2264 383 “OlllL.
2306 326 2492 384 XLIV.

3430 331 3535 387 M0

1948 457 2064 494 nam
2095 450 2141 496 et
2161 442 2321 497 catuli
2348 443 2502 497 edunt
2529 443 2593 497 de
2620 443 2758 498 micis
2785 459 2968 498 menste
2989 443 3307 498 dominorum
3332 462 3535 498 suorum

1946 534 2159 604 (Matth.
2187 536 2274 592 f5.
2294 536 2411 608 27).
2444 536 2744 601 Confiteor,
2770 536 2972 608 inquit,
3011 536 3242 590 catulum
3269 550 3355 589 me
3378 552 3497 590 esse
3522 554 3535 588 :

1948 626 2111 695 igitur
2134 627 2271 681 sicut
2297 626 2529 681 catulum
2553 626 2773 696 dignare
2800 642 2886 681 me
2905 627 3056 680 micis
3078 640 3277 680 mensa!
3296 640 3535 694 pascere.

1952 716 2137 770 Vidisti
2184 717 2421 771 mulieris
2456 717 2614 771 ﬁdem
2655 727 2709 771 et
2738 717 3098 787 probitatem?
3129 715 3369 784 Suscepit
3397 715 3537 784 quod

1948 807 2146 863 dictum
2175 816 2259 863 est
2277 850 2290 872 ,
2316 815 2370 863 et
2394 809 2572 863 statim
2598 808 2648 863 id
2674 809 2741 864 de
2762 825 2868 879 quo
2891 808 3112 864 sollicita
3139 816 3250 861 erat
3273 808 3501 861 obtinuit
3525 845 3540 870 ,

1949 900 2283 969 obtinuitque
2333 901 2501 969 magis
2547 915 2667 953 cum
2717 898 2981 953 laudibus.
3036 896 3172 965 Quid
3220 898 3359 951 enim
3410 896 3539 949 dicit

1949 991 2238 1046 Christus?
2269 990 2315 1044 0
2345 991 2542 1055 mulier,
2561 1007 2746 1061 magna
2774 1000 2845 1044 est
2872 990 2997 1058 ﬁdes
3024 998 3109 1041 tua
3139 1004 3157 1041 :
3182 988 3274 1056 ﬁat
3299 986 3385 1039 tibi
3411 987 3541 1038 sicut

1950 1085 2023 1137 vis
2065 1083 2227 1151 (Ibid.
2268 1099 2315 1136 υ.
2362 1081 2479 1152 28).
2522 1080 2566 1135 0
2593 1081 2800 1145 mulier,
2848 1078 3214 1134 admirationis
3239 1078 3457 1132 verbum
3487 1084 3543 1128 et

1952 1177 2152 1233 dictum
2203 1175 2356 1230 laude
2398 1175 2634 1244 plenum.
2678 1173 2957 1243 Magnam,
3008 1173 3209 1241 inquit,
3257 1170 3539 1225 declarasti

1954 1268 2155 1331 ﬁdem;
2202 1277 2484 1336 pr0pterea
2529 1273 2673 1320 tanta
2710 1263 2805 1319 tibi
2848 1272 3033 1329 erunt,
3060 1271 3253 1331 quanta
3282 1261 3377 1315 vis.
3408 1260 3541 1315 V'ide

1953 1358 2286 1414 liberalitatis
2329 1357 2769 1425 amplitudinem,
2818 1363 2874 1410 et
2915 1354 3177 1408 admirare
3203 1351 3413 1405 Domini
3449 1365 3540 1405 sa-

1954 1451 2227 1522 pientiam.
2273 1451 2463 1504 Annon
2511 1448 2580 1502 ab
2626 1448 2776 1502 initio
2813 1446 3157 1517 putabamus,
3205 1459 3324 1498 cum
3352 1442 3430 1496 sic
3458 1457 3545 1495 re-

1954 1544 2173 1614 pelleret
2213 1558 2366 1609 eam,
2411 1540 2878 1596 commiseratione
2906 1539 3049 1593 illum
3079 1537 3306 1591 carere?
3335 1534 3401 1589 Et
3426 1535 3543 1605 pri-

1954 1650 2101 1691 mum
2128 1634 2342 1704 quidem
2370 1649 2474 1688 non
2494 1633 2816 1703 dignabatur
2837 1644 3098 1700 reSponso
3116 1670 3132 1695 ,
3158 1636 3340 1698 postea
3363 1634 3540 1681 autem

1956 1742 2053 1797 per
2094 1726 2320 1797 primum
2345 1734 2398 1779 et
2424 1723 2717 1779 secundum
2744 1736 3057 1792 responsum
3087 1720 3237 1790 quasi
3261 1716 3505 1788 abigebat
3524 1758 3540 1783 ,

1954 1827 2010 1874 et
2050 1832 2170 1874 eam
2214 1832 2333 1886 qua:
2361 1831 2482 1870 cum
2523 1823 2671 1869 tanto
2714 1812 3003 1868 advenerat
3045 1809 3313 1865 desiderio
3351 1817 3405 1863 et
3440 1808 3545 1863 fer-

1955 1923 2106 1974 vore,
2155 1907 2466 1976 repellebat.
2500 1904 2693 1960 Verum
2724 1919 2752 1957 a
2785 1904 2889 1958 ﬁne
2914 1902 3058 1957 disce
3083 1900 3177 1955 Dei
3207 1900 3496 1955 bonitatem
3526 1913 3541 1963 ;

1956 2013 2081 2053 eum
2130 2012 2321 2067 nempe
2355 1996 2624 2051 volentem
2663 2008 2780 2047 eam
2803 1991 3084 2047 clariorem
3110 1988 3367 2055 reddere,
3401 1995 3542 2041 tanta

1958 2090 2212 2145 dilatione
2253 2089 2417 2144 fuisse
2456 2103 2631 2142 usum.
2674 2085 2881 2140 Etenim
2927 2084 2973 2138 si
3008 2082 3185 2138 statim
3235 2080 3544 2143 annuisset,

1960 2180 2373 2236 nescivissemus
2400 2192 2498 2232 nos
2523 2174 2761 2231 mulieris
2783 2175 3031 2229 virtutem
3063 2190 3076 2225 :
3110 2170 3229 2241 quia
3252 2180 3426 2223 autem
3450 2182 3546 2237 pa-

1960 2288 2176 2341 rumper
2212 2270 2451 2335 distulit,
2498 2278 2551 2322 et
2590 2265 2797 2321 Domini
2839 2263 3181 2333 cognovimus
3232 2257 3547 2314 ineffabilem

1960 2363 2342 2417 humanitatem
2359 2399 2379 2429 ,
2408 2368 2463 2415 et
2482 2359 2622 2413 illius
2645 2357 2801 2411 fidem
2825 2355 3095 2410 eximiam.

2030 2456 2085 2510 4.
2118 2454 2241 2509 Νοη
2270 2462 2464 2506 tantum
2493 2450 2784 2521 per/Scimus
2813 2463 2904 2517 per
2932 2446 3061 2499 alios
3099 2451 3299 2497 orantes
3323 2483 3337 2506 ,
3382 2457 3544 2511 quan-

1961 2554 2067 2599 tum
2095 2561 2184 2614 per
2213 2560 2303 2597 nos
2330 2544 2488 2612 ipsos.
2522 2569 2595 2581 -—
2631 2539 2820 2593 Totam
2864 2545 3040 2589 autem
3086 2532 3223 2586 hanc
3268 2531 3542 2583 historiam

1960 2638 2013 2692 in
2042 2636 2275 2691 medium
2300 2633 2495 2689 afferre
2517 2630 2689 2687 coacti
2716 2642 2921 2692 sumus,
2950 2636 3008 2679 ut
3028 2625 3295 2679 discamus
3321 2634 3419 2675 nos
3439 2635 3544 2673 non

1964 2739 2168 2783 tantum
2198 2725 2456 2796 perﬁcere
2483 2738 2579 2792 per
2605 2722 2740 2775 alios
2761 2727 2997 2783 orantes,
3026 2725 3281 2786 quantmn
3308 2728 3404 2782 per
3424 2726 3547 2765 nos-

1962 2820 2135 2889 ipsos,
2163 2817 2207 2871 si
2233 2815 2446 2886 quidem
2474 2829 2595 2869 cum
2625 2811 2787 2866 alacri
2831 2819 2886 2864 et
2925 2807 3071 2878 vigili
3102 2814 3279 2860 mente
3321 2802 3547 2858 acceda-

1961 2926 2101 2965 mus.
2132 2909 2421 2963 Enimvero
2447 2905 2533 2959 illa
2562 2912 2615 2959 et
2639 2901 2928 2970 discipulos
2955 2898 3157 2953 habens
3186 2910 3283 2965 pro
3306 2909 3365 2949 se
3390 2908 3546 2948 oran-

1963 3011 2063 3067 tes,
2090 2999 2221 3054 nihil
2251 2997 2494 3067 profecit,
2520 2996 2693 3049 donec
2719 2996 2829 3061 ipsa
2865 3006 2958 3058 per
2984 3004 3043 3043 se
3074 2999 3311 3057 praesens
3337 2994 3388 3039 et
3420 2998 3542 3052 per-

1960 3107 2212 3147 severans
2253 3087 2591 3143 clementiam
2624 3082 2832 3138 Domini
2863 3079 2964 3135 sibi
2999 3077 3328 3133 conciliaret.
3372 3076 3546 3141 Atque

1960 3181 2212 3254 parabola
2238 3180 2326 3234 illa
2349 3177 2505 3231 amici
2533 3177 2852 3242 intempesta
2875 3178 3031 3227 nocte
3052 3167 3334 3231 venientis,
3357 3174 3412 3219 et
3436 3174 3546 3217 tres

1958 3289 2126 3346 panes
2152 3271 2401 3342 petentis,
2429 3268 2567 3323 idem
2599 3266 2771 3335 ipsum
2812 3262 3130 3319 subiodicat.
3162 3257 3302 3311 Nam
3325 3256 3545 3317 etiamsi,

1959 3370 2152 3422 amicus
2179 3366 2313 3427 licet,
2346 3379 2447 3417 non
2478 3359 2736 3423 exaudiat,
2768 3366 2990 3411 attamen
3016 3353 3093 3406 vel
3122 3361 3323 3419 propter
3352 3349 3545 3417 impor-

1960 3459 2221 3513 tunitatem
2250 3462 2443 3524 surget,
2472 3462 2518 3506 et
2545 3452 2589 3504 ei
2614 3449 2752 3504 dabit
2791 3446 2953 3517 (Luc.
2984 3446 3069 3499 11.
3101 3442 3193 3513 8).
3219 3442 3395 3510 Itaque
3422 3453 3546 3493 cttm

1958 3549 2236 3604 videamus
2263 3542 2582 3598 ineffabilem
2605 3537 2941 3594 clementiam
2975 3532 3184 3588 Domini
3228 3529 3415 3594 nostri,
3456 3542 3546 3580 ac-

1959 3640 2214 3697 cedamus
2244 3636 2309 3691 ad
2354 3650 2477 3691 eum
2502 3674 2517 3697 ,
2559 3629 2880 3691 declaratis,
2926 3634 2980 3680 et
3007 3625 3156 3693 quasi
3197 3632 3321 3676 ante
3359 3617 3545 3672 oculos

1960 3740 2176 3788 nostros
2207 3727 2495 3799 propositis
2520 3723 2798 3793 speciatim
2826 3717 3049 3787 singulis
3075 3714 3305 3783 peccatis
3327 3711 3541 3772 nostris,

1956 3826 2119 3878 etiam
2154 3835 2249 3889 pro
2289 3814 2572 3887 pra'teritis
2603 3812 2813 3866 veniam
2860 3819 3133 3877 petamus,
3168 3814 3221 3855 ut
3268 3802 3320 3855 in
3368 3799 3544 3853 futuro

1959 3913 2149 3984 majori
2178 3908 2446 3979 diligentia
2469 3907 2727 3968 viventes,
2754 3900 3054 3957 uberiorem
3075 3895 3188 3966 ejus
3214 3891 3540 3948 benevolen-

1958 4008 2085 4061 tiam
2134 4015 2500 4070 assequamur.
2556 3996 2749 4051 Verum
2799 3991 3118 4054 redeamus,
3163 3988 3205 4040 si
3240 3986 3443 4055 placet,
3474 3981 3539 4035 ad

1958 4099 2201 4156 lectionis
2244 4095 2459 4150 seriem.
2492 4091 2580 4147 50.
2618 4087 2852 4143 Ascendit
2894 4094 3059 4136 autem
3082 4124 3096 4140 .
3130 4082 3327 4148 inquit,
3362 4076 3454 4131 Lot
3490 4076 3539 4128 in

1959 4193 2157 4261 chor,
2199 4196 2245 4242 et
2273 4186 2401 4241 sedit
2445 4185 2498 4237 in
2540 4188 2744 4245 monte,
2787 4186 2833 4231 et
2876 4175 2993 4228 duce
3021 4173 3142 4241 ﬁlia:
3169 4179 3277 4239 ejus
3319 4184 3432 4220 cum
3461 4182 3538 4219 eo.

1957 4258 2254 4337 Timuerunt
2282 4276 2414 4331 enint
2440 4272 2667 4327 habitare
2694 4271 2745 4323 in
2768 4268 2965 4338 Segor;
2992 4274 3039 4319 et
3075 4260 3313 4315 habitavit
3342 4258 3394 4310 in
3429 4272 3543 4324 spe-

1958 4374 2107 4427 lunca
2133 4371 2274 4440 ipse,
2316 4376 2360 4420 et
2385 4365 2499 4417 duae
2528 4362 2649 4432 ﬁlia:
2687 4360 2796 4428 ejus
2837 4372 2952 4410 cum
2990 4370 3069 4408 eo.
3117 4351 3301 4406 Justus
3343 4345 3544 4402 invale-

1958 4437 2345 4519 sccnteadhuc
2372 4456 2583 4517 timore,
2611 4466 2768 4520 quem
2791 4452 3111 4516 conceperat
3137 4458 3167 4496 a
3194 4441 3345 4512 plaga
3373 4437 3542 4493 Sodo-

1957 4557 2105 4612 mitis
2133 4552 2370 4615 inducta,
2403 4545 2587 4618 procul
2617 4543 2748 4608 abit,
2776 4548 2832 4596 et
2858 4541 2909 4593 in
2936 4544 3137 4601 monte,
3170 4532 3358 4602 inquit,
3386 4528 3539 4583 habi-

1959 4656 2035 4701 tat
2075 4658 2194 4699 cum
2244 4639 2453 4695 ﬁliabus
2492 4636 2604 4690 suis
2636 4650 2650 4687 :
2682 4639 2739 4687 et
2775 4631 2828 4684 in
2874 4626 3159 4682 solitudine
3201 4630 3255 4677 et
3297 4621 3542 4674 vastitate

1958 4747 2198 4793 extrema
2240 4740 2426 4804 postea
2472 4726 2571 4781 fuit
2599 4738 2719 4778 cum
2762 4718 3010 4782 ﬁliabus,
3055 4715 3109 4768 in
3150 4719 3332 4768 monte
3359 4707 3541 4763 sedem

1960 4829 2184 4884 habens.
2218 4801 2311 4880 ἐι,
2338 4821 2482 4876 Dixit
2506 4827 2691 4882 autem,
2721 4812 2909 4882 inquit,
2941 4809 3108 4878 major
3132 4814 3255 4859 natu
3281 4801 3349 4856 ad
3364 4801 3547 4873 junio-

1958 4938 2063 4974 rem
2091 4936 2109 4973 :
2133 4917 2288 4971 Pater
2312 4923 2479 4968 noster
2504 4924 2659 4963 senex
2686 4915 2782 4969 est,
2810 4913 2855 4957 et
2880 4900 3050 4954 nullus
3081 4906 3154 4952 est
3179 4910 3329 4966 super
3357 4903 3544 4947 terram

1959 5013 2045 5083 qui
2069 5008 2381 5081 ingrediatur
2418 5004 2487 5057 ad
2528 5017 2642 5064 nos,
2679 4999 2833 5069 juxta
2872 5008 3061 5047 morem
3097 4988 3341 5043 universa:
3375 4994 3543 5049 terrae,

1960 5075 2052 5160 “:52.
2085 5075 2232 5167 veni,
2259 5108 2305 5154 et
2334 5106 2558 5169 petemus
2588 5100 2781 5163 patrem
2810 5095 3038 5141 nostrum
3062 5082 3177 5136 vino
3196 5120 3212 5146 ,
3243 5087 3287 5134 et
3317 5075 3542 5131 dormia-

1960 5213 2074 5252 mus
2104 5211 2217 5249 cum
2242 5208 2300 5246 eo
2318 5232 2331 5255 ,
2362 5198 2408 5242 et
2434 5187 2702 5241 excitemus
2739 5196 2905 5236 semen
2931 5194 2992 5232 ea:
3020 5184 3164 5247 patre
3188 5179 3376 5225 nostro.
3409 5166 3542 5222 Cum

1961 5284 2261 5342 reverentia
2289 5289 2344 5335 et
2370 5279 2560 5332 timore
2588 5274 2754 5329 multo
2779 5270 3057 5325 audiamus
3087 5279 3170 5327 ea,
3201 5259 3400 5318 dilecti,
3426 5272 3543 5325 qua:

1963 5379 2015 5432 in
2045 5375 2238 5429 divinis
2268 5369 2557 5439 Scripturis
2595 5366 2972 5424 continentur;
3020 5371 3127 5411 non
3169 5351 3311 5408 enim
3344 5357 3544 5401 temere

1961 5478 2016 5521 et
2044 5466 2243 5534 absque
2272 5477 2428 5517 causa
2458 5459 2651 5527 scripta
2681 5465 2832 5518 sunt,
2861 5450 2955 5507 sed
2994 5446 3169 5502 omnia
3201 5441 3401 5496 utiliter
3431 5445 3486 5534 et
3513 5450 3545 5488 e

1962 5574 2021 5613 re
2051 5566 2254 5620 nostra,
2285 5551 2490 5608 etiamsi
2520 5563 2617 5603 nos
2637 5545 2877 5616 qutcdam
2909 5545 3234 5610 ignoremus.
3263 5530 3374 5584 Non
3401 5527 3542 5581 enim

1963 5649 2140 5704 omnia
2173 5660 2454 5716 possumus
2496 5641 2771 5698 evidenter
2814 5635 2951 5690 scire
2985 5649 2997 5685 :
3031 5627 3123 5684 sed
3167 5626 3210 5680 si
3259 5633 3313 5678 et
3356 5634 3545 5677 causas

1968 5740 2191 5798 reddere
2220 5753 2314 5809 pro
2362 5745 2547 5791 nostro
2588 5740 2743 5803 captu
2791 5736 3087 5787 tentemus,
3130 5716 3326 5773 habent
3368 5722 3547 5767 tamen
