4150 6276
547 299 642 358 611

542 414 717 468 ειιἸΙιιιο
742 411 998 465 latentem
1025 407 1306 480 quemdam
1339 407 1645 462 thesaurum
1675 404 1692 434 ¹
1720 418 1751 456 a
1779 400 1962 458 multis
1999 397 2125 454 abso

545 502 840 564 coinlitutn,
905 517 1001 555 nec
1029 497 1476 570 investigabilem.
1500 493 1788 550 Considera
1819 491 1976 562 igitur
1995 503 2130 560 quo-

547 595 708 645 modo
739 591 1013 660 Scriptura
1044 589 1220 644 omnia
1263 587 1546 642 manifeste
1590 583 1850 646 narrarit.
1888 592 1943 638 et
1980 579 2132 635 nobis

543 699 770 752 .coputn
800 681 867 736 ad
907 682 1064 736 finem
1092 679 1384 736 ostenderit
1425 679 1651 733 ﬁliarum
1689 675 1853 746 justi,
1895 683 1950 729 et
1991 687 2134 728 nunc

546 775 761 846 quidem
795 789 891 844 pro
921 775 1025 828 illis
1045 814 1060 838 ,
1094 789 1235 827 nunc
1273 786 1404 826 vero
1432 785 1532 840 pro
1555 768 1700 840 justo
1728 767 1942 837 dignam
1971 779 2133 820 excu-

547 865 812 918 sationem
861 863 1131 918 aﬁ'erens:
1165 871 1223 917 ut
1261 861 1437 918 nullus
1466 860 1531 913 ad
1573 857 1772 912 factum
1817 855 2128 924 respiciens,

548 954 632 1008 vel
655 954 856 1022 justum
879 954 1220 1019 condemnet,
1248 953 1331 1007 vel
1352 951 1480 1020 justi
1514 949 1670 1015 ﬁlias,
1697 947 1848 1018 quasi
1877 960 2132 1016 congres-

545 1059 640 1098 sus
670 1043 761 1098 ille
789 1054 1007 1115 propter
1033 1043 1469 1100 incontinentiam
1514 1043 1691 1098 fuerit.
1723 1039 2000 1109 Quomodo
2033 1039 2136 1108 igi-

543 1143 635 1188 tur
666 1133 888 1188 ﬁliarum
915 1117 1044 1203 justi
1088 1135 1484 1188 excusationem
1513 1131 1710 1186 affert?
1737 1129 1910 1195 Dixit,
1941 1129 2131 1198 inquit,

543 1221 714 1290 major
756 1233 876 1277 natu
915 1225 984 1276 ad
1019 1225 1278 1292 junio‘rem
1301 1241 1320 1277 :
1349 1221 1506 1277 Pater
1542 1232 1708 1276 noster
1747 1229 1819 1276 est
1861 1236 2043 1284 senex,
2087 1227 2134 1272 et

548 1314 722 1366 nullus
747 1324 820 1366 est
863 1331 1014 1382 super
1044 1323 1230 1368 terram
1257 1315 1345 1388 qui
1385 1313 1698 1384 ingrediatur
1725 1312 1793 1363 ad
1831 1327 1954 1374 nos,
1980 1311 2133 1382 juxta

548 1421 741 1458 utorem
786 1406 1032 1458 ttnit'crstn
1071 1416 1234 1464 [επ-αι.
1283 1405 1412 1460 Vide
1456 1419 1675 1476 scopum
1719 1401 2033 1474 diligenter,
2079 1407 2134 1454 et

552 1497 701 1550 omni
745 1512 836 1551 eas
885 1497 1136 1551 liberabis
1161 1498 1400 1552 crimine.
1435 1497 1759 1550 Putaverunt
1797 1495 1937 1549 enim
1967 1507 2130 1562 gene-

549 1586 718 1639 ralem
757 1587 916 1640 tntius
945 1587 1092 1640 orbis
1119 1585 1312 1640 factum
1343 1585 1614 1640 interitum
1634 1626 1648 1648 ,
1679 1585 1988 1651 nullumque
2016 1597 2132 1633 am-

551 1673 690 1744 plius
734 1691 854 1730 esse
900 1677 1239 1745 superstitem
1289 1694 1301 1730 :
1345 1675 1538 1730 deinde
1586 1681 1640 1729 et
1685 1673 1848 1743 patris
1889 1672 2136 1726 viderunt

550 1777 897 1823 senectutem.
943 1767 1012 1823 Ut
1049 1769 1238 1838 igitur,
1272 1767 1473 1838 inquit,
1509 1781 1614 1820 non
1647 1765 1920 1820 abolentur
1944 1775 2132 1833 genus,

555 1873 653 1912 nec
679 1868 860 1928 pereat
887 1873 1081 1912 nomen
1111 1870 1350 1912 noslrum
1377 1856 1515 1928 (haec
1536 1858 1676 1910 enim
1703 1865 1817 1911 erat
1841 1855 2133 1925 priscorum

550 1949 788 2002 maxima
815 1964 938 2002 cura
962 1989 976 2012 ,
1009 1949 1276 2017 quomodo
1299 1963 1468 2018 genus
1495 1963 1648 2001 suum
1689 1946 1980 2001 liberorum
2009 1959 2133 1998 suc-

549 2039 795 2094 cessione
823 2039 1136 2109 dilatarent)
1166 2058 1179 2094 :
1211 2055 1276 2094 ne
1301 2055 1462 2108 ergo,
1497 2038 1700 2108 inquit,
1729 2038 1896 2094 nostri
1924 2035 2136 2106 generis

552 2138 660 2183 tota
685 2127 774 2182 ﬁat
798 2129 1037 2194 abolitio,
1070 2129 1362 2198 prmsertim
1383 2130 1492 2198 jam
1521 2129 1670 2183 senio
1698 2137 1848 2197 patre
1868 2126 2133 2192 confecto,

553 2227 608 2271 et
637 2218 814 2272 nullus
847 2219 1149 2273 inveniatur
1179 2221 1259 2273 vlr
1282 2219 1372 2288 qui
1403 2219 1555 2274 nobis
1581 2219 1867 2288 jungatur,
1914 2226 1971 2271 ut
2011 2233 2134 2285 pos-

551 2307 721 2363 simus
749 2310 1044 2363 extendere
1076 2320 1130 2363 et
1159 2310 1461 2378 relinquere
1502 2309 1722 2362 seminis
1751 2308 1916 2362 nostri
1950 2321 2138 2375 propa-

551 2398 818 2465 gatiouem
851 2415 862 2448 :
901 2397 1050 2460 Veni,
1085 2399 1282 2467 inquit,
1320 2405 1376 2450 ut
1402 2413 1468 2450 ne
1513 2397 1614 2450 hoc
1641 2397 1765 2462 ﬁat,
1797 2407 2024 2464 petemus
2048 2413 2140 2466 pa-

553 2497 680 2540 trem
707 2497 933 2540 nostrum
961 2489 1095 2540 vine.
1122 2487 1290 2554 Quasi
1303 2486 1484 2542 dicere
1506 2487 1632 2541 velit
1657 2505 1669 2540 :
1694 2487 1827 2553 Quia
1850 2503 2139 2555 numquam

557 2576 722 2631 ferret
753 2577 835 2631 vel
871 2577 1089 2632 auribus
1119 2577 1220 2631 hoc
1267 2585 1436 2645 pater,
1468 2578 1592 2630 vino
1635 2576 1964 2646 decipiemus
1992 2591 2136 2632 eum.

557 2667 650 2720 55.
686 2664 994 2719 Potaverunt
1028 2675 1193 2719 autem
1223 2675 1418 2736 patrem
1439 2682 1585 2719 suum
1613 2666 1728 2718 vino
1765 2675 1910 2719 nocte
1937 2667 2033 2720 ista
2051 2707 2066 2732 ,
2093 2675 2142 2720 et

557 2757 784 2826 ingressa
809 2767 880 2810 est
901 2755 1088 2822 senior,
1113 2765 1158 2808 et
1183 2757 1419 2810 dormivit
1445 2772 1558 2809 eum
1585 2767 1728 2826 patre
1747 2773 1837 2811 suo
1863 2771 1882 2811 :
1903 2765 1950 2810 et
1978 2758 2141 2810 nesci-

557 2849 626 2900 vit
659 2849 860 2918 quando
903 2847 996 2901 illa
1019 2847 1339 2914 accubuerit,
1369 2849 1447 2902 vel
1470 2849 1759 2903 surrexerit.
1789 2847 1979 2903 Vidisti
2009 2863 2141 2919 quo-

558 2939 719 2994 modo
761 2937 940 2993 divina
984 2937 1258 3009 Scriptura
1307 2954 1403 3008 pro
1445 2939 1590 3010 justo
1631 2939 1892 2995 rationem
1934 2939 2141 2994 dederit

559 3045 664 3083 non
707 3029 874 3084 semel
921 3039 1148 3092 tantum,
1192 3029 1286 3084 sed
1331 3038 1386 3084 et
1427 3029 1619 3084 iterum
1645 3030 1670 3082 ἲ
1712 3029 1864 3084 Prius
1900 3029 2139 3100 quidem,

560 3123 678 3193 quia
711 3121 832 3176 lilia:
861 3123 985 3176 vino
1013 3123 1185 3192 ipsum
1213 3121 1567 3191 deceperunt,
1601 3121 1889 3176 declaravit
1913 3137 2004 3176 eas
2035 3134 2140 3175 non

563 3213 717 3268 ιΙιῑνΓ
745 3213 980 3281 potuisse
1009 3213 1333 3282 persuadere
1377 3214 1545 3282 patri,
1575 3229 1733 3282 quam
1759 3214 1836 3266 sic
1867 3213 2141 3268 faciendo:

558 3319 700 3358 llllllc
729 3311 907 3357 autem
936 3305 1124 3372 opinor
1153 3314 1206 3358 et
1246 3318 1474 3374 superna
1497 3303 1892 3373 dispensatione
1910 3319 2031 3359 esse
2062 3303 2141 3356 fa-

563 3404 726 3458 etum,
759 3393 828 3447 ita
857 3393 1018 3448 fuisse
1044 3409 1165 3448 eum
1190 3403 1531 3463 aggravatum
1559 3393 1711 3462 vino,
1745 3403 1802 3449 ut
1829 3411 1939 3450 rem
1968 3394 2144 3450 omni-

568 3501 634 3540 no
679 3487 981 3554 ignoraret,
1027 3497 1085 3540 ut
1126 3501 1262 3541 noxa
1293 3495 1350 3542 et
1389 3487 1611 3542 crimine
1639 3503 1839 3542 vacuus
1873 3501 2034 3546 esset.
2067 3491 2146 3548 Ea

564 3577 706 3631 enim
751 3585 962 3645 peccata
1008 3591 1104 3632 nos
1131 3579 1522 3646 condemnant,
1550 3595 1671 3650 qua:
1710 3581 1941 3638 scientes
1967 3593 2020 3638 et
2049 3600 2146 3638 vo-

564 3669 794 3724 lnntarie
835 3667 1078 3725 facimus.
1107 3671 1267 3726 Vides
1305 3673 1573 3742 quomodo
1613 3675 1974 3730 testimonium
2007 3695 2148 3750 prai-

567 3761 690 3814 beat
734 3759 880 3830 justo
929 3761 1236 3832 Scripmra,
1291 3765 1463 3833 ipsum
1513 3766 1733 3819 omnino
1781 3783 1894 3822 rem
1943 3778 2146 3838 gestam

566 3851 842 3918 ignorasse
863 3849 887 3904 Ἰ
919 3851 1111 3906 Verum
1137 3851 1304 3906 altera
1331 3853 1555 3924 qua'stio
1579 3857 1746 3927 surgit
1772 3857 1839 3912 de
1863 3859 2144 3917 ebrietate.

563 3941 796 4010 Oportet
820 3943 960 3996 enim
988 3944 1164 3996 omnia
1198 3943 1538 4014 investigare,
1565 3955 1622 4000 ut
1647 3947 1788 4001 nulla
1815 3949 2070 4019 improbis
2097 3961 2151 4007 et

569 4031 967 4102 impudentibus
1005 4033 1361 4088 calumniandi
1395 4037 1726 4106 relinquatur
1752 4041 1983 4096 occasio.
2011 4043 2150 4109 Quid

573 4120 728 4188 igitur
758 4125 827 4174 de
854 4121 952 4174 hac
983 4137 1041 4176 re
1071 4125 1352 4176 dicemus?
1374 4123 1491 4178 Νοη
1521 4133 1623 4179 tam
1651 4141 1714 4180 cx
1743 4129 2150 4199 intemperantia

571 4211 649 4264 illi
680 4211 938 4264 accidisse
961 4213 1298 4276 ebrietatem,
1331 4229 1489 4284 quam
1515 4229 1578 4269 ex
1609 4215 1840 4272 tristitia.

645 4301 700 4356 5.
733 4299 912 4370 Neque
943 4300 1038 4354 Lot
1067 4319 1226 4368 neque
1250 4303 1372 4370 ﬁlia:
1405 4306 1512 4376 ejus
1540 4305 1835 4360 damnandi.
1861 4338 1933 4348 —
1969 4309 2153 4367 Nullus

574 4393 734 4462 igitur
761 4394 956 4446 audeat
983 4401 1075 4446 aut
1097 4393 1320 4462 justum,
1343 4403 1434 4448 aut
1455 4395 1580 4464 justi
1615 4397 1746 4452 lilias
1771 4399 2149 4457 condemnare.

571 4487 851 4552 Quomodo
879 4485 1020 4539 enim
1057 4501 1162 4539 non
1191 4497 1332 4541 esset
1373 4499 1624 4542 extrema:
1653 4489 1934 4548 dementiae
1976 4503 2030 4548 et
2071 4494 2153 4548 in-

575 4579 858 4648 sipientim,
891 4578 934 4632 si
967 4593 1060 4632 eos
1095 4593 1229 4648 quos
1254 4577 1430 4634 divina
1455 4579 1727 4650 Scriptura
1752 4585 1818 4637 ab
1847 4586 1990 4640 omni
2019 4585 2154 4642 libe—

571 4685 653 4729 rat
680 4673 906 4728 crimine
925 4714 940 4739 ,
971 4673 1078 4726 imo
1107 4687 1202 4740 pro
1235 4673 1424 4742 quibus
1459 4683 1660 4729 tantam
1688 4679 1983 4748 apologiam
2011 4695 2156 4734 eom-

571 4767 763 4837 ponit,
813 4781 912 4821 nos
968 4765 1260 4820 innumeris
1319 4776 1660 4836 peccatorum
1729 4769 1954 4824 sarcinis
2015 4771 2156 4840 pleni

573 4857 994 4913 condemnemus
1023 4875 1035 4911 :
1067 4865 1120 4910 et
1149 4873 1252 4911 non
1282 4857 1560 4912 audiamus
1585 4857 1810 4913 Paulum
1851 4859 2114 4918 dicentem
2141 4881 2153 4916 :

585 4948 718 5003 Deus
748 4951 830 5018 qui
853 4949 1104 5018 justiﬁcat
1127 4993 1142 5016 ,
1179 4951 1291 5020 quis
1335 4959 1408 5005 est
1437 4954 1523 5020 qui
1549 4953 1840 5007 condemnet
1880 4955 2069 5022 (Rom.
2102 4957 2155 5012 8.

575 5039 662 5096 5-5.
693 5039 843 5106 δην
871 5039 937 5092 Et
961 5050 1016 5093 ut
1045 5039 1253 5107 discas,
1281 5041 1385 5098 hoc
1423 5059 1528 5097 non
1559 5043 1610 5098 in
1641 5059 1832 5098 vanum
1864 5056 1918 5101 et
1950 5048 2158 5118 simpli—

577 5133 710 5186 ritcr
753 5131 948 5185 factum
988 5147 1129 5198 esse,
1169 5131 1264 5187 sed
1307 5135 1574 5190 tristitiam
1619 5137 1834 5191 nimiam
1872 5141 2160 5196 accedente

579 5223 703 5275 vino
732 5221 936 5275 nullum
967 5221 1015 5275 ei
1059 5219 1340 5290 reliquisse
1379 5237 1630 5292 sensum,
1668 5227 1790 5281 andi
1829 5227 1954 5296 quid
1995 5229 2154 5284 dicat.

575 5315 665 5369 5|.
699 5313 762 5368 Et
794 5319 983 5386 factum
1013 5323 1086 5369 est
1113 5315 1194 5370 die
1217 5317 1472 5385 sequenti,
1504 5317 1727 5390 dixitque
1755 5324 1921 5392 major
1945 5335 2065 5377 nam
2094 5325 2161 5377 ad

566 5401 824 5473 juniorem
853 5421 871 5459 :
901 5405 1032 5460 Ecce
1062 5405 1276 5461 dormivi
1305 5407 1412 5462 lteri
1454 5424 1568 5463 cum
1615 5420 1758 5482 patre
1785 5423 1954 5468 nostra
1979 5429 1998 5468 :
2025 5425 2163 5485 pote-

639 5562 660 5593 ί
694 5561 834 5627 savil.
861 5569 914 5613 et
931 5560 1114 5627 aliquot
1137 5569 1264 5622 \tss.,
1289 5575 1382 5612 non
1403 5564 1546 5627 enim
1585 5565 1796 5615 omnium
1819 5581 2066 5627 possumus
2083 5583 2162 5618 ar-

567 5623 850 5732 ἓέἓςέεῇιδάι
865 5639 889 5675 ε
913 5623 1110 5676 εαιιίαηι
1124 5671 1136 5688 ,
1165 5632 1368 5676 ιιιιιωιεη
1390 5626 1560 5678 habent
1583 5629 1790 5688 aliquem
1815 5623 2036 5680 latentem
2060 5633 2159 5682 tlte-

1257 294 1314 352 S.
1355 289 1633 350 JOANNIS
1667 283 2144 346 CHRYSOSTOMI
2183 282 2496 342 ARCHIEP.
2535 283 3074 340 CONSTANTINOP.

3725 281 3832 340 ΗΒ

2242 415 2351 452 mus
2372 399 2528 468 igitur
2548 416 2660 452 eum
2685 399 2798 454 vina
2820 408 2868 451 et
2893 408 3039 452 nocte
3058 398 3174 462 ista,
3202 407 3246 452 et
3271 398 3496 470 ingressa
3523 397 3686 452 dormi
3713 413 3830 451 cum

2239 505 2317 554 eo,
2343 499 2390 542 et
2417 489 2685 542 excitemus
2714 505 2777 544 ea:
2801 499 2945 556 patre
2963 497 3136 542 nostra
3165 505 3350 542 semen.
3377 487 3540 544 Vides
3558 489 3830 558 quomodo

2237 589 2384 634 recta
2406 582 2665 636 sententia
2694 579 2796 634 hoc
2817 578 3101 634 faciebant.
3134 578 3266 633 Nam
3291 579 3412 648 quia
3435 580 3607 650 potui,
3633 577 3827 648 inquit.

2237 684 2338 740 ego
2366 669 2506 739 quod
2539 669 2840 740 quaerebam
2885 670 3109 740 implere
3129 711 3145 737 ,
3177 667 3538 724 necessarium
3569 677 3653 724 est
3691 678 3744 724 et
3777 680 3832 725 te

2239 759 2380 814 idem
2411 760 2590 816 facere
2618 779 2632 815 :
2666 763 2800 816 forte
2827 753 2968 816 enim
2996 772 3241 816 votorum
3269 773 3574 818 nostrorum
3601 777 3828 834 compo-

2239 859 2320 904 tes
2346 851 2578 916 erimus,
2610 861 2664 905 et
2698 867 2804 906 non
2835 851 2888 906 in
2927 862 3186 908 internum
3213 867 3381 922 genus
3411 862 3650 918 nostrum
3703 869 3828 922 per-

2238 941 2354 995 ibit.
2387 942 2476 998 35.
2515 931 2824 998 Potaverunt
2871 954 3036 998 autem
3061 955 3116 1000 et
3153 955 3296 998 nocte
3322 945 3416 998 illa
3459 955 3650 1014 patrem
3679 963 3828 1001 suum

2238 1033 2374 1096 vino,
2404 1041 2453 1087 et
2480 1035 2707 1104 ingressa
2732 1043 2806 1088 est
2823 1035 3022 1106 junior,
3053 1044 3100 1087 et
3128 1035 3362 1089 dormivit
3385 1052 3500 1088 cum
3529 1045 3675 1106 patre
3697 1053 3828 1090 suo:

2237 1135 2285 1178 et
2313 1126 2560 1196 ignoravit
2587 1127 2673 1180 ille
2694 1128 2896 1196 quando
2924 1127 3037 1196 ipsa
3065 1128 3143 1182 vel
3165 1127 3474 1188 accubuerit,
3499 1127 3576 1182 vel
3593 1143 3828 1182 surrexe-

2237 1215 2320 1267 rit.
2355 1214 2686 1280 Considera,
2727 1215 2956 1282 dilecte,
2993 1223 3162 1270 totum
3205 1215 3401 1276 factum
3445 1217 3608 1272 fuisse
3647 1217 3826 1272 divina

2237 1303 2672 1376 dispensatione,
2717 1307 2856 1361 sicut
2885 1316 2939 1360 et
2975 1293 3156 1376 primo
3201 1305 3404 1360 homini
3446 1306 3642 1360 evenit.
3687 1305 3826 1360 Nam

2237 1389 2376 1451 sicut
2402 1397 2508 1452 illic
2539 1413 2604 1452 ex
2633 1397 2952 1452 dormientis
2984 1399 3148 1452 latere
3179 1399 3352 1468 portio
3378 1407 3586 1468 sumpta
3616 1406 3732 1465 est,
3759 1413 3829 1452 eo

2239 1503 2346 1542 non
2370 1489 2635 1543 sentiente
2659 1506 2674 1554 ;
2707 1488 2802 1544 sed
2829 1489 2918 1559 qui
2945 1489 3171 1544 ﬁnxerat
3197 1490 3338 1544 latus
3365 1489 3516 1552 illud,
3547 1490 3668 1544 inde
3693 1504 3829 1544 uxo-

2237 1593 2352 1633 rem
2383 1577 2511 1632 Adae
2555 1579 2802 1648 produxit
2843 1597 2858 1632 :
2898 1579 3060 1634 simili
3106 1580 3266 1636 modo
3303 1590 3358 1634 et
3400 1595 3559 1636 nunc.
3604 1580 3736 1636 Nam
3778 1581 3826 1636 si

2239 1680 2405 1726 costae
2431 1671 2658 1738 ereptio,
2684 1685 2904 1726 excessu
2931 1670 3125 1724 mentis
3150 1685 3179 1723 a
3210 1670 3317 1725 Deo
3343 1670 3604 1738 immisso,
3623 1671 3828 1740 absque

2241 1761 2383 1816 illius
2412 1777 2572 1818 sensu
2599 1761 2697 1816 fuit
2726 1781 2738 1814 :
2771 1763 2938 1816 multo
2963 1763 3127 1831 magis
3148 1771 3203 1818 et
3223 1778 3364 1818 nunc
3393 1763 3464 1818 ita
3493 1761 3690 1818 factum
3718 1772 3823 1818 est.

2238 1847 2370 1908 Nam
2405 1852 2454 1906 id
2485 1852 2625 1924 quod
2656 1852 2787 1908 dixit
2819 1854 2925 1908 illic
2948 1853 3124 1906 dit-ina
3154 1854 3448 1922 Scriptura,
3491 1852 3709 1908 Immisit
3733 1870 3826 1906 ear.-

2240 1945 2412 2000 stasim
2439 1946 2492 1998 in
2519 1945 2714 2012 Adam,
2747 1955 2792 1998 et
2822 1945 3053 1998 dormivit
3081 1944 3244 2015 (Gen.
3273 1945 3326 1998 2.
3354 1945 3416 2000 2|
3441 1943 3458 2015 )
3487 1965 3499 1998 ε
3534 1945 3632 1998 hoc
3660 1956 3714 1998 et
3741 1944 3830 2000 hic

2241 2031 2559 2106 signiﬁcavit
2599 2034 2862 2098 dicendo,
2905 2034 3121 2088 Nescivit
3160 2035 3361 2106 quando
3405 2035 3481 2088 vel
3519 2034 3826 2102 accubuerit,

2241 2128 2318 2181 vel
2344 2127 2636 2182 surrexerit.
2663 2127 2749 2182 56.
2779 2125 2847 2180 Et
2871 2134 3226 2196 conceperant,
3251 2125 3440 2196 inquit,
3463 2125 3525 2178 de
3555 2133 3694 2194 patre
3711 2140 3826 2178 suo.

2241 2213 2330 2272 57.
2361 2217 2427 2271 Et
2457 2220 2648 2285 peperit
2675 2219 2839 2288 major
2877 2229 3000 2270 nam
3029 2218 3194 2287 ﬁlium
3222 2227 3266 2272 et
3294 2218 3482 2278 vocavit
3513 2233 3690 2270 nomen
3717 2217 3831 2286 ejus

2243 2307 2417 2374 Moab,
2437 2311 2626 2373 dicens,
2648 2307 2732 2363 Ea:
2759 2319 2903 2380 patre
2930 2327 3057 2364 meo.
3084 2307 3184 2362 Hic
3209 2319 3348 2380 pater
3373 2319 3442 2364 est
3463 2308 3825 2362 Moabitarum.

2243 2401 2331 2455 58.
2369 2401 2572 2470 Peperit
2612 2411 2777 2454 autem
2814 2411 2861 2454 et
2895 2402 3078 2469 junior
3103 2402 3298 2470 ﬁlium,
3341 2411 3388 2453 et
3431 2401 3620 2454 vocavit
3650 2417 3831 2454 nomen

2241 2491 2352 2557 ejus
2373 2489 2590 2544 Ammon
2609 2531 2624 2556 ,
2659 2489 2830 2543 dicens
2850 2532 2865 2556 ,
2904 2490 3068 2544 Filius
3097 2491 3292 2560 generis
3319 2493 3431 2544 mei.
3467 2489 3566 2542 Hic
3591 2499 3663 2543 est
3689 2499 3831 2560 pater

2243 2581 2665 2634 Ammanitarum.
2685 2579 2848 2636 Vides
2871 2581 2920 2634 id
2943 2596 3050 2635 non
3075 2581 3234 2634 fuisse
3255 2581 3651 2636 incontinentiae
3671 2595 3830 2649 opus,

2245 2688 2366 2727 cum
2398 2672 2614 2726 nomina
2644 2673 2820 2728 statim
2862 2673 3000 2726 natis
3037 2671 3364 2736 indiderint,
3403 2671 3593 2744 quibus
3632 2671 3828 2727 factum

2244 2764 2651 2835 significabant,
2683 2773 2738 2819 et
2767 2764 2819 2818 in
2847 2763 3073 2818 ﬁliorum
3107 2763 3412 2818 nominibus
3453 2764 3609 2833 quasi
3649 2763 3704 2818 in
3730 2778 3830 2818 co-

2245 2856 2427 2910 lumna
2469 2854 2639 2910 ferme
2664 2853 2894 2924 quadam
2922 2854 3234 2916 memoriam
3271 2853 3398 2908 facti
3441 2853 3828 2924 inscripserint,

2256 2969 2311 3016 et
2335 2959 2448 3030 jam
2477 2967 2587 3011 tum
2629 2955 3007 3025 praesignannt
3029 2957 3214 3019 gentes
3246 2961 3309 3000 ex
3343 2943 3422 2998 eis
3449 2942 3659 2996 futuras
3687 2956 3831 3006 esse,

2255 3061 2313 3107 et
2347 3051 2400 3106 in
2430 3045 2825 3103 multitudinem
2848 3057 2906 3096 se
2931 3045 3347 3110 propagaturum
3365 3043 3610 3088 natorum
3641 3047 3828 3104 genus.

2257 3143 2391 3198 Nam
2417 3141 2507 3196 ille
2532 3138 2768 3208 quidem,
2793 3133 2987 3202 inquit,
3013 3138 3166 3200 pater
3193 3127 3297 3182 erit
3319 3125 3700 3188 Moabitarum,
3733 3124 3832 3178 iste

2260 3241 2437 3289 autem
2463 3226 2915 3284 Ammonitarum.

2327 3321 2381 3376 6.
2423 3316 2642 3374 Muralis
2668 3314 2982 3368 exhortatio.
3011 3307 3234 3362 Collatia
3263 3305 3478 3376 Iosephi
3503 3303 3834 3358 continentia:

2257 3429 2375 3470 cum
2412 3407 2736 3479 Babylonica
2773 3398 3277 3472 fornace—Verum
3305 3395 3832 3465 tuncquidem,qno—

2257 3504 2402 3560 niam
2417 3501 2568 3570 origo
2588 3508 2638 3552 et
2657 3495 2810 3550 initia
2832 3501 3007 3556 erant,
3026 3500 3082 3546 et
3097 3505 3189 3560 per
3205 3488 3417 3562 generis
3434 3487 3833 3542 successionem

2259 3593 2571 3649 memoriam
2595 3603 2746 3644 suam
2771 3585 3024 3640 volebant
3043 3595 3380 3642 conservare,
3401 3586 3606 3632 tantum
3623 3575 3737 3644 ejus
3757 3577 3835 3630 rei

2259 3655 2490 3742 siudium
2511 3678 2748 3748 fuitjusti
2766 3677 2996 3734 ﬁliabus:
3013 3689 3154 3730 nunc
3167 3682 3345 3730 autem
3361 3671 3483 3739 quia
3502 3685 3595 3738 per
3607 3669 3834 3739 gratiam

2259 3778 2355 3834 Dei
2383 3775 2567 3844 religio
2589 3770 2792 3840 majora
2820 3765 3051 3836 sumpsit
3075 3765 3427 3824 incrementa,
3459 3768 3514 3813 et
3540 3758 3834 3814 secundum

2258 3871 2475 3926 beatum
2499 3865 2743 3928 Paulum,
2763 3860 3002 3918 Prwterit
3015 3854 3382 3928 ﬁguramundi
3395 3852 3554 3922 hujus
3573 3849 3621 3922 (1
3643 3847 3767 3904 Cor.
3781 3850 3836 3904 7.

2259 3961 2374 4034 51),
2399 3976 2565 4030 opera
2595 3958 2742 4012 bona
2769 3954 2978 4026 agendo
3015 3948 3330 4005 memoriam
3358 3942 3526 3998 nostri
3561 3941 3831 4010 relinqua-

2259 4067 2379 4108 mus
2403 4069 2416 4106 :
2448 4067 2507 4106 ut
2519 4066 2644 4105 eum
2669 4048 2794 4104 hinc
2809 4045 3238 4116 migraverimus,
3263 4043 3386 4096 vita:
3401 4047 3599 4094 nostra:
3614 4037 3840 4106 diligens

2258 4150 2316 4198 et
2348 4148 2598 4195 accurata
2631 4137 2771 4190 ratio
2795 4137 2866 4191 sit
2895 4133 3284 4188 monimentum
3315 4139 3370 4185 et
3395 4129 3642 4183 doctrina
3673 4125 3820 4181 omni

2259 4229 2364 4285 bus
2390 4229 2479 4298 qui
2515 4228 2564 4280 in
2603 4241 2702 4280 nos
2742 4224 3053 4292 respicient.
3097 4219 3232 4274 Nam
3265 4219 3356 4286 qui
3399 4220 3602 4271 virtute
3629 4211 3838 4284 prmditi

2261 4329 2410 4384 sunt,
2435 4327 2489 4372 et
2513 4326 2717 4370 castam
2747 4315 2908 4366 vitam
2931 4312 3166 4374 ducunt,
3191 4325 3298 4364 non
3322 4307 3496 4361 solum
3525 4306 3579 4360 in
3608 4306 3707 4358 bac
3730 4303 3840 4356 vita

2261 4411 2536 4482 degentes,
2561 4407 2654 4462 sed
2679 4415 2733 4460 et
2747 4415 2870 4476 post
2895 4405 3018 4458 vitae
3039 4403 3263 4478 exitum,
3280 4397 3568 4469 plurimum
3585 4395 3842 4465 prodesse

2261 4507 2516 4573 poterunt
2543 4499 2608 4552 iis
2641 4497 2730 4566 qui
2759 4497 2811 4548 iu
2845 4513 2901 4549 se
2935 4490 3290 4562 respexerint.
3327 4487 3392 4540 Et
3424 4495 3481 4539 ut
3513 4487 3613 4538 hoc
3640 4483 3840 4546 discas,

2260 4591 2680 4662 vide,obsecro,
2727 4597 2956 4658 quantus
3008 4599 3269 4638 annorum
3329 4592 3583 4632 numerus
3629 4575 3847 4629 transiit

2263 4698 2432 4755 usque
2455 4682 2840 4737 inbodiernum
2863 4678 3026 4740 diem,
3053 4689 3117 4728 ac
3137 4671 3348 4744 quoties
3363 4669 3608 4722 volunms
3634 4665 3844 4735 aliquos

2263 4777 2318 4832 in
2352 4773 2750 4830 mmulationem
2793 4765 3136 4824 continentia:
3181 4773 3499 4834 provocare.
3547 4755 3745 4826 Joseph
3788 4755 3842 4807 in

2265 4865 2502 4921 medium
2533 4861 2805 4916 all'erimus
2827 4857 3153 4926 speciosum,
3185 4851 3502 4911 formosum,
3534 4845 3845 4900 adolescen-

2267 4971 2397 5026 tem,
2433 4957 2488 5011 in
2529 4956 2644 5024 ipso
2672 4953 2847 5007 astatis
2887 4949 3018 5003 ﬂore
3063 4955 3267 5001 tantam
3295 4943 3566 4998 castitatis
3596 4947 3846 4994 eoustan~

2262 5046 2389 5099 tiam
2435 5059 2543 5112 pra:
2594 5057 2654 5098 se
2701 5042 2997 5096 ferentem:
3029 5047 3082 5094 et
3131 5037 3208 5093 sic
3251 5037 3317 5094 ad
3349 5037 3696 5092 imitationem
3717 5033 3842 5106 justi

2261 5139 2421 5208 liuius
2463 5135 2630 5192 auditt
2645 5151 2730 5192 res
2767 5149 3055 5204 provocare
3093 5134 3386 5188 studemus.
3415 5131 3547 5199 Quis
3572 5145 3713 5187 enim
3741 5143 3848 5187 non

2262 5231 2616 5284 admiraretur
2640 5228 2848 5282 beatum
2877 5227 3047 5292 illum,
3079 5225 3167 5297 qui
3199 5225 3250 5280 in
3280 5225 3535 5279 servitute
3561 5221 3840 5286 exsistens,

2264 5321 2388 5376 etin
2416 5321 2532 5390 ipso
2557 5319 2689 5374 flore
2715 5319 2906 5384 aetatis,
2935 5315 3148 5388 quando
3179 5317 3408 5371 maxime
3443 5313 3628 5368 fornax
3649 5327 3850 5368 cancu—

2265 5412 2644 5483 piscentiarnm
2665 5408 2992 5476 accenditur,
3019 5425 3142 5462 cum
3173 5407 3376 5462 videret
3400 5405 3668 5460 dominam
3699 5417 3847 5456 suam

2267 5501 2626 5568 invadentem,
2676 5507 2730 5555 et
2773 5499 3125 5554 insanientem
3172 5499 3224 5552 in
3268 5513 3348 5564 se,
3385 5505 3583 5552 tantam
3617 5493 3851 5550 ostendit

2269 5591 2652 5656 fortitudinem,
2698 5597 2752 5645 et
2797 5590 2866 5643 ita
2911 5589 2977 5643 ad
3007 5588 3262 5643 castitatis
3289 5602 3488 5658 agones
3515 5601 3572 5641 se
3592 5585 3850 5648 exercuit,

2273 5695 2328 5738 ut
2366 5685 2432 5738 ab
2482 5683 2865 5751 intemperante
2892 5679 2978 5735 illa
3006 5679 3227 5736 muliere
3253 5679 3425 5734 nudus
3448 5677 3661 5740 quidem
3689 5675 3852 5731 vcsti-
