4150 6276
245 300 337 355 Ml

240 414 557 486 πειρώμεθά
580 431 742 468 τινων
764 414 1074 469 ἀποδιδόναι
1104 414 1241 469 κατὰ
1274 414 1336 467 τὸ
1364 416 1494 485 ἡμῖν
1521 418 1771 485 ἐφικτὸν,
1796 420 1911 472 ἀλλ’

237 502 384 571 ὅμως
430 504 522 556 καὶ
559 502 735 565 οὓτως
782 502 895 571 ἔχει
936 502 1384 572 ἐγκεκρυμμένον
1425 502 1549 554 τινά
1587 503 1862 575 θησαυρὸν
1886 518 1911 546 α

239 586 388 660 μόὃ]
425 588 561 643 πολὺ
605 589 927 659 ἀπόκρυφόν
960 605 1021 641 τε
1061 589 1155 641 καὶ
1207 587 1668 659 δυσερμήνευτον.
1716 592 1914 644 Σκόπει

236 676 434 738 τοίνυν,
465 676 585 739 πῶς
610 677 644 746 ή
683 676 872 747 Γραφὴ
921 675 1102 728 πάντα
1150 675 1336 743 σαφῶς
1377 676 1781 746 διηγησαμένη,
1821 678 1914 730 καὶ

236 761 326 813 τὸν
366 761 567 815 σκοπὸν
584 763 717 832 ήμϊν
744 760 1059 832 γνωρίσασα
1087 762 1195 816 τῶν
1222 760 1317 813 τοῦ
1340 761 1548 814 δικαίου
1575 762 1909 834 θυγατέρων,

237 845 331 899 νῦν
361 847 460 916 μὲν
491 847 634 918 ὑπὲρ
662 846 844 899 αὐτῶν
878 845 1155 917 ἀρκοῦσαν
1201 845 1498 914 ἀπολογίαν
1530 850 1784 913 ποιεῖται,
1816 848 1912 902 νῦν

236 931 293 985 δέ
324 933 464 1004 ὑπὲρ
490 932 586 986 τοῦ
615 932 844 997 δικαίου,
878 932 966 986 ἴνα
1000 933 1189 1003 μηδεὶς
1224 934 1447 1003 ἀφορῶν
1478 934 1617 1005 πρὸς
1642 935 1703 987 τὸ
1744 952 1910 1004 γεγο-

240 1019 350 1081 νὸς,
390 1021 526 1090 μήτε
555 1019 647 1073 τοῦ
671 1020 880 1073 δικαίου
906 1018 1226 1088 καταγνοίη,
1259 1020 1395 1089 μήτε
1419 1018 1527 1072 τῶν
1550 1020 1715 1073 αὑτοῦ
1746 1022 1914 1089 θυγα-

239 1104 427 1175 τέρων,
447 1104 521 1168 ὡς
542 1104 608 1157 δι’
634 1103 926 1173 ἀσέλγειαν
949 1104 1052 1174 τῆς
1072 1105 1271 1175 μίξεως
1286 1106 1490 1175 ταύτης
1512 1107 1912 1178 γεγενημένης.

240 1192 363 1253 Πῶς
394 1187 487 1243 οὖν
516 1190 656 1262 ὑπὲρ
686 1191 794 1243 τῶν
821 1191 1135 1262 θυγατέρων
1160 1190 1256 1244 τοῦ
1287 1192 1494 1245 δικαίου
1525 1191 1909 1261 ἀπολογεῖται;

239 1274 404 1339 Εἵπε,
438 1278 621 1348 φησὶν,
653 1278 691 1346 ή
739 1276 1111 1346 πρεσϐυτέρα
1157 1277 1307 1345 πρὸς
1345 1277 1460 1346 τὴν
1488 1280 1801 1348 νεωτέραν·
1849 1283 1910 1336 '0

235 1360 433 1429 πατὴρ
464 1362 628 1431 ἡμῶν
655 1364 1079 1431 πρεσϐύτερος,
1110 1364 1209 1416 καὶ
1248 1363 1449 1429 οὐδείς
1474 1365 1645 1416 ἐστιν
1676 1366 1773 1419 ἐπὶ
1799 1366 1911 1435 τῆς

237 1445 369 1516 γῆς,
400 1445 470 1513 ὃς
497 1448 909 1501 εἰσελεύσεται
943 1448 1094 1515 πρὸς
1133 1447 1312 1516 ἡμᾶς,
1346 1448 1426 1514 ὡς
1459 1448 1710 1517 καθήκει
1742 1450 1909 1523 πάσῃ

239 1535 309 1605 τῇ
465 1537 607 1607 Ὅρα
638 1537 727 1590 τὸν
756 1538 959 1591 σκοπὸν
1010 1538 1149 1608 μετά
1203 1537 1489 1610 ἀκριϐείας
1510 1577 1525 1603 ,
1567 1540 1663 1593 καὶ
1708 1540 1911 1605 παντὸς

236 1623 405 1686 αύτάς
449 1624 779 1690 ἀπαλλάξεις
850 1624 1218 1695 ἐγκλήματος.
1291 1625 1576 1695 Ἐνόμισαν
1618 1626 1725 1697 γὰρ
1775 1645 1912 1680 παν-

236 1709 497 1781 ωλεθρίαν
523 1708 971 1780 γεγενῆσθαι,καὶ
1001 1709 1205 1779 μηδένα
1226 1709 1306 1764 ἔτι
1340 1708 1911 1783 καταλειφθῆναι·εἷτα

234 1796 330 1847 καὶ
369 1795 466 1848 τοῦ
500 1797 705 1868 πατρὸς
751 1796 937 1867 ἑώρων
972 1797 1032 1849 τὸ
1073 1797 1270 1867 γῆρας.
1304 1798 1421 1851 Ἵνα
1459 1793 1584 1861 οὖν,
1611 1799 1776 1868 φησὶ,
1834 1800 1911 1870 μὴ

236 1882 504 1953 ἀφανισθῇ
533 1884 593 1936 τὸ
616 1885 793 1951 γένος,
830 1886 923 1937 καὶ
963 1883 1236 1954 ἀνώνυμοι
1267 1884 1555 1955 γενώμεθα
1582 1886 1760 1957 (τοῦτο
1798 1889 1908 1957 γὰρ

234 1964 304 2038 ἦν
332 1969 391 2022 τὸ
422 1970 674 2034 παλαιοίς
706 1972 1205 2041 περισπούδαστον,
1241 1971 1383 2026 ὥστε
1416 1972 1505 2026 διά
1534 1974 1636 2041 τῆς
1675 1973 1784 2027 τῶν
1816 1976 1911 2026 2x-

235 2056 408 2121 γόνων
434 2055 685 2126 διαδοχῆς
730 2057 1070 2110 ὲκτείνεσθαι
1111 2058 1291 2112 αὐτῶν
1335 2060 1398 2112 τὸ
1430 2059 1632 2127 γένος)⁶
1664 2060 1751 2112 ἵνα
1780 2056 1907 2122 οὖν,

234 2143 393 2211 φησὶ,
425 2142 498 2210 μὴ
537 2143 777 2211 παντελῆ
828 2145 924 2195 καὶ
964 2144 1126 2211 ήμεῖς
1159 2144 1467 2213 ἀφανισμὸν
1501 2145 1906 2214 ὑπομείνωμεν,

234 2226 329 2279 τοῦ
365 2228 464 2294 μὲν
492 2229 697 2298 πατρὸς
718 2218 863 2297 πρὸς
895 2229 1071 2298 γῆρας
1116 2229 1429 2295 ἐλάσαντος,
1469 2230 1686 2293 οὐδενὸς
1724 2232 1782 2283 δὲ
1816 2232 1909 2284 εὑ-

237 2311 565 2381 ρισκομένου
592 2312 817 2382 ἀνδρὸς,
846 2305 891 2379 ᾧ
931 2314 1325 2385 συγγενόμεναι
1360 2315 1701 2386 δυνησόμεθα
1749 2318 1909 2370 ἐκτα-

238 2397 421 2465 θῆναι,
457 2398 550 2450 καὶ
589 2398 905 2451 καταλιπεῖν
928 2400 1022 2452 τοῦ
1047 2401 1361 2471 σπέρματος
1391 2402 1660 2473 διαδοχὴν,
1700 2403 1905 2470 Δεῦρο,

238 2483 427 2553 φησὶν,
465 2484 548 2535 ἵνα
573 2486 648 2554 μὴ
680 2485 839 2537 τοῦτο
882 2487 1105 2556 γένηται
1129 2528 1144 2551 ,
1177 2487 1521 2557 ποτίσωμεν
1550 2489 1659 2543 τὸν
1681 2488 1910 2557 πατέρα

237 2569 409 2637 ἡμῶν
437 2571 625 2623 οἶνον.
676 2571 893 2641 Ἐπειδὴ
939 2573 1038 2625 οὐκ
1072 2572 1137 2625 ἄν
1189 2590 1342 2637 ποτε,
1388 2576 1574 2646 φησὶν,
1624 2576 1909 2647 ἀνάσχοιτο

235 2656 357 2709 οὐδέ
382 2658 521 2727 ἀκοῇ
547 2657 705 2709 τοῦτο
749 2658 1158 2728 παραδέξασθαι
1188 2659 1217 2711 ὁ
1248 2660 1431 2731 πατὴρ
1450 2704 1464 2726 ,
1512 2661 1601 2715 διά
1626 2662 1720 2715 τοῦ
1764 2663 1906 2716 οίνου

234 2744 336 2813 τὴν
389 2744 603 2813 ἀπάτην
637 2745 1022 2815 ἐργασώμεθά.
1079 2746 1396 2800 Ἐπότισαν
1436 2747 1504 2801 δὲ
1545 2748 1652 2801 τὸν
1683 2749 1909 2818 πατέρα

234 2829 434 2884 αὐτῶν
471 2827 637 2884 οἶνον
668 2832 737 2883 ἐν
759 2830 834 2899 τῇ
868 2832 1041 2885 νυκτὶ
1081 2834 1289 2901 ταύτῃ,
1330 2833 1429 2887 καί
1464 2836 1829 2889 είσελθοῦσα
1867 2838 1906 2905 η

235 2918 608 2987 πρεσϐυτέρα
656 2919 941 2988 ἐκοιμήθη
979 2921 1129 2989 μετὰ
1158 2920 1265 2974 τοῦ
1297 2922 1520 2989 πατρὸς
1549 2921 1739 2991 αὐτῆς
1764 2942 1777 2955 ·
1809 2923 1909 2977 καὶ

235 3008 348 3059 οὐκ
381 3006 511 3075 ᾔδει
539 3006 608 3059 ἐν
638 3005 717 3071 τῷ
764 3006 1115 3076 κοιμηθῆναι
1152 3007 1370 3077 αὐτὴν,
1404 3009 1502 3063 καὶ
1536 3010 1896 3079 ἀναστῆναι.

232 3088 388 3159 Εἶδες
432 3090 549 3154 πῶς
582 3094 675 3145 καὶ
714 3093 852 3162 ὑπὲρ
902 3092 994 3145 τοῦ
1041 3093 1254 3146 δικαίου
1301 3095 1679 3166 ἀπελογήσατο
1722 3099 1754 3167 ή
1792 3096 1907 3150 θεία

237 3177 450 3248 Γραφὴ,
497 3178 595 3247 οὑχ
629 3176 798 3242 ἅπαξ,
845 3178 979 3231 ἀλλά
1031 3180 1123 3231 καὶ
1168 3179 1455 3251 δεύτερον;
1496 3182 1767 3253 Πρότερον
1811 3183 1909 3253 μὲν

235 3263 344 3334 γάρ
370 3264 430 3328 ἐξ
465 3257 539 3318 ὧν
578 3266 631 3316 αί
674 3264 973 3337 θυγατέρες
999 3267 1097 3337 τὴν
1130 3267 1217 3319 διὰ
1249 3266 1342 3320 τοῦ
1369 3270 1513 3321 οἴνου
1547 3270 1763 3341 ἀπάτην
1793 3272 1908 3342 είρ-

234 3352 492 3420 γάσαντο,
527 3351 725 3417 ἔδειξεν
755 3353 832 3415 ώς
863 3354 963 3407 οὐκ
1004 3352 1069 3406 ἂν
1103 3354 1303 3425 ἑτέρως
1336 3354 1683 3427 ἠδυνήθησαν
1724 3359 1907 3411 πεῖσαι

234 3439 328 3492 τὸν
358 3440 569 3509 πατέρα
599 3438 759 3492 τοῦτο
801 3440 1203 3505 καταδέξασθαι
1226 3458 1238 3471 ·
1285 3443 1401 3495 νυνὶ
1447 3443 1505 3495 δὲ
1538 3444 1720 3497 λοιπὸν
1754 3440 1908 3515 οἶμαι

238 3522 332 3575 καὶ
363 3523 675 3592 οἰκονομίας
705 3516 844 3575 εἶναι
865 3524 962 3591 τῆς
979 3523 1186 3577 ἄνωθεν
1216 3523 1276 3577 τὸ
1301 3525 1543 3593 γεγονὸς,
1560 3526 1701 3579 ὥστε
1723 3527 1909 3579 τοσοῦ-

236 3626 330 3661 τον
355 3608 502 3678 αύτῷ
546 3608 715 3678 κάρον
745 3610 1089 3677 ἐγγενέσθαι,
1140 3611 1217 3676 ὡς
1261 3612 1439 3683 πάντη
1489 3614 1789 3684 ἀγνοῆσαι,
1821 3614 1907 3666 ἵνα

239 3696 529 3759 ἀνεύθυνος
555 3697 779 3766 γένηται
824 3697 931 3749 τῶν
959 3697 1341 3768 ἐγκλημάτων.
1376 3700 1457 3753 Τά
1503 3700 1612 3770 γὰρ
1656 3702 1907 3771 ἁμαρτήι

243 3804 391 3857 ματα
424 3790 606 3841 ἐκεῖνα
654 3789 801 3858 ἡμᾶς
839 3789 1159 3859 κατακρίνει
1194 3794 1289 3842 καὶ
1334 3790 1721 3853 καταδικάζει,
1764 3790 1908 3861 άπερ

238 3874 307 3929 ἂν
336 3874 535 3937 εἰδότες
571 3875 663 3928 καὶ
705 3876 921 3938 ἑκόντες
951 3876 1311 3946 ἀμάρτωμεν.
1355 3877 1517 3947 Ὁρᾷς
1549 3878 1607 3929 δὲ
1642 3878 1739 3946 τὴν
1769 3879 1909 3946 Γρα-

238 3961 347 4029 φὴν
397 3960 778 4031 μαρτυροῦσαν
822 3960 900 4030 τῷ
951 3962 1167 4032 δικαίῳ,
1220 3962 1304 4013 ὅτι
1344 3963 1483 4025 ὅλως
1530 3963 1633 4015 οὐκ
1686 3963 1804 4033 ᾔδει
1847 3962 1909 4014 τὸ

237 4047 486 4116 γεγονός;
522 4046 681 4100 Ἀλλά
710 4047 869 4099 πάλιν
896 4046 1083 4117 ἕτερον
1116 4047 1418 4102 ἀνακύπτει
1453 4048 1675 4119 ζήτημα
1708 4049 1771 4102 τὸ
1807 4048 1908 4118 τῆς

240 4133 433 4203 μέθης.
466 4134 557 4186 Δεῖ
574 4135 682 4205 γάρ
704 4133 882 4187 πάντα
905 4133 1303 4205 διερευνᾶσθαι,
1334 4134 1475 4188 ὥστε
1503 4135 1776 4205 μηδεμίαν
1808 4153 1909 4188 κα-

236 4222 484 4275 ταλιπεῖν
524 4225 638 4286 τοῖς
680 4222 957 4294 ἀγνώμοσι
988 4225 1081 4277 καὶ
1110 4224 1490 4295 ἀναισχύντοις
1532 4227 1808 4296 ἀφορμήν.
1840 4225 1905 4278 Τί

238 4304 330 4361 οὖν
364 4310 456 4362 καὶ
480 4310 608 4381 περὶ
632 4310 821 4363 τούτου
842 4311 1113 4382 είπωμενς
1147 4311 1267 4364 Ὅτι
1294 4312 1355 4363 οὐ
1378 4310 1631 4365 τοσοῦτον
1660 4312 1717 4378 ἐξ
1740 4312 1907 4383 ἀκρα-

240 4396 360 4459 σίας
388 4394 457 4450 τά
487 4396 586 4467 τῆς
617 4397 786 4469 μέθης
816 4397 963 4469 αὐτῷ
991 4400 1233 4468 γέγονεν,
1270 4400 1393 4453 ὅσον
1427 4399 1536 4452 ἀπὸ
1570 4399 1828 4470 ἀθυμίας.

310 4484 372 4539 ε’.
413 4483 612 4554 Μηδεὶς
639 4484 820 4539 τοίνυν
845 4486 1097 4557 τολμάτω
1139 4486 1229 4539 τοῦ
1256 4488 1289 4559 ἢ
1317 4487 1527 4541 δικαίου
1574 4488 1704 4541 ποτέ
1735 4504 1904 4541 κατα-

237 4570 599 4641 ψηφίσασθαι,
632 4570 664 4639 ἢ
703 4571 811 4625 τῶν
835 4571 1023 4625 τούτου
1057 4572 1391 4644 θυγατέρων.
1426 4574 1552 4637 Πῶς
1580 4574 1688 4646 γάρ
1714 4576 1811 4627 οὐκ
1838 4575 1902 4629 ἂν

239 4659 323 4728 εῐη
359 4657 555 4727 μανίας
582 4657 816 4726 ἐσχάτης
840 4657 935 4710 καὶ
958 4658 1407 4731 παραφροσύνης,
1436 4658 1528 4722 οὓς
1551 4661 1586 4730 ή
1617 4660 1736 4713 θεία
1760 4660 1901 4732 Γρα-

240 4745 315 4815 φὴ
346 4748 545 4806 παντὸς
581 4742 886 4814 ἀπήλλαξεν
916 4745 1279 4817 ἐγκλήματος,
1319 4746 1518 4816 μᾶλλον
1560 4746 1617 4798 δέ
1660 4747 1801 4818 ὑπὲρ
1827 4741 1903 4801 ὧν

237 4831 503 4900 τοσαύτην
532 4830 827 4901 ἀπολογίαν
846 4832 1157 4903 συνέθηκεν,
1180 4834 1326 4903 ἡμᾶς
1344 4833 1469 4897 τοὺς
1492 4832 1705 4904 μυρίοις
1725 4834 1904 4905 ἀμαρ-

238 4919 495 4989 τημάτων
525 4919 762 4989 φορτίοις
790 4919 1251 4991 πεπληρωμένους
1274 4920 1680 4985 καταδικάζειν,
1704 4922 1797 4974 καὶ
1825 4922 1902 4993 μὴ

237 5007 453 5060 ἀκούειν
485 5007 697 5060 Παύλου
730 5007 1003 5076 λέγοντος,
1030 5008 1173 5074 Θεὸς
1215 5011 1248 5062 ό
1287 5008 1550 5074 δικαιῶν,
1602 5009 1696 5074 τίς
1739 5012 1772 5063 ό
1800 5026 1903 5063 κα-

237 5095 563 5163 τακρίνων;
592 5096 701 5149 Καὶ
725 5096 813 5148 ἵνα
841 5096 1017 5169 μάθῃς
1031 5096 1114 5149 ὅτι
1139 5097 1237 5167 οὐχ
1257 5097 1443 5161 ἁπλῶς
1459 5096 1580 5150 οὐδὲ
1604 5098 1724 5168 είκῆ
1747 5097 1902 5151 τοῦτο

238 5182 482 5249 γέγονεν,
502 5182 617 5235 ἀλλ’
635 5184 669 5252 ἡ
690 5182 964 5254 ὑπερϐολὴ
991 5184 1088 5254 τῆς
1102 5184 1339 5255 ἀθυμίας
1365 5184 1503 5255 μετὰ
1521 5184 1625 5254 τῆς
1644 5184 1735 5237 τοῦ
1752 5182 1899 5256 [454]

238 5269 379 5320 οίνου
402 5267 721 5339 προσθήκης
748 5269 1006 5339 οὐδεμίαν
1062 5270 1210 5341 αύτῷ
1250 5271 1501 5339 αἴσθησιν
1555 5269 1900 5341 συνεχώρησε

239 5350 492 5418 γενέσθαι
521 5351 572 5413 δ,
608 5352 839 5407 ἄκουσον
885 5353 938 5405 τί
990 5371 1175 5422 φησιν.
1220 5352 1487 5422 Ἐγένετο
1516 5352 1585 5405 δὲ
1613 5350 1687 5420 τῇ
1717 5353 1902 5408 ἐπαύ-

236 5453 385 5503 ριον,
438 5438 535 5492 καί
571 5434 743 5493 εἶπεν
774 5440 815 5508 ἠ
856 5440 1229 5509 πρεσϐυτέρα
1260 5441 1410 5509 πρὸς
1439 5440 1554 5508 τὴν
1582 5440 1878 5509 νεωτέραν

252 5522 403 5578 Ἰδοὺ
443 5524 771 5594 έκοιμήθην
812 5526 956 5595 χθὲς
984 5527 1136 5596 μετά
1167 5527 1274 5581 τοῦ
1305 5526 1529 5595 πατρός
1560 5526 1751 5596 ἡμῶν·
1789 5542 1901 5580 πο-

299 5647 326 5712 _“
355 5645 507 5712 Sqﬂl.
533 5652 586 5695 et
608 5647 797 5712 aliquot
826 5661 941 5712 mss.
965 5648 1020 5697 οὗ
1039 5649 1128 5712 γὰρ
1150 5647 1338 5712 πάντων
1374 5648 1609 5712 δυνάμεθα
1641 5648 1742 5712 μετ’
1762 5648 1899 5712 ἀκρι-

238 5707 552 5773 ϐείας-εἰδέναι
573 5710 659 5766 τὴν
693 5707 867 5773 αἰτίαν,
890 5711 993 5773 ἀλλ’
1016 5707 1144 5772 ὅμως
1178 5710 1273 5772 ἔχει
1293 5711 1397 5759 τινὰ
1429 5707 1801 5773 ἐγκεκρυμμένον
1821 5707 1898 5773 θης

238 5770 425 5831 σαυρὸν.
476 5768 530 5817 In
570 5768 897 5829 sequentibus
932 5768 1119 5832 aliquot
1159 5768 1424 5822 vii-ietales
1463 5768 1723 5821 bccu‘rfuht
1762 5770 1888 5832 apud

237 5831 609 5883 Savnliummuae
625 5844 721 5878 non
743 5833 803 5881 ad
825 5845 1019 5881 sensum
1043 5834 1306 5883 pertinent.

237 5843 721 5895 tia-vuilgmgquaﬁnon
743 5843 803 5881 aa
825 5845 1019 5881 sensum
1043 5843 1306 5895 peruncm.

295 5890 327 5932 ι»
346 5892 444 5943 Am
468 5890 744 5953 ἐγγενέσθαι.

1132 298 1155 305 -
1226 278 1229 283 ’
1334 299 1401 355 IN
1432 300 1585 356 CAP.
1633 301 1769 356 nx.
1816 303 2065 361 GENES.
2110 304 2343 364 nomL.
2377 306 2563 364 xm.

3574 313 3680 369 6ίῖ

2019 422 2281 491 τίσωμεν
2327 424 2440 477 οὖν
2475 424 2664 477 αὐτὸν
2695 420 2864 479 οἶνον
2894 426 2992 479 καὶ
3035 426 3149 493 τὴν
3194 440 3383 481 νυκτα
3416 429 3642 493 ταύτην
3664 470 3678 495 ,

2016 507 2113 558 καὶ
2145 507 2509 560 εἰσελθοῦσα
2551 508 2865 575 κοιμήθητι
2917 512 3040 577 μετ’
3070 507 3259 562 αὐτοῦ
3278 549 3293 572 ,
3324 512 3424 564 καὶ
3462 510 3679 575 ἐξανα-

2013 589 2337 657 στήσωμεν
2355 591 2423 643 ἐκ
2465 591 2573 644 τοῦ
2612 592 2836 657 πατρὸς
2862 590 3032 659 ἡμῶν
3052 594 3309 660 σπέρμα.
3369 595 3532 665 Ὁρᾷς
3564 595 3681 657 πῶς

2014 671 2073 735 ἐξ
2105 671 2272 741 ὀρθῆς
2300 672 2524 742 γνώμης
2557 672 2713 725 τοῦτο
2736 674 2974 730 ἐποίουν.
3015 674 3230 744 Ἐπειδὴ
3254 674 3366 747 γάρ
3385 675 3676 747 ἠδυνήθην,

2015 753 2202 821 φησὶν,
2236 752 2348 820 ἐγὼ
2371 756 2432 805 τὸ
2468 754 2901 824 σπουδαζόμενόν
2936 773 3027 825 μοι
3050 757 3359 827 πληρῶσαι,
3387 759 3681 826 ἀναγκαῖον

2013 836 2109 887 καὶ
2153 834 2213 886 σὲ
2234 834 2294 886 τὸ
2311 835 2444 889 αὐτὸ
2471 836 2890 906 διαπράξασθαυ
2948 838 3077 902 ἴσως
3110 842 3215 909 γὰρ
3248 842 3328 902 είς
3365 840 3525 911 ἔργον
3546 843 3681 911 ἡμῖν

2012 917 2306 988 ἐκϐήσεται
2337 918 2407 971 τά
2425 919 2523 988 τῆς
2553 920 2898 990 προσδοκίας,
2918 922 3012 973 καὶ
3039 922 3141 974 οὐκ
3168 924 3246 985 είς
3262 923 3413 985 τέλος
3438 923 3499 976 τὸ
3524 924 3679 991 γένος

2013 1000 2169 1070 ήμῶν
2217 1000 2664 1071 ἀφανισθήσεται.
2715 1003 3040 1056 Ἐπότισαν
3091 1004 3160 1056 δὲ
3210 1005 3308 1057 καὶ
3367 1004 3444 1073 τῇ
3504 1006 3678 1060 νυκτί

2011 1082 2212 1152 ἐκείνῃ
2242 1084 2349 1136 τὸν
2374 1083 2600 1151 πατέρα
2630 1083 2833 1137 αὐτῶν
2872 1080 3061 1149 οἶνον,
3095 1086 3194 1139 καὶ
3235 1087 3601 1141 εἰσελθοῦσα
3635 1086 3675 1156 ἡ

2010 1164 2265 1233 νεωτέρα
2296 1166 2582 1235 ἐκοιμήθη
2603 1166 2753 1235 μετά
2779 1166 2886 1220 τοῦ
2921 1167 3144 1235 πατρὸς
3180 1168 3388 1236 αὐτῆς·
3424 1169 3522 1222 καὶ
3564 1171 3676 1223 οὐκ

2012 1250 2145 1320 ᾔδει
2199 1252 2270 1305 ἐν
2332 1252 2414 1318 τῷ
2471 1252 2828 1322 κοιμηθῆναι
2872 1253 3103 1320 αὐτὴν,
3161 1254 3262 1307 καὶ
3314 1253 3674 1323 ἀναστῆναι.

2011 1339 2314 1410 Σκόπησον,
2346 1341 2616 1409 ἀγαπητὲ,
2671 1340 2752 1393 δτι
2784 1340 2846 1392 τὸ
2890 1341 2997 1393 πᾶν
3036 1339 3137 1409 τῆς
3172 1339 3268 1392 τοῦ
3296 1340 3431 1393 Θεοῦ
3473 1344 3676 1394 οἰκονο-

2015 1427 2144 1496 μίας
2171 1423 2241 1499 ἦν
2261 1427 2419 1498 ἔργον
2434 1428 2493 1481 τὸ
2512 1428 2755 1497 γεγονὸς,
2779 1428 2966 1499 ὥσπερ
2986 1429 3077 1481 ἐπὶ
3100 1428 3194 1481 τοῦ
3225 1428 3677 1498 πρωτοπλάστου.

2012 1515 2278 1587 Καθάπερ
2309 1515 2417 1585 γὰρ
2444 1516 2578 1581 ἐκεῖ,
2608 1515 2959 1577 καθεύδοντος
2986 1515 3173 1579 αὐτοῦ,
3208 1517 3273 1568 ἐκ
3303 1515 3405 1584 τῆς
3438 1515 3675 1585 πλευρᾶς

2013 1603 2176 1673 μέρος
2228 1602 2408 1655 λαϐὼν
2467 1603 2722 1672 οὐδεμίαν
2788 1602 3039 1674 αἴσθησιν
3108 1602 3257 1672 αὐτῷ
3327 1602 3671 1673 συνεχώρησε

2009 1690 2288 1757 γενέσθαι,
2322 1688 2459 1742 ἀλλά
2494 1690 2591 1759 τὴν
2626 1689 2862 1759 πλευρὰν
2906 1690 3121 1761 ἐκείνην
3167 1692 3247 1752 είς
3296 1694 3528 1759 γυναῖκα
3560 1692 3670 1745 δια-

2010 1776 2221 1840 πλάσας
2258 1775 2568 1847 παρέστησε
2597 1776 2674 1847 τῷ
2706 1778 2893 1846 Ἀδάμ·
2934 1776 3023 1831 τὸν
3055 1776 3217 1830 αὑτὸν
3255 1776 3318 1847 δὴ
3342 1777 3542 1848 τρόπον
3578 1781 3671 1831 καὶ

2009 1862 2124 1917 νῦν.
2153 1864 2216 1917 Εἰ
2248 1864 2357 1935 γὰρ
2394 1866 2427 1935 ή
2458 1865 2556 1933 τῆς
2594 1863 2833 1934 πλευρᾶς
2876 1863 3185 1933 ἀφαίρεσις,
3217 1865 3403 1933 ἐπειδὴ
3437 1864 3535 1934 τὴν
3578 1864 3672 1917 ἐκ-

2012 1973 2197 2009 στασιν
2223 1955 2371 2025 αὐτῷ
2417 1957 2446 2008 ό
2491 1955 2622 2017 Θεὸς
2670 1956 2967 2024 ἐπήγαγεν,
3000 1952 3413 2023 ἀνεπαισθήτως
3446 1952 3672 2020 γέγονε,

2008 2043 2189 2110 πολλῷ
2229 2042 2426 2111 μᾶλλον
2460 2040 2553 2093 νῦν
2588 2039 2747 2092 τοῦτο
2784 2040 2849 2092 ἂν
2878 2039 3114 2108 ἐγένετο.
3150 2041 3327 2109 Ὅπερ
3367 2040 3477 2109 γὰρ
3521 2036 3671 2094 εἷπεν

2010 2131 2126 2181 ἐκεῖ
2155 2131 2187 2198 ἡ
2226 2128 2343 2181 θεία
2372 2128 2408 2179 Γ
2413 2127 2580 2199 ραφὴ,
2610 2128 2693 2180 ὅτι
2737 2126 3058 2179 Ἐπέϐαλεν
3086 2128 3383 2179 ἔκστασιν
3429 2126 3527 2180 ἐπὶ
3568 2127 3671 2180 τὸν

2025 2216 2212 2284 Ἀδὰμ,
2260 2215 2357 2268 καὶ
2388 2216 2650 2268 ὕπνωσε·
2685 2213 2844 2267 τοῦτο
2875 2215 2970 2268 καὶ
3011 2213 3244 2268 ἐνταῦθα
3298 2215 3541 2287 ἐσήμανε
3585 2214 3670 2267 διὸ

2009 2304 2103 2357 τοῦ
2158 2306 2350 2368 εἰπεῖν,
2397 2304 2479 2356 ὅτι
2537 2305 2658 2356 Οὐκ
2713 2303 2843 2370 ᾔδει
2887 2302 2958 2355 έν
3002 2300 3082 2366 τῷ
3128 2301 3519 2370 κοιμηθῆναι,
3573 2302 3670 2356 καί

2008 2390 2363 2458 ἀναστῆναι.
2416 2389 2529 2445 Καὶ
2560 2390 2925 2454 συνέλαϐον,
2980 2388 3166 2460 φησὶν,
3198 2390 3268 2442 ἐκ
3298 2389 3403 2443 τοῦ
3451 2391 3667 2455 πατρὸς

2007 2478 2223 2532 αὐτῶν.
2282 2477 2391 2532 Καὶ
2424 2477 2632 2531 ἔτεκεν
2660 2478 2699 2544 ἡ
2741 2476 3138 2544 πρεσϐυτέρα,
3184 2476 3285 2530 καὶ
3322 2476 3577 2530 ἐκάλεσε
3606 2477 3674 2530 τὸ

2009 2566 2195 2633 ὄνομα
2231 2564 2420 2618 αὐτοῦ
2450 2565 2646 2628 Μωὰϐ,
2670 2564 2959 2633 λέγουσα’
3009 2564 3104 2616 Ἐκ
3138 2563 3243 2617 τοῦ
3285 2566 3507 2632 πατρός
3530 2581 3669 2635 μου.

2012 2649 2201 2719 Οὗτος
2234 2652 2431 2720 πατὴρ
2480 2649 2821 2706 Μωαϐιτῶν.
2857 2653 3057 2705 Ἕτεκε
3084 2650 3153 2703 δὲ
3180 2650 3281 2704 καί
3311 2651 3351 2719 ἡ
3394 2651 3670 2718 νεωτέρα,

2008 2740 2107 2793 καὶ
2135 2740 2390 2795 ἐκάλεσε
2427 2739 2493 2793 τὸ
2534 2739 2719 2806 ὄνομα
2750 2735 2913 2803 αὐτῷ
2946 2737 3182 2808 Ἀμμᾶν.
3210 2740 3496 2808 λέγουσα·
3542 2742 3665 2807 Υἱὸς

2008 2828 2115 2881 τοῦ
2154 2827 2367 2896 γένους
2398 2844 2538 2897 μου.
2593 2822 2781 2892 Οὗτος
2831 2824 3029 2893 πατὴρ
3082 2826 3471 2895 Ἀμμανιτῶν.
3513 2828 3673 2898 Ὁρᾷς

2010 2914 2126 2977 πῶς
2154 2916 2252 2967 οὑκ
2272 2913 2558 2982 ἀσελγείας
2584 2909 2651 2984 ἦν
2682 2913 2744 2965 τὸ
2789 2912 3012 2981 γεγονὸς
3031 2954 3045 2978 ,
3089 2913 3170 2965 ὅτι
3208 2917 3547 2985 παραχρῆμα
3581 2916 3674 2968 καὶ

2008 3003 2106 3066 τάς
2144 3002 2510 3073 προσηγορίας
2535 3004 2645 3064 τοῖς
2669 3000 2937 3070 τεχθείσιν
2966 3000 3231 3053 ἐπέθεσαν
3282 3002 3582 3072 μηνύουσαι
3613 3004 3675 3056 τὸ

2009 3089 2398 3160 γεγενημένον,
2422 3088 2515 3141 καὶ
2540 3087 2824 3157 μονονουχὶ
2857 3086 3107 3157 καθάπερ
3137 3090 3195 3140 ἐν
3221 3090 3390 3161 στήλῃ
3417 3092 3525 3143 τινὶ
3558 3093 3677 3150 τοῖς·

2007 3179 2115 3232 τῶν
2144 3177 2370 3232 παιδίων
2396 3178 2649 3245 ὀνόμασιν
2671 3175 3119 3245 ἐναποτιθέμεναι
3148 3176 3243 3229 τοῦ
3270 3179 3553 3244 γεγονότος
3573 3179 3674 3247 τὴν

2012 3269 2263 3338 μνήμην,
2312 3267 2406 3318 καὶ⁵
2450 3264 2548 3334 ήδη
2604 3264 3036 3335 προμηνύουσαι,
3088 3264 3170 3316 ὅτι
3228 3263 3353 3335 έθνη
3401 3264 3462 3328 ἐξ
3494 3263 3672 3318 αὐτῶν

2008 3357 2182 3416 ἐσται,
2212 3354 2306 3406 καὶ
2347 3355 2427 3415 είς
2458 3351 2661 3421 πλῆθος
2711 3350 3070 3420 ἐκταθήσεται
3123 3350 3231 3403 τῶν
3271 3351 3571 3420 τεχθέντων
3611 3352 3673 3405 τὺ

2008 3447 2181 3511 γένος.
2227 3442 2284 3497 '0
2314 3441 2414 3513 μὲν
2446 3439 2574 3509 γὰρ,
2621 3440 2807 3509 φησὶν,
2838 3438 2991 3493 ἔσται
3048 3438 3229 3510 πατὴρ
3277 3440 3605 3505 Μωαϐιτῶν,
3642 3442 3673 3493 δ

2007 3532 2086 3591 δὲ.
2118 3531 2300 3600 πατὴρ
2345 3527 2711 3598 Ἀμμανιτῶν.

2078 3627 2152 3683 ς’.
2187 3617 2346 3670 Ἀλλά
2370 3618 2491 3669 τότε
2518 3615 2638 3685 μὲν,
2663 3614 2853 3685 ἐπειδὴ
2879 3615 3023 3684 ἁρχὴ
3054 3614 3148 3668 καὶ
3174 3617 3431 3686 προοίμια
3456 3611 3543 3688 ἦν,
3578 3619 3675 3672 καὶ

2006 3706 2094 3759 διὰ
2120 3705 2218 3773 τῆς
2247 3703 2341 3756 τοῦ
2370 3703 2559 3771 γένους
2586 3701 2837 3771 διαδοχῆς
2888 3700 2985 3771 τὴν
3039 3703 3258 3772 μνήμην
3300 3704 3483 3766 αὐτοῖς
3511 3704 3657 3759 ἐϐού-

2007 3793 2158 3844 λοντο
2206 3788 2598 3856 διατηρείσθαι,
2635 3786 2904 3856 τοσαύτην
2952 3789 3187 3856 σπουδὴν
3237 3788 3331 3841 τοῦ
3376 3789 3584 3843 δικαίου
3612 3794 3668 3846 αἱ

2008 3878 2305 3948 θυγατέρες
2330 3877 2672 3945 ἐποιήσαντο·
2707 3876 2823 3927 νυνὶ
2854 3875 2930 3938 δέ,
2966 3875 3149 3945 ἐπειδὴ
3178 3876 3269 3929 διά
3287 3875 3385 3947 τήν
3403 3877 3499 3929 τοῦ
3534 3879 3667 3934 Θεοῦ

2008 3966 2167 4037 χάριν
2196 3964 2265 4017 τά
2288 3963 2388 4032 τῆς
2417 3962 2696 4024 εὐσεϐείας
2718 3962 3027 4025 ἐπιδέδωκε,
3073 3964 3166 4016 καὶ
3198 3964 3339 4017 κατὰ
3363 3964 3455 4017 τὸν
3486 3968 3656 4035 μακά-

2010 4069 2124 4125 ριον
2156 4050 2385 4113 Παῦλον,
2412 4047 2666 4117 Παρὰγει
2704 4047 2915 4102 λοιπὸν
2943 4048 3009 4101 τὸ
3046 4048 3255 4117 σχῆμα
3296 4050 3402 4104 τοῦ
3436 4051 3669 4120 κόσμον

2007 4144 2244 4203 τούτου,
2283 4139 2380 4208 τὴν
2404 4138 2493 4191 διά
2521 4138 2617 4206 τῆς
2645 4135 2753 4189 τῶν
2783 4135 3002 4204 ἀγαθῶν
3038 4136 3289 4206 πράξεως
3333 4137 3509 4208 ἔργων
3540 4142 3659 4210 μνή.

2009 4248 2118 4301 μην
2144 4228 2357 4289 ἐαυτοῖς
2385 4224 2910 4293 καταλιμπάνωμεν,
2943 4224 3029 4276 ἵνα
3056 4226 3150 4278 καὶ
3183 4224 3322 4294 μετά
3351 4226 3448 4295 τὴν
3484 4227 3665 4281 ἐντεῦ-

2006 4318 2096 4373 θεν
2132 4315 2483 4388 μετάστασιν,
2500 4313 2533 4381 ή
2557 4312 2655 4381 τῆς
2686 4311 2915 4382 ἀρίστης
2941 4312 3096 4382 ήμῶν
3121 4312 3394 4375 πολιτείας
3413 4313 3664 4385 ἀκρίϐεια

2005 4405 2310 4475 ὑπόμνησις
2328 4401 2423 4455 καὶ
2456 4397 2770 4453 διδασκαλία
2791 4399 3013 4469 γένηται
3030 4402 3142 4461 τοίς
3170 4401 3250 4463 είς
3273 4402 3421 4470 ἡμᾶς
3445 4402 3664 4470 όρῶσιν.

2005 4494 2067 4546 Οἱ
2103 4490 2210 4559 γάρ
2243 4488 2508 4559 ἐνάρετοι,
2541 4487 2634 4540 καὶ
2663 4488 2753 4538 τὸν
2792 4485 3044 4557 σώφρονα
3080 4485 3192 4555 βίον
3232 4488 3536 4556 μετιόντες,
3566 4491 3664 4543 οὐκ

2004 4581 2062 4633 ἐν
2102 4581 2168 4648 τῇ
2207 4577 2318 4646 ζωῇ
2347 4573 2518 4646 ταύτῃ
2567 4573 2724 4642 μόνον
2771 4573 3123 4641 τυγχάνοντες
3169 4574 3238 4626 τὰ
3272 4574 3501 4641 μέγιστα
3541 4576 3665 4638 10E»;

2004 4667 2085 4727 είς
2114 4663 2309 4725 αὐτοὺς
2338 4658 2580 4731 ὁρῶντας
2613 4657 2843 4726 ὠφελεῖν
2895 4657 3167 4719 δύνανται,
3222 4658 3358 4712 ἀλλά
3390 4660 3483 4711 καὶ
3529 4662 3665 4727 μετά

2002 4752 2102 4823 τὴν
2130 4750 2225 4804 τοῦ
2261 4750 2378 4819 βίου
2421 4747 2671 4819 πάροδον.
2724 4747 2833 4799 Καὶ
2864 4746 2950 4797 ἵνα
2986 4744 3183 4816 μάθῃς,
3229 4746 3332 4815 δρα
3367 4763 3458 4815 μοι
3499 4746 3665 4810 πόσος

2002 4838 2139 4894 ἐτῶν
2167 4836 2397 4908 ἀριθμὸς
2439 4833 2683 4905 παρῆλθε
2725 4832 2885 4902 μέχρι
2911 4830 3062 4902 [455]
3108 4831 3207 4901 τῆς
3254 4833 3516 4903 σήμερον,
3571 4836 3665 4889 καὶ

2003 4926 2189 4989 ὁσάκις
2223 4925 2289 4978 ἀν
2321 4922 2711 4994 βουληθείημεν
2742 4921 2821 4983 εἰς
2858 4918 2947 4971 τὸν
2978 4918 3079 4988 τῆς
3122 4920 3475 4990 σωφροσύνης
3503 4919 3666 4990 ζῆλόν

2000 5031 2150 5077 τινας
2170 5014 2403 5081 ἐνάγειν,
2429 5010 2521 5061 τὸν
2561 5006 2755 5077 Ἰωσήφ
2777 5008 2857 5069 είς
2890 5006 3051 5075 μέσον
3075 5006 3316 5073 ἄγοντες.
3340 5008 3430 5061 τὸν
3459 5009 3664 5079 εὐειδῆ,

2000 5100 2090 5153 τὸν
2115 5098 2297 5160 καλὸν,
2331 5097 2422 5149 τὸν
2450 5094 2585 5156 νέον,
2628 5093 2720 5146 τὸν
2761 5094 2818 5145 ἐν
2855 5093 2991 5162 αὐτῇ
3032 5096 3098 5163 τῇ
3136 5095 3286 5163 ἀκμῇ
3323 5094 3421 5163 τῆς
3449 5094 3663 5163 ήλικίας

1999 5187 2267 5257 τοσαύτην
2286 5182 2534 5255 ἀνδρείαν
2564 5181 2692 5251 περὶ
2720 5180 2820 5246 τὴν
2850 5178 3203 5249 σωφροσύνην
3233 5179 3667 5249 ἐπιδειξάμενον.

1999 5275 2146 5329 οὕτω
2193 5272 2330 5343 πρὸς
2374 5269 2474 5339 τὴν
2524 5268 2754 5338 μίμησιν
2796 5265 2892 5319 τοῦ
2942 5266 3145 5320 δικαίου
3193 5267 3316 5328 τοὺς
3373 5265 3662 5329 ἀκούοντας

1997 5358 2282 5427 διεγείρειν
2332 5354 2725 5423 σπουδάζομεν.
2769 5352 2867 5415 Τίς
2914 5352 3022 5423 γὰρ
3079 5353 3165 5416 ἂν,
3209 5351 3329 5403 είπέ
3377 5366 3502 5421 μοι,
3538 5355 3659 5405 κατ’

1999 5445 2156 5512 ἀξίαν
2189 5443 2486 5513 θαυμάσειε
2517 5440 2610 5493 τὸν
2669 5439 2939 5510 μακάριον
2965 5437 3175 5500 τοῦτον,
3227 5437 3308 5489 δτι
3357 5437 3416 5489 ἐν
3447 5437 3662 5509 δουλεία

1997 5533 2299 5602 τυγχάνων,
2336 5532 2430 5583 καὶ
2462 5531 2520 5582 ἐν
2550 5528 2699 5599 αὐτῷ
2728 5528 2806 5599 τῷ
2837 5528 2987 5583 ἄνθει
3030 5527 3127 5596 τῆς
3166 5525 3400 5595 ἡλικίας,
3430 5526 3519 5579 ὅτε
3565 5527 3661 5579 καὶ

2000 5619 2233 5690 μάλιστα
2266 5620 2298 5689 ή
2325 5619 2552 5688 κάμινος
2575 5618 2667 5671 ἐπὶ
2692 5616 2856 5670 πλέον
2884 5615 3174 5680 ἐξάπτεται
3193 5613 3301 5667 τῶν
3334 5612 3657 5685 ἐπιθυμιῶν,

1997 5711 2139 5782 δρῶν
2178 5709 2276 5780 τὴν
2312 5709 2475 5763 αὑτοῦ
2516 5708 2803 5764 δέσποιναν
2836 5703 3186 5775 ἐπιπηδῶσαν
3230 5701 3379 5773 αὐτῷ
3410 5703 3503 5757 καὶ
3541 5704 3663 5756 ἐπι-η

2003 5799 2356 5869 μαινομένην,
2373 5796 2640 5867 τοσαύτην
2666 5794 2974 5860 ἐπεδείξατο
2993 5794 3091 5862 τὴν
3111 5790 3382 5860 ἀνδρείαν,
3404 5791 3499 5843 καὶ
3516 5790 3659 5842 οὓτω

2005 5886 2139 5957 πρὸς
2174 5887 2298 5948 τοὺς
2326 5884 2423 5956 τῆς
2460 5882 2811 5954 σωφροσύνης
2842 5880 3057 5948 ἀγῶνας
3093 5876 3414 5940 ἀπεδύσατο,
3449 5878 3522 5938 ὼς
3556 5877 3655 5943 τῆς
