2075 3138
228 150 281 179 M3

228 207 378 235 ἀκολάστου
398 206 526 242 γυναικὸς
551 206 659 241 ἐκείνης
682 206 784 240 γυμνὸς
810 205 859 240 μὲν
872 205 926 232 τῶν
946 206 1061 241 ίματίων

228 251 413 286 ἁποπηδῆσαι,
422 250 452 276 τὺ
461 250 489 276 δὲ
499 250 548 284 τῆς
559 248 735 284 σωφροσύνης
742 248 844 283 ἔνδυμα
853 248 1044 284 περιϐαλέσθαι
1053 258 1062 283 ς

229 294 283 320 Καὶ
293 291 328 329 ἦν
344 293 407 320 ίδεῖν
424 294 539 328 πρᾶγμα
554 292 646 319 καινὸν
663 292 711 318 καὶ
724 291 886 327 παράδοξον,
900 292 993 327 ἀρνίον
1002 293 1062 323 ταῖς

227 338 275 365 τοῦ
287 338 370 364 λύκου
386 339 480 373 χερσὶν
498 336 628 372 ἐμπεσὸν,
650 335 749 370 μᾶλλον
769 336 796 362 δὲ
812 337 863 371 τῆς
879 335 998 369 λεαίνης,
1015 335 1062 362 καὶ

228 381 392 416 διασωθῆναι
407 380 529 415 δυνηθὲν,
545 379 591 406 καὶ
604 379 730 415 καθάπερ
746 379 911 414 περιστερὰν
923 379 970 405 τοῦ
987 378 1062 414 ίέρα-

228 432 276 455 κος
299 423 481 458 διαφυγοῦσαν
506 423 555 458 τὴν
582 422 695 457 βλάϐην,
718 421 790 448 οὕτω
812 421 858 448 τὸν
882 421 985 448 δίκαιον
1007 422 1062 449 τῶν

227 467 335 502 ἐκείνης
354 466 539 501 διαρπαγέντα
565 465 665 501 χειρῶν
675 471 699 490 ι.
726 465 783 499 Οὐχ
810 463 882 491 οὔτω
906 465 1062 500 θαυμαστὸν

227 507 296 536 εἶναί
314 509 445 544 μοιδοκεί
460 509 490 535 τὸ
504 509 566 539 τοὺς
587 509 662 544 τρεῖς
686 508 786 538 παῖδας
807 508 927 539 ἐκείνους
945 508 973 534 ὲν
991 508 1061 544 μέσῃ

225 553 259 587 τῇ
274 551 381 587 καμίνῳ
395 552 428 586 τῇ
450 550 609 585 Βαϐυλωνία
626 551 718 586 ἐκείνῃ
737 549 784 576 τοῦ
800 551 885 587 πυρὸς
905 551 1061 586 ἀνωτέρους

226 595 362 629 γενέσθαι,
389 595 436 621 καὶ
459 595 541 629 μηδὲν
559 594 639 621 πλέον
652 593 686 620 τὰ
710 593 825 629 σώματα
840 594 930 621 αὐτῶν
951 594 1060 628 παθεῖν,

226 639 263 671 ὡς
277 638 432 674 θαυμαστὸν
447 638 493 664 καὶ
508 637 671 673 παράδοξον,
682 637 727 663 τὸν
740 637 843 664 δίκαιον
850 637 944 664 τοῦτον
957 639 997 670 είς
1010 638 1060 673 τὴν

227 682 342 717 κάμινον
360 681 460 716 ταύτην
479 681 529 716 τὴν
539 681 589 716 τῆς
603 680 776 712 Βαϐυλωνίας
797 681 991 716 χαλεπωτέραν
1012 682 1061 717 ἐμ-

226 725 399 756 πεπτωκότα,
412 724 461 759 τὴν
474 724 619 758 ἀσέλγειαν
633 724 704 758 λέγω
719 724 770 759 τῆς
783 724 943 758 Αίγυπτίας.
958 724 1061 751 ἀνέπα-

228 777 277 802 φον
292 768 437 803 διαμεῖναι,
453 768 500 794 καὶ
516 767 636 802 καθαρὸν
653 767 704 802 τῆς
719 767 896 803 σωφροσύνης
913 768 943 795 τὸ
958 768 1060 803 ένδυμα

226 812 447 848 διατηρήσαντα,
475 811 563 842 οὕτως
588 811 717 844 ἐξελθεῖν.
749 812 804 838 Καὶ
832 812 869 848 μὴ
894 811 1058 847 θαυμάσῃς,

226 855 362 891 ἀγαπητέ·
377 855 470 891 ἐπειδὴ
486 855 540 890 γὰρ
556 854 591 881 τά
606 856 671 890 παρ’
689 855 789 882 ἐαυτοῦ
814 856 982 891 εἰσήνεγκεν,
1004 853 1060 891 εἷχε

227 899 274 926 καὶ
290 899 338 934 τὴν
351 899 452 926 ἀνωθεν
462 898 547 934 ροπὴν
559 898 633 934 αὐτῷ
646 898 852 934 συμπαροῦσαν,
860 899 907 925 καὶ
915 899 963 933 τὴν
971 899 1060 934 πυράν

226 942 333 978 ἐκείνην
347 941 607 973 κατασὸεννύουσαν,
624 942 671 968 καὶ
686 942 715 967 ἐν
736 941 806 977 μέσῃ
828 943 861 977 τῇ
885 943 993 977 καμίνῳ
1010 942 1060 978 τὴν

225 985 320 1019 δρόσον
336 985 385 1020 τὴν
399 985 474 1019 παρά
495 984 542 1011 τοῦ
569 984 727 1019 Πνεύματος
748 985 941 1020 χαριζομένην.
967 985 1059 1012 Εῐδετε

226 1027 285 1061 πῶς
298 1030 321 1056 οί
336 1029 468 1064 ἐνάρετοι,
491 1028 537 1055 καὶ
553 1028 671 1055 ἐνταῦθα
692 1028 835 1064 παρόντες.
852 1029 898 1055 καὶ
919 1028 988 1064 μετά
1009 1029 1059 1064 τὴν

225 1072 349 1100 ἐντεῦθεν
365 1073 540 1108 μετάστασιν,
553 1072 687 1107 ὠφελείας
698 1073 764 1108 ἡμῖν
779 1072 908 1104 ὑπόθεσις
919 1072 1057 1106 γίνονται;

224 1116 275 1144 Διά
287 1116 340 1152 7&9
351 1116 432 1143 τοῦτο
445 1116 490 1143 τδν
506 1116 610 1143 δίκαιον
630 1116 723 1143 τοῦτον
743 1116 783 1147 εἰς
804 1116 887 1150 μέσον
923 1116 971 1142 νῦν
989 1125 1060 1151 παρ-

223 1160 375 1196 ηγάγομεν,
392 1160 436 1187 ἵνα
451 1159 538 1194 τούτῳ
549 1159 649 1190 πάντες
661 1158 903 1193 ἐπώμεθα.Τοῦτον
917 1157 963 1185 οὖν
973 1159 1059 1185 ἀπαν-

223 1211 271 1234 τες
285 1202 461 1238 ξηλώσωμεν,
475 1202 522 1228 καὶ
546 1200 677 1236 ἀνώτερο.
700 1201 754 1226 τῶν
779 1201 879 1235 ἡδονῶν
901 1201 1058 1236 γενώμεθα,

224 1246 272 1272 καὶ
293 1246 405 1277 εἰδότες,
423 1245 488 1271 Ὀτι
500 1246 555 1271 οὐκ
573 1245 660 1271 ἐστιν
673 1243 745 1277 ἡμῖν
760 1244 779 1277 ἠ
794 1243 876 1278 πάλη
890 1244 965 1277 πρὸς
989 1242 1060 1278 αἷμα

224 1289 275 1317 καὶ
292 1289 402 1323 σάρκα,
419 1289 499 1316 ἀλλὰ
521 1288 595 1322 πρὸς
611 1287 665 1320 τὰς
681 1288 792 1322 ἀρχὰς,
814 1287 888 1321 πρὸς
905 1288 959 1320 τὰς
971 1287 1060 1319 ἐξου-

223 1333 304 1365 σίας,
333 1332 408 1366 πρὸς
422 1331 494 1364 τοὺς
514 1331 758 1366 κοσμοκράτορας
779 1331 832 1358 τοῦ
855 1331 986 1364 σκότους
1005 1331 1059 1358 τοῦ

223 1375 330 1409 αιῶνος
347 1375 466 1408 τούτου,
483 1375 570 1406 οὕτως
585 1375 698 1406 ἑαυτοὺς
712 1374 932 1410 καθοπλίζωμεψ
950 1375 997 1401 καὶ¹
1014 1376 1060 1401 ἐν-

223 1420 346 1452 νοοῦντες
358 1420 399 1446 ότι
415 1418 493 1455 σῶμα
504 1418 701 1455 περικείμενοι,
722 1419 790 1454 πρὸς
806 1418 968 1456 ἀσωμάτους
982 1418 1059 1445 δυνά-

225 1472 286 1500 μεις
302 1463 447 1490 πυκτεύειν
461 1462 683 1498 ἀναγκαζόμεθα,
700 1462 884 1498 φραττώμεθα
897 1464 953 1494 τοῖς
965 1463 1059 1495 ὅπλοις

223 1507 269 1534 τοῦ
286 1508 453 1543 Πνεύματος.
464 1507 513 1533 Διά
524 1507 578 1542 γὰρ
591 1506 669 1533 τοῦτο
681 1507 695 1532 ό
706 1506 896 1542 φιλάνθρωπος
906 1507 1056 1543 Δεσπότης,

223 1551 316 1587 ἐπειδὴ
333 1552 421 1587 σάρκα
436 1551 623 1586 περικείμενοι
640 1550 707 1587 πρὸς
722 1551 771 1582 τὰς
787 1551 919 1585 ἁοράτους
930 1551 1059 1586 δυνάμεις

222 1595 271 1631 τὴν
299 1595 388 1630 πάλην
414 1594 528 1630 ἔχομεν,
550 1595 598 1621 καὶ
623 1594 658 1621 τά
681 1594 751 1620 ὅπλα
766 1595 844 1629 ἡμῶν
868 1595 970 1630 ἀόρατα
991 1603 1059 1621 κατ-

223 1639 382 1671 εσκεύασεν,
417 1638 461 1665 ἵνα
484 1639 518 1673 τῇ
534 1638 647 1673 δυνάμει
668 1638 723 1665 τῶν
744 1638 834 1665 ὃπλων
854 1638 1059 1673 περιγινὼμεθα

223 1683 272 1717 τῆς
289 1681 395 1717 φύσεως
409 1681 464 1708 τῶν
481 1681 646 1708 ἀντιπάλων.
661 1681 833 1717 Θαρροῦντες
845 1682 935 1709 τοίνυν
956 1684 989 1717 τῇ
1004 1683 1058 1710 τῶν

223 1725 313 1752 ὅπλων
326 1725 451 1760 δυνάμει,
464 1724 498 1751 τὰ
508 1726 573 1761 παρ’
581 1725 685 1751 ἑαυτῶν
699 1725 880 1760 είσφέρωμεν,
893 1726 939 1752 καὶ
948 1726 1059 1761 δυνησό-

225 1768 294 1803 μεθα
308 1770 341 1804 τῇ
362 1769 512 1804 παντευχίᾳ
525 1768 611 1804 ταύτῃ
628 1770 661 1804 τῇ
687 1770 856 1804 πνευματικῇ
879 1769 1058 1804 φραττόμενοι

224 1812 307 1847 αὐτὴν
321 1812 368 1838 τοῦ
385 1812 508 1839 διαϐόλου
524 1812 658 1847 συγκόψαι
672 1812 721 1847 τὴν
735 1812 807 1847 ὄψιν.
827 1813 894 1839 Οὐδὲ
909 1813 964 1849 γάρ
983 1814 1059 1847 ἐνεγ-

224 1856 282 1882 κεῖν
289 1855 399 1882 δύναται
407 1856 456 1891 τὴν
467 1855 592 1882 ἐντεῦθεν
600 1856 754 1891 ἀστραπὴν,
762 1856 828 1882 ἀλλά
837 1856 887 1883 κᾶν
896 1858 1058 1894 ἐπιχειρήσῃ

225 1898 319 1934 στῆναι
343 1897 373 1930 ἐξ
393 1899 526 1931 ἐναντίας,
545 1898 646 1931 εὐθέως
673 1900 873 1934 ἀποτυφλοῦται
894 1901 945 1932 τὰς
970 1900 1056 1935 όψεις.

226 1942 309 1969 Ἔνθα
323 1942 379 1978 γὰρ
400 1942 433 1969 ἂν
498 1942 668 1978 σωφροσύνη,
685 1943 731 1969 καὶ
747 1944 888 1979 σεμνότης,
909 1945 955 1971 καὶ
973 1944 1057 1981 πολλὴ

223 1985 277 2013 τῶν
287 1986 374 2013 ἀλλων
385 1986 490 2022 ἀρετῶν
504 1987 520 2022 ἡ
536 1986 737 2023 σύνοδος,[456]
752 1988 810 2014 ἐκεῖ
823 1988 871 2014 καὶ
882 1989 898 2023 ἡ
915 1988 962 2014 τοῦ
972 1989 1058 2015 Πνεύ-

225 2038 309 2065 ματος
327 2030 407 2064 χάρις
425 2029 493 2065 μετά
513 2029 653 2064 δαψιλείας
676 2031 833 2064 ἐφίπταται.
848 2031 897 2057 Διά
911 2031 990 2058 τοῦτο
1010 2032 1057 2059 καὶ

224 2072 329 2104 Παῦλος
349 2072 451 2106 ἔλεγεν·
474 2072 609 2106 Εἰρήνην
625 2072 743 2099 διώκετε
759 2073 834 2107 μετὰ
853 2073 985 2105 πάντων,
1007 2075 1057 2101 καὶ

224 2114 277 2141 τὸν
289 2115 446 2150 ἁγιασμόν.
473 2115 685 2151 Ἐκκαθάρωμεν
705 2116 794 2142 τοίνυν
822 2115 944 2149 ἑαυτῶν,
968 2125 1058 2152 παρα-

220 2158 311 2190 καλῶ,
335 2159 366 2186 τὸ
393 2158 521 2192 συνειδὸς,
553 2159 600 2185 καὶ
623 2160 826 2194 ἀποσμήξωμεν
849 2159 927 2195 ἡμῶν
951 2160 998 2186 τὸν
1017 2160 1058 2187 λο-

223 2202 330 2237 γισμὸν,
346 2203 390 2230 ἵνα
405 2203 495 2239 πάσης
511 2203 637 2239 ῥυπαρᾶς
652 2202 757 2234 ἑννοίας
776 2203 992 2239 ἀπηλλαγμένοι,
1009 2204 1056 2231 τοῦ

225 2246 380 2282 Πνεύματος
394 2246 444 2282 τὴν
456 2247 536 2282 χάριν
554 2245 780 2282 ἐπισπατώμεθα,
802 2248 848 2274 καὶ
866 2247 921 2274 τῶν
936 2248 983 2275 τοῦ
999 2248 1057 2275 δια-

223 2290 301 2317 σόλου
315 2290 522 2326 περιγενώμεθα
540 2290 754 2326 μηχανημάτων,
778 2291 826 2317 καὶ
842 2291 1056 2327 καταξιωθῶμεν

221 2333 276 2360 τῶν
289 2334 451 2369 ἀπορρήτων
461 2334 572 2361 ἐκείνων
582 2333 692 2367 ἀγαθῶν
703 2334 855 2361 ἀπολαῦσαι
864 2335 890 2367 1³,
904 2331 942 2361 ὧν
952 2335 1057 2369 γένοιτο

223 2377 325 2409 πάντας
343 2378 416 2412 ἡμᾶς
435 2378 588 2413 ἐπιτυχεῖν,
613 2376 705 2412 χάριτι
728 2378 776 2404 καὶ
796 2378 987 2414 φιλανθρωπίᾳ
1008 2379 1055 2405 τοῦ

222 2420 325 2454 Κυρίου
340 2420 419 2455 ἡμῶν
438 2421 524 2455 Ἰησοῦ
541 2420 670 2456 Χριστοῦ,
683 2420 741 2455 μεθ’
752 2418 783 2447 οὐ
796 2420 835 2456 τῷ
851 2422 939 2457 Πατρὶ
952 2423 969 2457 ἡ
980 2421 1054 2456 δόξα,

222 2463 280 2497 ἅμα
293 2463 332 2497 τῷ
345 2464 415 2498 ἁγίῳ
429 2464 577 2499 Πνεύματι,
586 2464 633 2492 νῦν
644 2465 690 2491 καὶ
701 2465 755 2497 ἀεὶ,
765 2465 812 2492 καὶ
825 2466 865 2497 είς
877 2465 942 2497 τοὺς
954 2466 1055 2499 αίῶνας

220 2506 275 2533 τῶν
291 2506 407 2533 αίώνων.
415 2507 443 2533 ’Δ
448 2509 511 2542 μήν.

526 2548 646 2575 οΜῐΛΙΑ
660 2549 727 2576 ME'.

378 2595 435 2616 σεν
458 2589 578 2626 ἐκεῖθεν
594 2592 721 2626 Ἀϐραὰμ
738 2593 781 2625 εὶς
805 2592 864 2626 γῆν
877 2600 953 2626 προς
965 2593 1053 2623 Λίϐα.

257 2624 307 2662 καί
328 2622 447 2662 ᾤκησεν
468 2625 525 2662 ἀνὰ
541 2622 648 2659 μέσον-⁷
662 2622 777 2660 Κᾶδηςί
802 2622 851 2654 εὶάι
874 2622 949 2655 ἀνὰ’
955 2622 1054 2662 μέσον

254 2659 343 2693 Σοὺρ,
358 2659 408 2686 καὶ
424 2659 605 2694 παρῴκησεν
621 2662 657 2688 έν
669 2659 822 2695 Γεράροις.

254 2711 289 2735 α’.
299 2708 392 2744 Χαίρω
403 2708 473 2743 ὁρῶν
482 2710 554 2744 ὑμᾶς
565 2710 759 2746 συντρέχοντας
770 2711 817 2737 ἐπὶ
830 2710 879 2747 τὴν
887 2716 898 2731 ο
909 2711 1051 2747 ἀκρόασιν,

218 2753 267 2779 καὶ
285 2753 354 2787 μετά
370 2752 471 2788 πολλῆς
480 2754 531 2789 τῆς
542 2754 639 2790 ἡδονῆς
651 2754 811 2790 δεχομένους
826 2755 874 2790 τὴν
891 2756 956 2790 παρ’
973 2756 1052 2790 ἡμῶν

217 2794 399 2823 διδασκαλίαν⁵
413 2797 460 2823 καὶ
476 2797 519 2824 διὰ
537 2797 616 2824 τοῦτο
626 2798 674 2825 καὶ
688 2797 770 2830 αὐτὸς
786 2798 855 2833 μετὰ
871 2798 992 2831 πλείονος
1003 2799 1052 2834 τῆς

218 2838 370 2874 προθυμίας
384 2841 443 2867 καθ’
457 2841 575 2877 ἐκάστην
587 2842 693 2878 ἡμέραν
711 2842 775 2877 ὑμῖν
785 2842 834 2878 τὴν
851 2843 960 2878 πτωχὴν
972 2843 1051 2878 ἡμῶν

221 2589 276 2616 Καὶ
291 2588 376 2623 ἑκίνη

228 2916 231 2919 .
249 2898 262 2935 ξ
276 2898 384 2935 §ic_$av.
397 2904 423 2925 el
432 2907 474 2925 sex
488 2908 544 2926 mss.
561 2902 689 2935 AIVMQrel.
701 2903 793 2935 ἐκείνης
808 2903 943 2934 ἀποδράντα
953 2904 1047 2935 χειρῶν.

249 2929 265 2950 δ
275 2929 349 2955 Savil.
369 2934 395 2955 el
404 2936 508 2959 quatuor
519 2939 575 2957 mss.
590 2933 685 2957 ἐκείνων
696 2929 860 2958 ἀπολαύσεων.

252 2966 262 2979 ε
275 2961 351 2986 Savil.
365 2965 389 2985 et
401 2963 498 2993 quidam
509 2970 565 2988 mss.
579 2965 746 2996 συντρέχοντας
756 2965 809 2997 περὶ
820 2966 871 2993 τήν.

627 147 655 176 S.
677 147 820 176 JOANNIS
839 147 1084 177 CHRYSOSTOMI
1105 147 1264 176 ABCIIIEP.
1282 147 1559 177 CONSTANTINOP.

1896 151 1952 178 ιιι

1113 206 1215 242 ταύτην
1240 206 1288 233 καὶ
1313 205 1409 241 εὐτελῆ
1434 206 1573 241 τράπεζαν
1594 205 1772 241 παρατιθέναι
1796 207 1950 239 σπουδάζω.

1117 247 1149 274 Ἥ
1162 248 1217 282 γὰρ
1232 247 1413 282 ἐπιτεταμένη
1427 247 1504 282 ὑμῶν
1526 247 1615 282 όρεξις
1631 247 1801 282 ἀποκρύπτει
1817 248 1867 284 τῆς
1881 257 1952 284 τρα-

1111 288 1197 323 πέζης
1208 288 1257 323 τὴν
1274 288 1420 319 εὐτέλειαν,
1441 288 1488 315 καὶ
1509 288 1544 314 τὰ
1563 288 1648 324 μικρά
1667 288 1774 323 μεγάλα
1796 290 1868 315 ποιεῖ
1890 291 1951 324 φαί-

1111 329 1214 356 νεσθαι.
1227 329 1313 356 Τοῦτο
1331 330 1378 356 καὶ
1402 330 1448 355 ἐπὶ
1467 329 1521 356 τῶν
1542 329 1679 364 αἰσθητῶν
1702 330 1858 365 ἐδεσμάτων
1875 330 1950 358 ἐστιν

1113 371 1186 397 ίδεῖν.
1204 371 1310 406 Ὥσπερ
1325 371 1379 406 γὰρ
1397 371 1412 396 ό
1428 371 1644 406 κεκορεσμένους
1667 370 1758 397 λαϐὼν
1774 372 1837 403 τοὺς
1858 372 1951 399 δαιτυ-

1114 411 1207 445 μόνας,
1224 411 1275 438 κᾶν
1291 412 1395 446 μεγάλα
1409 413 1457 438 καὶ
1474 412 1607 447 πολυτελῆ
1623 412 1733 448 παραθῇ
1748 412 1783 438 τὰ
1802 412 1949 448 ἐδέσματα,

1111 452 1126 478 ό
1138 451 1192 479 τῶν
1211 452 1384 487 ἑστιωμένων
1397 452 1478 487 κόρος
1492 452 1694 488 ὑποτέμνεταιά
1712 452 1765 479 τῶν
1784 454 1950 489 παρατεθέν-

1112 501 1165 518 των
1180 492 1228 528 τὴν
1252 493 1436 525 πολυτέλειαν,
1454 494 1550 520 καὶτὰ
1570 494 1677 529 μεγάλα
1692 494 1822 527 πολλάκις
1840 495 1949 527 οὐδενὸς

1112 533 1175 565 ἀξια
1192 533 1271 567 λόγου
1288 535 1412 568 φαίνεται
1423 555 1429 563 ,
1448 534 1492 561 διά
1508 535 1539 561 τὸ
1560 535 1597 571 μὴ
1615 535 1675 570 μεθ’
1693 536 1790 570 ἡδονῆς
1811 536 1949 572 προσϐάλ-

1111 573 1167 601 λειν
1180 575 1271 606 αὐτοῖς
1292 575 1355 606 τοὺς
1376 576 1574 610 ἑστιωμένους·
1596 576 1682 607 οὓτως
1702 577 1716 602 ό
1735 577 1885 609 πεινῶντας
1901 577 1949 604 καὶ

1112 614 1199 650 ὄρεξιν
1222 614 1332 649 ἔχοντας
1355 616 1521 651 παραλαϐὼν
1543 617 1605 648 τοὺς
1627 617 1767 643 ἑστιᾶσθαι
1783 618 1948 653 μέλλοντας,

1113 656 1164 683 κᾶν
1179 657 1274 693 εὐτελῆ
1294 658 1403 693 παραθῇ
1418 658 1467 693 τὴν
1486 658 1636 693 τράπεζαν,
1656 658 1761 694 μεγάλη
1776 659 1845 695 αὐτὴ
1858 662 1948 694 φανεῖ-

1112 706 1167 730 ται,
1183 699 1231 733 τῆς
1246 699 1399 734 προθυμίας
1411 699 1465 726 τῶν
1479 700 1652 735 ἑστιωμένων
1662 700 1731 735 μετὰ
1739 700 1838 736 πολλῆς
1850 701 1947 736 ἡδονῆς

1113 740 1363 767 καταναλισκόντων
1385 740 1419 767 τὰ
1438 740 1652 776 παρατιθέμενα.
1668 741 1719 767 Τὸν
1741 742 1821 768 αὐτὸν
1840 742 1873 777 δὴ
1887 742 1948 776 τρό-

1112 788 1163 807 πον
1181 781 1228 807 καὶ
1249 782 1329 816 ἡμεῖς
1351 781 1515 817 θαρροῦντες
1536 782 1613 817 ὑμῶν
1628 783 1661 817 τῇ
1675 781 1763 817 ὀρέξει
1779 784 1812 817 τῇ
1828 791 1947 818 πνευμα-

1111 824 1172 859 τικῇ
1188 823 1237 849 οὐκ
1259 823 1407 858 ὀκνοῦμεν,
1431 824 1482 850 κᾶν
1506 823 1602 858 εὐτελῆ
1630 824 1677 850 καὶ
1702 824 1813 859 πτωχὴν
1839 823 1947 859 ἔχοντες

1109 863 1269 899 τράπεζαν,
1294 864 1396 899 ταύτην
1419 865 1599 900 παρατιθέναι
1621 866 1741 901 συνεχῶς
1767 868 1800 901 τῇ
1826 866 1947 901 ὑμετέρᾳ

1111 905 1214 942 ἀγάπη.
1225 905 1309 932 Τοῦτο
1323 906 1371 933 καὶ
1385 907 1467 941 σοφός
1476 916 1518 938 τις
1535 906 1621 941 ἔλεγε·
1634 908 1792 941 Κρείσσων
1804 907 1947 942 ξενισμὸς

1110 947 1252 981 λαχάνων
1265 947 1341 981 μετὰ
1361 947 1494 981 ἀγάπης,
1511 948 1531 982 ἢ
1550 948 1630 981 ,ϐοῦς
1650 948 1710 975 ἀπὸ
1733 948 1849 983 φάτνης
1870 949 1947 983 μετὰ

1110 988 1229 1022 ἔχθρας-⁸
1248 988 1357 1020 δεικνὺς
1373 990 1414 1015 ότι
1429 990 1446 1024 ἡ
1470 989 1565 1024 ἀγάπη
1587 989 1689 1024 ἐτέρως
1706 990 1758 1025 όρᾷ
1774 990 1809 1017 τὰ
1828 998 1947 1026 παρατι-

1111 1028 1221 1064 θέμενα,
1241 1030 1288 1056 καὶ
1307 1031 1364 1062 τοῖς
1379 1030 1487 1065 ἐκείνης
1507 1030 1658 1066 ὀφθαλμοῖς
1673 1031 1720 1057 καὶ
1736 1031 1770 1058 τὰ
1785 1031 1880 1067 εὐτελῆ
1899 1039 1946 1057 πο-

1110 1069 1207 1105 λυτελῆ
1222 1070 1368 1102 δείκνυται.
1388 1072 1435 1098 καὶ
1451 1072 1485 1098 τά
1501 1072 1587 1107 μικρά
1602 1072 1717 1107 μεγάλα.
1739 1072 1771 1098 Τί
1790 1070 1837 1099 οὖν
1853 1072 1887 1099 ἂν
1901 1073 1945 1108 είη

1112 1112 1343 1149 μακαριστότερον
1360 1113 1438 1149 ήμῶν
1453 1113 1499 1140 ἐπὶ
1514 1113 1649 1140 τοσούτων
1668 1111 1810 1149 ἀκροατῶν
1827 1113 1947 1148 διαλεγο-

1112 1155 1200 1189 μένων
1212 1161 1236 1187 ⁸,
1258 1156 1329 1182 οὕτω
1345 1156 1450 1192 θερμὴν
1472 1156 1519 1183 καὶ
1538 1156 1754 1192 διεγηγερμένην
1768 1156 1947 1191 κεκτημένων

1110 1196 1238 1230 ἀγάπην;
1258 1197 1371 1228 Οὐδενὸς
1384 1197 1439 1232 γὰρ
1452 1197 1523 1224 οὕτω
1543 1198 1661 1232 μάλιστα
1673 1198 1714 1224 δεῖ
1726 1197 1766 1233 τῷ
1779 1197 1894 1232 λέγοντι,
1906 1198 1946 1229 ὡς

1110 1235 1217 1268 εὐνοίας
1233 1237 1378 1272 ἀκροατοῦ.
1388 1238 1473 1264 Ὅταν
1483 1238 1536 1273 γὰρ
1548 1239 1591 1275 ι’δῃ
1602 1239 1651 1273 τὴν
1667 1239 1823 1274 προθυμίαν
1831 1239 1945 1271 ζέουσαν

1110 1276 1164 1303 τῶν
1184 1277 1335 1313 ἀκροατῶν,
1351 1279 1493 1314 νευροῦται
1515 1281 1563 1306 καὶ
1588 1280 1679 1311 αὐτὸς,
1704 1280 1751 1307 καὶ
1775 1280 1885 1316 πολλὴν,
1906 1281 1945 1313 ὡς

1111 1318 1214 1352 εἰπεῖν,
1242 1319 1290 1354 τὴν
1317 1320 1393 1355 ἰσχὺν
1420 1320 1635 1355 προσλαμϐάνει,
1664 1320 1741 1353 εἰδὼς
1768 1321 1809 1347 ὅτι
1832 1322 1887 1357 ὅσῳ
1911 1322 1944 1349 ἂν

1111 1359 1220 1387 πλείονα
1229 1360 1340 1396 παραθῇ
1349 1361 1398 1396 τὴν
1408 1361 1549 1396 τράπεζαν
1564 1361 1664 1396 ταύτην
1681 1361 1730 1397 τὴν
1742 1363 1943 1397 πνευματικὴν,

1110 1400 1230 1435 τοσούτῳ
1255 1401 1289 1428 τὰ
1313 1402 1362 1436 τῆς
1387 1402 1516 1437 εὐπορίας
1536 1402 1610 1438 αὐτῷ
1633 1402 1708 1438 [457]
1731 1402 1852 1436 αὒξεται.
1884 1404 1943 1430 Ἀπ’

1110 1442 1233 1474 ἐναντίας
1246 1442 1299 1479 γὰρ
1312 1444 1368 1475 τοῖς
1384 1443 1522 1479 αἰσθητοῖς
1542 1443 1577 1470 τὰ
1597 1445 1778 1479 πνευματικά.
1800 1445 1874 1472 Ἐκεῖ
1894 1445 1944 1480 μὲν

1110 1485 1126 1520 ἡ
1143 1484 1266 1519 δαψίλεια
1282 1485 1333 1520 τῆς
1349 1486 1491 1521 τραπέζης
1516 1485 1638 1521 δαπάνην
1659 1486 1815 1521 ἐργάζεται,
1831 1487 1878 1513 καὶ
1892 1487 1944 1522 τὴν

1109 1526 1202 1552 οὐσίαν
1219 1525 1325 1553 ἐλαττοῖ
1338 1526 1385 1553 τοῦ
1398 1527 1562 1563 ἑστιάτορος·
1574 1527 1690 1553 ἐνταῦθα
1707 1527 1735 1554 δέ
1748 1528 1821 1554 ἀπαν
1833 1528 1944 1554 τούναν-

1109 1567 1175 1601 τίον,
1190 1568 1245 1603 όσῳ
1263 1567 1296 1595 ἂν
1312 1568 1420 1600 πλείους
1430 1565 1497 1595 ὦσιν
1510 1570 1535 1595 οί
1553 1569 1850 1605 μετέχοντες,τοσούτῳ
1862 1569 1943 1603 αὔξε-

1109 1617 1153 1635 ται
1165 1610 1230 1645 ἡμῖν
1245 1610 1279 1636 τὰ
1293 1607 1343 1645 τῆς
1357 1610 1524 1646 περιουσίας.
1552 1610 1618 1637 Οὐδὲ
1641 1610 1696 1647 7&9
1712 1611 1750 1642 τὰ,
1762 1611 1882 1646 ἡμέτερα
1898 1611 1944 1638 λέ-

1110 1658 1204 1685 γομεν,
1228 1651 1285 1677 ἀλλ’
1301 1651 1373 1686 ἅπερ
1394 1651 1426 1677 ἀν
1441 1652 1458 1686 ἡ
1471 1651 1517 1677 τοῦ
1534 1650 1601 1678 Θεοῦ
1616 1652 1694 1687 χάρις
1708 1651 1753 1678 διὰ
1770 1652 1818 1685 τὴν
1840 1652 1943 1679 οἰκείαν

1110 1692 1315 1729 φιλανθρωπίαν
1339 1693 1385 1720 καὶ
1407 1693 1456 1729 τὴν
1473 1693 1609 1729 ὑμετέραν
1629 1693 1772 1729 οἰκοδομὴν
1789 1694 1942 1731 χορηγὴσῃ.

1109 1734 1177 1768 Φέρε
1191 1733 1248 1765 οὖν,
1265 1735 1358 1770 ἐπειδὴ
1375 1735 1444 1769 μετὰ
1456 1734 1590 1770 τοσαύτης
1607 1735 1703 1770 ἡδονῆς
1718 1735 1765 1761 καὶ
1790 1735 1943 1770 προθυμίας

1109 1776 1142 1810 τῇ
1158 1775 1288 1810 ἀκροάσει
1301 1775 1495 1811 προσϐάλλετε,
1518 1776 1599 1802 πάλιν
1613 1776 1667 1802 τῶν
1690 1776 1855 1811 προσφάτως
1876 1777 1943 1811 ἡμῖν

1109 1816 1336 1850 ἀναγνωσθέντων
1353 1817 1466 1853 ἔρευναν
1493 1818 1661 1852 ποιήσωμεν,
1687 1817 1734 1843 καὶ
1760 1817 1790 1844 τὸ
1818 1817 1943 1843 ἐντεῦθεν

1109 1858 1204 1892 κέρδος
1217 1859 1439 1894 καρπωσώμεθα.
1465 1859 1574 1893 Ἐπειδὴ
1598 1858 1652 1894 7&9
1672 1859 1743 1885 κατά
1756 1858 1805 1894 τὴν
1821 1858 1943 1894 μεγάλην

1109 1900 1270 1935 παραίνεσιν
1285 1900 1331 1926 τοῦ
1344 1900 1461 1936 Χριστοῦ
1477 1900 1613 1934 λέγοντος,
1633 1899 1788 1933 Ἐρευνᾶτσ
1797 1901 1851 1933 τὰς
1865 1902 1942 1935 Γρα-

1109 1942 1178 1976 φὰς,
1190 1941 1328 1977 θησαυρός
1341 1942 1399 1968 ἐστι
1412 1942 1495 1971 πολὺς
1509 1942 1718 1977 ἐναποκείμενος
1732 1943 1791 1974 ταῖς
1809 1943 1941 1978 Γραφαῑς,

1109 1983 1157 2009 καὶ
1169 1983 1198 2009 ἐν
1215 1982 1254 2017 τῷ
1266 1982 1342 2017 βάθει
1354 1983 1362 2001 ¹
1378 1983 1578 2019 κρυπτόμενος.
1586 1983 1630 2009 διὰ
1639 1982 1718 2009 τοῦτο
1727 1983 1841 2019 ἐρεύνης
1850 1984 1940 2020 χρεία,

1109 2024 1153 2050 ίνα
1170 2024 1219 2060 τὴν
1236 2025 1350 2060 δύναμιν
1366 2025 1415 2060 τὴν
1425 2026 1454 2052 ἐν
1467 2025 1506 2060 τῷ
1522 2024 1599 2059 βάθει
1612 2024 1804 2060 κρυπτομένην
1818 2034 1942 2060 καταμα-

1109 2065 1210 2097 θόντες.
1229 2066 1328 2093 πολλὴν
1343 2066 1446 2093 ἐκεῖθεν
1457 2067 1506 2102 τὴν
1518 2066 1651 2101 ὠφέλειαν
1666 2066 1756 2102 εὑρεῖν
1769 2066 1938 2102 δυνηθῶμεν.

1108 2106 1157 2132 Διά
1172 2107 1226 2142 7&9
1242 2107 1320 2133 τοῦτο
1334 2107 1381 2134 καὶ
1395 2107 1445 2139 τὰς
1461 2108 1563 2143 ἀρετὰς
1579 2108 1633 2134 τῶν
1648 2108 1759 2135 δικαίων
1777 2109 1902 2135 ἁπάντων
1923 2110 1940 2144 ἡ

1107 2147 1155 2174 τοῦ
1179 2148 1337 2183 Πνεύματος
1353 2148 1431 2184 χάρις
1447 2149 1540 2184 Γραφῇ
1561 2149 1746 2184 παραδοθῆναι
1769 2150 1940 2185 ᾠκονόμησε,

1109 2188 1152 2215 ἵνα
1168 2190 1248 2224 ἡμεῖς
1263 2189 1369 2224 ἔχωμεν
1384 2190 1495 2226 διηνεκῆ
1507 2191 1690 2224 διδασκαλίαν,
1712 2191 1759 2217 καὶ
1774 2191 1843 2226 πρὸς
1860 2192 1940 2227 ζῆλον

1108 2231 1154 2257 καὶ
1172 2231 1287 2265 μίμησιν
1303 2231 1357 2258 τῶν
1370 2231 1482 2259 δικαίων
1496 2233 1541 2259 τὸν
1553 2232 1656 2259 ἑαυτῶν
1671 2232 1728 2267 βίον
1742 2232 1938 2268 οίκονομῶμεν.

1115 2271 1287 2306 Ἀκούσωμεν
1303 2273 1392 2299 τοίνυν
1405 2273 1455 2307 τῆς
1473 2273 1548 2304 θείας
1566 2273 1586 2299 Γ
1590 2273 1688 2308 ραφῆς,
1709 2273 1736 2299 τί
1753 2273 1800 2299 καὶ
1818 2274 1940 2309 σήμερον

1107 2313 1173 2348 ἡμῖν
1194 2312 1257 2348 περὶ
1275 2313 1320 2340 τοῦ
1342 2315 1510 2350 πατριάρχου
1531 2314 1712 2349 διηγήσασθαι
1729 2314 1863 2349 βούλεται.
1882 2315 1938 2342 Καὶ

1107 2354 1241 2387 ἐκίνησε,
1259 2355 1350 2389 φησὶν,
1368 2356 1481 2382 ἐκεῖθεν
1505 2356 1633 2391 Ἀϐραὰμ
1645 2357 1689 2389 εις
1704 2355 1763 2391 τῆν
1773 2356 1847 2390 πρὸς
1854 2357 1938 2389 Λίϐα,

1107 2396 1155 2422 καί
1171 2395 1291 2429 ᾤκησεν
1303 2397 1362 2423 ἀνὰ
1371 2398 1469 2430 μέσον
1481 2397 1590 2430 Κάὸης,
1605 2399 1653 2424 καὶ
1666 2399 1724 2425 ἀνὰ
1740 2398 1838 2432 μέσον
1850 2398 1938 2432 Σσὺρ,

1107 2436 1156 2463 καὶ
1171 2435 1350 2470 παρῴκησεν
1370 2438 1405 2463 ἐν
1429 2437 1581 2471 Γεράροις.
1605 2439 1660 2464 Καὶ
1684 2439 1819 2472 ἐκίνησε,
1839 2439 1937 2473 φησὶν,

1105 2477 1228 2503 ἐκεῖθεν.
1258 2477 1343 2503 Πόθεν
1370 2477 1511 2514 ἑκίνησεν;
1544 2479 1609 2505 Ἀπὸ
1636 2479 1682 2506 τοῦ
1708 2481 1790 2506 τόπου
1814 2479 1878 2506 ἔνθα
1905 2478 1939 2515 ἦν

1106 2518 1330 2554 ὲνσκηνούμενος,
1354 2519 1420 2545 ὅπου
1442 2520 1488 2546 καὶ
1509 2520 1555 2546 τδν
1580 2521 1634 2547 τῶν
1653 2522 1782 2549 ἀπάντων
1802 2522 1939 2558 Δεσπότην

1107 2560 1175 2593 μετὰ
1195 2561 1249 2586 τῶν
1266 2561 1389 2594 ἀγγέλων
1405 2561 1583 2594 ὑποδέξασθαι
1609 2564 1775 2599 κατηξιώθη.
1800 2564 1938 2596 Ἐκεῖθεν,

1106 2601 1182 2635 φησὶ,
1199 2602 1322 2636 κινήσας,
1335 2602 1518 2637 Παρῴκησεν
1531 2605 1565 2630 ἐν
1579 2605 1810 2642 Γεράροις.”ορα
1826 2606 1882 2632 τῶν
1897 2607 1938 2633 δι-

1105 2642 1190 2668 καίων
1204 2644 1253 2677 τὴν
1267 2643 1403 2679 διαγωγὴν
1417 2665 1423 2677 ,
1445 2646 1518 2677 ὅπως
1535 2644 1568 2681 ἦν
1586 2647 1785 2682 συνεσταλμένη
1808 2648 1855 2674 καὶ
1887 2648 1938 2674 ἀπ-

1104 2682 1296 2716 έριττος,ὂπως
1305 2685 1362 2720 μετ’
1372 2686 1495 2718 εὐκολίας
1509 2688 1556 2719 τὰς
1566 2690 1775 2722 μεταναστάσεις
1786 2688 1936 2720 ἐποιοῦντο,

1104 2724 1151 2750 καὶ
1165 2724 1289 2761 καθάπερ
1303 2727 1327 2752 οί
1344 2728 1469 2761 πάροικοι
1493 2730 1538 2755 καὶ
1564 2730 1763 2764 παρεπίδημοι,
1791 2729 1863 2755 οὔτω
1890 2730 1937 2756 τὸν

1103 2765 1208 2793 ἑαυτῶν
1228 2766 1285 2802 βίον
1311 2768 1476 2803 ᾠκονόμουν,
1504 2772 1551 2797 καὶ
1568 2773 1634 2798 τωτέ
1659 2772 1709 2806 μὲν
1728 2769 1779 2798 ὧδε
1792 2791 1799 2803 ,
1824 2772 1890 2799 ποτέ
1907 2771 1936 2797 δὲ

1124 2811 1236 2848 'dSavil.
1262 2815 1289 2837 et
1309 2814 1407 2844 quidam
1429 2822 1486 2840 mss.
1504 2818 1574 2848 κόρος
1593 2817 1738 2848 λυμαίνεται.
1756 2816 1842 2842 Morel.
1858 2820 1882 2841 εί
1893 2818 1935 2841 alii

1102 2850 1171 2865 κοοοε
1180 2844 1344 2865 ὑποτέμνεται.
1359 2844 1475 2865 Smilium
1502 2849 1562 2865 ilnln
1576 2852 1600 2865 nl
1620 2855 1669 2865 mna
1699 2848 1797 2865 ﬁndit-na
1807 2847 1935 2865 (nni-im“!

1102 2847 1171 2897 κόρος
1180 2847 1344 2879 ὑποτέμνεται.
1359 2847 1475 2876 δεεὶιὶυιι]
1502 2847 1562 2871 item
1576 2852 1603 2872 et
1620 2847 1676 2872 mss.
1699 2848 1797 2873 codices
1807 2847 1936 2878 sequimur

1102 2874 1127 2897 in
1139 2874 1226 2908 ra_,_L_I_b|
1238 2875 1301 2908 apug
1316 2874 1444 2908 Marelngm
1456 2876 1536 2902 series
1544 2879 1706 2903 iulerlurbala
1719 2882 1781 2903 erat.

1136 2910 1148 2935 ξ
1158 2904 1206 2928 Alii
1215 2904 1338 2929 τοσούτων
1347 2906 1449 2935 γνησίων
1465 2908 1526 2932 διαλ.

1138 2933 1235 2972 f‘Sa‘vil.
1249 2933 1381 2972 etguida'm
1404 2943 1461 2972 [ηδε.
1477 2939 1576 2972 Γραφάςε
1598 2940 1678 2969 ἐπειδὴ
1694 2940 1733 2965 καὶ
1745 2939 1861 2972 θησαυρός
1882 2940 1934 2964 ἐστι

1102 2965 1174 2993 πολὺς
1184 2966 1362 2997 ἐναποκείμενος
1372 2968 1412 2991 καὶ
1423 2968 1446 2991 ἐν
1458 2965 1578 3000 τῷβάθει,
1591 2975 1638 3000 εἰς.
