4150 6276
312 315 418 371 415

310 429 410 483 bus
426 423 746 496 profugeret,
762 419 1025 478 castitatis
1039 425 1216 474 autem
1240 418 1603 472 indumentum
1625 418 1895 472 servaret?

311 519 632 585 Licebatque
659 514 840 571 videre
868 527 981 568 rem
1008 526 1198 566 novam
1217 518 1271 563 et
1289 509 1675 569 admirabilem,
1705 522 1898 576 agnum

311 612 363 662 in
394 606 521 677 lupi,
558 609 666 662 imo
692 606 877 660 leaenae
902 618 1107 674 ungues
1129 601 1398 668 incidisse,
1421 610 1477 657 et
1499 602 1698 655 servari
1722 610 1897 655 tamen

309 700 586 772 potuisse:
634 706 691 753 et
735 698 875 751 sicut
902 695 1149 751 columba
1178 694 1373 761 aquilae
1402 692 1653 746 damnum
1681 691 1895 760 effugit,

312 793 382 847 ita
401 802 455 846 et
482 791 657 860 justus
684 789 753 843 ab
795 788 934 843 illius
980 785 1222 840 manibus
1249 785 1436 838 evnsit.
1470 783 1582 837 Non
1627 784 1703 836 sic
1731 783 1900 836 admi-

314 881 479 936 rabile
526 880 654 934 mihi
699 879 908 934 videtur
949 891 1089 940 esse,
1138 885 1246 929 tres
1276 890 1468 943 pueros
1500 874 1618 927 illos
1644 875 1696 927 in
1721 872 1897 927 medio

312 972 643 1044 Babylonica
691 969 920 1024 fornacis
955 969 1129 1037 ignem
1170 964 1401 1035 vicisse(
1428 963 1562 1019 Dan.
1586 966 1683 1034 ὅ),
1714 964 1897 1018 illaesis

307 1080 496 1121 eorum
542 1064 874 1132 corporibus,
917 1070 973 1114 ut
1019 1057 1261 1113 mirabile
1281 1066 1336 1113 et
1359 1072 1541 1111 rarum
1565 1065 1667 1119 est,
1694 1058 1894 1124 justum

309 1158 491 1220 istum,
539 1157 628 1225 qui
652 1156 703 1208 in
747 1155 1013 1208 fornacem
1060 1152 1197 1207 hanc
1226 1150 1542 1222 Babylonica
1587 1152 1755 1205 multo
1777 1167 1898 1221 gra-

276 1234 530 1317 vviorem,
577 1250 631 1303 in
674 1246 1134 1312 incontinentiam,
1177 1245 1413 1315 inquam,
1471 1243 1738 1315 IEgyptite
1765 1244 1898 1298 inci-

308 1339 497 1405 disset,
547 1339 799 1393 intactum
841 1336 1219 1406 permansisse,
1264 1349 1505 1404 puroque
1530 1334 1790 1388 castitatis
1819 1334 1898 1388 in-

309 1430 568 1485 dumento
588 1437 819 1492 servato,
838 1427 1052 1482 exiisse.
1083 1426 1150 1480 Et
1175 1440 1239 1480 ne
1262 1426 1492 1490 mireris,
1515 1424 1707 1479 dilecte
1734 1442 1747 1477 τ
1774 1424 1894 1501 quia

310 1522 452 1576 enim
479 1519 619 1590 quod
646 1534 799 1572 suum
831 1527 947 1572 erat
992 1516 1188 1579 attulit,
1220 1515 1402 1570 habuit
1444 1530 1726 1584 supernam
1775 1529 1896 1584 gra-

312 1611 437 1664 tiam
484 1609 755 1674 comitem,
789 1621 908 1677 quae
951 1607 1254 1661 incendium
1280 1606 1408 1660 illud
1436 1608 1808 1676 restingueret,
1842 1614 1896 1660 et

308 1699 362 1754 in
394 1700 565 1756 media
596 1701 808 1756 fornace
840 1714 1015 1754 rorem
1046 1697 1275 1768 Spiritus
1300 1699 1472 1752 daret.
1515 1697 1733 1753 Vidistis
1762 1713 1897 1768 quo-

307 1792 467 1847 modo
487 1792 588 1850 viri
606 1793 802 1847 virtute
826 1790 1053 1859 praediti,
1084 1800 1279 1844 etcum
1304 1788 1390 1843 hic
1406 1789 1581 1843 adhuc
1606 1797 1895 1858 prtesentes

304 1890 450 1947 sunt,
493 1890 545 1936 et
594 1890 714 1951 post
751 1882 1121 1949 migrationem
1149 1895 1212 1933 ex
1247 1880 1346 1933 hac
1373 1880 1497 1943 vita,
1526 1894 1729 1947 magnae
1758 1877 1897 1931 utili-

306 1974 428 2028 tatis
454 1983 706 2028 auctores
733 1974 889 2027 nobis
929 1972 1075 2026 sint?
1122 1972 1294 2041 Atque
1324 1971 1395 2025 ob
1419 1986 1536 2025 eam
1569 1985 1783 2023 causam
1812 1969 1894 2036 ju-

302 2071 443 2120 stum
475 2064 622 2118 illum
648 2064 700 2117 in
729 2063 963 2117 medium
990 2062 1331 2124 adduximus,
1361 2068 1420 2115 ut
1439 2076 1561 2115 eum
1589 2074 1778 2112 omnes
1805 2074 1892 2113 se-

302 2170 550 2225 quamnr.
584 2155 736 2208 llunc
758 2155 916 2221 igitur
937 2167 1125 2207 omnes
1144 2152 1431 2214 imitemur,
1455 2160 1511 2205 ct
1525 2151 1898 2219 concupiscen-

305 2248 406 2303 tias
430 2255 640 2299 nostras
658 2246 953 2308 vincamus,
981 2244 1319 2312 scientesque
1337 2243 1486 2308 illud,
1520 2243 1639 2296 Non
1664 2251 1735 2296 est
1756 2244 1897 2297 nobis

303 2352 476 2405 pugna
516 2335 757 2387 adversus
802 2336 1096 2404 sanguinem
1136 2345 1182 2386 et
1234 2349 1467 2396 carnem,
1520 2334 1610 2388 scd
1659 2335 1896 2388 adversus

306 2427 616 2495 principatus
638 2434 686 2478 et
712 2433 997 2493 potestates,
1024 2426 1263 2481 adversus
1292 2426 1471 2477 mundi
1500 2436 1715 2479 rectores
1754 2435 1893 2479 tene-

305 2518 507 2570 brarum
551 2517 703 2587 hujus
754 2516 929 2570 swcuti
974 2517 993 2585 (
1022 2515 1211 2587 Ephes.
1262 2516 1317 2571 6.
1348 2516 1413 2569 l2
1434 2514 1476 2588 ),
1522 2518 1599 2570 sic
1626 2533 1722 2570 nos
1750 2518 1893 2586 ipsos

303 2624 608 2663 armemus:
637 2616 692 2662 et
732 2609 1051 2676 cogitantes,
1098 2621 1206 2661 non
1250 2622 1476 2677 oorpore
1512 2608 1889 2675 circumdatos,

301 2700 555 2755 adversus
577 2700 919 2768 incorporeas
943 2700 1060 2769 cogi
1089 2699 1313 2754 virtutes
1339 2708 1562 2765 certare,
1590 2706 1893 2755 muniamur

299 2793 467 2847 armis
509 2792 892 2861 spiritualibus.
941 2792 1166 2861 Propter
1195 2791 1296 2845 hoc
1323 2794 1465 2845 enim
1497 2793 1751 2861 benignus
1780 2794 1890 2846 Do-

301 2884 498 2947 minus,
531 2883 652 2953 quia
679 2898 842 2937 carne
872 2883 1046 2936 vestiti
1088 2896 1293 2945 sumus,
1325 2892 1379 2934 et
1408 2892 1489 2936 est
1517 2882 1670 2937 nobis
1698 2882 1888 2937 adver-

300 2988 392 3030 sus
439 2975 734 3029 invisibiles
780 2974 1004 3027 virtutes
1051 2984 1342 3039 certamen,
1397 2974 1679 3028 invisibilia
1736 2975 1889 3030 nobis

302 3066 619 3136 praeparavit
642 3081 811 3132 arma,
859 3073 918 3119 ut
942 3065 1137 3120 auxilio
1167 3080 1437 3118 armorum
1473 3073 1673 3118 naturae
1702 3066 1891 3119 adver-

299 3159 471 3228 sarios
518 3171 902 3226 expugnemus.
950 3157 1093 3210 Bene
1146 3157 1304 3226 igitur
1345 3156 1571 3211 fidentes
1617 3172 1887 3210 armorum

298 3251 569 3322 potentiae,
621 3249 761 3318 quod
806 3264 834 3302 a
868 3249 1019 3303 nobis
1049 3258 1130 3303 est
1161 3249 1467 3310 efferamus,
1517 3260 1567 3302 et
1598 3248 1889 3317 poterimus

300 3346 398 3400 hac
423 3343 680 3413 spirituali
709 3351 975 3396 armatura
1008 3342 1213 3407 muniti,
1246 3340 1415 3410 ipsam
1462 3341 1654 3394 diaboli
1696 3338 1885 3395 faciem

298 3436 477 3490 ferire.
525 3433 708 3503 Neque
753 3432 895 3487 enim
938 3434 1076 3487 ferre
1119 3433 1313 3500 poterit
1354 3432 1606 3501 fulgorem
1637 3431 1726 3501 qui
1760 3431 1885 3486 inde

295 3526 587 3596 egreditur,
630 3524 723 3579 sed
765 3527 863 3578 etsi
904 3531 1130 3578 conetur
1156 3534 1299 3577 stare
1336 3537 1402 3576 ex
1432 3523 1678 3587 adverso,
1708 3525 1885 3577 statim

296 3619 670 3674 excaicabitur.
697 3616 797 3672 Ubi
836 3618 978 3671 enim
1008 3615 1335 3670 continentia
1365 3623 1419 3668 et
1455 3614 1725 3677 honestas,
1753 3614 1886 3669 alia-

296 3725 521 3779 rumque
562 3709 812 3762 virtutqu
859 3721 1172 3771 concursus,
1218 3706 1342 3759 illuc
1386 3713 1440 3760 et
1482 3706 1624 3775 larga
1654 3705 1886 3776 Spiritus

293 3800 461 3868 gratia
508 3797 740 3853 advolat.
786 3796 1123 3864 Quapropter
1166 3795 1361 3847 Paulus
1407 3793 1656 3848 dicebat:
1699 3794 1888 3848 Pacem

293 3889 548 3942 sectamini
571 3903 688 3940 cum
715 3887 964 3950 omnibus,
987 3895 1034 3937 et
1076 3884 1526 3951 sancti/icationem
1552 3885 1572 3954 (
1598 3882 1759 3936 Hebr.
1793 3884 1881 3939 12.

297 3982 408 4050 14).
442 3978 787 4034 Purifieemus
814 3975 1241 4047 igitur,nbsecro,
1268 3974 1626 4030 conscientias
1654 3985 1887 4045 nostras,

291 4082 348 4127 et
373 4076 718 4140 extet-gamus
761 4078 997 4123 mentem
1046 4075 1280 4124 nostram
1315 4084 1328 4120 :
1378 4081 1437 4123 ut
1478 4069 1625 4124 omni
1670 4069 1885 4123 sordida

290 4161 616 4231 cogitatione
663 4158 896 4224 liberati,
940 4157 1169 4226 Spiritus
1194 4157 1414 4226 gratiam
1445 4160 1597 4212 nobis
1631 4158 1885 4213 concilie-

295 4267 438 4311 mus.
471 4264 889 4320 superemusquc
932 4248 1125 4303 diaboli
1173 4248 1616 4315 machinationes,
1664 4263 1727 4304 ac
1763 4264 1883 4305 me-

292 4358 508 4399 reamur
528 4341 881 4397 ineﬂ‘abilibus
912 4340 1016 4394 illis
1038 4341 1191 4394 bonis
1219 4340 1341 4406 frui,
1371 4340 1536 4407 gratia
1568 4350 1621 4394 et
1646 4340 1886 4409 benigni-

292 4445 402 4491 tate
449 4434 659 4489 Domini
703 4433 872 4487 nostri
921 4432 1045 4487 .lesu
1085 4433 1304 4496 Christi,
1351 4434 1435 4485 cui
1482 4448 1602 4487 cum
1651 4434 1804 4488 Patre
1830 4443 1887 4488 et

290 4537 481 4584 sancto
499 4526 701 4595 Spiritu
723 4526 792 4579 sit
807 4525 996 4595 gloria,
1026 4539 1168 4577 nunc
1197 4535 1250 4578 et
1279 4539 1511 4593 semper,
1536 4527 1660 4579 etin
1689 4528 1883 4581 sarcula

289 4618 631 4675 seculorum.
662 4618 856 4671 Amen.

849 4787 1124 4843 HOMIIJA
1167 4788 1329 4845 XLV.

290 4950 361 5005 Et
389 4948 539 5003 movit
583 4947 724 5002 illinc
763 4945 1018 4998 Abraham
1060 4943 1114 4997 in
1142 4952 1326 4998 terram
1348 4959 1520 4997 versus
1556 4942 1773 5015 africum
1792 4985 1806 5008 ,
1837 4953 1887 4997 et

364 5039 602 5093 aabitatit
641 5038 770 5090 inter
789 5034 973 5099 Gades,
1002 5044 1049 5089 et
1076 5034 1206 5089 inter
1234 5033 1360 5101 Snr,
1394 5043 1438 5088 et
1466 5034 1760 5105 peregrinus
1789 5034 1886 5105 fuit

363 5133 415 5186 in
443 5129 647 5185 Geraris
677 5124 826 5200 (Gen.
854 5126 946 5180 20.
978 5124 1055 5197 1).

367 5267 393 5321 1
407 5306 420 5321 .
443 5264 681 5329 Gaudeo,
703 5278 824 5317 cum
847 5276 943 5316 vos
964 5260 1271 5331 frequenter
1292 5258 1449 5314 video
1476 5259 1543 5314 ad
1573 5260 1883 5316 concionem

293 5372 595 5422 accurrere,
610 5370 676 5411 ac
690 5369 878 5425 magna
900 5368 1022 5408 cum
1040 5354 1309 5422 voluptate
1328 5352 1625 5407 doctrinam
1648 5360 1884 5407 nostram

288 5450 607 5520 suscipere;
658 5447 885 5516 ideoque
931 5446 983 5499 in
1013 5444 1130 5499 dies
1153 5443 1340 5513 majori
1380 5442 1651 5497 alacritate
1685 5457 1886 5512 paupe-

294 5550 408 5595 rem
440 5539 579 5601 hanc
601 5546 839 5594 nostram
861 5546 917 5592 et
946 5546 1159 5591 tenuem
1182 5547 1420 5589 mensam
1444 5533 1598 5588 vobis
1617 5546 1886 5603 apponere

297 5631 507 5687 studeo.
556 5630 744 5685 Vestra
787 5630 930 5684 enim
969 5628 1210 5683 ciborum
1255 5626 1536 5682 immodica
1583 5627 1883 5698 appetentia

304 5733 496 5777 mensae
547 5732 743 5777 nostra
790 5720 1047 5774 vilitatem
1093 5717 1315 5792 obtegit,
1366 5733 1634 5789 parvaque
1680 5717 1802 5773 facit
1827 5729 1883 5773 ut

1344 302 1410 359 IN
1447 303 1598 359 CAP.
1640 301 1758 358 XX.
1799 302 2038 360 GENES.
2082 305 2312 363 llOMlL.
2356 310 2517 369 XLV.

3478 320 3585 379 4H

2014 434 2203 489 magna
2246 433 2575 492 appareant:
2605 424 2657 480 id
2701 428 2841 497 quod
2887 439 2940 483 et
2964 446 3014 482 lll
3043 433 3382 491 sensibilibus
3404 438 3596 496 eduliis

2006 512 2188 567 videre
2214 511 2356 568 licet.
2384 513 2516 569 Nam
2547 516 2683 571 sicut
2710 532 2831 571 cum
2860 520 3077 575 satiatos
3105 523 3224 593 quis
3244 525 3439 596 excipit
3467 546 3592 584 con-

2005 604 2174 668 vivas,
2214 604 2340 660 licet
2390 620 2580 677 magna
2622 618 3038 680 sumptuosaque
3079 626 3310 684 apponat
3358 619 3592 686 fercula,

2006 692 2219 748 illorum
2267 696 2514 751 satietate
2559 700 2815 753 minuitur
2857 703 3220 771 appositorum
3265 709 3503 776 lautitia;
3542 725 3592 767 et

2007 797 2197 853 magna
2238 800 2637 856 nonnumquam
2684 790 2880 846 nullius
2908 792 3157 850 videntur
3199 802 3477 868 momenti,
3528 818 3589 857 ec

2004 873 2144 941 quod
2199 878 2446 930 convivae
2493 877 2694 948 absque
2725 881 2915 937 edendi
2946 885 3198 943 aviditate
3223 890 3552 947 advenerunt
3578 936 3589 950 .

2003 961 2074 1016 ita
2114 972 2298 1017 contra
2339 966 2381 1020 si
2426 969 2544 1037 quis
2589 971 2859 1025 famelicos
2895 976 3148 1045 suscipiat
3185 988 3239 1033 et
3268 984 3583 1048 esurientes,

2005 1053 2129 1108 licet
2159 1055 2265 1109 illis
2286 1065 2499 1112 tenuem
2531 1071 2790 1129 proponat
2816 1078 3076 1132 mensam,
3105 1069 3381 1136 splendida
3414 1082 3589 1129 tamen

2004 1144 2096 1199 illa
2140 1147 2416 1217 apparebit
2462 1152 2719 1218 convivis,
2765 1154 2929 1209 multa
2969 1170 3087 1211 cum
3116 1160 3387 1230 voluptate
3432 1152 3623 1234 atque.

2002 1239 2257 1294 aviditate
2301 1242 2542 1311 apposita
2592 1246 3016 1302 comedentibus.
3070 1250 3160 1305 Sic
3215 1260 3270 1307 et
3309 1270 3407 1310 nos
3454 1256 3593 1312 bene

2003 1331 2231 1387 ﬁdentes
2279 1334 2538 1403 spirituali
2582 1345 2765 1391 vestro
2811 1339 3106 1407 appetitui,
3157 1357 3263 1397 non
3311 1360 3593 1414 gravamur

2001 1437 2290 1491 pauperem
2317 1433 2372 1479 et
2392 1424 2547 1479 vilem
2578 1426 2713 1481 hanc
2742 1444 2980 1484 mensam
3003 1440 3194 1487 vestrae
3223 1434 3427 1489 caritati
3457 1439 3593 1491 assi-

2002 1514 2107 1570 due
2137 1532 2425 1586 apponere.
2472 1519 2585 1575 Hoc
2625 1531 2676 1574 et
2715 1521 2930 1590 sapiens
2955 1523 3169 1594 quidam
3198 1526 3443 1583 dicebat:
3478 1530 3592 1583 Mc-

2002 1609 2102 1662 lius
2144 1619 2216 1663 est
2259 1613 2541 1665 convivium
2588 1614 2779 1667 olerum
2810 1632 2923 1668 cum
2967 1618 3197 1681 caritate,
3228 1636 3377 1688 quam
3414 1620 3502 1676 bos
3532 1623 3596 1676 de

2004 1702 2249 1770 praesepio
2294 1718 2406 1755 cum
2437 1703 2553 1757 odio
2585 1702 2764 1775 (Prov.
2792 1705 2879 1760 15.
2905 1706 2996 1777 l7)
3022 1726 3035 1760 :
3069 1724 3175 1778 quo
3201 1710 3375 1775 docet,
3403 1714 3595 1766 carita-

2002 1797 2107 1844 tem
2136 1791 2293 1845 aliter
2318 1793 2500 1846 videre
2528 1796 2789 1862 apposita,
2824 1796 3069 1865 illiusque
3089 1799 3257 1854 oculis
3282 1800 3401 1852 vilia
3429 1817 3594 1871 appa-

2000 1894 2121 1935 rere
2149 1895 2210 1934 ea
2256 1897 2374 1949 qua:
2413 1893 2721 1951 sumptuosa
2770 1897 2913 1951 sunt,
2947 1897 2997 1941 et
3025 1904 3186 1957 parva
3221 1905 3337 1959 qua:
3377 1906 3587 1961 magna.

2072 1968 2332 2025 Auditoris
2355 1971 2692 2027 benevolentia
2718 1977 3017 2029 necessaria.
3040 1977 3246 2045 —Quid
3278 1980 3433 2049 igitur
3459 1981 3591 2036 bea-

2001 2060 2105 2115 tius
2157 2062 2310 2115 nobis
2358 2064 2445 2132 qui
2502 2065 2640 2132 apud
2686 2076 2760 2121 tot
2805 2069 3095 2134 auditores,
3128 2080 3342 2141 tamque
3385 2074 3594 2129 ferven-

2002 2153 2039 2206 ti
2077 2161 2131 2207 et
2186 2154 2411 2209 sollicita
2463 2156 2684 2211 caritate
2741 2160 2991 2227 praeditos
3040 2162 3402 2219 disserimus?
3448 2164 3591 2220 Nihil

2000 2243 2142 2297 enim
2182 2251 2459 2314 tantOpere
2502 2246 2695 2301 dicenti
2751 2252 3111 2306 necessarium
3164 2262 3285 2319 est,
3340 2264 3397 2309 ut
3442 2255 3593 2311 audi-

2001 2335 2133 2389 toris
2183 2334 2574 2396 benevolentia.
2618 2340 3052 2410 Quandoquidem
3101 2360 3221 2398 cum
3266 2344 3411 2401 videt
3439 2347 3588 2401 audi.

2001 2432 2143 2479 tores
2173 2424 2379 2482 fervere
2406 2427 2692 2493 desiderio,
2737 2432 2977 2487 firmatur
3006 2445 3059 2489 et
3087 2434 3221 2505 ipse,
3250 2446 3304 2491 et
3339 2453 3588 2507 magnum

1999 2529 2141 2584 serpe
2186 2516 2368 2582 robur,
2425 2528 2480 2572 ut
2536 2521 2603 2573 ita
2657 2522 2849 2587 dicam,
2906 2526 3116 2593 accipit,
3173 2529 3350 2582 sciens
3390 2541 3591 2599 quanto

1942 2686 1951 2693 θ
1997 2611 2444 2678 sumptuosiorem
2494 2628 2729 2668 mensam
2775 2617 3101 2685 spiritualem
3140 2620 3409 2689 proponit,
3444 2632 3591 2676 tanto

1996 2699 2253 2767 majorem
2279 2701 2376 2755 sibi
2404 2704 2608 2770 οολιῑειη
2640 2706 2915 2759 accedere.
2949 2707 3114 2761 Sectis
3140 2710 3282 2764 enim
3306 2725 3364 2766 se
3391 2710 3583 2767 habent

1996 2790 2287 2858 sensibilia,
2318 2808 2478 2862 quam
2507 2795 2818 2862 spiritualia.
2842 2796 2951 2851 lllic
2980 2799 3121 2853 enim
3149 2815 3349 2855 mensae
3371 2802 3589 2873 largitas

1995 2891 2267 2950 sumptum
2320 2884 2481 2952 parit,
2534 2894 2589 2939 et
2633 2887 2934 2939 convivium
2980 2888 3281 2944 exhibentis
3322 2891 3587 2948 imminuit

1995 2973 2383 3037 substantiam;
2415 2976 2501 3031 hic
2529 2987 2704 3032 autem
2733 2980 2954 3033 omnino
2978 2981 3151 3046 aliter,
3180 2993 3378 3051 quanto
3409 2984 3589 3053 plures

1995 3075 2118 3120 sunt
2164 3068 2470 3136 participes,
2518 3078 2666 3123 tanto
2708 3070 2822 3138 plus
2868 3072 3163 3125 substantia
3193 3082 3370 3127 nostra
3399 3089 3584 3129 accre-

1994 3159 2115 3211 scit.
2158 3156 2341 3226 Neque
2371 3159 2512 3212 enim
2548 3168 2725 3213 nostra
2757 3161 3004 3226 dicimus,
3036 3161 3128 3217 sed
3176 3179 3235 3215 ea
3268 3179 3386 3233 qua:
3415 3164 3465 3218 in
3495 3180 3585 3220 ve-

1993 3259 2158 3305 stram
2210 3252 2486 3306 utilitatem
2532 3252 2623 3307 Dei
2673 3256 2841 3323 gratia
2890 3270 2985 3323 per
3014 3269 3163 3308 suam
3204 3254 3584 3325 benignitatem

1994 3341 2317 3411 suppeditat.
2366 3342 2479 3412 Age
2510 3343 2688 3411 igitur,
2738 3344 2856 3413 quia
2907 3360 3028 3398 cum
3063 3354 3205 3399 tanta
3228 3346 3502 3402 alacritate
3533 3356 3587 3402 et

1995 3441 2138 3487 tanta
2196 3432 2376 3488 laetitia
2426 3432 2491 3488 ad
2545 3435 2867 3488 audiendum
2917 3436 3191 3503 acceditis,
3239 3437 3428 3492 iterum
3469 3438 3582 3508 jam

1993 3523 2131 3579 lci-ta
2154 3524 2485 3593 indagemus,
2515 3533 2568 3578 et
2597 3526 2734 3593 quod
2765 3526 2884 3579 inde
2911 3527 3155 3596 provenit
3185 3527 3386 3582 lucrum
3412 3531 3584 3597 perci-

1992 3616 2219 3683 piamus.
2260 3614 2391 3668 Nam
2441 3616 2587 3684 quia,
2617 3616 2906 3670 SCClllttlum
2937 3632 3179 3684 magnam
3220 3619 3360 3672 illam
3391 3619 3585 3674 exhor-

1993 3706 2245 3758 tationem
2268 3704 2463 3759 Christi
2486 3704 2731 3769 dicentis,
2764 3705 3076 3759 Scrutamini
3094 3706 3386 3775 Scripturas
3402 3707 3580 3776 (Joan.

1991 3794 2044 3847 5.
2072 3794 2183 3860 39),
2218 3792 2500 3847 thesaurus
2521 3810 2742 3863 magnus
2761 3796 2811 3848 in
2840 3795 3130 3863 Scripturis
3155 3805 3238 3851 est
3256 3797 3581 3860 reconditus,

1992 3892 2047 3937 et
2091 3882 2145 3938 in
2190 3880 2457 3953 profundo
2498 3882 2626 3936 latet
2656 3902 2670 3936 :
2700 3883 2899 3938 idcirco
2944 3886 3273 3941 scrutatione
3320 3901 3475 3957 opus,
3525 3899 3581 3943 ut

1991 3987 2112 4028 cum
2160 3972 2505 4026 didicerimus
2554 3974 2799 4027 virtutem
2831 3990 2949 4043 qute
2980 3974 3032 4028 in
3078 3974 3346 4045 profundo
3374 3978 3581 4032 occulta

1989 4072 2093 4128 est,
2124 4065 2349 4118 multam
2374 4063 2497 4119 inde
2527 4065 2809 4121 utilitatem
2855 4066 3147 4138 decerpere
3183 4084 3459 4138 queamus.
3492 4070 3583 4125 Et-

1991 4157 2132 4211 enim
2184 4164 2463 4225 propterea
2497 4161 2758 4224 jnstorum
2791 4160 3031 4214 omnium
3080 4160 3322 4225 virtutes,
3354 4160 3584 4231 Spiritus

1991 4247 2161 4302 sancti
2192 4249 2360 4318 gratia
2386 4257 2441 4303 et
2466 4249 2887 4319 dispensatione,
2918 4251 2971 4305 in
3014 4251 3303 4321 Scripturis
3327 4262 3453 4308 sunt
3476 4261 3582 4309 tra-

1992 4340 2137 4405 dine,
2172 4350 2229 4395 ut
2251 4356 2349 4395 nos
2372 4343 2676 4396 continuam
2704 4342 2962 4398 habentes
2987 4345 3303 4412 doctrinam,
3328 4344 3392 4401 ad
3419 4362 3583 4400 temu-

1992 4431 2244 4487 lationem
2298 4440 2355 4488 et
2415 4434 2763 4489 imitationem
2807 4435 3075 4503 justorum
3125 4439 3287 4491 vitam
3343 4447 3580 4493 nostram

1993 4523 2350 4576 instituamus.
2400 4523 2692 4578 Audiamus
2736 4525 2894 4594 igitur
2936 4526 3172 4581 divinam
3225 4528 3578 4596 Scripturam,

1990 4615 2117 4684 quid
2173 4623 2227 4669 et
2277 4614 2436 4670 hodie
2486 4617 2640 4671 nobis
2683 4617 2751 4671 de
2782 4620 3075 4686 patriarcha
3105 4636 3324 4673 narrare
3350 4622 3497 4675 velit.
3530 4623 3579 4674 l.

1992 4708 2142 4778 (Cap.
2163 4707 2254 4777 20)
2272 4706 2338 4762 Et
2358 4711 2530 4774 movit,
2556 4708 2744 4779 inquit,
2768 4710 2909 4764 illinc
2926 4710 3177 4764 Abraham
3196 4711 3246 4764 in
3265 4720 3449 4763 terram
3470 4728 3583 4765 ver-

1989 4816 2077 4854 sus
2097 4800 2332 4869 africum,
2356 4809 2404 4855 et
2432 4800 2666 4855 habitavit
2688 4799 2816 4854 inter
2840 4799 2998 4853 Cades
3027 4809 3071 4852 et
3100 4801 3230 4853 inter
3256 4800 3380 4867 Sur,
3411 4811 3457 4855 et
3477 4818 3585 4871 per-

1990 4892 2194 4959 egrinus
2223 4892 2319 4961 fuit
2356 4892 2408 4945 in
2449 4889 2671 4944 Geraris.
2710 4890 2774 4942 Et
2798 4890 2949 4942 movit
2971 4931 2984 4953 ,
3013 4889 3215 4958 inquit,
3245 4890 3404 4944 illinc.
3431 4890 3584 4947 Unde

1991 4983 2191 5036 movit?
2231 4983 2271 5036 A
2321 4982 2437 5036 loco
2478 4982 2565 5035 ubi
2598 4981 2993 5036 tabernaculum
3026 4980 3238 5042 ﬁxerat,
3265 4981 3353 5036 ubi
3376 4991 3430 5036 et
3460 4984 3584 5037 uni-

1991 5076 2129 5131 versi
2152 5074 2496 5130 Conditorem
2520 5090 2638 5129 cum
2660 5075 2865 5145 angelis
2890 5074 3162 5143 suscipere
3191 5073 3239 5128 ei
3265 5089 3583 5130 concessum

1990 5166 2106 5222 fuit.
2149 5165 2319 5233 Illinc,
2361 5166 2549 5235 inquit,
2597 5181 2717 5221 cum
2742 5166 3013 5231 movisset,
3056 5165 3362 5238 Peregrinus
3388 5166 3484 5236 fuit
3535 5168 3617 5245 in.

1992 5258 2217 5314 Geraris.

2062 5351 2279 5403 Abrahae
2297 5350 2523 5403 modesta
2542 5350 2737 5404 vivendi
2773 5350 3001 5404 ratio.—
3025 5350 3154 5405 Vide
3172 5349 3434 5420 justorum
3458 5346 3581 5402 vita!

1990 5442 2272 5505 rationem,
2289 5456 2445 5511 quam
2456 5451 2725 5496 contracta
2742 5443 2845 5497 illis
2859 5441 3016 5497 fuerit
3031 5451 3085 5496 et
3106 5440 3323 5495 minime
3336 5453 3582 5509 superva-

1991 5547 2091 5589 cua
2106 5531 2342 5602 supellex
2360 5549 2373 5585 :
2390 5532 2655 5601 quomodo
2673 5533 2825 5588 facile
2842 5531 3289 5601 transmigrabant
3313 5530 3580 5598 vitamque

1991 5636 2139 5678 suam
2155 5622 2495 5677 instituebant
2509 5623 2644 5677 sicut
2657 5623 2919 5694 peregrini
2936 5632 2987 5677 et
2998 5621 3061 5675 ad
3070 5632 3237 5685 venze,‘
3253 5628 3302 5675 et
3319 5634 3459 5675 nunc
3471 5618 3576 5683 hic,

1994 5730 2133 5772 nunc
2153 5714 2255 5771 illic
2272 5714 2608 5770 tabernacula
2625 5714 2924 5786 erigebant,
2947 5711 3096 5783 quasi
3127 5726 3347 5782 peregre
3382 5706 3581 5784 degen-
