4150 6276
535 238 643 296 ιιδ

529 360 629 412 tes;
649 361 754 403 non
780 346 917 402 sicut
942 356 1040 398 nos
1055 339 1295 406 facimus,
1308 340 1396 409 qui
1411 338 1707 398 habitantes
1725 335 1779 389 in
1791 335 1966 389 aliena
1979 343 2117 388 terra

531 439 681 509 quasi
726 437 779 491 in
811 435 1002 506 patria,
1029 431 1218 487 domos
1237 429 1561 484 exstruimus
1585 423 1921 494 splendidas,
1951 425 2124 496 porti-

532 545 627 585 cus
653 538 707 584 et
745 525 1143 589 deambulacra,
1167 531 1223 576 et
1266 520 1419 574 villas
1464 518 1822 590 possidemus,
1853 526 1908 572 et
1937 517 2122 571 balnea

532 636 780 691 paramus
815 619 1022 686 aliaque
1044 616 1341 669 innumera.
1369 609 1475 666 Sed
1507 609 1627 665 vide
1651 607 1918 679 quomodo
1950 608 2125 678 justus

531 711 878 768 substantiam
917 724 1068 762 suam
1101 709 1153 760 in
1181 704 1484 760 vernaculis
1519 711 1722 757 tantum
1759 709 1815 756 et
1846 700 2126 770 pecoribus

536 793 836 876 possidens,
868 809 921 855 et
949 813 1236 867 numquam
1261 797 1313 850 in
1334 795 1522 849 eodem
1549 794 1667 847 loco
1693 792 2002 862 persistens,
2029 790 2127 843 ali-

531 894 743 966 quando
769 891 983 962 quidem
1013 889 1067 943 in
1093 887 1278 944 Bethel
1309 886 1418 956 figit
1445 883 1807 947 tabernacula,
1836 881 2123 950 aliquando

530 997 706 1039 autem
733 984 872 1054 apud
894 996 1148 1053 quercum
1171 978 1426 1042 Mambre,
1449 975 1734 1046 aliquando
1757 976 1810 1029 in
1835 974 2124 1046 Aﬂgyptum

535 1074 833 1138 descendit,
868 1087 1008 1126 nunc
1035 1080 1213 1125 autem
1242 1069 1293 1122 in
1315 1067 1532 1123 Ccraris
1565 1066 1959 1119 tabernaculum
1993 1066 2124 1135 figit,

531 1175 586 1220 ct
632 1165 812 1220 omnia
859 1165 1015 1218 facile
1059 1161 1307 1222 sustinet,
1350 1167 1662 1229 gratamque
1684 1171 1808 1224 erga
1842 1156 2124 1210 Dominum

533 1264 767 1311 mentem
800 1270 893 1324 per
920 1253 1096 1308 omnia
1125 1249 1405 1304 manifeste
1433 1249 1688 1303 declarat.
1720 1246 1786 1301 Et
1816 1256 1933 1316 post
1955 1257 2126 1302 tantas

535 1347 918 1417 promissiones
966 1341 1084 1414 qure
1112 1343 1160 1398 ei
1189 1357 1215 1394 a
1259 1341 1366 1394 Deo
1391 1339 1544 1394 facta:
1569 1347 1743 1403 erant,
1771 1337 1958 1392 videns
1986 1353 2045 1392 se
2074 1338 2125 1392 in

537 1438 697 1492 tantis
721 1435 918 1491 versari
958 1433 1380 1497 difficultatibus,
1427 1440 1481 1485 et
1511 1432 1564 1483 in
1593 1431 1766 1483 varias
1787 1430 2128 1498 diversasque

541 1529 862 1583 Ientationes
911 1525 1172 1590 incidere,
1216 1522 1368 1592 quasi
1416 1521 1634 1576 adamas
1681 1521 1932 1574 immoms
1955 1521 2126 1590 persi-

536 1620 667 1684 stit;
708 1621 959 1688 piamque
986 1631 1136 1670 suam
1170 1624 1400 1668 mentem
1428 1611 1735 1674 ostendens,
1762 1610 1922 1665 nullis
1951 1610 2130 1665 obsta-

536 1709 673 1763 culis
703 1709 1053 1778 negligentior
1078 1703 1275 1760 evadit.
1307 1704 1440 1758 Vide
1470 1703 1611 1757 enim
1643 1711 1696 1756 et
1718 1718 1880 1768 llllltC,
1908 1701 2120 1766 dilecte,

537 1800 713 1870 qualis
760 1799 984 1853 tentatio
1027 1813 1150 1852 eum
1178 1798 1230 1850 in
1260 1796 1472 1852 Geraris
1503 1795 1741 1849 invadit:
1775 1803 1829 1849 et
1859 1795 2128 1849 admirare

540 1890 901 1945 fortitudinem
949 1898 1002 1944 et
1031 1889 1280 1942 virtutem
1303 1886 1454 1956 justi,
1487 1885 1755 1955 quomodo
1783 1884 1925 1954 qttod
1958 1884 2128 1938 omni-

541 1983 640 2037 bus
681 1981 1036 2045 intolerabile,
1085 1987 1141 2033 et
1185 1979 1328 2048 quod
1376 1991 1551 2046 neque
1593 1976 1812 2030 auribus
1856 1977 2130 2046 suscipere

538 2074 659 2142 quis
693 2072 877 2135 vellet,
909 2071 1010 2124 hoc
1039 2070 1152 2139 ipse
1175 2068 1445 2132 sustinuit,
1477 2082 1581 2121 non
1610 2059 1754 2136 {egre
1797 2065 1997 2134 ferens,
2030 2082 2127 2122 ne-

538 2179 643 2233 que
666 2165 884 2233 exigens
925 2178 954 2215 a
997 2162 1224 2215 Domino
1254 2160 1512 2214 rationem
1555 2174 1739 2212 eorum
1771 2173 1888 2228 qua:-
1909 2157 2126 2223 fiebant,

541 2258 678 2311 sicut
705 2256 943 2325 plerique
969 2253 1213 2307 homines
1242 2250 1460 2315 faciunt,
1495 2249 1654 2316 hique
1681 2248 1975 2302 innumeris
2008 2263 2133 2317 pec-

540 2357 782 2400 catorum
833 2345 1055 2398 sarcinis
1101 2344 1290 2413 pressi.
1341 2341 1472 2394 Nam
1517 2355 1636 2393 cum
1685 2342 1734 2392 in
1793 2339 2131 2396 difficultates

543 2436 800 2506 quasdam
849 2434 1151 2496 inciderint,
1193 2431 1372 2485 statim
1420 2430 1842 2491 obn‘turmurant,
1878 2437 1931 2482 et
1955 2429 2131 2482 curio-

542 2530 653 2581 sius
698 2526 986 2596 inquirunt,
1009 2525 1297 2593 dicuntque
1325 2540 1336 2575 :
1362 2520 1536 2587 Quare
1565 2518 1666 2572 hoc
1695 2527 1748 2572 et
1777 2517 1876 2572 hoc
1916 2519 2130 2573 evenit?

541 2628 597 2674 et
625 2633 790 2689 quare
836 2618 936 2671 hoc
975 2617 1296 2687 permissum
1327 2611 1445 2666 est?
1477 2613 1545 2664 Αι
1567 2611 1741 2680 justus
1764 2611 1851 2664 ille
1876 2625 1979 2665 non
2011 2611 2128 2666 sic:

545 2711 684 2764 unde
737 2717 790 2763 et
848 2708 924 2761 illi
980 2707 1207 2776 amplius
1252 2716 1542 2770 supernum
1597 2699 1852 2753 auxilium
1881 2708 1962 2754 est
2003 2715 2132 2755 con-

542 2817 773 2857 cessum.
801 2799 913 2855 lloc
935 2799 1076 2853 enim
1098 2811 1220 2850 vere
1241 2793 1375 2864 grati
1397 2792 1535 2846 servi
1555 2791 1730 2858 fuerit,
1758 2800 1815 2845 ut
1842 2805 2130 2860 numquam

543 2893 805 2948 curiosior
841 2893 911 2945 sit
955 2890 1009 2942 in
1036 2889 1098 2942 iis
1123 2882 1467 2955 explorandis
1514 2899 1632 2952 qua:
1671 2898 1701 2936 a
1730 2881 1947 2937 domino
1979 2882 2130 2949 ﬁunt,

543 2984 638 3039 sed
667 2987 719 3037 in
763 2982 974 3038 silentio
1015 2989 1068 3034 et
1107 2977 1394 3048 gratiarum
1421 2972 1633 3030 actione
1654 2975 1909 3045 suscipiat
1929 2974 2128 3029 omnia.

613 3074 667 3126 2.
710 3072 778 3126 Et
805 3069 1189 3133 animadverte,
1218 3063 1488 3134 quomodo
1513 3064 1680 3117 etiam
1713 3080 1804 3133 per
1835 3064 1956 3118 illas
1987 3065 2132 3134 ipsas

544 3181 663 3235 quae
695 3171 994 3232 sequuntur
1017 3159 1336 3212 tentationes
1355 3155 1484 3224 juSti
1508 3157 1674 3208 virtus
1702 3157 1868 3224 magis
1892 3157 2128 3222 emicuit,

549 3259 659 3312 Deo
691 3255 892 3310 clarum
922 3253 1070 3306 illum
1101 3266 1194 3320 per
1222 3248 1400 3303 omnia
1439 3247 1774 3302 ostendente.
1808 3247 1942 3302 Nam
1991 3249 2132 3303 sicut

547 3345 762 3418 quando
807 3344 858 3397 in
889 3342 1181 3412 Egyptum
1213 3337 1522 3404 descendit,
1567 3345 1625 3390 ut
1665 3337 1878 3407 ignotus
1917 3347 1972 3394 et
2011 3353 2132 3410 per.

547 3441 785 3510 egi-inus,
824 3447 879 3492 ct
904 3437 1031 3492 nulli
1060 3436 1290 3506 agnitus,
1318 3433 1496 3488 subito
1536 3447 1728 3502 magno
1769 3447 1889 3485 cum
1931 3431 2134 3486 honore

547 3531 672 3585 inde
715 3529 894 3584 redit:
930 3529 997 3581 ita
1028 3539 1081 3582 et
1135 3541 1309 3590 nunc,
1357 3539 1476 3578 cum
1526 3528 1838 3594 peregrinus
1892 3531 2036 3577 esset
2078 3523 2133 3578 in

547 3621 786 3687 Ceraris,
807 3621 858 3674 in
886 3620 1015 3690 ipsis
1042 3617 1255 3688 quidem
1287 3615 1452 3668 initiis
1479 3614 1620 3684 quod
1648 3631 1803 3668 suum
1829 3623 1948 3668 erat
1973 3612 2130 3668 fecit:

550 3721 737 3785 postea
765 3726 893 3766 vero
921 3720 1068 3765 tanto
1091 3709 1185 3763 Dei
1207 3706 1444 3762 subsidio
1472 3707 1710 3760 munitus
1738 3715 1841 3772 est,
1866 3713 2004 3760 utet
2037 3720 2132 3760 rex

547 3819 602 3863 et
628 3819 814 3862 Omnes
856 3806 945 3876 qui
973 3806 1024 3858 in
1054 3818 1115 3859 ea
1145 3801 1366 3872 regione
1397 3798 1742 3864 habitabant,
1765 3797 1914 3853 omni
1956 3797 2134 3852 studio

548 3901 855 3956 ministrare
901 3899 1051 3966 justo
1097 3896 1396 3950 studerent.
1437 3891 1491 3946 2.
1531 3891 1678 3946 Dixit
1723 3900 1912 3956 autent,
1940 3890 2130 3960 inquit,

547 3995 806 4049 Abraham
839 3995 902 4045 de
941 3991 1102 4046 Sarra
1141 4004 1300 4044 uxore
1340 4003 1465 4052 sua,
1497 3984 1660 4040 Soror
1688 4001 1800 4038 mea
1827 3993 1919 4038 est.
1944 3983 2134 4037 Timuit

549 4089 682 4138 enim
703 4085 888 4145 dicere,
925 4079 1066 4135 Uxor
1089 4095 1198 4132 mea
1219 4087 1312 4142 est,
1338 4092 1405 4128 ne
1435 4079 1568 4147 forte
1595 4075 1876 4128 occiderent
1899 4089 2011 4124 eum
2041 4073 2135 4126 viri

550 4175 766 4229 civitatis
794 4182 998 4242 promer
1021 4170 1184 4223 illam.
1214 4168 1346 4222 Vide
1374 4165 1644 4237 quomodo
1672 4181 1703 4219 a
1729 4164 2134 4220 violentissimis

551 4262 924 4318 affectionibus
967 4259 1142 4312 anima
1162 4258 1292 4327 justi
1334 4257 1698 4325 impugnetur,
1729 4263 1784 4310 et
1823 4255 1983 4310 timor
2013 4270 2134 4310 eum

558 4357 812 4410 incessat.
844 4353 910 4406 Et
932 4351 1176 4421 quamvis
1199 4349 1346 4418 prior
1373 4347 1552 4413 timor,
1580 4363 1646 4402 ne
1671 4346 1949 4402 mulieretn
1978 4348 2136 4403 amit-

555 4455 654 4512 tat,
678 4444 854 4514 gravis
885 4441 1081 4506 fuerit,
1108 4441 1266 4495 timor
1297 4448 1472 4494 tamen
1518 4439 1707 4493 mortis
1731 4439 1879 4493 illum
1911 4439 2135 4510 expulit.

553 4536 627 4595 Ut
656 4536 796 4590 enim
824 4534 965 4588 hunc
995 4531 1283 4603 effugeret,
1307 4530 1560 4586 sustinuit
1589 4531 1703 4585 suis
1731 4530 1900 4585 oculis
1931 4530 2134 4597 videre,

549 4630 751 4688 sociam
779 4628 901 4682 vlta:
935 4640 1047 4680 sute
1078 4625 1130 4679 in
1169 4624 1311 4694 regis
1354 4635 1543 4676 manus
1587 4621 1844 4676 incidere.
1873 4621 2044 4688 Quam
2069 4623 2141 4676 sit

550 4729 732 4776 autem
769 4717 871 4773 hoc
917 4717 1142 4770 toleratu
1177 4713 1425 4780 difficile,
1467 4711 1643 4766 sciunt
1688 4711 1777 4781 qui
1808 4725 2002 4766 uxores
2044 4710 2140 4765 ha-

555 4817 704 4870 bent.
731 4811 884 4866 Unde
908 4819 964 4864 et
991 4809 1208 4878 sapiens
1252 4805 1470 4876 quidam
1515 4802 1760 4858 dicebat:
1794 4801 1988 4856 Plenus
2029 4803 2138 4856 zelo

556 4908 697 4960 furor
717 4904 811 4956 uiri
841 4904 950 4972 ejus
970 4943 984 4966 ,
1022 4918 1124 4955 non
1168 4908 1335 4969 parcet
1364 4899 1416 4951 in
1459 4897 1541 4950 die
1557 4895 1745 4966 judicii
1766 4935 1784 4960 ,
1809 4895 1950 4949 nullo
1980 4899 2140 4964 pretio

553 4994 764 5050 mutabit
791 4991 1080 5046 inimicitias
1102 4989 1285 5060 (Prov.
1303 4989 1356 5044 6.
1372 4989 1460 5043 54.
1485 4986 1596 5057 55).
1621 4987 1814 5041 Verum
1849 4999 2011 5054 grave
2039 4985 2141 5039 hoc

552 5100 608 5145 et
632 5086 882 5143 omnibus
905 5081 1261 5147 intolerabile,
1277 5081 1398 5135 vide
1421 5080 1688 5149 quomodo
1717 5088 1934 5150 propter
1955 5079 2142 5133 mortis

552 5191 755 5238 metum
780 5179 869 5234 ille
891 5177 1031 5231 tulit.
1055 5175 1165 5229 Hoc
1195 5187 1326 5228 sane
1353 5181 1408 5226 et
1433 5173 1484 5228 in
1509 5171 1876 5241 corporalibus
1905 5169 2141 5225 affectio-

559 5277 717 5331 nibus
747 5270 1064 5340 contingere
1086 5267 1261 5323 solet:
1294 5281 1416 5320 nam
1448 5264 1664 5334 quando
1707 5263 1814 5319 duo
1853 5264 2025 5319 morbi
2065 5264 2140 5316 si-

552 5367 663 5424 mul
701 5363 955 5420 infestant
979 5375 1179 5429 corpus
1221 5367 1501 5420 nostrum,
1546 5354 1704 5409 unius
1752 5355 2140 5408 incrementum

555 5461 686 5532 tegit
738 5459 931 5523 alium,
985 5464 1040 5512 et
1092 5462 1232 5509 totos
1283 5464 1382 5505 nos
1447 5449 1537 5504 ille
1586 5448 1799 5518 gravior
1843 5448 1996 5503 dolor
2041 5448 2141 5502 sibi

560 5552 834 5618 vindicat,
873 5552 943 5607 ita
995 5559 1053 5606 ut
1099 5563 1244 5617 saepe
1290 5544 1552 5598 minorem
1603 5541 1842 5595 dolorem
1878 5555 1908 5593 a
1954 5539 2142 5609 majori

558 5645 798 5700 distracti
831 5659 935 5698 non
968 5643 1282 5698 sentiamus.
1316 5635 1516 5693 Eodem
1539 5635 1700 5690 modo
1726 5633 1904 5703 justus
1931 5647 2143 5703 quoque

1245 228 1304 286 S.
1342 224 1621 285 JOANNIS
1656 220 2132 279 CHRYSOSTOMI
2172 220 2488 277 ARCIIIEP.
2528 219 3061 278 CONS'I‘ANTINOP.

3719 224 3840 278 416

2240 334 2330 391 ille
2369 351 2511 390 nunc
2559 335 2750 392 videns
2815 351 3008 406 urgere
3054 333 3300 391 dolorem
3350 335 3541 391 mortis
3563 374 3581 404 ,
3629 347 3836 392 caetera

2236 426 2416 480 omnia
2449 425 2747 484 tolerabilia
2777 425 3054 482 censebat.

2310 518 2456 573 Mors
2485 519 2615 572 nihil
2639 528 2713 574 est
2741 519 2884 574 aliud
2910 535 3066 589 quam
3092 534 3394 573 somnus.—
3421 516 3688 574 Caeterum
3710 517 3839 574 hmc

2239 608 2485 675 audiens,
2512 609 2708 665 dilecte
2728 651 2742 675 ,
2773 625 2841 665 ne
2866 610 3196 665 condemnes
3211 609 3414 679 justum
3444 609 3514 665 ob
3541 610 3829 680 pusillani-

2241 701 2501 764 mitatem,
2535 702 2675 768 quod
2709 708 2940 754 mortem
2981 699 3264 754 timuerit:
3295 699 3389 754 sed
3437 700 3618 770 potius
3664 700 3837 754 admi-

2240 803 2360 843 rare
2386 788 2694 844 Conditoris
2722 791 2954 845 universi
2980 805 3105 860 erga
3125 806 3225 846 nos
3252 791 3656 861 benignitatem,
3685 793 3832 861 quod

2241 889 2468 934 mortem
2503 878 2672 950 justis
2700 880 2802 934 illis
2826 889 2882 934 et
2907 882 3107 936 sanctis
3139 891 3265 936 tunc
3303 882 3640 949 terribilem,
3683 898 3832 938 nunc

2239 969 2310 1022 ita
2335 970 2732 1038 despiciendam
2763 971 2974 1027 dederit
2997 970 3267 1038 Christus,
3298 982 3355 1026 ut
3383 989 3543 1043 quam
3569 973 3833 1030 formida-

2237 1060 2368 1114 bant
2395 1061 2494 1114 viri
2519 1061 2595 1115 illi
2629 1062 2827 1117 virtute
2848 1063 2978 1117 clari
3002 1103 3018 1129 ,
3042 1072 3100 1118 et
3124 1073 3265 1118 tanta
3293 1079 3418 1134 erga
3447 1065 3612 1120 Deum
3635 1065 3832 1120 fiducia

2241 1150 2386 1215 freti,
2418 1167 2560 1208 nunc
2585 1152 2864 1208 derideant
2890 1162 2943 1209 et
2965 1154 3225 1224 juvenes,
3257 1165 3311 1210 et
3338 1165 3536 1212 tenerm
3574 1157 3836 1228 virgines.

2237 1239 2379 1294 Nihil
2406 1241 2549 1294 enim
2579 1242 2724 1296 aliud
2762 1257 2908 1297 mors
2933 1253 3039 1310 est,
3063 1259 3222 1313 quam
3249 1259 3472 1301 somnus
3499 1255 3555 1300 et
3593 1248 3834 1317 peregri-

2240 1331 2407 1396 natio,
2429 1341 2588 1402 atque
2623 1335 3016 1404 transmigratio
3039 1351 3070 1390 a
3108 1334 3462 1392 deterioribus
3485 1338 3552 1391 ad
3582 1340 3830 1394 meliora.

2237 1421 2378 1476 Mors
2404 1423 2545 1478 enim
2574 1425 2786 1479 Domini
2814 1425 3265 1482 immortalitatem
3308 1428 3462 1483 nobis
3485 1428 3742 1497 donavit,
3771 1440 3833 1486 et

2240 1523 2296 1567 ut
2315 1513 2593 1570 descendit
2613 1515 2668 1570 in
2689 1517 2975 1582 infernum,
3000 1517 3242 1572 dissolvit
3260 1518 3377 1587 ejus
3397 1533 3614 1585 nervos,
3638 1521 3832 1575 robur~

2241 1618 2344 1672 que
2378 1605 2652 1660 destruxit
2679 1623 2693 1660 :
2720 1618 2774 1662 et
2796 1608 2940 1676 quod
2964 1619 3119 1662 antea
3149 1610 3384 1664 terribile
3404 1621 3520 1664 erat
3545 1621 3598 1666 et
3629 1613 3825 1681 impla-

2237 1695 2409 1750 cabile
2429 1736 2445 1761 ,
2475 1696 2579 1751 hoc
2616 1713 2760 1753 nunc
2785 1699 3186 1768 despiciendum
3215 1702 3402 1767 dedit,
3430 1702 3568 1756 adeo
3594 1713 3651 1756 ut
3685 1719 3828 1758 non-

2239 1788 2368 1842 nulli
2399 1789 2648 1844 exsiliant
2673 1799 2726 1845 et
2761 1792 3014 1847 festinent
3035 1808 3154 1847 cum
3185 1794 3308 1849 hinc
3345 1804 3429 1849 est
3469 1795 3828 1865 migrandum.

2239 1878 2471 1937 Proinde
2519 1891 2574 1938 et
2618 1883 2813 1938 Paulus
2854 1885 3073 1950 clamat,
3101 1886 3288 1941 dicens
3318 1903 3334 1941 :
3368 1887 3590 1942 Dissolvi
3631 1899 3678 1943 et
3712 1906 3832 1943 eum

2239 1971 2438 2028 Christo
2467 1992 2575 2030 esse
2599 1977 2758 2032 multo
2784 1978 2963 2033 melius
2989 1979 3246 2050 (Philipp.
3278 1983 3330 2035 l.
3352 1980 3471 2050 23).
3499 1982 3690 2038 Verum
3714 1985 3833 2037 hate

2239 2067 2456 2135 quidem
2499 2085 2643 2124 nunc
2672 2079 2793 2138 post
2827 2070 3026 2126 Christi
3052 2072 3360 2139 adventum,
3380 2083 3656 2142 postquam
3698 2090 3834 2128 con-

2241 2154 2424 2211 fractae
2453 2171 2573 2212 sunt
2597 2168 2767 2228 porta:
2792 2159 2985 2216 inferni
3007 2176 3184 2226 terere,
3209 2173 3486 2232 postquam
3507 2164 3590 2216 sol.
3609 2164 3833 2232 iustitia:

2241 2247 2437 2317 ubique
2469 2258 2732 2304 terrarum
2776 2253 2996 2308 affulsit.
3025 2253 3176 2309 Tunc
3200 2264 3378 2309 autem
3422 2257 3709 2310 terribilem
3736 2257 3834 2310 ad-

2241 2337 2346 2392 huc
2376 2338 2608 2395 habebat
2635 2340 2843 2406 faciem,
2876 2346 3319 2414 concutiebatque
3353 2346 3618 2415 justorum
3655 2347 3832 2400 homi-

2241 2444 2369 2482 num
2400 2429 2614 2484 illorum
2633 2440 2866 2486 mentem
2889 2451 2902 2486 :
2922 2431 3042 2488 ideo
3066 2442 3124 2489 et
3143 2436 3319 2488 omnia
3343 2435 3447 2488 alia
3470 2436 3666 2490 leviter
3691 2437 3832 2492 fere.

2240 2521 2388 2586 baut,
2408 2523 2566 2577 etiam
2585 2538 2704 2591 quae
2723 2523 3072 2578 intolerabilia
3090 2539 3210 2580 esse
3231 2524 3564 2579 videbantur.
3592 2527 3728 2583 llinc
3748 2539 3832 2583 est

2241 2612 2382 2682 quod
2413 2622 2467 2668 et
2502 2615 2678 2684 justus
2706 2615 2797 2670 ille
2819 2615 3011 2670 timens
3052 2631 3259 2681 eorum,
3288 2618 3379 2686 qui
3411 2619 3462 2670 in
3488 2617 3706 2676 Geraris
3735 2603 3831 2675 ha-

2239 2702 2518 2770 bitabant,
2550 2704 2799 2769 insidias,
2827 2704 3154 2760 domicilium
3200 2708 3270 2761 ibi
3316 2707 3590 2774 habuerit,
3622 2725 3725 2765 non
3773 2720 3834 2766 ut

2240 2811 2483 2860 uxorem,
2515 2798 2609 2852 sed
2637 2806 2694 2852 ut
2729 2813 2970 2852 sororem
3010 2813 3193 2853 secum
3233 2799 3472 2866 habens;
3507 2802 3576 2856 ita
3609 2803 3830 2858 nuncin

2243 2885 2342 2940 hac
2370 2888 2589 2956 regione
2630 2889 2942 2958 peregrinus
2975 2888 3137 2958 degit.
3169 2889 3237 2943 Et
3261 2890 3400 2943 sicut
3428 2906 3550 2944 cum
3584 2891 3635 2945 in
3665 2891 3834 2963 [Egy-

2243 2986 2390 3046 ptum
2423 2993 2546 3032 eum
2580 2978 2908 3032 descendere
2936 2979 3179 3049 permisit
3208 2980 3376 3046 Deus,
3401 2981 3586 3036 volens
3623 2983 3830 3051 impro-

2243 3067 2339 3123 bos
2364 3068 2486 3123 illos
2511 3077 2565 3123 et
2588 3069 2844 3124 socordes
2865 3067 3074 3124 discere
3095 3069 3224 3138 justi
3248 3071 3493 3126 virtutem
3514 3090 3528 3127 :
3549 3073 3618 3126 ita
3651 3083 3706 3127 et
3739 3072 3830 3129 hic

2244 3161 2578 3216 tolerantiam
2606 3176 2756 3216 suam
2787 3162 3004 3217 exhibet
3029 3163 3286 3217 Dominus
3307 3205 3319 3228 ,
3341 3172 3397 3218 ut
3417 3164 3546 3232 justi
3571 3166 3826 3234 patientia

2242 3253 2298 3308 in
2319 3254 2566 3308 omnibus
2593 3255 2819 3320 eluceat,
2841 3252 3035 3324 fiatque
3054 3254 3145 3308 Dei
3170 3255 3222 3308 in
3245 3255 3417 3324 ipsum
3451 3256 3824 3312 benevolentia

2243 3343 2528 3398 manifesta
2554 3343 2825 3398 omnibus.
2859 3343 3001 3397 Misit
3032 3355 3198 3398 autem
3236 3345 3521 3400 Abintclech
3559 3363 3648 3400 rex
3670 3347 3828 3402 Gera-

2241 3451 2436 3499 rorum,
2468 3445 2522 3488 ut
2550 3437 2832 3506 acciperent
2861 3437 3095 3490 Sarram.
3117 3437 3303 3506 Cogita
3335 3441 3440 3504 hic,
3459 3455 3664 3509 qumso,
3694 3449 3829 3494 tent-

2241 3535 2502 3595 pestatem
2529 3528 2906 3596 cogitationum
2933 3543 3090 3597 quam
3124 3531 3244 3584 tulit
3270 3531 3448 3598 justus
3469 3533 3655 3588 videns
3689 3549 3824 3588 uso-

2243 3631 2356 3671 rem
2387 3632 2536 3671 suam
2559 3617 2771 3684 abduci,
2790 3627 2847 3673 et
2860 3633 2919 3674 se
2940 3619 3070 3673 nihil
3093 3634 3250 3689 posse
3267 3621 3454 3690 juvare
3473 3639 3613 3678 eam.
3643 3611 3822 3679 Silen-

2245 3717 2328 3763 ter
2351 3710 2493 3764 enim
2525 3708 2727 3765 ferebat
2751 3710 2928 3764 omnia
2946 3751 2962 3775 ,
2990 3712 3165 3767 sciens
3194 3711 3309 3768 fore
3339 3725 3396 3767 ut
3425 3730 3482 3768 se
3509 3730 3615 3768 non
3648 3715 3831 3786 despi-

2242 3813 2384 3856 ceret
2406 3803 2682 3869 Dominus,
2701 3803 2794 3859 sed
2822 3804 3176 3860 aceeleratum
3205 3806 3487 3861 adhiberet
3511 3808 3823 3864 subsidium.

2243 3893 2590 3949 Admirabilis
2629 3910 2841 3966 quoque
2881 3895 3055 3951 Same
3085 3911 3236 3950 amor
3279 3907 3397 3963 est,
3425 3915 3544 3966 qua:
3591 3900 3827 3971 periculo

2207 4011 2215 4018 -
2244 3987 2437 4040 mortis
2463 3986 2664 4055 justum
2691 3988 2902 4056 eripere
2929 3988 3111 4041 voluit.
3136 3989 3345 4043 Poterat
3376 3993 3518 4044 enim
3548 3992 3660 4061 ipsa
3681 3992 3828 4047 dcte-

2243 4077 2418 4148 gcndo
2466 4078 2696 4146 factum,
2745 4091 2948 4134 certam
2995 4082 3374 4135 contumeliam
3420 4083 3695 4154 effugere:
3734 4085 3826 4138 sed

2245 4168 2459 4237 pertulit
2497 4170 2674 4223 omnia
2705 4168 2953 4236 fortiter,
2984 4181 3041 4226 ut
3081 4173 3200 4227 viro
3239 4174 3466 4228 salutem
3505 4185 3732 4244 pararet.
3767 4177 3828 4232 Et

2244 4257 2519 4327 impletum
2543 4269 2627 4313 est
2653 4259 2778 4314 illud
2804 4260 3024 4328 dictum,
3059 4260 3221 4315 Erunt
3241 4263 3342 4316 duo
3369 4264 3421 4316 in
3443 4280 3646 4318 carnem
3677 4282 3829 4320 imam

2245 4348 2402 4421 (Gen.
2427 4348 2482 4402 2.
2509 4347 2624 4421 24).
2655 4349 2952 4422 Tamquam
3000 4352 3144 4407 enim
3191 4368 3294 4407 una
3341 4364 3523 4408 essent
3572 4369 3727 4418 caro,
3760 4356 3827 4410 ita

2245 4451 2444 4496 mutuae
2469 4441 2657 4497 salutis
2683 4457 2866 4498 curam
2893 4443 3128 4498 vicissim
3159 4444 3405 4514 agebant,
3425 4455 3482 4498 et
3510 4454 3709 4500 tantam
3732 4447 3828 4501 de-

2244 4533 2520 4588 clarabant
2547 4535 2908 4600 concordiam,
2939 4537 3091 4604 quasi
3129 4552 3290 4589 unum
3331 4545 3514 4592 essent
3555 4552 3752 4606 corpus
3780 4549 3831 4594 et

2245 4639 2350 4679 una
2377 4625 2572 4680 anima.
2595 4625 2827 4680 Audiant
2852 4627 2966 4680 hinc
2991 4628 3112 4690 viri,
3145 4629 3363 4682 audiant
3389 4637 3444 4683 et
3472 4630 3727 4684 mulieres
3747 4647 3760 4683 :
3780 4638 3831 4684 et

2245 4716 2360 4770 istae
2385 4716 2628 4785 quidem,
2657 4725 2715 4769 ut
2753 4715 3001 4771 eumdem
3043 4731 3167 4786 erga
3209 4733 3336 4771 suos
3391 4718 3537 4772 viros
3584 4730 3824 4774 amorem

2247 4806 2559 4873 declarent,
2588 4805 2827 4876 nihilque
2867 4806 3008 4860 aliud
3051 4807 3262 4860 illorum
3312 4810 3596 4875 praeferant
3639 4811 3826 4867 saluti:

2248 4898 2348 4952 viri
2372 4906 2571 4962 autem,
2603 4906 2661 4951 ut
2685 4913 2809 4968 erga
2833 4913 3028 4953 uxores
3055 4899 3285 4953 habeant
3317 4901 3832 4971 benevolentiam,et

2247 4990 2398 5059 quasi
2423 5004 2581 5043 unam
2601 4989 2832 5043 animam
2859 4989 3117 5045 baberent
3147 4998 3202 5045 et
3228 5007 3392 5046 unum
3417 5008 3612 5064 corpus
3634 5007 3829 5058 essent,

2249 5078 2428 5134 omnia
2459 5079 2675 5134 faciant.

2317 5171 2374 5226 5.
2412 5168 2708 5242 Conjugolis
2727 5172 3012 5227 concordia
3030 5173 3426 5236 bonum—[loc
3465 5177 3608 5232 enim
3651 5191 3829 5233 verum

2249 5272 2334 5318 est
2359 5264 2661 5334 conjugium
2680 5304 2697 5331 ,
2720 5265 2934 5336 quando
2963 5274 3111 5322 tanta
3139 5267 3279 5324 inter
3302 5283 3396 5324 eos
3422 5278 3506 5325 est
3529 5270 3833 5336 concordia,

2248 5356 2462 5425 quando
2475 5357 2686 5413 vinculo
2698 5359 2934 5415 caritatis
2953 5360 3022 5415 ita
3037 5371 3162 5416 sunt
3173 5362 3682 5418 concatenati.Sicut
3695 5364 3832 5418 enim

2249 5465 2446 5520 corpus
2471 5466 2762 5521 numquam
2805 5469 2835 5508 a
2873 5460 3164 5523 semetipso
3191 5454 3441 5522 dissidet,
3460 5472 3635 5527 neque
3663 5457 3832 5511 anima

2249 5542 2508 5598 adversus
2551 5543 2783 5611 seipsam
2813 5561 2828 5596 :
2855 5545 2925 5597 ita
2965 5544 3137 5600 virum
3165 5555 3220 5600 et
3249 5547 3530 5602 mulierem
3570 5562 3678 5602 non
3719 5550 3839 5603 σου-³

2251 5633 2397 5686 venit
2426 5632 2709 5696 dissidere,
2733 5631 2827 5688 sed
2861 5633 3038 5714 unitos
3065 5648 3210 5690 esse.
3237 5635 3389 5692 Tunc
3411 5638 3552 5692 enim
3583 5639 3720 5693 bona
3762 5639 3833 5694 in-
