4150 6276
300 268 406 326 H5

298 385 414 436 ἐκεῖ
438 382 534 446 τὰς
570 381 771 450 σκηνὰς
809 381 1130 451 ἐπήγνυντο,
1182 380 1430 451 καθάπερ
1472 383 1529 435 ἐν
1575 383 1699 453 ξένῃ
1743 383 1957 450 διάγον-

283 481 396 528 τες·
423 466 483 517 οὐ
508 463 757 533 καθάπερ
780 464 939 533 ἡμεῖς
964 461 1247 533 ποιοῦμεν,
1296 463 1393 534 τὴν
1424 463 1580 536 ξένην
1612 466 1688 528 ὡς
1722 464 1951 536 πατρίδα

283 546 577 610 οἰκοῦντες,
612 547 706 599 καὶ
724 545 901 607 οἰκίας
923 543 1327 615 οἰκοδομοῦντες
1356 546 1634 617 λαμπράς,
1663 546 1755 599 καί
1785 546 1945 607 στοὰς

282 629 376 681 καί
409 627 762 698 περιπάτους,
804 627 899 680 καί⁹
951 627 1156 698 ἀγροὺς
1213 627 1577 697 κεκτημένοι,
1621 628 1715 680 καὶ
1752 627 1952 695 λουτρά

282 714 802 777 κατασκευάζοντες,
842 712 934 765 καὶ
964 712 1125 783 ἕτερα
1175 712 1363 785 μυρία.
1413 711 1551 765 Ἀλλ’
1582 712 1683 784 ὅρα
1735 712 1827 765 τὸν
1869 712 1951 764 δί-

282 812 436 848 καιον
461 795 553 848 καὶ
591 796 649 847 ἐν
683 797 794 857 τοῖς
826 793 1124 862 οἰκογενέσι
1173 794 1353 862 μόνοις
1385 795 1479 848 καὶ
1521 797 1635 858 τοῖς
1679 796 1951 864 ποιμνίοις

281 877 381 947 τὴν
407 877 593 931 οὐσίαν
622 877 838 930 ἃπασαν
867 876 1223 945 κεκτημένον,
1256 876 1350 929 καὶ
1367 876 1603 946 οὐδαμοῦ
1635 878 1943 947 ἱστάμενον,

283 962 417 1017 ἀλλά
444 962 574 1015 ποτε
608 962 706 1032 μὲν
740 962 820 1025 εἰς
869 959 967 1031 τὴν
1015 960 1187 1031 Βεθὴλ
1240 960 1338 1031 τὴν
1381 962 1585 1033 σκηνὴν
1643 963 1945 1034 πηγνύντα,

284 1050 415 1101 ποτέ
462 1050 520 1102 δέ
573 1047 724 1118 παρὰ
766 1048 866 1119 τὴν
915 1046 1046 1119 δρῦν
1083 1048 1355 1119 Μαμϐρῆ,
1403 1049 1497 1101 καὶ
1545 1049 1675 1102 ποτέ
1724 1049 1820 1120 μὲν
1870 1052 1947 1113 εἰς

283 1138 555 1203 Δῖγυπτον
589 1135 864 1199 κατιόντα,
885 1136 1003 1189 νυνί
1029 1136 1085 1188 δέ
1109 1137 1166 1190 ἐν
1188 1135 1449 1207 Γεράροις
1475 1135 1947 1205 κατασκηνοῦντα,

286 1217 380 1271 καὶ
407 1217 585 1271 πάντα
630 1216 746 1285 μετ’
792 1217 1038 1280 εὐκολίας
1072 1216 1431 1285 ὑπομένοντα,
1479 1215 1575 1270 καὶ
1610 1218 1709 1286 τὴν
1738 1218 1945 1285 εὐγνω-

288 1301 524 1375 μοσύνην
563 1302 661 1372 τὴν
699 1302 837 1372 πρὸς
872 1302 963 1354 τὸν
1000 1303 1196 1355 οἰκεῖον
1250 1300 1529 1371 Δεσπότην
1589 1300 1679 1354 διὰ
1726 1302 1942 1355 πάντων

288 1384 472 1450 σαφῶς
506 1383 966 1452 ἐπιδεικνύμενον.
998 1382 1108 1436 Kal
1140 1382 1277 1452 μετά
1318 1382 1582 1446 τοσαύτας
1626 1383 1948 1452 ὑποσχέσεις

290 1468 380 1518 καί
406 1466 733 1534 ἐπαγγελίας
772 1464 870 1528 τὰς
916 1465 1069 1536 παρά
1099 1464 1191 1517 τοῦ
1227 1465 1362 1519 Θεοῦ
1404 1467 1483 1528 εἰς
1517 1465 1678 1520 αὐτὸν
1718 1482 1949 1535 γεγενη-

292 1551 478 1619 μένας,
512 1550 651 1621 όρῶν
695 1550 882 1603 ἐαυτὸν
911 1550 1201 1614 τοσαύταις
1240 1552 1595 1623 περιστάσεσι
1643 1551 1948 1622 κυκλούμε-

287 1648 396 1692 νον,
422 1632 511 1684 καί
533 1632 797 1693 ποικίλοις
828 1632 921 1685 καὶ
949 1632 1228 1702 διαφόροις
1249 1636 1572 1704 πειρασμοῖς
1589 1633 1947 1704 ἐμπίπτοντα,

286 1718 537 1788 καθάπερ
565 1719 775 1788 ἀδάμας
812 1736 895 1782 τις
938 1718 1340 1788 άπερίτρεπτος
1386 1721 1662 1789 εἱστήκει,
1716 1719 1816 1790 τὴν
1863 1736 1950 1787 φι-

286 1803 466 1855 λόθεον
492 1803 655 1856 αὐτοῦ
694 1803 917 1874 γνώμην
967 1803 1209 1867 δεικνὺς,
1256 1805 1349 1858 καὶ
1400 1804 1577 1857 οὐδενί
1619 1803 1727 1857 τῶν
1778 1805 1833 1856 ἐν
1871 1802 1950 1873 τῷ

288 1882 440 1950 μέσῳ
472 1881 811 1950 κωλυμάτων
846 1878 1179 1949 νωθρότερος
1209 1881 1510 1949 γινόμενος.
1544 1880 1687 1950 Ὅρα
1715 1880 1821 1948 7&9
1855 1881 1951 1933 καὶ

287 1958 401 2021 νῦν,
424 1952 819 2027 ἀγαπητέ,οἷος
843 1957 1007 2011 αὐτὸν
1032 1958 1336 2026 πειρασμὸς
1358 1958 1437 2020 εἰς
1452 1958 1520 2011 τὰ
1545 1958 1761 2027 Γέραρα
1785 1974 1952 2010 κατα-

288 2043 571 2114 λαμϐάνει,
595 2044 691 2096 καὶ
715 2042 993 2112 θαύμασον
1021 2044 1113 2095 τοῦ
1139 2043 1348 2096 δικαίου
1374 2043 1475 2111 τῆς
1503 2043 1702 2112 ἀρετῆς
1728 2043 1827 2109 τὴν
1858 2043 1941 2095 ἀν-

282 2126 487 2195 δρείαν,
519 2125 667 2196 [4581
697 2125 842 2186 ὅπως
868 2124 930 2176 τὸ
960 2126 1124 2177 πᾶσιν
1149 2124 1441 2192 ἀφόρητον,
1479 2126 1572 2175 καὶ
1596 2124 1625 2176 6
1665 2123 1786 2177 οὐδέ
1814 2125 1950 2194 ἀκοῇ

285 2227 368 2272 τις
398 2209 805 2279 παραδέξασθαι
832 2210 1139 2276 ἀνάσχοιτο,
1173 2208 1331 2261 τοῦτο
1360 2203 1511 2270 οὗτος
1546 2208 1862 2278 ὑπέμεινεν,
1889 2211 1951 2262 οὑ

286 2295 673 2365 δυσχεραίνων,
702 2295 820 2346 οὐδὲ
845 2294 1091 2347 ἀπαιτῶν
1133 2295 1363 2357 εὐθύνας
1390 2294 1497 2347 τῶν
1522 2295 1820 2365 γινομένων
1860 2296 1951 2348 τὸν

287 2381 582 2449 Δεσπότην,
613 2380 860 2451 καθάπερ
904 2380 952 2432 οἰ
993 2379 1174 2432 πολλοὶ
1219 2379 1327 2433 τῶν
1354 2379 1655 2449 ἀνθρώπων
1704 2380 1946 2445 ποιοῦσι,

289 2466 580 2519 καὶταῦτα
617 2464 832 2534 μυρίοις
878 2465 1287 2535 ἁμαρτημάτων
1329 2465 1569 2533 φορτίοις
1616 2466 1949 2535 πιεζόμενοι·

289 2554 385 2603 ἐπε
395 2550 506 2604 ιδάν
520 2550 803 2620 δυσχερέσι
818 2553 928 2601 τισὶ
944 2550 1330 2620 περιπέσωσιν,
1347 2549 1548 2613 εὐθέως
1572 2551 1951 2624 πολυπραγμο-

289 2637 499 2700 νοῦντες
524 2638 615 2689 καὶ
639 2635 1122 2707 περιεργαζόμενοι
1151 2636 1367 2703 λέγουσι
1393 2652 1406 2666 °
1439 2637 1535 2691 Διά
1582 2637 1631 2689 τί
1670 2638 1729 2690 τὸ
1759 2637 1853 2691 καί
1888 2640 1948 2689 τὸ

289 2725 517 2793 συνέϐη;
548 2724 643 2777 καὶ
669 2723 813 2785 τίνος
860 2722 1046 2775 ἐνεκεν
1094 2722 1215 2776 τόδε
1256 2723 1639 2796 συνεχωρήθη;
1685 2724 1820 2775 Ἀλλ’
1851 2726 1948 2795 οὐχ

284 2814 312 2863 6
333 2812 539 2873 δίκαιος
561 2804 732 2872 οῦτος⁶
764 2808 833 2861 δι’
855 2808 883 2860 ὃ
909 2809 1002 2862 καὶ
1026 2809 1272 2872 πλείονος
1300 2810 1584 2880 ἀπήλαυσε
1610 2810 1707 2880 τῆς
1737 2810 1943 2863 ἄνωθεν

290 2899 480 2967 ῥοπῆς.
510 2896 677 2949 Τοῦτο
710 2898 819 2966 7&9
852 2895 1067 2965 ἀληθῶς
1116 2894 1457 2966 εὐγνώμονος
1496 2898 1729 2961 οἰκέτου,
1782 2899 1946 2968 μηδὲν

284 2983 391 3036 τῶν
422 2982 528 3036 ὑπὸ
557 2981 650 3036 τοῦ
679 2982 936 3034 δεσπότου
963 2981 1261 3051 γινομένων
1290 2982 1787 3054 πολυπραγμονεῖν,
1812 2984 1947 3038 ἀλλά

288 3073 411 3142 σιγῇ
442 3070 619 3125 πάντα
649 3069 1081 3140 καταδέχεσθαι,
1120 3069 1213 3123 καὶ
1246 3068 1385 3139 μετὰ
1420 3070 1621 3139 πολλῆς
1656 3071 1755 3141 τῆς
1784 3072 1946 3142 εὐχα-

290 3158 517 3228 ριστίας.

358 3263 425 3334 β’.
447 3262 558 3316 Καὶ
578 3260 789 3324 σκόπει,
820 3260 935 3323 πῶς
958 3261 1051 3314 καί⁵
1073 3261 1139 3314 δι’
1161 3260 1340 3315 αὐτῶν
1357 3260 1463 3314 τῶν
1483 3262 1947 3332 παρακολουθούν-

284 3364 390 3402 των
425 3346 744 3417 πειρασμῶν
772 3347 804 3417 ή
856 3347 951 3399 τοῦ
978 3347 1187 3400 δικαίου
1210 3347 1379 3419 ἀρετὴ
1421 3348 1619 3418 μᾶλλον
1650 3348 1943 3419 ἐξέλαμπε,

285 3434 377 3489 τοῦ
402 3433 535 3488 Θεοῦ
568 3434 801 3505 φανερὸν
833 3434 996 3487 αὐτὸν
1024 3433 1112 3487 διὰ
1138 3436 1354 3488 πάντων
1386 3435 1711 3499 δεικνύντος.
1737 3437 1947 3507 Ὥσπερ

284 3521 392 3590 7&9
412 3521 573 3590 ἡνίκα
598 3521 679 3583 εἰς
710 3519 809 3590 τὴν
833 3519 1108 3588 Αἴγυπτον
1132 3519 1421 3589 κατῆλθεν.
1452 3521 1528 3583 ὡς
1548 3522 1823 3588 ἄγνωστος
1853 3524 1946 3575 καὶ

287 3603 431 3668 ξένος
445 3604 538 3656 καὶ
554 3604 731 3657 οὐδενὶ
748 3601 1043 3673 γνώριμος,
1065 3601 1260 3672 ἀθρόον
1289 3604 1426 3671 μετά
1444 3602 1640 3673 πολλῆς
1663 3604 1761 3674 τῆς
1779 3604 1946 3673 τιμῆς

284 3691 489 3742 ἐκεῖθεν
511 3689 736 3759 ἐπανῄει
757 3706 771 3721 ο
796 3688 940 3741 οὓτω
967 3690 1061 3742 καί
1079 3687 1174 3741 νῦν
1201 3690 1543 3759 παροικήσας
1572 3692 1632 3742 ἐν
1664 3690 1943 3761 Γεράροις,

284 3778 342 3829 ἐν
373 3776 469 3846 μὲν
498 3779 611 3839 τοῖς
660 3776 964 3846 προοιμίοις
1013 3774 1088 3827 τὰ
1122 3776 1253 3845 παρ’
1300 3775 1494 3828 ἐαυτοῦ
1544 3776 1941 3829 ἐπιδείκνυταν

285 3862 422 3931 μετά
454 3863 511 3915 δὲ
556 3861 725 3915 ταῦτα
759 3860 1027 3929 τοσαύτης
1059 3860 1319 3913 ἀπολαύει
1356 3862 1456 3931 τῆς
1484 3864 1638 3932 παρά
1685 3860 1779 3913 τοῦ
1808 3860 1944 3913 Θεοῦ

284 3948 620 4018 συμμαχίας,
642 3948 717 4010 ὡς
742 3949 835 4000 καὶ
857 3948 949 3999 τὸν
980 3946 1224 4016 βασιλέα,
1254 3948 1348 3999 καί
1379 3948 1506 4009 τοὺς
1529 3947 1711 3999 αὐτόθι
1738 3946 1945 4009 πάντας

280 4034 580 4099 οἰκοῦντας,
619 4036 748 4105 περί
789 4035 888 4105 τὴν
917 4032 1211 4103 θεραπείαν
1243 4033 1335 4085 τοῦ
1369 4033 1577 4086 δικαίου
1611 4035 1790 4086 πᾶσαν
1820 4035 1943 4085 ἐπι-

278 4121 588 4175 δείκνυσθαι
613 4121 711 4193 τὴν
744 4121 998 4191 σπουδήν.
1030 4118 1178 4175 Εἶπε
1210 4120 1298 4185 δὲ,
1330 4122 1512 4189 φησὶν,
1546 4121 1787 4189 Ἀϐραὰμ
1808 4121 1941 4188 περὶ

277 4207 511 4276 Σάρῤας
557 4207 659 4276 τῆς
714 4208 1000 4277 γυναικὸς
1049 4207 1263 4261 αὑτοῦ·
1300 4206 1546 4275 Ἀδελφή
1580 4225 1699 4275 μου
1747 4207 1939 4261 ἐστίν.

290 4294 582 4363 Ἐφοϐήθη
612 4293 723 4362 γὰρ
758 4293 974 4355 εἰπεῖν,
1007 4294 1097 4348 ὅτι
1123 4293 1290 4360 Γυνή
1321 4312 1443 4363 μου
1479 4294 1632 4359 ἐστὶ,
1661 4293 1747 4362 μή
1797 4310 1940 4348 ποτε

274 4382 712 4435 ἀποκτείνωσιν
729 4381 915 4435 αὑτὸν
934 4383 989 4433 οὶ
1016 4380 1231 4449 ἄνδρες
1250 4381 1360 4448 τῆς
1383 4382 1613 4447 πόλεως
1632 4382 1703 4435 δι’
1722 4383 1935 4447 αὐτὴν.

276 4468 418 4534 Ὅρα
451 4468 566 4529 πῶς
596 4467 700 4519 ὑπὸ
744 4467 1228 4537 τυραννικωτάτων
1275 4467 1461 4519 παθῶν
1498 4467 1866 4537 ἐπολιορκεῖτο
1904 4470 1936 4538 ή

274 4551 370 4605 τοῦ
406 4552 613 4605 δικαίου
643 4552 808 4623 ψυχὴ,
843 4552 938 4605 καὶ
985 4554 1013 4605 6
1055 4552 1217 4619 φόϐος
1262 4552 1423 4605 αὑτὸν
1455 4552 1725 4616 ἐξωθεῖτο.
1779 4553 1936 4606 Ἀλλά

274 4639 452 4691 καίτοι
491 4638 693 4709 σφόδρα
745 4638 979 4708 χαλεπὸν
1020 4638 1148 4690 ὅντα
1174 4638 1267 4691 τὸν
1311 4638 1572 4710 πρότερον
1610 4638 1806 4707 φόϐον,
1845 4640 1936 4691 τὸν

273 4723 376 4792 τῆς
415 4723 702 4793 προδοσίας
740 4724 837 4795 τῆς
866 4724 1137 4792 γυναικὸς,
1181 4724 1483 4794 παρωθεῖτο
1520 4725 1548 4776 6
1578 4724 1674 4777 τοῦ
1705 4724 1934 4777 θανάτου

273 4809 458 4878 φόϐος.
492 4810 607 4863 Ἵνα
640 4811 744 4882 γὰρ
788 4811 972 4864 τοῦτον
1017 4811 1254 4883 διαφύγῃ
1279 4852 1293 4876 ,
1327 4812 1617 4882 ὑπέμεινεν
1659 4813 1795 4887 όρᾷν
1823 4816 1935 4875 τοῖς

272 4897 488 4960 οἰκείοις
510 4896 803 4969 ὀφθαλμοῖς
827 4898 924 4968 τὴν
959 4899 1211 4952 κοινωνὸν
1234 4898 1382 4969 αὐτῷ
1409 4899 1501 4952 τοῦ
1532 4899 1647 4969 βίου
1678 4899 1786 4953 ὑπὸ
1817 4904 1933 4964 ταῖς

271 4985 363 5038 τοῦ
412 4984 672 5053 βασιλέως
713 4986 867 5055 χερσὶ
909 4986 1225 5055 γενομένην.
1273 4985 1435 5039 Ὅσον
1476 4985 1531 5038 δὲ
1570 4986 1733 5041 τοῦτό
1785 4988 1932 5039 ἐστιν

272 5071 562 5141 ἀφόρητον,
596 5070 771 5124 ῐσασιν
799 5072 912 5123 ὅσοι
955 5073 1216 5138 γυναῖκας
1259 5070 1458 5141 ἔχουσι.
1495 5072 1593 5126 Διά
1635 5074 1791 5128 τοῦτο
1839 5074 1931 5126 καὶ

275 5158 430 5224 σοφός
454 5174 538 5221 τις
566 5157 718 5227 ἔλεγε.
734 5174 748 5189 ο
781 5158 1012 5221 Μεστὸς
1038 5157 1217 5223 ζήλου
1242 5157 1425 5226 θυμὸς
1450 5158 1666 5227 ἀνδρὸς
1701 5159 1896 5226 αὐτῆς
1913 5175 1927 5189 .

273 5245 342 5295 οὐ
384 5243 651 5309 φείσεται
688 5244 759 5295 ἐν
800 5240 987 5311 ἡμέρᾳ
1031 5243 1301 5310 κρίσεως,
1337 5245 1448 5296 οὐκ
1488 5245 1929 5309 ἀνταλλάξεται

272 5332 517 5398 οὐδενὸς
542 5335 762 5402 λύτρου
793 5333 907 5399 τὴν
931 5333 1170 5401 ἔχθραν.
1205 5332 1363 5385 Ἀλλά
1381 5332 1443 5384 τὸ
1477 5333 1613 5403 βαρύ
1638 5335 1793 5389 τοῦτο
1829 5337 1931 5390 καὶ

275 5420 435 5473 πᾶσιν
484 5421 755 5490 ἀφόρητον
796 5420 897 5488 69a
936 5418 1051 5481 πῶς
1081 5418 1168 5471 διὰ
1207 5418 1299 5471 τὸν
1342 5418 1435 5471 τοῦ
1478 5419 1709 5472 θανάτου
1757 5424 1927 5490 φόϐον

273 5505 525 5569 γενναίως
551 5506 579 5556 6
615 5505 818 5569 δίκαιος
851 5506 1066 5574 ἤνεγκε.
1098 5503 1268 5557 Τοῦτο
1289 5504 1345 5557 δὲ
1368 5505 1459 5558 καὶ
1482 5504 1573 5558 ἐπὶ
1604 5505 1712 5557 τῶν
1738 5523 1921 5578 σωμα-

272 5592 433 5645 τικῶν
485 5592 668 5645 παθῶν
705 5592 1020 5661 συμϐαίνειν
1066 5590 1218 5655 ἐθοςο
1261 5591 1475 5645 ἐπειδὰν
1502 5593 1610 5663 γάρ
1642 5594 1734 5647 δύο
1780 5598 1920 5649 κατὰ

272 5676 431 5730 ταύτὸ
465 5677 609 5747 πάθη
650 5677 906 5747 πολιορκῇ
931 5677 992 5729 τὸ
1030 5676 1187 5746 σῶμα
1223 5677 1283 5729 τὸ
1310 5677 1591 5747 ἡμέτερον,
1618 5681 1650 5749 ὴ
1677 5680 1768 5733 τοῦ
1799 5683 1915 5746 ἐνὸς

274 5762 512 5826 ἐπίτασις
556 5763 899 5834 ἀποκρύπτει
950 5764 1012 5816 τὸ
1055 5764 1240 5834 ἕτερον
1265 5805 1277 5825 ,
1312 5765 1407 5817 καὶ
1449 5766 1558 5818 ὅλοι
1596 5768 1692 5836 τῆς
1723 5769 1914 5841 ὀδύνης

276 5848 474 5920 ἐκείνης
503 5850 781 5920 γινόμεθα,
804 5852 896 5903 καὶ
918 5851 1170 5913 πολλάκις
1197 5852 1315 5904 οὐδέ
1337 5852 1581 5921 αἴσθησιν
1609 5855 1698 5907 τοῦ
1728 5857 1810 5909 ἑτέ
1820 5876 1910 5928 ρωυ

543 5946 813 6004 Ριτιιοι.
850 5944 966 6002 Gn.
1004 5943 1155 6003 LIV.

1413 268 1478 320 IN
1512 267 1659 323 CAP.
1704 267 1799 322 XX
1840 268 2088 324 GENES.
2131 268 2362 328 IIOMIL.
2408 274 2564 330 XLV.

3610 289 3714 344 416

2061 384 2428 459 λαμϐάνομεν,
2464 391 2564 459 τῆς
2600 391 2796 465 πολλῆς
2828 393 3013 462 ὀδύνης
3051 395 3405 468 περισπώσης
3444 399 3609 469 ἡμᾶς,
3633 404 3725 456 καὶ

2058 472 2159 524 οὐκ
2192 474 2443 546 ἀφιείσης
2469 475 2562 528 τοῦ
2594 477 2873 542 ἐλάττονος
2910 480 3116 544 πάθους
3154 484 3350 552 πεῖραν
3394 483 3598 538 λαϐεῖν.
3628 488 3731 541 Τὸν

2060 558 2225 611 αὐτὸν
2252 560 2317 629 δὴ
2351 561 2550 630 τρόπον
2576 564 2668 615 καί
2693 564 2720 615 6
2744 563 2946 629 δίκαιος
2972 558 3126 630 οὗτος
3154 568 3248 621 νῦν
3272 569 3413 641 ὀρῶν
3442 570 3532 623 τοῦ
3566 572 3729 628 θανά-

2055 657 2150 694 του
2168 644 2257 697 τὸν
2276 644 2437 709 φόϐον
2451 648 2816 718 ἐπικείμενον,
2834 651 3009 703 πάντα
3029 652 3097 705 τὰ
3115 653 3275 707 λοιπά
3295 656 3503 725 φορητά
3522 660 3729 727 ἡγεῖτο.

2069 728 2229 781 Ἀλλά
2254 731 2421 783 ταῦτα
2445 731 2676 797 ἀκούων,
2700 736 2969 806 ἀγαπητὲ,
3000 738 3075 808 μὴ
3102 741 3385 810 καταγνῷς
3407 743 3498 796 τοῦ
3522 744 3731 798 δικαίου

2058 814 2447 885 μικροψυχίαν,
2479 818 2525 869 εἰ
2568 819 2659 871 τὸν
2689 819 2916 874 θάνατον
2940 823 3196 877 ἐδεδοίκει
3219 838 3233 852 ⁸
3277 825 3412 880 ἀλλά
3447 828 3731 898 θαύμασον

2053 899 2147 953 τοῦ
2172 901 2385 954 πάντων
2402 903 2434 972 ἡ
2443 903 2558 972 μῶν
2574 905 2638 956 Δε
2648 906 2844 959 σπότου
2861 907 2957 978 τὴν
2976 910 3417 980 ὑπερϐάλλουσαν
3440 915 3565 985 περί
3584 917 3730 985 ἡμᾶς

2054 985 2494 1057 φιλανθρωπίαν,
2518 989 2600 1042 ὃτι
2628 990 2719 1044 τὸν
2748 991 2977 1046 θάνατον
3004 996 3097 1048 τὸν
3121 1000 3231 1061 τοῖς
3252 998 3477 1064 δικαίοις
3504 1002 3733 1065 ἐκείνοις

2053 1072 2146 1127 καί
2197 1074 2373 1141 ἁγίοις
2428 1075 2551 1128 τότε
2585 1076 2848 1149 φοϐερὸν,
2880 1080 3066 1135 τοῦτον
3117 1082 3214 1136 νῦν
3259 1087 3729 1158 εὐκαταφρόνητον

2054 1159 2345 1228 εἰργάσατο
2371 1160 2400 1211 6
2450 1161 2716 1232 Χριστὸς,
2763 1166 2859 1217 καὶ
2889 1164 2950 1218 ὃν
2992 1166 3347 1225 ἐδεδοίκεισαν
3384 1174 3434 1225 οἰ
3486 1174 3731 1245 ἐνάρετοι

2054 1246 2250 1298 ἐκεῖνοι
2300 1246 2396 1299 καὶ
2441 1247 2711 1319 τοσαύτην
2746 1252 3058 1323 παρρησίαν
3089 1254 3224 1324 πρὸς
3266 1257 3358 1310 τὸν
3398 1258 3530 1313 Θεὸν
3562 1261 3727 1330 ἐσχη-

2052 1333 2227 1397 κότες,
2255 1333 2439 1387 τοῦτον
2474 1335 2568 1388 νῦν
2595 1337 2936 1406 καταγελῶσι
2962 1352 2987 1380 ει
3018 1341 3112 1393 καὶ
3138 1342 3246 1396 νέοι
3278 1345 3371 1398 καὶ
3399 1347 3556 1415 κόραι
3589 1349 3730 1401 ἀπα-

2052 1418 2162 1472 λαί.
2196 1418 2332 1472 Οὐδὲ
2368 1420 2476 1491 γὰρ
2527 1420 2753 1485 θάνατός
2794 1421 2946 1496 [459]
2996 1425 3111 1479 ἐστι
3148 1426 3367 1497 λοιπὸν,
3407 1430 3522 1483 ἀλλ’
3564 1430 3728 1497 ὕπνος

2053 1504 2148 1556 καὶ
2174 1504 2473 1575 ἀποδημία,
2510 1506 2601 1559 καὶ
2629 1508 2958 1577 μετάστασις
2984 1511 3091 1564 ἀπὸ
3119 1512 3226 1565 τῶν
3260 1514 3520 1585 χειρόνων
3542 1518 3631 1570 ἐπὶ
3658 1523 3730 1572 τὰ

2054 1587 2267 1657 βελτίω.
2317 1589 2377 1643 Ὀ
2418 1592 2527 1660 γάρ
2574 1591 2802 1659 θάνατος
2846 1595 2941 1648 τοῦ
2975 1598 3245 1652 Δεσπότω
3289 1602 3388 1671 τὴν
3430 1600 3728 1656 ἀθανασίαν

2052 1677 2185 1744 ἡμῖν
2222 1676 2536 1746 ἐδωρήσατο
2559 1717 2574 1742 ,
2612 1680 2707 1732 καὶ
2738 1681 3014 1735 κατελθὼν
3047 1684 3126 1747 εἰς
3173 1685 3261 1737 τὸν
3305 1685 3438 1757 ᾅδην
3477 1688 3729 1754 ἐξέλυσεν

2052 1760 2220 1813 αὐτοῦ
2258 1762 2326 1814 τὰ
2358 1762 2544 1834 νεῦρα,
2582 1765 2678 1818 καί¹
2708 1767 2807 1837 τὴν
2841 1768 2993 1838 ἰσχὺν
3027 1768 3191 1822 αὑτοῦ
3224 1770 3469 1824 καθεῖλεν
3509 1775 3599 1827 καὶ
3636 1776 3727 1828 τὸν

2054 1844 2284 1916 φοϐερόν
2313 1845 2419 1918 πρὸ
2445 1848 2636 1902 τούτου
2664 1851 2758 1903 καὶ
2786 1852 3121 1923 ἀμείλικτον,
3156 1855 3344 1910 τοῦτον
3373 1858 3545 1923 οὓτως
3564 1862 3728 1917 εὐκα-

2051 1934 2387 2002 ταφρόνητον
2414 1936 2727 2003 εἰργάσατο,
2753 1938 2829 2001 ώς
2851 1939 2943 1993 καὶ
2975 1942 3245 2013 ἐπιπηδᾷν
3276 1961 3426 2009 τινας
3461 1948 3556 2000 καὶ
3588 1948 3729 2002 ἐπεί-

2052 2019 2243 2085 γεσθαι
2281 2020 2417 2091 πρὸς
2457 2021 2555 2091 τὴν
2594 2023 2841 2077 ἐντεῦθεν
2884 2026 3235 2095 μετάστασιν.
3282 2031 3379 2083 Διά
3422 2032 3581 2085 τοῦτο
3633 2036 3727 2087 καὶ

2054 2104 2266 2169 Παῦλος
2291 2107 2391 2178 βοᾷ
2406 2107 2600 2177 λέγων,
2626 2109 2696 2162 Τὸ
2726 2111 3029 2166 ἀναλῦσαι
3057 2114 3155 2168 καί
3183 2116 3305 2169 σὺν
3323 2119 3554 2186 Χριστῷ
3574 2117 3727 2175 εἶναι

2052 2190 2260 2257 πολλῷ
2282 2192 2528 2261 μᾶλλον
2564 2196 2875 2262 κρεῖσσον.
2917 2198 3077 2252 Ἀλλά
3110 2200 3281 2255 ταῦτα
3318 2204 3416 2272 μὲν
3457 2204 3550 2258 νῦν
3586 2207 3727 2275 μετὰ
3840 2224 3843 2227 ·

2052 2277 2150 2344 τὴν
2181 2277 2274 2330 τοῦ
2308 2279 2542 2349 Χριστοῦ
2571 2283 2892 2352 παρουσίαν.
2928 2285 3064 2354 μετά
3109 2286 3166 2339 τὸ
3201 2288 3603 2360 συγκλασθῆναι
3627 2294 3727 2356 τὰς

2052 2362 2224 2449 πύλας
2257 2364 2356 2427 τάς
2385 2366 2620 2435 χαλκᾶς,
2662 2368 2800 2437 μετά
2848 2369 2906 2422 τὸ
2939 2372 3212 2442 πανταχοῦ
3255 2375 3354 2443 τῆς
3406 2377 3726 2449 οἰκουμένης

2050 2447 2141 2501 τὸν
2177 2448 2326 2532 ῆλιον
2368 2452 2466 2522 τῆς
2498 2452 2839 2526 δικαιοσύνης
2879 2456 3177 2526 ἐκλάμψαι.
3212 2460 3343 2513 Τότε
3366 2461 3421 2514 δὲ
3460 2463 3539 2515 ἔτι
3562 2447 3725 2532 φοϐε-

2051 2532 2151 2602 ράν
2177 2529 2290 2605 εἷχε
2310 2535 2408 2607 τὴν
2435 2537 2718 2608 πρόσοψιν,
2742 2541 2833 2593 καὶ
2850 2543 3104 2596 κατέσειε
3127 2544 3233 2597 τῶν
3258 2546 3481 2601 δικαίων
3504 2529 3725 2604 ἐκείνων

2050 2619 2257 2689 ἀνδρῶν
2292 2620 2388 2691 τὴν
2431 2623 2702 2678 διάνοιανο
2735 2626 2816 2679 διδ
2861 2628 2954 2681 καί
3006 2629 3180 2684 πάντα
3212 2631 3280 2685 τά
3336 2633 3471 2687 ἄλλα
3508 2636 3723 2705 κούφως

2050 2705 2264 2775 ἔφερον,
2296 2708 2399 2761 κᾶν
2443 2711 2691 2782 ἀφόρητα
2728 2713 3023 2784 ἐτύγχανεν
3048 2716 3198 2771 ὄντα.
3229 2718 3329 2772 Διά
3362 2719 3521 2773 τοῦτο
3557 2722 3650 2776 καὶ
3695 2727 3723 2778 6

2048 2792 2254 2856 δίκαιος
2309 2792 2461 2859 οὗτος
2509 2799 2838 2869 φοϐούμενος
2870 2802 2978 2855 τῶν
3013 2803 3071 2855 ἐν
3122 2804 3388 2877 Γεράροις
3431 2808 3723 2866 οἰκούντων

2175 2880 2484 2953 ἐπιϐουλὴν,
2525 2886 2624 2957 οὐχ
2656 2885 2732 2949 ῶς
2767 2891 3029 2956 γυναῖκα,
3063 2891 3178 2944 ἀλλ’
3222 2893 3299 2957 ὡς
3355 2895 3589 2969 ἀδελφὴν
3622 2901 3721 2952 ἐπ-

2049 2966 2344 3035 αγόμενος,
2379 2969 2519 3023 οὕτω
2545 2970 2644 3042 τὴν
2678 2974 2910 3029 ἐνταῦθα
2952 2978 3281 3049 παροίκησιν
3319 2966 3569 3040 ποιεῖται.
3610 2987 3721 3040 Kal

2048 3052 2407 3142 καθάπερεκ
2428 3056 2525 3125 τὴν
2549 3058 2822 3126 Δῖγυπτον
2852 3062 3134 3117 κατελθεῖν
3155 3065 3315 3118 αὑτὸν
3340 3069 3718 3142 συνεχώρησεν

2046 3140 2076 3191 6
2108 3138 2262 3205 Θεὸς,
2300 3140 2620 3213 βουλόμενος
2664 3145 2756 3198 καὶ
2799 3148 2923 3211 τοὺς
2956 3150 3279 3221 ἀγνώμονας
3327 3138 3576 3220 ἐκείνους
3608 3138 3719 3212 ⁷καί.

2051 3226 2406 3299 ἀναισθήτους
2436 3229 2531 3281 τοῦ
2572 3230 2779 3285 δικαίου
2815 3234 3009 3303 μαθεῖν
3037 3237 3136 3307 τὴν
3184 3238 3412 3308 ἀρετήν·
3452 3240 3595 3296 οὕτω
3625 3247 3717 3297 καὶ

2048 3312 2281 3367 ἐνταῦθα
2324 3314 2421 3384 τὴν
2466 3317 2673 3371 οἰκείαν
2716 3320 3095 3391 μακροθυμίαν
3140 3324 3507 3380 ἐπιδείκνυται
3542 3330 3572 3381 ὁ
3621 3332 3716 3382 Δε-

2050 3398 2273 3469 σπότης,
2302 3400 2388 3453 ῖνα
2420 3401 2514 3454 καὶ
2545 3402 2638 3455 τοῦ
2674 3402 2936 3476 δικαίουή
2972 3407 3220 3481 ὑπομονὴ
3253 3410 3341 3465 διά
3381 3412 3599 3467 πάντων
3623 3417 3715 3469 ἐκ·

2046 3485 2253 3557 λάμψῃ,
2290 3488 2384 3541 καὶ
2426 3489 2461 3559 η
2492 3489 2583 3541 τοῦ
2615 3490 2749 3543 Θεοῦ
2787 3492 2915 3563 περὶ
2959 3494 3121 3548 αὑτὸν
3160 3495 3342 3552 εὐνοια
3379 3501 3510 3553 πᾶσι
3543 3503 3713 3556 κατά-

2044 3573 2205 3645 δηλος
2236 3574 2477 3645 γένηται.
2520 3577 2857 3633 Ἀπέστειλε
2886 3580 2956 3635 δὲ
2989 3582 3296 3654 Ἀὅιμέλεχ
3336 3589 3371 3639 ὁ
3410 3587 3713 3655 ,βασιλεὺς

2046 3662 2343 3733 Γεράρων,
2380 3667 2588 3720 λαϐεῖν
2752 3669 3007 3738 Σάρραν.
3051 3673 3329 3744 Ἐννόησόν
3360 3692 3449 3744 μοι
3478 3677 3571 3731 τὸν
3599 3696 3711 3749 χει-

2048 3749 2203 3818 μῶνα
2227 3748 2332 3802 τῶν
2354 3749 2650 3821 λογισμῶν,
2674 3746 2749 3805 ὧν
2784 3755 3075 3825 ὑπέμεινεν
3099 3758 3127 3807 6
3153 3757 3359 3823 δίκαιος
3377 3760 3519 3831 όρῶν
3545 3746 3710 3817 αὑτοῦ

2043 3836 2143 3905 τὴν
2163 3838 2392 3902 γυναῖκα
2415 3838 2790 3908 ἀπαγομένην,
2806 3843 2900 3895 καὶ
2928 3842 3078 3895 οὐδὲν
3098 3843 3391 3915 δυνάμενος
3413 3847 3705 3919 ἐπαμῦναι.

2046 3922 2177 3994 Σιγῇ
2212 3924 2320 3994 γὰρ
2352 3925 2565 3980 ἅπαντα
2590 3925 2803 3999 ἔφερεν,
2822 3928 2975 3993 εἰδὼς
3000 3931 3080 3983 ὅτι
3120 3931 3181 3984 οὐ
3211 3933 3524 4004 περιόψεται
3548 3937 3709 3990 αὑτὸν

2042 4015 2071 4065 6
2100 4014 2394 4083 Δεσπότης,
2425 4014 2560 4081 ἀλλά
2593 4018 2815 4085 ταχεῖαν
2842 4017 3070 4089 παρέξει
3104 4020 3203 4091 τὴν
3235 4023 3571 4093 συμμαχίαν.
3598 4026 3708 4079 Καὶ

2043 4096 2143 4166 τῆς
2175 4097 2391 4169 Σάρρας
2412 4097 2468 4150 δὲ
2500 4097 2775 4168 θαυμάσαι
2798 4099 2912 4153 ἔστι
2943 4100 3037 4171 τὴν
3064 4102 3262 4173 πολλὴν
3302 4105 3701 4177 φιλοστοργίαν,

2043 4180 2161 4244 πῶς
2196 4183 2289 4235 τοῦ
2328 4182 2569 4236 κινδύνου
2614 4184 2707 4237 τοῦ
2753 4184 2983 4239 θανάτου
3025 4187 3115 4241 τὸν
3161 4188 3366 4244 δίκαιον
3399 4190 3701 4263 ἐξαρπάσαι

2042 4266 2339 4337 βουλομένη
2361 4286 2373 4297 ’
2402 4267 2526 4338 ἐξῆν
2554 4268 2662 4341 γάρ
2688 4269 2856 4340 αὐτὴν
2881 4271 3264 4341 ἐκκαλύψασαν
3284 4276 3342 4329 τὸ
3366 4277 3564 4348 δρᾶμα,
3591 4279 3702 4332 δια-

2041 4356 2230 4421 φυγεῖν
2255 4354 2351 4423 τὴν
2377 4354 2810 4427 ὁμολογουμένην
2828 4356 2983 4429 ὓϐριν
2998 4375 3011 4390 ο
3036 4359 3149 4412 ἀλλ’
3175 4361 3466 4433 ὑπέμεινεν
3488 4365 3700 4422 ἅπαντα

2039 4439 2319 4505 γενναίως,
2344 4440 2428 4491 ἵνα
2454 4439 2530 4508 τῷ
2558 4441 2746 4511 δικαίῳ
2767 4442 2864 4513 τὴν
2889 4446 3161 4515 σωτηρίαν
3189 4449 3694 4521 πραγματεύσηται.

2041 4523 2151 4576 Kal
2189 4523 2490 4594 ἐπληροῦτο
2524 4526 2699 4579 ἐκεῖνο
2740 4528 2801 4580 τὸ
2846 4531 3154 4601 εἰρημένον,
3198 4533 3279 4585 ὅτι
3324 4536 3607 4590 Ἔσονται
3644 4542 3698 4591 ol

2036 4606 2146 4662 δύο
2173 4612 2261 4674 εἰς
2292 4609 2488 4675 σάρκα
2512 4611 2676 4678 μίαν.
2701 4611 2911 4685 Ὠσπερ
2940 4618 3048 4686 γάρ
3078 4616 3174 4688 μία
3200 4616 3334 4687 σὰρξ
3356 4618 3524 4685 ὄντες,
3556 4621 3697 4675 οὕτω

2036 4695 2135 4765 τῆς
2164 4695 2405 4765 ἀλλήλων
2438 4696 2708 4767 σωτηρίας
2748 4698 3019 4769 ἐκήδοντο,
3057 4702 3153 4754 καὶ
3178 4703 3447 4773 τοσαύτην
3486 4707 3693 4760 ἐπεδεί-

2037 4799 2230 4835 κνυντο
2256 4782 2353 4852 τὴν
2379 4782 2650 4852 ὁμόνοιαν,
2683 4783 2760 4846 ὡς
2784 4784 2843 4838 ἓν
2877 4784 3035 4857 σῶμα
3076 4788 3435 4860 τυγχάνοντες
3464 4794 3557 4846 καὶ
3599 4795 3695 4865 μία

2034 4869 2202 4939 ψυχή.
2227 4868 2412 4922 Ταῦτα
2440 4870 2781 4922 ἀκουέτωσαν
2805 4870 3015 4943 ἄνδρες,
3037 4874 3381 4932 ἀκουέτωσαν
3406 4882 3657 4947 γυναῖκες
3677 4899 3691 4913 ·

2034 4959 2311 5024 γυναῖκες,
2344 4956 2430 5009 ῖνα
2461 4957 2727 5027 τοσαύτην
2754 4959 2881 5030 περί
2910 4962 3036 5023 τοὺς
3057 4962 3253 5034 ἀνδρας
3285 4965 3384 5037 τὴν
3416 4967 3692 5039 φιλοστορ⁶

2034 5045 2158 5111 γίαν
2212 5042 2624 5109 ἐπιδεικνύωσι,
2668 5045 2761 5099 καὶ
2810 5047 2974 5118 μηδὲν
3015 5049 3198 5120 ἕτερον
3240 5054 3545 5123 προτιμῶσι
3594 5057 3691 5126 τῆς

2033 5130 2253 5184 ἐκείνων
2280 5130 2552 5201 σωτηρίας
2569 5147 2584 5163 ·
2618 5132 2711 5185 καί
2738 5130 2946 5204 ἄνδρες,
2974 5134 3038 5187 ἵν’
3060 5136 3200 5189 οὓτω
3221 5138 3417 5209 πολλὴν
3439 5142 3537 5210 τὴν
3564 5145 3688 5212 περί

2032 5218 2201 5278 αὐτάς
2221 5215 2434 5270 εὔνοιαν
2457 5216 2639 5287 ἔχωσι,
2658 5221 2752 5272 καὶ
2780 5219 2855 5283 ώς
2888 5221 3010 5290 μίαν
3037 5222 3213 5293 ψυχὴν
3245 5225 3566 5292 κεκτημένοι
3596 5229 3685 5278 καί

2030 5304 2089 5357 ἓν
2129 5303 2287 5375 σῶμα
2318 5304 2487 5369 ὄντες,
2511 5304 2652 5358 οὑτω
2679 5306 2853 5360 πάντα
2879 5307 3329 5379 διαπράττωνται.

2093 5412 2339 5482 γ’.Τοῦτο
2356 5414 2463 5487 7&9
2477 5415 2673 5485 ἀληθὲς
2687 5416 3167 5483 συνοικέσιον,ὂταν
3177 5416 3408 5488 τοσαύτη
3434 5418 3491 5469 ἐν
3507 5418 3685 5483 αὐτοῖς

2031 5500 2379 5572 πολιτεύηται
2425 5502 2712 5572 συμφωνία
2731 5540 2747 5565 ,
2777 5503 2904 5556 ὅταν
2932 5501 3183 5564 τοσοῦτος
3295 5505 3324 5555 6
3358 5501 3650 5574 σύνδεσμος
3668 5547 3682 5571 ,

2029 5587 2156 5639 ὅταν
2184 5586 2352 5652 οὕτως
2377 5582 2479 5643 ὦσι
2506 5592 2571 5660 τῇ
2604 5590 2791 5660 ἀγάπῃ
2822 5589 3256 5659 συνεσφιγμένοι.
3286 5589 3548 5661 Καθάπερ
3578 5592 3685 5663 γὰρ

2031 5674 2191 5745 σῶμα
2234 5676 2369 5746 πρὸς
2420 5677 2578 5730 ἐαυτὸ
2625 5678 2725 5729 οὐκ
2772 5677 2837 5730 ἄν
2872 5693 3002 5729 ποτε
3051 5674 3524 5740 διαστασιάσειεν,
3565 5679 3684 5730 ούδέ

2029 5762 2173 5831 ψυχὴ
2209 5762 2342 5830 πρὸς
2377 5764 2603 5832 ἑαυτήν·
2648 5762 2819 5826 οὑτως
2851 5763 3015 5832 ἄνδρα
3049 5764 3143 5816 καὶ
3184 5768 3414 5833 γυναῖκα
3460 5766 3519 5817 οὐ
3571 5764 3679 5816 δια-

2094 5866 2116 5892 “
2144 5866 2366 5925 Quinque
2389 5878 2497 5912 mss.
2519 5864 2687 5913 τούτου
2714 5862 2792 5912 νῦν
2815 5866 3128 5913 καταγελῶσι.

3266 5934 3303 5992 3
