4150 6276
359 321 465 376 bl?

360 436 508 488 finita
529 431 658 503 ipsis
686 428 909 484 affluere
939 436 1211 498 poterunt.
1240 424 1371 480 Nam
1404 424 1490 477 ubi
1517 420 1803 478 concordia
1823 458 1842 483 ,
1873 417 1943 470 ibi

360 528 626 585 bonorum
651 521 954 587 connexus,
986 522 1056 574 ibi
1081 535 1204 589 pax,
1226 519 1295 572 ibi
1321 517 1537 578 caritas,
1567 514 1636 567 ibi
1659 510 1951 582 spiritualis

360 619 542 674 ln-titia
573 634 586 670 :
618 615 820 669 nullutn
856 613 1090 678 bellum,
1117 612 1257 665 nulla
1289 612 1401 664 rixa
1426 626 1442 663 ;
1469 621 1730 672 nusquam
1773 602 1951 657 inimi-

360 709 499 762 citia:
530 714 584 759 ct
611 702 888 759 contentio
918 703 1047 757 :sed
1078 703 1193 755 haec
1220 701 1397 754 omnia
1426 714 1457 753 e
1483 696 1661 751 medio
1690 694 1949 748 tolluntur

362 812 458 865 per
497 794 843 850 concordiam
866 834 883 860 ,
920 792 1183 846 bonorum
1240 791 1478 845 omnium
1524 787 1753 841 radicem
1777 826 1793 850 ,
1831 799 1951 852 quin

363 887 542 941 omnia
572 886 663 940 illa
690 885 851 939 simul
872 882 1071 938 abolet.
1102 882 1157 935 2.
1191 880 1334 934 Misit
1360 891 1527 934 autem
1549 876 1834 932 Abimeleclt
1863 889 1952 929 res

367 978 703 1041 Gerarorum,
731 987 776 1030 et
803 975 997 1044 accepit
1042 975 1276 1028 Serrani.
1307 974 1358 1027 5.
1384 971 1453 1026 Et
1491 970 1694 1024 intravit
1720 968 1853 1021 Deus
1882 966 1951 1019 ad

368 1068 652 1123 Abimeleclt
676 1068 727 1121 in
751 1084 924 1121 somno
955 1067 967 1097 '
999 1074 1148 1120 noctu
1167 1105 1183 1131 ,
1214 1074 1260 1118 et
1288 1064 1416 1118 dixit
1441 1078 1459 1116 :
1486 1061 1617 1115 Ecce
1645 1071 1699 1115 tu
1727 1058 1951 1113 morieris

363 1169 570 1231 propter
595 1158 875 1223 mulierem,
894 1172 1043 1226 quam
1064 1154 1313 1209 abstulisti
1333 1170 1353 1207 .°
1372 1154 1469 1208 ista
1496 1162 1665 1206 autem
1687 1150 1953 1204 contuber-

366 1251 498 1305 nalis
547 1260 619 1303 est
670 1250 799 1302 viro.
826 1248 961 1303 Vide
1002 1248 1095 1301 Dei
1135 1246 1474 1301 clementiam
1509 1263 1522 1298 :
1555 1245 1679 1314 quia
1711 1243 1844 1297 vidit
1866 1242 1952 1311 ju-

366 1350 503 1394 stum
527 1348 742 1410 pmpter
763 1348 961 1395 metunt
987 1338 1172 1391 mortis
1210 1337 1423 1391 Sarram
1449 1335 1547 1390 sibi
1572 1334 1799 1389 ablatam
1831 1347 1952 1388 esse

368 1432 580 1487 fortiter
606 1431 748 1485 ferre
774 1472 787 1496 ,
820 1438 875 1483 et
906 1444 1087 1499 regem
1113 1442 1232 1483 eam
1264 1435 1322 1481 ut
1348 1441 1592 1481 sororem
1616 1424 1743 1494 justi
1779 1422 1950 1477 abdu-

366 1537 524 1593 cere,
554 1535 703 1575 suam
743 1519 960 1573 demum
1011 1519 1247 1573 declarat.
1298 1516 1722 1587 providentiam,
1750 1516 1953 1583 justum

368 1627 579 1681 quoque
608 1610 949 1664 illustriorem
981 1608 1174 1670 reddit,
1197 1617 1251 1661 et
1276 1607 1489 1660 Sarram
1516 1607 1584 1659 ab
1626 1606 1837 1672 injuria,
1865 1620 1954 1659 re-

368 1719 489 1774 gem
516 1717 649 1757 vero
678 1718 705 1754 a
737 1710 957 1769 peccato
985 1702 1194 1754 liberat.
1224 1697 1290 1751 Et
1325 1700 1558 1762 intravit,
1579 1698 1786 1768 inquit,
1819 1694 1957 1750 Deus

367 1795 437 1846 ad
475 1792 760 1847 Abimelech
814 1792 867 1844 in
910 1807 1087 1844 somno
1139 1800 1311 1843 noctu.
1356 1789 1460 1844 Per
1504 1789 1677 1858 ipsum
1703 1828 1720 1852 ,
1754 1787 1952 1856 inquit,

366 1885 544 1940 somni
575 1894 782 1953 tempus
812 1884 1020 1951 eripere
1038 1898 1159 1937 eum
1188 1881 1372 1935 volens
1397 1879 1465 1933 ab
1488 1880 1784 1949 iniquitate,
1808 1876 1957 1932 dedit

367 1977 536 2029 menti
573 1974 691 2043 ejus
729 1973 1007 2029 scientiam
1051 1981 1106 2027 et
1149 1971 1357 2026 occulta
1401 1970 1789 2032 manifestavit,
1820 1968 1957 2022 mul-

368 2076 587 2135 tumque
614 2075 814 2119 metum
854 2064 1003 2117 auxit
1025 2060 1421 2115 interminando
1446 2068 1696 2114 mortem.
1724 2056 1959 2110 Morieris

363 2146 536 2222 enim,
570 2154 759 2224 inquit,
790 2164 997 2222 propter
1021 2151 1314 2214 mulierem,
1346 2166 1497 2218 quam
1526 2148 1776 2202 abstulisti
1810 2161 1829 2200 :
1858 2147 1957 2199 ista

369 2257 538 2300 autem
580 2244 953 2298 contubernalis
997 2252 1077 2295 est,
1112 2243 1236 2295 viro.
1271 2241 1324 2294 4.
1356 2241 1639 2293 Abimelech
1667 2249 1831 2292 autem
1859 2254 1961 2292 non

372 2339 605 2407 tetigerat
637 2335 801 2388 illam.
840 2333 964 2387 llaec
989 2342 1167 2386 autem
1211 2330 1385 2386 omnia
1416 2330 1555 2385 facta
1583 2339 1736 2395 sunt,
1769 2339 1827 2383 ut
1868 2330 1959 2382 Dei

376 2426 660 2496 promissio
712 2423 847 2478 facta
913 2422 1233 2493 patriarcha:
1288 2420 1618 2489 impleretur.
1678 2420 1962 2473 Enimvero

374 2521 494 2589 quia
525 2518 682 2587 paulo
711 2526 867 2570 antea
896 2515 992 2583 ipsi
1022 2514 1339 2583 promiserat
1382 2512 1528 2566 Isaac
1567 2526 1687 2567 esse
1726 2511 1959 2565 nascitu-

373 2628 513 2677 rum,
537 2620 591 2664 ct
630 2624 797 2679 prope
835 2607 1019 2661 aderat
1064 2615 1309 2675 tempus:
1335 2613 1394 2659 ut
1433 2619 1500 2658 ne
1548 2604 1673 2673 quid
1721 2603 1962 2657 officeret

376 2701 711 2774 promissioni
740 2700 851 2763 Dei,
872 2705 1072 2751 tantum
1102 2696 1345 2750 timorem
1375 2695 1424 2748 in
1448 2693 1758 2748 Abimclcch
1786 2693 1960 2747 immi-

372 2797 461 2860 sit,
482 2802 540 2848 ut
566 2792 840 2862 perculsus
866 2790 1043 2843 animo
1065 2786 1279 2842 Sarram
1305 2786 1564 2857 attingere
1586 2802 1689 2841 non
1715 2786 1953 2840 auderet.

366 2882 598 2954 'PrOpter
630 2884 732 2938 hoc
761 2882 901 2936 enim
927 2880 1122 2948 adjecit
1142 2878 1318 2933 divina
1346 2878 1618 2949 Scriptura
1639 2901 1652 2937 :
1673 2876 1957 2951 Abimeleclt

374 2994 476 3030 non
509 2976 740 3046 tetigerat
766 2974 907 3026 illam
940 2986 958 3025 :
986 2970 1078 3025 sed
1104 2979 1158 3023 et
1183 2968 1250 3024 de
1283 2969 1516 3023 facinore
1540 2982 1601 3022 se
1636 2967 1872 3022 defendit
1897 2982 1961 3021 ac

374 3070 504 3124 dicit
534 3087 548 3120 ι
580 3066 819 3132 Domine,
843 3074 1042 3136 gentem
1072 3063 1268 3134 justam
1306 3072 1351 3114 et
1394 3061 1704 3130 ignorantem
1739 3059 1916 3129 perdes
1937 3059 1963 3112 ?

373 3159 641 3228 Numquid
671 3140 868 3222 sciens,
898 3155 1085 3225 inquit,
1120 3168 1338 3208 uxorem
1362 3153 1478 3221 ejus
1499 3168 1617 3207 esse
1642 3192 1657 3216 ,
1682 3152 1786 3207 hoc
1816 3151 1960 3205 feci?

363 3236 634 3320 numquid
683 3248 874 3318 injuria
915 3247 1254 3317 peregrinum
1301 3244 1517 3298 afficere
1551 3242 1775 3297 volens?
1802 3258 1960 3295 nmn-

376 3341 502 3411 quid
557 3348 614 3393 ut
664 3353 887 3392 uxorem
944 3336 1059 3405 ejus
1111 3333 1396 3389 auferens?
1443 3333 1509 3389 Ut
1556 3348 1796 3388 sororem
1841 3348 1958 3387 eam

376 3418 689 3499 accepturus
712 3429 812 3482 hoc
841 3428 944 3497 egi,
974 3436 1119 3481 ratus
1143 3427 1243 3480 hoc
1263 3425 1477 3480 nomine
1502 3434 1555 3479 et
1578 3426 1719 3480 hunc
1745 3435 1799 3480 et
1816 3426 1959 3480 illam

380 3520 648 3575 honorari.
671 3518 877 3573 Gentem
899 3518 1079 3587 igitur,
1091 3517 1287 3586 justam
1308 3525 1353 3571 et
1396 3516 1712 3587 ignorantem
1750 3517 1962 3587 perdes?

382 3596 541 3669 mene
578 3613 705 3683 justi
750 3611 929 3665 officio
972 3610 1207 3665 functum
1239 3609 1432 3679 perdes
1456 3610 1513 3663 ’ἲ
1540 3610 1739 3665 Deinde
1767 3610 1963 3663 clarius

377 3708 608 3761 al'ferens
655 3703 799 3774 quod
854 3702 1096 3768 dicebat,
1131 3703 1337 3772 inquit:
1372 3702 1426 3757 5.
1462 3701 1648 3755 Nonne
1688 3704 1796 3772 ipse
1838 3703 1963 3755 mihi

370 3801 527 3860 dixit,
556 3797 719 3851 Soror
748 3811 859 3848 mea
898 3804 968 3848 est
989 3834 1003 3857 ,
1048 3802 1094 3846 et
1124 3794 1237 3860 ipsa
1262 3793 1387 3845 mihi
1415 3793 1577 3857 dixit,
1610 3791 1796 3845 Frater
1824 3808 1964 3846 meus

368 3891 495 3951 est?
525 3888 655 3942 Vide
692 3901 812 3940 cum
864 3892 1064 3954 quanto
1107 3898 1369 3937 consensu
1425 3891 1481 3936 et
1534 3883 1818 3937 concordia
1862 3883 1964 3936 hoc

366 3980 606 4053 egerint.
626 3979 692 4033 Et
719 3979 852 4046 ipse,
883 3976 1072 4045 inquit,
1093 3974 1193 4027 hoc
1220 3974 1348 4027 mihi
1380 3974 1547 4039 dixit,
1577 3983 1631 4029 et
1657 3973 1771 4043 ipsa
1798 3973 1965 4027 adsti-

366 4072 556 4142 putata
585 4078 667 4124 est
687 4069 841 4121 dictis
869 4067 1002 4136 ejus.
1027 4064 1094 4119 In
1116 4064 1265 4119 corde
1285 4082 1436 4135 puro,
1473 4075 1517 4119 et
1543 4068 1594 4119 in
1623 4066 1822 4135 justitia
1851 4082 1963 4117 ma-

382 4178 534 4216 nuum
558 4162 653 4231 feci
678 4159 791 4224 hoc,
824 4157 1015 4228 inquit,
1044 4172 1149 4212 non
1182 4166 1240 4212 ut
1279 4156 1513 4226 iniquam
1558 4172 1669 4209 rem
1695 4156 1960 4219 facturus,

380 4254 474 4308 Sed
499 4262 554 4306 ut
582 4251 869 4321 legitimam
892 4259 945 4304 et
970 4248 1163 4303 licitam
1192 4247 1818 4317 irrepreltensibilemque
1840 4249 1957 4301 feci.

364 4345 517 4412 .Qnid
562 4344 721 4414 igitur
777 4343 1036 4411 benignus
1072 4340 1367 4396 Dominus?
1419 4339 1471 4394 6.
1507 4338 1650 4393 Dixit
1697 4352 1863 4393 autem
1917 4339 1960 4393 ei

362 4436 515 4497 .Deus
536 4436 589 4489 in
618 4451 811 4489 somno.
842 4433 968 4488 Vide
994 4430 1262 4502 quomodo
1289 4447 1347 4485 se
1376 4441 1694 4500 attemperat
1723 4433 1960 4485 omnium

384 4529 641 4585 Dominus
661 4569 677 4595 ,
717 4541 868 4582 suam
907 4527 1199 4579 bonitatem
1234 4538 1329 4593 per
1356 4523 1534 4577 omnia
1563 4524 1865 4577 declarans.
1898 4522 1963 4574 Et

380 4637 473 4690 ego
497 4620 603 4674 scio
629 4620 763 4691 quod
793 4618 943 4671 corde
968 4632 1094 4687 puro
1115 4615 1207 4669 hoc
1227 4616 1425 4687 feceris.
1448 4615 1590 4679 Scio,
1611 4617 1799 4685 inquit,
1822 4617 1966 4684 ipsos

381 4713 518 4766 hanc
563 4711 791 4765 fabulam
837 4719 1170 4764 commentos
1213 4720 1365 4771 esse,
1399 4715 1452 4761 et
1483 4716 1532 4759 te
1561 4707 1841 4774 deceptum
1873 4724 1965 4759 co-

380 4820 498 4859 rum
522 4802 683 4858 dictis
714 4801 816 4855 hoc
845 4798 1039 4854 fecisse
1066 4815 1078 4851 :
1109 4798 1178 4852 ob
1205 4797 1338 4863 hoc,
1366 4805 1424 4850 ut
1452 4812 1521 4851 ne
1560 4812 1656 4866 per
1694 4797 1966 4865 deceptio-

379 4909 502 4950 nem
535 4894 675 4948 hanc
706 4906 912 4961 pecces,
949 4889 1158 4961 Peperci
1187 4889 1294 4953 tibi,
1328 4905 1390 4942 ne
1421 4897 1475 4941 tu
1499 4904 1728 4959 peccares
1769 4889 1823 4941 in
1866 4905 1962 4943 me.

377 4989 565 5057 Magna
615 4985 761 5039 verbi
808 4993 891 5037 est
942 4981 1337 5049 attemperatio,
1363 4980 1592 5033 maxima
1637 4979 1844 5033 Domini
1884 4991 1966 5033 est

374 5078 685 5135 clementia.
719 5074 775 5130 in
802 5090 920 5138 me,
957 5072 1159 5143 inquit,
1192 5071 1487 5127 rediturum
1519 5081 1634 5124 erat
1662 5080 1959 5141 peccatum.

456 5172 556 5239 Qui
599 5170 717 5224 colit
767 5183 935 5222 sertos
978 5165 1074 5219 Dei
1096 5206 1111 5227 ,
1138 5164 1301 5219 Deum
1329 5165 1464 5218 colit.
1491 5192 1563 5204 —
1582 5163 1712 5218 Nam
1742 5166 1879 5219 sicut
1911 5167 1962 5220 in

379 5264 689 5321 hominibus
715 5276 838 5317 cum
863 5259 984 5330 quis
1024 5259 1255 5327 aliquem
1298 5257 1650 5311 domesticum
1693 5257 1744 5311 in
1799 5258 1965 5313 multo

380 5358 589 5412 honore
614 5351 756 5424 apud
776 5349 1055 5406 dominum
1079 5364 1233 5404 suum
1284 5347 1476 5417 injuria
1510 5350 1739 5418 quadam
1763 5348 1925 5404 afficit
1945 5390 1960 5416 ,

444 5477 581 5551 1.31:9
605 5488 771 5551 pages,
861 5488 1046 5551 somno,
1065 5477 1149 5551 hic
1165 5488 1244 5551 et,
1262 5481 1387 5551 infra
1411 5484 1589 5551 desunt
1623 5489 1670 5538 in
1693 5491 1864 5541 savilio
1906 5504 1960 5548 et

368 5540 426 5647 fg
650 5544 775 5601 Msa;
787 5538 876 5587 sed
897 5538 1140 5589 habentur
1163 5542 1211 5590 in
1234 5544 1396 5615 Morel.
1424 5556 1477 5597 et
1498 5548 1621 5610 aliis,
1639 5537 1956 5615 atqueﬂetia‘t’ri

393 5672 480 5784 dp:
509 5666 697 5767 fatalia.
724 5665 901 5714 omittit
921 5661 1072 5713 verba
1089 5696 1105 5724 ,
1133 5669 1267 5714 Hm
1276 5661 1405 5725 justi
1430 5661 1586 5729 ofﬁcio
1627 5664 1842 5729 functum
1864 5682 1973 5732 per-

431 5748 480 5781 ρει

1380 370 1385 377 ,
1423 309 1489 366 IN
1524 308 1675 364 CAP.
1725 305 1838 361 XX.
1880 302 2126 360 GENES.
2169 302 2394 358 llOMiL.
2439 300 2595 359 XLV.

3541 308 3640 361 ἐκ

2062 418 2161 473 sibi
2200 417 2451 487 injuriam
2484 415 2675 470 factam
2727 422 2878 484 putat
2924 414 3202 475 dominus.
3232 424 3279 469 et
3313 416 3441 470 dicit
3473 434 3487 470 :
3516 411 3640 470 Mihi

2063 511 2308 579 injuriam
2339 508 2508 565 fecisti
2530 523 2622 577 per
2645 522 2707 561 ea
2738 507 2928 578 quibus
2954 523 2984 562 a
3016 516 3067 563 te
3095 507 3422 562 domesticus
3450 507 3641 578 injuria

2056 611 2141 654 est
2170 600 2391 655 aﬂ‘ectus
2424 618 2439 653 :
2470 613 2533 653 ea
2559 600 2702 653 enim
2730 614 2849 668 quae
2879 600 2930 652 in
2962 600 3107 653 illum
3138 600 3560 664 committuntur,
3591 603 3645 654 in

2053 706 2141 746 me
2166 697 2445 745 transeunt
2477 707 2490 743 :
2523 689 2718 744 eodem
2761 688 2924 743 modo
2946 699 3000 743 et
3022 688 3195 743 bonus
3227 688 3479 743 Dominus
3499 730 3516 755 ,
3540 687 3645 741 Pe-

2054 784 2188 853 perci
2219 784 2325 845 tibi,
2358 782 2547 852 inquit,
2573 792 2630 836 ut
2655 798 2717 835 ne
2742 782 3044 851 peccaresin
3070 796 3169 836 me.
3187 781 3310 848 Mei,
3344 780 3537 850 inquit,
3567 780 3644 834 fa-

2054 873 2183 927 muli
2216 880 2361 936 sunt,
2389 881 2445 926 et
2493 872 2631 925 adeo
2678 871 2809 925 mihi
2848 871 3228 936 commendati,
3258 880 3315 926 ut
3348 871 3478 926 mihi
3529 872 3643 923 fieri

2056 964 2357 1018 existimem
2386 976 2740 1031 qnmcumque
2770 962 2876 1015 illis
2904 962 3058 1025 fiunt,
3080 961 3193 1016 sive
3216 962 3354 1016 bona
3385 962 3513 1027 sint,
3533 962 3646 1015 si\e

2056 1071 2162 1110 non
2191 1055 2329 1109 bona
2364 1071 2377 1106 :
2415 1051 2693 1123 Propterea
2722 1068 2828 1105 non
2854 1052 3026 1106 dimisi
3048 1061 3124 1119 te,
3152 1063 3208 1105 ut
3254 1062 3484 1124 tangeres
3512 1068 3643 1105 eam.

2054 1146 2317 1215 Quoniam
2372 1160 2617 1215 magnam
2672 1160 2859 1199 eorum
2907 1159 3087 1198 curam
3125 1160 3277 1214 gero,
3306 1148 3483 1201 sciens
3507 1145 3648 1215 quod

2059 1254 2153 1308 per
2182 1236 2534 1308 ignorantiam
2565 1236 2705 1291 hanc
2731 1237 2812 1289 eis
2833 1236 3211 1293 contumeliam
3242 1238 3474 1291 fat-turus
3502 1252 3645 1302 eras,

2062 1329 2274 1398 Peperci
2303 1328 2412 1393 tibi,
2443 1336 2496 1380 ut
2521 1343 2582 1380 ne
2609 1343 2839 1397 peccares
2878 1325 2933 1379 in
2976 1342 3075 1380 me.
3108 1325 3187 1381 Ne
3232 1327 3544 1396 simpliciter
3592 1336 3650 1381 ut

2057 1420 2363 1497 quempiam
2386 1418 2683 1489 vulgarium
2707 1418 2965 1489 respicias
2987 1415 3129 1472 hunc
3156 1418 3361 1472 virum:
3386 1419 3478 1472 sed
3502 1418 3649 1473 disco

2056 1527 2181 1567 eum
2212 1527 2279 1566 ex
2302 1525 2527 1565 numero
2559 1510 2769 1564 illorum
2802 1524 2943 1576 esse,
2968 1525 3204 1580 quorum
3236 1525 3334 1579 ego
3359 1510 3649 1563 maximum

2058 1619 2241 1658 curam
2278 1618 2443 1672 gero,
2488 1612 2543 1656 et
2579 1603 2667 1671 qui
2695 1602 3037 1670 peculiariter
3063 1602 3167 1657 mci
3211 1610 3355 1656 sunt.
3389 1602 3441 1655 7.
3474 1602 3652 1656 Redde

2059 1695 2215 1765 igitur
2245 1710 2451 1747 uxorem
2482 1693 2609 1753 viro,
2638 1692 2760 1763 quia
2789 1693 3036 1761 propheta
3060 1703 3155 1759 est,
3184 1703 3230 1746 et
3260 1693 3425 1747 orabit
3457 1709 3551 1763 pro
3577 1703 3642 1755 te,

2060 1796 2107 1841 et
2134 1787 2285 1840 vives.
2315 1784 2449 1840 Vide
2482 1785 2753 1854 quomodo
2794 1786 3048 1840 virtutem
3080 1786 3211 1855 justi
3256 1787 3491 1856 detegit:
3525 1803 3648 1856 pro-

2064 1879 2277 1947 phetam
2311 1877 2485 1946 ipSnm
2518 1886 2707 1941 vocat,
2738 1887 2793 1931 et
2831 1877 3217 1944 propemodum
3246 1877 3443 1942 eflieit,
3471 1888 3528 1930 ut
3558 1886 3651 1931 rex

2060 1967 2356 2037 supplicem
2379 1981 2439 2021 se
2468 1968 2515 2021 ei
2544 1966 2798 2036 praebeat.
2829 1965 3005 2020 Orabit
3031 1966 3173 2020 enim
3206 1983 3297 2037 pro
3324 1977 3402 2031 te,
3423 1978 3468 2021 et
3499 1969 3649 2021 vives.

2064 2059 2157 2114 llle
2186 2059 2382 2115 etenim
2404 2098 2420 2124 ,
2455 2059 2646 2127 inquit,
2670 2059 2871 2112 veritus
2902 2072 2971 2112 ne
2999 2057 3337 2113 occideretur
3365 2076 3395 2111 a
3428 2059 3653 2119 tc,hanc

2063 2150 2382 2205 commdiam
2414 2149 2683 2214 instruxit,
2717 2157 2771 2202 et
2797 2148 2949 2218 quasi
2978 2158 3301 2218 cooperatus
3330 2158 3413 2203 est
3447 2150 3496 2202 in
3524 2165 3651 2201 eon—

2064 2243 2336 2296 tumeliam
2389 2241 2782 2294 Sarrzezscias
2834 2251 3014 2295 autem
3067 2242 3207 2295 illius
3257 2257 3443 2310 preces
3490 2244 3648 2296 vitam

2066 2337 2158 2389 tibi
2214 2335 2529 2404 praebiturus
2575 2349 2714 2388 esse.
2748 2333 2949 2387 Deinde
2997 2345 3055 2388 ut
3105 2351 3174 2388 ne
3220 2337 3651 2405 concupiscentia

2067 2428 2327 2498 flagrans,
2365 2436 2420 2480 et
2476 2426 2867 2496 pulchritudine
2920 2424 3098 2481 Sarra:
3150 2427 3359 2491 victus,
3402 2428 3650 2482 mandata

2064 2526 2391 2582 contemnat,
2416 2516 2652 2571 inunittit
2681 2524 2736 2570 et
2760 2518 3007 2572 timorem
3029 2558 3046 2581 ,
3068 2527 3124 2572 et
3154 2517 3410 2586 majorem
3441 2534 3650 2587 paginam

2065 2609 2296 2663 minatur
2316 2623 2374 2661 sc
2401 2606 2762 2662 inducturum.
2795 2607 2944 2673 Quod
2974 2610 3017 2662 si
3045 2625 3147 2661 non
3174 2609 3370 2662 dederis
3394 2652 3408 2674 ,
3437 2610 3606 2680 inquit
3631 2652 3648 2675 ,

2063 2701 2195 2754 scias
2232 2700 2367 2767 quod
2411 2699 2637 2753 morieris
2674 2708 2727 2752 tu
2772 2711 2817 2752 et
2861 2701 3030 2754 omnia
3080 2710 3185 2753 tua.
3230 2700 3343 2754 Non
3393 2702 3566 2755 solum
3598 2712 3652 2755 tu

2066 2790 2441 2846 inobedientia:
2470 2806 2686 2861 pugnam
2719 2791 2865 2859 lues,
2895 2791 2987 2846 sed
3017 2802 3073 2846 et
3101 2791 3279 2846 omnia
3313 2801 3399 2847 tua
3439 2804 3655 2864 propter

2069 2894 2119 2939 te
2146 2899 2292 2939 mors
2316 2883 2524 2953 perdet.
2554 2884 2635 2939 0b
2663 2884 2765 2937 hoc
2785 2893 2961 2938 autein
2994 2899 3085 2953 per
3113 2894 3319 2952 tempus
3346 2888 3517 2939 noctis
3543 2886 3655 2940 hac

2066 2976 2245 3030 omnia
2272 2974 2414 3029 Deus
2443 2974 2492 3029 ei
2523 2974 2773 3043 loquitur,
2806 2976 2936 3029 utin
2961 2975 3139 3043 quiete
3168 2984 3387 3042 accepta
3415 2976 3655 3029 admooi-

2069 3067 2234 3131 tione,
2266 3080 2463 3136 magno
2493 3065 2685 3119 timore
2709 3066 2963 3133 imperata
2992 3065 3168 3121 faciat.
3196 3066 3249 3121 8.
3281 3066 3412 3119 Nam
3438 3064 3652 3129 Statim,

2067 3159 2259 3228 inquit,
2291 3175 2441 3211 mane
2471 3174 2685 3228 surgens
2708 3157 2994 3211 Abimeleclt
3022 3157 3211 3211 vocavit
3233 3174 3413 3229 pueros
3437 3175 3578 3223 suos,
3604 3171 3648 3211 et

2068 3252 2305 3318 loquutus
2323 3259 2393 3303 est
2425 3249 2595 3301 omnia
2626 3248 2771 3301 verba
2801 3246 2910 3301 hcce
2943 3248 2995 3301 in
3023 3264 3173 3301 aures
3193 3264 3387 3302 eorum.

2140 3343 2191 3395 4.
2227 3340 2360 3394 Vide
2399 3339 2669 3409 quomodo
2711 3354 2806 3392 rex
2852 3337 2909 3391 fit
2941 3353 3115 3407 pra'co
3146 3339 3356 3393 virtutis
3377 3340 3506 3409 justi
3544 3383 3557 3404 ,
3602 3350 3655 3395 et

2069 3447 2189 3487 cum
2222 3430 2834 3497 omnibusmnnifestum
2873 3430 3069 3485 reddit.
3111 3431 3325 3507 Vocatis
3356 3432 3498 3505 enim
3532 3474 3545 3495 ,
3580 3432 3656 3485 in-

2065 3525 2201 3594 quit,
2234 3523 2484 3577 omnibus
2503 3523 2682 3591 pueris
2710 3522 2820 3577 suis
2843 3563 2858 3589 ,
2899 3522 3134 3576 narravit
3162 3525 3338 3576 omnia
3360 3524 3459 3578 sibi
3490 3539 3520 3577 a
3549 3526 3657 3578 Deo

2069 3616 2426 3681 manifestata,
2446 3624 2502 3670 ut
2526 3630 2712 3670 onmes
2737 3615 2936 3670 scirent
2961 3623 3016 3669 et
3041 3615 3134 3669 Dei
3160 3630 3282 3685 erga
3316 3615 3459 3669 illum
3492 3615 3657 3670 bene-

2068 3709 2377 3772 volentiam,
2406 3716 2461 3763 et
2487 3717 2741 3778 quantum
2772 3708 2879 3761 Deo
2905 3722 3047 3762 curae
3076 3719 3215 3760 esset
3249 3715 3464 3775 pr0pter
3492 3707 3657 3775 ipsius

2054 3813 2248 3855 «mores
2279 3808 2336 3854 et
2359 3800 2630 3852 virtutem.
2681 3797 2978 3851 Timuerunt
3009 3806 3172 3849 autem
3208 3813 3380 3851 onmes
3425 3798 3650 3851 homines

2069 3892 2235 3945 valde.
2264 3890 2452 3944 Vidisti
2481 3888 2750 3958 quomodo
2788 3902 2891 3941 non
2936 3888 3128 3940 frustra
3165 3897 3214 3942 et
3261 3887 3463 3957 absque
3493 3902 3653 3941 causa

2073 3984 2230 4037 toties
2256 3981 2668 4052 transmigrabat
2706 3979 2928 4050 justus?
2960 3979 3090 4033 Nam
3136 3980 3179 4033 si
3216 3981 3267 4032 in
3316 3980 3659 4033 tabernaculo

2070 4090 2167 4126 suo
2194 4073 2365 4143 primo
2392 4072 2672 4127 mansisset
2700 4112 2716 4137 ,
2748 4069 2890 4125 unde
2933 4071 3229 4139 potuissent
3253 4069 3512 4125 Gerarita‘
3536 4088 3655 4126 om-

2073 4181 2165 4219 nes
2184 4164 2322 4219 scire
2341 4172 2593 4233 quantam
2607 4161 2780 4232 justus
2792 4160 2931 4232 apud
2954 4162 3118 4216 Deum
3144 4160 3360 4216 haberet
3386 4161 3659 4216 fiduciam?

2076 4256 2367 4309 Timuerunt
2401 4265 2569 4307 autem
2592 4270 2764 4309 omnes
2788 4254 3012 4307 homines
3039 4253 3201 4306 valde.
3235 4253 3452 4323 Magnus
3480 4255 3532 4308 in
3557 4269 3653 4309 eos

2074 4349 2233 4401 timor
2277 4346 2547 4400 immissus
2590 4346 2657 4399 de
2703 4360 2878 4399 rerum
2917 4358 3125 4398 summa
3176 4344 3401 4399 faciebat
3447 4346 3654 4398 anxios.

2073 4439 2260 4493 Postea
2304 4438 2579 4504 sequitur:
2612 4436 2664 4490 9.
2709 4436 2913 4490 Vocavit
2952 4437 3236 4489 Abimeleclt
3284 4437 3652 4491 Abraltantum.

2069 4528 2359 4582 Considera
2392 4527 2444 4580 in
2484 4535 2680 4595 quanta
2706 4527 2869 4595 gloria
2894 4527 3071 4594 justus
3100 4538 3281 4595 postea
3305 4527 3443 4594 apud
3473 4543 3651 4597 regem

2069 4619 2199 4688 agit,
2229 4617 2316 4687 qni
2347 4617 2504 4686 paulo
2525 4625 2679 4670 antea
2697 4616 2764 4670 ab
2787 4617 3033 4670 munibus
3049 4616 3321 4685 despectui
3341 4618 3658 4685 habebatur,

2068 4711 2220 4780 quasi
2250 4724 2374 4764 erro
2400 4717 2454 4764 et
2478 4708 2808 4778 peregrinus.
2836 4708 2997 4776 Igitur
3023 4718 3141 4761 eum
3164 4721 3350 4761 omnes
3371 4710 3654 4762 convenis-

2070 4810 2209 4865 sent,
2240 4812 2461 4855 vocatur
2486 4800 2664 4853 statim
2694 4797 3014 4867 patriarcha,
3033 4798 3122 4867 qui
3148 4796 3275 4851 nihil
3299 4797 3488 4852 horum
3520 4799 3643 4853 seie

2072 4895 2160 4948 bat
2192 4893 2500 4962 ,didicitque
2530 4900 2709 4961 postea
2739 4905 2769 4944 a
2796 4905 2920 4959 rege
2947 4889 3062 4957 ipso
3095 4931 3109 4953 ,
3142 4904 3260 4957 quze
3298 4897 3513 4960 propter
3538 4904 3600 4945 se
3626 4906 3657 4946 a

2074 4987 2184 5041 Deo
2209 4986 2283 5040 illi
2327 4984 2460 5039 facta
2496 4991 2671 5038 erant.
2697 4982 2842 5035 Dixit
2879 4982 3011 5035 enim
3041 4981 3084 5033 ei
3105 4997 3123 5034 :
3154 4980 3322 5046 Quare
3354 4984 3449 5036 hoc
3496 4984 3658 5055 fecisti

2071 5079 2211 5132 nobis
2236 5079 2262 5131 ?
2285 5077 2406 5148 quid
2433 5075 2743 5141 peccavimus
2769 5074 2822 5127 in
2849 5083 2897 5127 te
2921 5116 2935 5138 ,
2967 5074 3101 5143 quod
3123 5074 3369 5127 induxiin
3394 5090 3541 5143 super
3577 5092 3658 5130 me

2070 5181 2117 5224 et
2138 5184 2287 5238 super
2316 5182 2526 5236 regnum
2555 5182 2718 5219 meum
2737 5174 2994 5235 peccatum
3011 5180 3249 5232 magnum
3279 5164 3472 5226 Uitam,
3501 5182 3653 5231 quam

2070 5262 2241 5315 nullus
2261 5263 2471 5329 faceret,
2503 5258 2664 5327 fecisti
2693 5257 2855 5311 nobis.
2889 5257 2971 5313 i0.
2996 5256 3134 5321 Quid
3154 5256 3325 5310 videns
3349 5257 3514 5324 fecisti
3535 5256 3657 5311 hoc?

2070 5352 2248 5419 Quare
2274 5352 2327 5404 in
2355 5359 2583 5411 tantum,
2615 5349 2803 5419 inquit,
2829 5349 3038 5402 voluisti
3072 5362 3158 5402 me
3196 5347 3429 5401 incidere
3460 5362 3652 5416 pecea-

2071 5443 2221 5497 tum?
2246 5458 2343 5495 cur
2362 5452 2416 5497 et
2433 5440 2557 5510 quid
2585 5441 2823 5509 cogitans
2861 5440 2962 5495 hoc
2992 5439 3160 5494 fecisti
3183 5439 3205 5491 ?
3230 5437 3361 5493 Vide
3386 5440 3655 5508 quomodo

2056 5542 2166 5606 per
2201 5535 2362 5588 verba
2408 5548 2502 5587 sua
2549 5534 2747 5587 indicat
2789 5534 2961 5587 minas
2992 5573 3005 5597 ,
3033 5545 3153 5601 qua:
3198 5545 3228 5584 a
3271 5531 3379 5586 Deo
3405 5532 3503 5586 sibi
3531 5545 3655 5590 sunt

2071 5630 2238 5681 l'aette.
2262 5626 2522 5694 Quoniam
2543 5626 2683 5681 etiim
2721 5625 2931 5679 dixerat
2960 5624 3031 5688 ei,
3064 5621 3210 5689 Quod
3231 5623 3276 5676 si
3298 5641 3395 5678 non
3423 5628 3653 5680 redditio.

2060 5723 2169 5786 'ris,
2200 5719 2426 5772 morieris
2455 5728 2506 5771 tu
2545 5727 2590 5770 et
2616 5717 2785 5771 omnia
2816 5726 2901 5767 tua
2924 5731 2942 5768 :
2974 5713 3073 5768 hoc
3104 5713 3275 5783 ipsum
3299 5714 3649 5784 interpretans
