4150 6276
475 336 578 393 liii

477 447 791 503 Abimelech
831 446 961 502 dicit
995 464 1007 501 :
1043 446 1180 515 Quid
1215 446 1413 515 peccavi
1439 445 1491 497 in
1521 452 1567 496 te
1599 483 1615 505 ,
1646 442 1782 508 quod
1810 438 2059 493 induxisti

470 550 622 606 super
659 554 740 591 me
763 551 809 590 et
854 555 1005 607 super
1033 553 1242 607 regnum
1282 552 1445 589 meum
1494 544 1751 604 peccatum
1780 530 2060 601 magnum?

472 629 734 700 Numquid
779 631 926 685 solus
965 644 1152 700 plenas
1182 644 1330 683 eram
1360 628 1582 682 daturus
1602 626 1626 677 ‘?
1646 625 1816 678 Omne
1842 632 2061 691 regnum

473 736 651 775 meum
679 722 834 777 simul
862 720 1187 790 perdendum
1219 728 1335 775 erat
1355 734 1419 774 ex
1447 716 1758 784 deceptione
1786 728 1946 784 quam
1982 714 2062 765 [εθ-

473 813 613 867 cisti.
632 813 770 877 Quid
791 813 956 866 vidisti
978 822 1031 865 ut
1053 812 1147 865 hoc
1165 814 1356 884 faceres
1375 810 1399 863 ?
1418 807 1707 862 Considera
1727 806 1832 868 hic,
1847 803 2062 867 dilecte,

476 900 600 977 iusti
622 903 978 973 prudentiam.
998 901 1267 973 quomodo
1283 898 1664 955 satisfactiouis
1689 896 1807 950 loco
1837 895 1889 948 in
1916 895 2068 963 agni—

478 994 675 1047 tionem
727 993 820 1046 Dei
874 993 995 1048 illos
1044 991 1367 1046 introducat.
1399 990 1484 1043 ll.
1513 986 1638 1041 Dixi
1663 987 1795 1040 enim
1816 1027 1829 1049 ,
1855 984 2061 1052 inquit,

477 1080 618 1135 Num
658 1083 786 1151 forte
816 1093 1014 1137 nonest
1046 1083 1197 1135 timor
1223 1079 1317 1133 Dei
1353 1080 1406 1133 in
1442 1080 1553 1133 loco
1579 1078 1696 1142 isto,
1729 1090 1905 1144 meque
1933 1075 2066 1128 occi-

474 1179 592 1231 dent
621 1187 826 1248 propter
852 1194 1061 1232 uxorem
1081 1175 1154 1246 (a)
1182 1177 1209 1231 ?
1244 1174 1405 1243 Quasi
1425 1173 1647 1238 diceret,
1668 1171 1831 1224 Valde
1855 1183 2065 1223 mecum

472 1270 664 1322 anxius
692 1269 785 1333 fni,
819 1283 884 1322 ne
912 1269 1046 1320 forte
1074 1282 1138 1321 eo
1164 1266 1304 1336 quod
1333 1264 1506 1318 adhuc
1534 1262 1806 1318 erroribus
1834 1260 2063 1314 tenemi-

473 1360 565 1425 ni,
597 1359 741 1413 nulla
795 1355 947 1412 vobis
1000 1358 1218 1427 iustitiae
1264 1371 1389 1410 cura
1440 1356 1549 1410 sit:
1582 1362 1799 1424 propter
1845 1351 1950 1407 hoc
1996 1350 2069 1404 si—

475 1450 694 1515 mulavi,
727 1449 876 1502 vobis
899 1462 1120 1518 parcens
1153 1488 1168 1511 .
1212 1458 1271 1502 ut
1300 1461 1366 1501 ne
1396 1489 1412 1513 ,
1466 1445 1512 1501 si
1561 1443 1923 1512 intelligeretis
1952 1454 2071 1496 eam

476 1555 699 1595 uxorem
739 1556 915 1593 meam
955 1539 1120 1594 fuisse
1148 1580 1165 1603 ,
1190 1539 1333 1608 capti
1360 1537 1476 1608 ejus
1506 1549 1688 1590 amore
1712 1533 1958 1589 occidere
1987 1546 2072 1587 me

482 1631 782 1686 tcntaretis.
818 1630 951 1685 Vide
975 1632 1242 1700 quomodo
1288 1645 1385 1699 per
1422 1644 1589 1699 pauca
1630 1627 1721 1681 illa
1761 1626 1923 1680 verba
1954 1624 2073 1679 illos

476 1731 694 1792 carpat,
722 1734 776 1778 et
821 1724 981 1779 simul
1022 1723 1212 1778 doceat
1250 1730 1498 1793 oportere
1545 1736 1666 1775 eum
1695 1720 1782 1790 qui
1826 1719 1988 1772 Deum
2018 1717 2073 1771 in

478 1824 657 1868 mente
687 1814 867 1882 habet,
896 1814 1025 1868 nihil
1052 1814 1287 1884 iniquum
1314 1827 1475 1883 agere
1501 1854 1517 1877 ,
1548 1811 1644 1866 sed
1673 1810 1885 1880 vigilem
1918 1808 2070 1862 illum

479 1907 693 1960 oculum
726 1908 916 1961 timere
938 1947 954 1973 ,
985 1915 1038 1960 et
1066 1906 1133 1961 ob
1163 1920 1374 1976 poenam
1406 1947 1422 1972 ,
1446 1919 1564 1974 qua:
1585 1903 1653 1958 ab
1675 1903 1765 1958 illo
1785 1903 2024 1957 imminet
2054 1942 2071 1967 ,

480 2000 697 2052 inultam
737 1998 957 2067 iustitiae
993 2012 1174 2052 curam
1217 2012 1426 2068 gerere.
1458 1996 1651 2051 Postea
1681 1995 1866 2050 volens
1895 2010 1991 2063 pro
2016 2008 2076 2050 se

480 2087 847 2143 defensionem
876 2088 1088 2154 aﬂ'erre,
1113 2087 1191 2145 Ne
1221 2087 1437 2157 putetis,
1462 2087 1669 2156 inquit,
1703 2102 1788 2141 me
1808 2086 1966 2141 etiam
1994 2086 2073 2140 sic

481 2180 759 2234 mentitum
787 2195 926 2234 esse.
956 2180 1041 2234 12.
1076 2178 1274 2234 Etenim
1296 2194 1440 2233 soror
1459 2193 1571 2232 mea
1590 2187 1662 2232 est
1692 2193 1755 2231 ea:
1776 2186 1918 2247 patre
1937 2218 1950 2239 .
1982 2176 2075 2231 scd

480 2288 582 2324 non
615 2288 678 2325 ea:
705 2281 900 2334 matre;
928 2273 1051 2325 data
1091 2282 1258 2325 autem
1302 2271 1428 2325 mihi
1471 2280 1545 2325 est
1585 2271 1637 2323 in
1684 2285 1915 2323 uxorem.
1944 2269 2077 2335 Quia

480 2365 725 2419 eumdem
756 2373 959 2434 patrem
989 2374 1175 2429 vocat,
1212 2364 1416 2433 inquit.
1447 2377 1606 2431 quem
1634 2373 1688 2417 et
1706 2376 1837 2431 ego;
1868 2360 1989 2415 ideo
2017 2368 2073 2414 et

485 2471 727 2511 sororem
776 2458 945 2524 ipsam
995 2455 1203 2508 vocavi.
1252 2453 1331 2509 Ne
1365 2453 1525 2523 igitur
1557 2451 1923 2506 condemnetis
1970 2465 2076 2505 me.

487 2544 621 2599 Nam
660 2546 762 2600 etsi
802 2554 976 2599 metus
1016 2544 1203 2598 mortis
1229 2544 1281 2598 in
1310 2544 1445 2597 hanc
1472 2558 1557 2596 me
1587 2542 1957 2597 necessitatem
1982 2554 2078 2596 co-

488 2637 680 2707 egerit,
704 2647 757 2692 et
776 2636 897 2707 quia
927 2636 1076 2690 timui
1104 2651 1169 2690 ne
1194 2635 1332 2689 forte
1360 2643 1575 2706 propter
1600 2648 1718 2689 eam
1753 2649 1838 2689 me
1866 2633 2079 2688 occide-

485 2729 653 2794 rctis,
684 2729 850 2796 ipsam
903 2737 1081 2782 autem.
1134 2727 1186 2791 in
1237 2726 1345 2780 vita
1384 2727 1775 2781 conservaretis
1800 2742 1812 2779 :
1842 2733 2080 2779 attamen

486 2833 660 2887 neque
675 2819 754 2873 sic
780 2826 863 2874 est
887 2817 1219 2873 mendacium
1252 2816 1392 2887 quod
1422 2832 1451 2870 a
1473 2831 1558 2871 me
1586 2816 1784 2870 dictum
1811 2822 1912 2870 est.
1946 2814 2078 2870 Vide

488 2924 647 2977 quam
674 2908 959 2978 diligenter
985 2908 1088 2978 agit
1121 2908 1330 2978 justus,
1362 2915 1419 2961 ut
1456 2915 1717 2961 monstret
1739 2920 1798 2958 se
1827 2920 1998 2975 neque
2027 2904 2081 2959 in

489 3000 590 3054 hoc
615 3001 919 3054 mentitum.
954 3001 1019 3053 Et
1048 3008 1108 3053 ut
1133 3000 1310 3054 omnia
1335 3040 1350 3063 ,
1384 2999 1555 3068 inquit
1582 3039 1595 3063 ,
1625 2997 1904 3067 diligenter
1932 3011 1960 3050 a
1983 3010 2068 3052 me

486 3093 689 3157 Sciatis,
716 3092 894 3147 audite
915 3100 970 3147 et
995 3092 1275 3147 consilium
1302 3132 1315 3154 ,
1343 3090 1487 3161 quod
1511 3091 1647 3144 inter
1687 3104 1785 3145 nos
1810 3089 2079 3155 inivtmus,

490 3184 576 3236 l5.
608 3183 824 3248 Quando
880 3184 1057 3238 eduxit
1115 3199 1195 3238 me
1254 3181 1388 3237 Deus
1442 3182 1504 3236 de
1545 3182 1694 3235 domo
1752 3182 1910 3250 patris
1964 3181 2081 3235 mei.

495 3275 784 3328 (lonsidera
811 3314 828 3340 ,
859 3275 1086 3329 obsecro
1112 3315 1129 3340 ,
1155 3274 1241 3327 hic
1290 3287 1534 3342 magnam
1561 3272 1690 3340 justi
1721 3271 2036 3341 sapientiam
2065 3311 2078 3328 .

488 3366 757 3434 quomodo
786 3366 839 3419 in
874 3366 1014 3420 serie
1048 3366 1367 3419 narrationis
1388 3364 1543 3419 docet
1571 3378 1665 3418 eos
1688 3404 1704 3428 ,
1732 3378 1792 3417 se
1818 3377 1847 3415 a
1876 3363 2080 3431 princi—

498 3457 585 3523 pio
612 3455 775 3510 luisse
804 3455 1141 3524 peculiariter
1186 3455 1457 3510 addictum
1504 3454 1614 3509 Deo
1640 3494 1655 3519 ,
1688 3462 1742 3507 et
1773 3453 1939 3507 Deum
1970 3467 2028 3506 se
2054 3467 2085 3506 a

499 3548 663 3601 domo
689 3562 784 3601 sua
815 3547 1122 3601 evocavisse
1143 3590 1158 3612 ,
1189 3556 1244 3601 et
1283 3548 1335 3600 in
1379 3561 1500 3602 eum
1531 3546 1704 3600 locmn
1746 3545 1998 3608 duxisse;
2030 3552 2087 3598 ut

493 3639 628 3693 sciat
657 3655 749 3693 rex
781 3680 796 3704 ,
826 3654 892 3693 ex
936 3654 1120 3693 eorum
1163 3652 1385 3692 numero
1424 3652 1543 3692 esse
1587 3635 1949 3690 Abrahamum
1992 3634 2084 3704 qui

492 3745 737 3799 magnam
788 3732 839 3784 in
876 3731 985 3785 Deo
1030 3730 1224 3785 habent
1271 3728 1535 3784 ﬁduciam.
1581 3727 1799 3792 Quando
1824 3769 1840 3794 ,
1870 3725 2037 3795 inquit
2067 3765 2084 3791 ,

497 3824 676 3879 eduxit
698 3840 779 3877 me
800 3821 938 3876 Dens
963 3840 1024 3877 ea:
1042 3823 1194 3877 domo
1222 3823 1382 3889 patris
1410 3822 1525 3883 mei,
1548 3820 1771 3874 dicebam
1801 3820 1845 3872 ei
1876 3834 1895 3872 :
1936 3818 2086 3871 Hanc

488 3916 736 3987 justitiam
767 3915 921 3984 facies
950 3916 1002 3968 in
1024 3930 1120 3977 me,
1145 3916 1197 3967 in
1216 3916 1353 3967 omni
1375 3915 1506 3975 loco,
1532 3913 1583 3966 in
1610 3928 1757 3983 quem
1784 3911 2082 3974 venerimus,

493 4011 575 4063 die
609 4025 627 4062 :
663 4008 845 4061 Frater
873 4025 1014 4062 meus
1035 4018 1128 4061 est.
1177 4008 1309 4073 Quia
1356 4010 1498 4060 enim
1545 4004 1789 4073 superius
1832 4002 2038 4056 dixerat
2070 4019 2082 4054 :

498 4100 619 4154 Dixi
652 4100 805 4161 enim,
836 4116 963 4151 num
990 4102 1125 4169 forte
1151 4114 1252 4151 non
1276 4107 1347 4151 est
1370 4098 1519 4149 timor
1536 4094 1630 4147 Dei
1650 4095 1705 4146 in
1727 4094 1838 4146 loco
1864 4092 1960 4145 isto
1990 4132 2003 4153 ,
2033 4101 2088 4145 et

494 4190 771 4244 videbatur
809 4204 902 4243 eos
928 4189 1147 4242 nimium
1174 4202 1415 4255 carpere,
1450 4186 1633 4238 volens
1659 4184 1901 4252 mitigare
1929 4196 2086 4251 aspe-

492 4282 706 4337 ritatem
734 4280 902 4345 verbi,
928 4279 1013 4332 hic
1051 4279 1200 4341 dicit,
1222 4278 1300 4332 Ne
1324 4276 1522 4346 putetis
1550 4289 1633 4328 me
1661 4273 1763 4328 hoc
1791 4272 1962 4326 solum
1998 4286 2087 4326 ve-

497 4371 594 4426 stri
622 4370 790 4439 gratia
811 4368 1021 4423 fecisse.
1041 4368 1229 4423 Statim
1251 4368 1392 4422 enim
1423 4365 1642 4432 Quando
1664 4363 1839 4418 eduxit
1856 4378 1933 4416 me
1951 4361 2087 4417 Deus

496 4466 560 4517 de
587 4464 735 4516 domo
772 4462 930 4531 patris
957 4463 1075 4526 mei,
1109 4460 1333 4514 dicebam
1363 4459 1430 4512 ad
1475 4474 1585 4511 eam
1616 4473 1635 4512 :
1669 4455 2087 4525 Hancjnstitiam

497 4555 652 4625 facies
692 4552 816 4606 mihi
845 4553 897 4605 in
931 4552 1069 4605 omni
1096 4551 1205 4605 loco
1232 4592 1247 4615 ,
1291 4552 1345 4605 in
1385 4565 1532 4620 quem
1559 4548 1755 4602 uenturi
1782 4563 1977 4601 sumus.
2013 4547 2087 4600 De

495 4646 764 4714 omnibus,
794 4647 984 4717 inquit,
1013 4646 1102 4715 qui
1136 4657 1329 4700 terram
1350 4644 1488 4699 hanc
1515 4644 1834 4709 inhabitant,
1869 4642 2087 4695 manda-

497 4749 607 4792 tum
657 4739 707 4792 ei
755 4738 993 4792 dedizet
1020 4737 1200 4791 docuit
1239 4736 1400 4791 etiam
1428 4735 1508 4791 sic
1547 4733 1938 4788 simulationem
1970 4732 2087 4786 sine

498 4828 775 4883 mendacio
794 4842 936 4881 esse.
968 4827 1151 4883 Mortis
1186 4828 1329 4882 enim
1360 4827 1520 4880 timor
1567 4823 1632 4876 ad
1674 4823 1775 4876 hoc
1817 4836 1912 4876 nos
1935 4837 2086 4876 com-

499 4919 650 4988 pulit.
701 4918 825 4971 llzec
856 4926 914 4971 ut
949 4918 1077 4972 dixit
1125 4918 1301 4987 justus
1330 4958 1345 4985 ,
1394 4918 1525 4970 iram
1564 4928 1748 4969 eorum
1798 4914 2084 4980 demulsit,

496 5024 759 5078 suamque
781 5009 982 5061 detexit
1012 5011 1256 5064 virtutem
1289 5050 1303 5072 ,
1356 5019 1409 5063 et
1438 5006 1785 5062 sullicientem
1818 5003 2089 5074 religionis

500 5115 642 5153 verte
695 5099 992 5152 doctrinam
1041 5099 1117 5150 eis
1161 5099 1395 5153 tradidit.
1450 5097 1732 5153 Reveritus
1778 5097 1938 5164 igitur
1994 5111 2085 5150 rex

502 5205 748 5260 magnam
771 5188 899 5259 justi
925 5188 1381 5241 mansuetudinem
1408 5230 1422 5254 ,
1454 5202 1641 5257 magna
1670 5186 1984 5241 liberalitate
2001 5200 2088 5240 re-

503 5292 755 5340 tnunerat
802 5278 1177 5352 patriarcham.
1227 5279 1362 5334 Dicit
1407 5280 1547 5333 enim
1580 5295 1594 5331 :
1623 5279 1707 5333 ib.
1742 5278 1944 5346 Accepit
1969 5277 2090 5331 Abi-

568 5416 638 5475 (a)
671 5424 781 5465 Haec
804 5413 1129 5475 Abrahamum
1174 5410 1460 5475 loquentem
1508 5410 1687 5475 inducit
1702 5410 2089 5475 gbrg'sostomus,

498 5471 636 5541 quasi
655 5477 885 5541 videlicet
908 5474 1182 5541 tbimelecb
1208 5471 1258 5524 ei
1280 5473 1460 5541 subditi
1483 5473 1609 5522 circa
1642 5471 2091 5541 religionem__erra-

498 5534 630 5590 rma.
661 5540 705 5587 Id
731 5547 893 5588 tamen
937 5538 1189 5598 scriptura:
1210 5536 1359 5598 seriei
1400 5542 1761 5598 nonconsonat
1785 5547 1797 5582 :
1824 5534 2090 5598 exhibetur

503 5603 632 5649 enim
658 5598 934 5648 Alsimclech
958 5593 1095 5659 quasi
1118 5611 1214 5647 non
1246 5595 1389 5646 modo
1413 5597 1516 5659 Veri
1539 5597 1623 5659 Dei
1641 5593 1811 5659 cultor,
1836 5594 1924 5644 sed
1945 5595 2090 5643 etiam

502 5662 629 5721 aequi
654 5674 835 5721 annus.
859 5656 1010 5721 Quod
1038 5661 1167 5709 enim
1207 5659 1438 5707 Abraham
1460 5656 1591 5713 dicit,
1617 5663 1751 5721 Num
1760 5657 1882 5718 forte
1903 5666 1996 5721 non
2018 5661 2092 5721 est

502 5715 645 5771 timor
670 5721 756 5770 Dei
777 5720 826 5769 in
852 5715 952 5770 toea
973 5719 1062 5770 isto
1083 5722 1106 5771 .9
1130 5721 1175 5770 id
1204 5721 1470 5769 dubitantis
1491 5729 1629 5766 more
1662 5715 1797 5779 dicit,
1838 5718 1952 5781 quia
1973 5715 2090 5768 reli-

500 5781 680 5840 giones
702 5789 751 5833 et
775 5794 936 5831 mores
959 5784 1123 5844 gentis
1145 5783 1353 5833 nondum
1378 5788 1614 5846 espcrtus
1638 5788 1762 5830 erat.

1277 332 1333 387 S.
1374 330 1652 388 JOANNIS
1685 322 2152 383 CIIRYSOSTOMI
2183 321 2496 380 ARClllEP.
2538 322 3069 382 CONSTANTINOP.

3658 329 3762 387 ηο

2171 438 2361 491 metech
2387 436 2527 492 mille
2554 438 2879 493 didrachmas
2903 478 2919 504 ,
2947 446 2994 493 et
3023 452 3163 504 oves,
3191 445 3235 491 et
3254 437 3459 504 vitulos,
3489 448 3539 494 et
3566 456 3758 509 servos,

2169 539 2216 582 et
2240 530 2459 584 ancillas
2483 572 2498 597 ,
2544 541 2592 584 et
2638 532 2859 586 reddidit
2883 532 2962 585 illi
2991 529 3208 587 Sarram
3234 546 3639 589 uxorem‘suant.
3673 535 3763 590 Vi-

2169 621 2295 677 disti
2324 664 2340 687 ,
2371 622 2562 677 dilecte
2585 662 2600 686 ,
2633 627 3053 693 omnipotentem
3094 632 3149 678 et
3194 624 3394 678 variam
3423 624 3517 679 Dei
3547 626 3764 694 sapien-

2171 715 2299 770 tiam
2319 716 2342 768 ?
2362 715 2462 781 Qui
2489 716 2629 770 enim
2658 716 2709 769 in
2741 717 2929 772 mortis
2966 717 3203 785 periculo
3240 718 3561 774 constitutus
3596 730 3712 775 erat
3744 763 3761 787 ,

2171 814 2225 860 et
2245 807 2422 860 omnia
2444 805 2673 861 faciebat
2696 816 2753 861 ut
2778 816 3002 862 mortem
3035 816 3216 877 posset
3240 807 3479 878 effugere
3501 850 3513 871 .
3547 826 3652 864 non
3677 826 3765 865 so-

2171 897 2279 951 lum
2308 907 2533 950 mortem
2559 896 2762 966 eﬁ‘ugit,
2785 898 2877 952 sed
2901 907 2953 951 et
2969 913 3211 968 magnam
3236 898 3463 953 obtinuit
3487 899 3762 971 ﬁduciam,

2171 994 2226 1040 et
2254 995 2474 1054 repente
2495 988 2759 1056 gloriosus
2785 990 2951 1042 tactus
2976 997 3079 1044 est.

2245 1076 2300 1130 ὕ.
2330 1076 2386 1130 In
2416 1077 2557 1132 hunc
2582 1080 2723 1133 enim
2744 1078 2960 1133 modum
2978 1094 3137 1150 agere
3159 1079 3296 1135 solet
3322 1080 3461 1136 Deus
3493 1100 3507 1136 :
3536 1097 3643 1138 non
3669 1099 3761 1139 so-

2173 1166 2282 1221 lum
2312 1182 2340 1219 a
2377 1168 2618 1223 tristibus
2651 1168 2842 1224 liberat
2882 1184 2977 1225 eos
3017 1171 3109 1241 qui
3145 1171 3356 1226 fortiter
3398 1188 3457 1227 se
3491 1186 3682 1242 gerunt
3710 1179 3762 1230 in

2175 1258 2556 1314 tentationibus
2574 1301 2590 1327 ,
2622 1261 2674 1315 in
2701 1275 2835 1331 quas
2854 1260 3131 1328 incidunt;
3163 1263 3255 1317 sed
3283 1274 3335 1317 et
3362 1272 3559 1319 tantum
3588 1268 3638 1320 in
3667 1267 3764 1321 ad-

2173 1353 2342 1406 Versis
2370 1353 2572 1421 praebet
2602 1354 2857 1417 lcetitiam,
2891 1364 2948 1407 ut
2974 1355 3025 1408 in
3055 1370 3240 1409 eorum
3279 1356 3600 1411 oblivionem
3641 1372 3762 1413 om-

2176 1444 2303 1497 nino
2330 1444 2573 1509 veniant,
2602 1453 2654 1498 et
2682 1443 2733 1498 in
2764 1445 2927 1498 multa
2952 1444 3060 1499 sint
3087 1445 3344 1499 bonorum
3370 1446 3662 1503 afﬂuemia.
3695 1449 3766 1505 Et

2172 1532 2297 1588 vide
2340 1533 2558 1603 insuper
2595 1536 2737 1603 regis
2776 1544 2902 1604 erga
2936 1535 3140 1604 justum
3171 1536 3322 1590 illum
3357 1535 3613 1592 ofﬁcium.
3645 1538 3764 1595 Non

2176 1626 2347 1679 solum
2368 1625 2507 1679 enim
2527 1626 2686 1679 tantis
2711 1626 3020 1680 muneribus
3045 1626 3191 1680 illum
3213 1626 3460 1695 honorat,
3485 1629 3577 1684 sed
3603 1632 3762 1685 etiam

2183 1725 2499 1785 potestatem
2537 1716 2585 1771 ei
2631 1715 2755 1781 dat,
2810 1726 2867 1772 ut
2894 1718 2946 1771 in
2977 1727 3116 1773 terra
3142 1733 3237 1773 sua
3268 1718 3487 1775 habitet.
3522 1722 3606 1776 15.
3638 1720 3768 1778 Ecce

2178 1808 2309 1860 enim
2340 1848 2354 1870 ,
2390 1806 2559 1876 inquit
2584 1847 2599 1874 ,
2632 1816 2765 1861 terra
2791 1823 2902 1861 mea
2927 1824 3100 1862 coram
3129 1819 3180 1863 te
3201 1820 3273 1864 est
3300 1826 3319 1875 ;
3357 1811 3656 1882 ubicumque
3676 1816 3765 1868 tibi

2178 1897 2463 1966 placuerit,
2494 1896 2687 1953 habita.
2716 1897 2844 1952 Nam
2875 1900 2995 1968 quia
3025 1899 3208 1955 didicit
3237 1910 3454 1971 propter
3478 1903 3623 1957 illum
3656 1946 3672 1970 ,
3712 1914 3768 1958 et

2181 2000 2400 2060 propter
2426 1990 2565 2045 illius
2589 2006 2779 2062 preces
2817 1992 2979 2047 vitam
3009 1993 3107 2046 sibi
3133 1992 3312 2047 datam
3351 2008 3470 2050 esse
3499 2034 3513 2059 ,
3546 1995 3667 2050 ideo
3694 1999 3764 2051 ita

2180 2083 2236 2137 in
2276 2083 2647 2154 peregrinum,
2674 2100 2951 2151 erronem,
2988 2094 3042 2139 ct
3089 2095 3245 2141 antea
3289 2088 3415 2142 nulli
3460 2092 3764 2159 cognitum,

2181 2178 2332 2246 quasi
2372 2177 2434 2239 in
2478 2177 2868 2232 benefactorem
2899 2186 2952 2231 et
2980 2186 3208 2233 tutorem
3236 2180 3464 2249 aliquem
3493 2181 3768 2237 ofﬁciosus

2178 2269 2300 2324 fuit.
2332 2271 2417 2325 16.
2451 2272 2628 2325 Sarra:
2653 2280 2821 2325 autem
2848 2311 2863 2335 ,
2896 2271 3084 2340 inquit,
3117 2272 3247 2326 dixit
3276 2286 3296 2325 :
3335 2271 3471 2327 Ecce
3494 2275 3611 2328 dedi
3633 2276 3771 2330 mille

2182 2361 2512 2416 didrachmas
2537 2363 2683 2432 fratri
2711 2372 2818 2417 tuo.
2846 2361 2981 2416 Vide
3010 2362 3299 2431 quomodo,
3331 2375 3547 2433 accepta
3573 2380 3603 2419 a
3626 2366 3771 2435 justo

2181 2450 2420 2506 doctrina
2446 2492 2461 2518 ,
2489 2453 2714 2507 credidit
2733 2455 2848 2522 ejus
2871 2452 3027 2508 dictis
3045 2495 3058 2516 ,
3092 2462 3249 2523 atque
3279 2454 3391 2523 ipse
3419 2454 3635 2511 fratrem
3666 2458 3770 2512 hu-

2182 2542 2270 2613 jus
2299 2543 2445 2598 illutn
2474 2555 2646 2598 vocat.
2684 2544 2762 2597 Ea
2784 2560 2896 2616 qua:
2923 2545 3061 2611 dedi,
3095 2545 3283 2615 inquit,
3316 2548 3467 2616 fratri
3492 2558 3598 2615 tuo,
3625 2560 3772 2603 erunt

2182 2636 2238 2688 in
2262 2635 2502 2689 honorem
2532 2635 2701 2689 vultus
2729 2638 2826 2692 tui.
2849 2646 2894 2690 ct
2910 2639 3079 2691 omnia
3107 2654 3220 2693 vere
3240 2639 3341 2693 dic.
3373 2639 3506 2707 Quid
3538 2650 3621 2697 est
3640 2684 3656 2709 ,
3701 2641 3767 2698 In

2185 2728 2425 2781 honorem
2451 2728 2616 2783 vultus
2641 2728 2748 2794 tui,
2780 2737 2828 2781 et
2872 2730 3043 2782 omnia
3080 2746 3193 2784 vere
3229 2729 3311 2784 dic
3344 2731 3368 2784 Υ
3422 2732 3524 2786 Pro
3554 2733 3619 2786 iis
3653 2749 3773 2803 quas

2182 2831 2283 2890 per
2306 2818 2656 2889 ignorantiam
2686 2833 2965 2889 aggressus
2985 2835 3101 2874 sum
3122 2861 3137 2887 ,
3168 2829 3219 2877 te
3242 2836 3363 2892 quas
3384 2838 3445 2878 es
3468 2840 3603 2878 uxor
3619 2824 3771 2894 justi,

2187 2910 2241 2965 in
2272 2909 2489 2965 domum
2520 2925 2694 2964 meam
2733 2909 3122 2965 introducendo
3147 2930 3161 2966 :
3190 2926 3287 2982 pro
3318 2912 3419 2968 hoc
3448 2913 3623 2968 solum
3650 2915 3775 2985 quia

2184 3001 2520 3057 contumeliae
2548 3002 2641 3057 tibi
2663 3011 2847 3057 auctor
2868 3001 2961 3067 l'ui,
2990 3002 3134 3057 mille
3157 3001 3278 3058 dedi
3307 3002 3663 3069 didrachmas,
3688 3020 3776 3061 re-

2186 3100 2430 3147 sarturus
2456 3107 2518 3147 ea
2548 3107 2668 3163 quae
2684 3107 2714 3147 a
2736 3107 2822 3147 me
2848 3093 2901 3147 in
2928 3102 2981 3148 te
3004 3101 3129 3148 sunt
3142 3092 3392 3149 admissa.
3414 3093 3611 3149 Verum
3645 3094 3775 3150 Om-

2187 3182 2273 3236 nia
2294 3199 2405 3236 vere
2432 3184 2534 3236 dic.
2564 3182 2698 3251 Quid
2720 3183 2986 3254 significat
3002 3224 3016 3247 ,
3044 3183 3229 3237 Omnia
3254 3200 3368 3239 vere
3383 3184 3464 3238 die
3485 3185 3510 3239 7
3534 3183 3733 3240 Omnes
3757 3227 3772 3250 ,

2188 3274 2377 3343 inquit,
2408 3289 2436 3328 a
2470 3283 2519 3329 te
2549 3274 2757 3331 discant
2787 3274 2920 3328 nihil
2957 3274 3193 3344 iniquum
3221 3289 3252 3328 a
3287 3290 3374 3329 me
3400 3273 3594 3330 factum
3616 3289 3738 3331 esse
3757 3316 3774 3341 ,

2189 3367 2311 3435 quia
2337 3366 2530 3421 intacta
2557 3366 2763 3421 exivisti
2789 3367 2858 3422 de
2884 3366 3045 3420 domo
3070 3381 3208 3421 mea.
3241 3365 3413 3432 Doce,
3449 3367 3658 3439 inquit,
3693 3370 3776 3421 vi-

2190 3473 2306 3513 rum
2336 3468 2481 3513 tuum
2515 3502 2530 3524 ,
2565 3475 2685 3514 esse
2710 3474 2796 3514 me
2819 3460 3157 3513 innocentem
3184 3473 3213 3511 a
3242 3469 3460 3527 peccato
3492 3476 3505 3512 :
3549 3458 3720 3514 discat
3744 3474 3774 3513 a

2192 3559 2264 3613 te,
2294 3551 2425 3605 nihil
2448 3567 2475 3603 a
2506 3567 2591 3606 me
2623 3551 2818 3606 factum
2841 3565 2980 3605 esse.
3012 3550 3189 3616 Quare
3212 3564 3339 3603 vero
3371 3550 3483 3605 haec
3506 3550 3681 3605 dicit?
3709 3551 3778 3606 Ut

2191 3656 2311 3696 cum
2335 3642 2510 3712 justus
2549 3642 2617 3696 ab
2646 3656 2707 3697 ea
2737 3640 2985 3695 didicerit
3009 3681 3024 3705 ,
3053 3640 3338 3710 multisque
3376 3641 3531 3694 luerit
3558 3639 3778 3695 rationi-

2194 3732 2295 3786 bus
2345 3730 2606 3799 edoctus,
2640 3747 2735 3801 pro
2777 3744 2843 3785 eo
2891 3744 3076 3799 preces
3126 3730 3348 3783 Domino
3391 3728 3598 3785 oll'erat.
3644 3728 3776 3784 Nam

2193 3834 2469 3896 postquam
2495 3824 2585 3878 ille
2608 3823 2738 3877 dixit
2767 3864 2781 3888 ,
2830 3821 3015 3877 Omnia
3042 3836 3154 3875 vere
3179 3821 3261 3873 dic
3281 3837 3300 3874 :
3343 3820 3442 3875 hoc
3477 3830 3592 3874 est:
3630 3821 3772 3875 Doce

2193 3918 2365 3971 virum
2394 3926 2539 3970 tuum
2575 3930 2637 3970 ea
2658 3930 2777 3985 qua:
2804 3913 2940 3968 facta
2970 3922 3113 3979 sunt,
3142 3913 3318 3967 statim
3348 3910 3583 3965 subdidit
3626 3911 3777 3967 Scri-

2193 4022 2345 4081 ptura
2372 4028 2385 4064 :
2410 4010 2498 4064 l7.
2536 4010 2604 4062 Et
2641 4009 2802 4063 oravit
2829 4008 3083 4061 Abraham
3120 4005 3303 4069 Deum,
3337 4015 3384 4059 et
3416 4006 3613 4060 sanavit
3645 4005 3776 4059 Deus

2192 4101 2478 4155 Abimelech
2500 4142 2513 4164 ,
2535 4110 2581 4153 et
2609 4115 2815 4154 uxorem
2836 4100 2943 4168 ejus
2969 4139 2984 4162 ,
3014 4107 3059 4152 et
3077 4098 3291 4152 ancillas
3315 4098 3426 4163 eius
3453 4139 3468 4161 ,
3497 4105 3544 4149 et
3574 4111 3778 4165 pepere-

2192 4201 2313 4245 runt
2343 4206 2362 4244 :
2390 4191 2477 4245 i8.
2506 4191 2625 4259 quia
2656 4190 2962 4243 concludens
2984 4186 3294 4240 concluserat
3324 4187 3630 4240 extrinsecus
3663 4200 3776 4236 om-

2194 4298 2309 4336 nem
2337 4282 2535 4335 vulvam
2563 4282 2617 4334 in
2644 4281 2793 4334 domo
2824 4277 3101 4333 Abimelech
3119 4286 3323 4346 propter
3339 4275 3554 4329 Sarram
3572 4290 3779 4328 uxorem

2192 4373 2434 4428 Abrahae.
2463 4372 2597 4427 Vide
2635 4370 2905 4442 quomodo
2933 4369 3187 4424 Dominus
3224 4366 3414 4422 volens
3450 4366 3649 4434 justum
3683 4381 3780 4434 per

2194 4467 2371 4522 omnia
2403 4464 2628 4521 reddere
2654 4464 2998 4519 illustriorem
3024 4502 3039 4527 ,
3069 4458 3316 4529 precibus
3348 4455 3665 4527 patriarchae
3692 4472 3785 4509 sa—

2196 4560 2359 4614 lutem
2392 4557 2532 4627 regis
2559 4568 2613 4611 et
2643 4555 2880 4611 omnium
2902 4567 3023 4623 quae
3050 4553 3101 4606 in
3123 4552 3283 4605 domo
3312 4549 3656 4612 illius-erant,
3686 4546 3785 4601 do-

2194 4659 2306 4704 nat.
2340 4648 2513 4703 Oravit
2541 4648 2709 4714 enim,
2743 4646 2931 4716 inquit,
2964 4642 3219 4697 Abraham
3250 4640 3416 4694 Deum
3451 4679 3467 4706 ,
3496 4648 3544 4691 et
3583 4652 3782 4691 sanauit

2194 4741 2334 4796 Deus
2365 4738 2671 4804 Abimelech;
2697 4748 2743 4793 et
2768 4753 2977 4792 uxorem
2998 4737 3125 4804 ejus,
3159 4743 3204 4787 et
3228 4733 3442 4787 ancillas
3466 4740 3596 4799 ejus,
3621 4738 3668 4784 et
3697 4746 3785 4798 pe-

2196 4841 2469 4904 pererrant:
2492 4831 2609 4899 quia
2638 4829 2941 4882 concludens
2966 4825 3281 4880 concluserat
3308 4822 3557 4875 Dominus
3582 4821 3780 4875 curiu-

2193 4942 2333 4979 secus
2372 4938 2570 4977 omnem
2598 4920 2795 4973 vulvam
2841 4920 2894 4971 in
2933 4919 3082 4970 domo
3106 4913 3413 4966 Abimelech.
3447 4912 3738 4982 Propterea
3764 4950 3783 4977 ,

2194 5014 2437 5086 quamvis
2485 5011 2691 5065 alienus
2726 5018 2871 5065 esset
2909 5023 2936 5061 a
2974 5014 3193 5077 peccato
3225 5019 3321 5058 rex
3350 5045 3365 5067 ,
3393 5002 3602 5074 plagam
3646 5001 3784 5055 han:

2195 5107 2403 5162 induxit
2445 5107 2616 5161 bonus
2655 5103 2949 5167 Dominus,
2992 5108 3049 5154 ut
3093 5099 3339 5169 precibus
3374 5096 3503 5165 justi
3540 5108 3787 5149 annuens

2195 5215 2312 5254 eam
2342 5200 2614 5265 solveret,
2640 5205 2694 5251 et
2718 5197 2919 5266 justum
2941 5193 3224 5248 clariorem
3245 5199 3299 5246 et
3325 5189 3673 5244 illustriorem
3706 5186 3784 5241 el-

2199 5294 2398 5349 liceret.
2446 5292 2577 5347 Nam
2623 5304 2835 5360 semper
2879 5288 3055 5343 omnia
3105 5287 3174 5340 ita
3211 5285 3333 5339 facit
3371 5291 3425 5337 et
3462 5289 3702 5346 tractat,
3731 5288 3787 5333 et

2196 5386 2399 5457 singula
2426 5386 2716 5455 dispensat,
2743 5394 2798 5438 ut
2820 5382 2907 5453 qui
2934 5382 3033 5437 sibi
3062 5380 3301 5436 serviunt
3325 5419 3341 5443 ,
3374 5377 3523 5447 quasi
3551 5374 3777 5429 lumina-

2196 5480 2276 5535 ria
2304 5478 2577 5533 reluceant
2596 5516 2610 5543 ,
2652 5485 2707 5531 et
2736 5490 2920 5531 eorum
2951 5474 3117 5528 virtus
3150 5470 3347 5539 ubique
3373 5467 3691 5522 celebretur.
3716 5461 3778 5518 Et

2191 5573 2337 5637 vide,
2369 5571 2595 5626 obsecro
2615 5611 2631 5636 ,
2659 5567 2851 5622 dilecte
2869 5609 2885 5633 ,
2915 5574 3193 5634 postquam
3212 5562 3414 5631 justum
3442 5559 3514 5612 ita
3539 5556 3782 5611 liberavit

2197 5680 2227 5719 a
2255 5663 2519 5719 molestiis
2549 5701 2567 5727 ,
2594 5657 2864 5729 quomodo
2890 5657 3082 5711 iterum
3112 5665 3319 5707 summa
3351 5649 3611 5704 bonorum
3635 5644 3780 5713 justo

2198 5756 2440 5823 traditur,
2465 5749 2857 5827 pollicitationis
2880 5746 3121 5817 enectus,
3143 5753 3197 5800 et
3224 5755 3369 5798 nunc
3397 5738 3648 5795 eveniunt
3662 5746 3784 5806 qua
