4150 6276
314 380 419 437 H9

321 495 422 557 σὰ,
446 494 599 548 τοῦτο
624 494 754 548 αὐτὸ
782 495 1101 567 ἑρμηνεύων
1127 497 1156 550 6
1196 497 1483 569 Ἀϐιμέλεχ
1510 499 1663 568 φησί·
1701 500 1763 551 τί
1794 495 1981 564 -ῆμιῑρο

318 602 426 638 τον
456 587 544 651 είς
568 585 662 651 σὲ,
691 586 781 639 ὅτι
816 586 1112 656 ἐπήγαγες
1138 587 1230 640 ἐπ’
1266 586 1371 656 ἐμὲ
1395 587 1629 679 οιαὶ-ἐπι
1664 586 1785 679 ,τὴν
1802 587 1981 679 βασιὶ

318 672 627 741 .181an0‘0
659 671 953 741 ἁμαρτίαν
977 672 1285 742 pag-(£1177;
1330 674 1422 743 Μὴ
1466 673 1573 743 γὰρ
1611 672 1800 743 μέχρις
1847 671 1980 740 ἐμοῦ

318 752 431 827 εἶχε
465 758 651 828 στῆναι
682 758 751 813 τά
775 760 876 831 τῆς
904 760 1204 831 τιμωρίας;
1243 760 1400 813 Πᾶσά
1424 775 1524 829 μου
1558 760 1585 829 ή
1614 757 1857 828 βασιλεία
1878 757 1978 827 ἀρ·

316 843 415 913 δην
443 844 662 915 ἔμελλεν
687 846 1043 913 ἀφανίζεσθαι
1070 848 1133 899 ἐκ
1162 845 1263 916 τῆς
1295 845 1512 909 ἀπάτης
1553 845 1653 915 τῆς
1688 843 1839 916 παρά
1885 843 1978 896 σοῦ

318 931 708 1003 γεγενημένης.
744 933 805 986 Τί
839 930 954 988 οὖν
983 932 1196 987 ἐνιδὼν
1224 933 1517 1001 ἐποίησας
1548 933 1756 996 τοῦτο;
1782 931 1979 984 Σκόπει

318 1016 570 1080 ἐνταῦθα,
593 1019 862 1088 ἀγαπητὴ
896 1019 989 1072 τοῦ
1010 1020 1220 1073 δικαίου
1245 1020 1308 1072 τὸ
1337 1020 1607 1090 φρόνημα,
1636 1021 1782 1081 ὅπως
1809 1020 1868 1072 ἐν
1886 1019 1976 1072 τά·

319 1102 397 1167 ξει
443 1103 733 1172 ἀπολογίας
771 1105 1114 1159 διδασκαλίαν
1154 1106 1337 1168 αὐτοῖς
1374 1105 1703 1173 θεογνωσίας
1746 1103 1975 1171 εἰσάγει.

317 1187 476 1245 Εἷπα
512 1191 641 1260 γὰρ,
681 1193 833 1263 φησὶ,
860 1192 1104 1261 Μήποτε
1135 1194 1246 1247 οὐκ
1284 1193 1414 1248 ἔστι
1445 1192 1748 1248 θεοσέϐεια
1792 1192 1862 1244 ἐν
1899 1190 1980 1255 τῷ

315 1278 475 1340 τόπῳ
510 1280 716 1344 τούτῳ,
755 1279 859 1348 ἐμέ
896 1297 959 1333 τε
996 1280 1439 1334 ἀποκτενοῦσιν
1468 1279 1676 1333 ἕνεκεν
1710 1277 1820 1346 τῆς
1875 1295 1979 1345 τυ-

317 1365 523 1430 ναικός
555 1380 705 1433 μους
740 1365 1082 1432 Ἐναγώνιος,
1116 1367 1270 1437 φησι,
1295 1366 1513 1434 γέγονα,
1559 1367 1769 1436 μήποτε
1798 1366 1888 1417 διά
1919 1363 1979 1417 τὸ

316 1449 397 1502 ἔτι
444 1454 510 1520 τῇ
557 1450 730 1522 πλάνῃ
782 1452 926 1522 ὑμᾶς
977 1453 1300 1522 κατέχεσθαι
1340 1453 1594 1523 οὐδεμίαν
1634 1453 1728 1506 τοῦ
1766 1452 1977 1506 δικαίου

317 1536 570 1606 πρόνοιαν
599 1537 843 1607 ποιῆσθε,
882 1539 975 1592 καὶ
1016 1539 1106 1592 διά
1135 1539 1292 1592 τοῦτο
1324 1539 1478 1609 ὑμῶν
1516 1539 1859 1609 φειδόμενος,
1902 1540 1977 1611 μὴ

318 1622 578 1691 μαθόντες
623 1624 791 1695 αὐτὴν
832 1625 1063 1692 γυναῖκά
1101 1641 1203 1695 μου
1235 1625 1560 1695 γεγενῆσθαι
1596 1626 1684 1679 διά
1720 1627 1819 1699 τὴν
1850 1628 1977 1697 περὶ

312 1709 518 1781 ταύτην
573 1709 866 1781 ἐπιθυμίαν
916 1710 1017 1781 ἐμὲ
1077 1711 1285 1766 ἀνελεῖν
1356 1713 1762 1785 ἐπιχειρήσητε,
1820 1713 1977 1767 τοῦτο

314 1799 563 1869 ἐποίησα.
590 1799 731 1870 Ὅρα
779 1798 895 1862 πῶς
944 1798 1031 1853 διὰ
1084 1798 1195 1852 τῶν
1235 1799 1429 1869 ὀλίγων
1467 1800 1671 1854 τούτων
1714 1801 1974 1872 ῥημάτων

313 1883 447 1953 ἐμοῦ
480 1884 572 1937 καὶ¹
608 1884 891 1955 καθήψατο
920 1885 1118 1950 αὐτῶν,
1150 1887 1246 1941 καὶ
1271 1886 1507 1952 ἐδίδαξεν
1537 1888 1619 1941 δτι
1644 1888 1725 1940 δεῖ
1759 1888 1849 1942 τὸν
1883 1888 1976 1941 ἐπὶ

313 1970 531 2024 πάντων
555 1970 685 2025 Θεὸν
719 1973 778 2025 ἐν
814 1970 891 2042 νῷ
916 1971 1259 2042 λαμϐάνοντα
1300 1973 1466 2044 μηδὲν
1495 1976 1602 2027 τῶν
1648 1974 1974 2044 παρανόμων

310 2057 752 2128 διαπράττεσθαι,
802 2058 937 2112 ἀλλὰ
976 2060 1066 2113 τὸν
1105 2059 1402 2131 ἀκοίμητον
1457 2061 1663 2112 ἐκεῖνον
1698 2059 1976 2130 ὀφθαλμὸν

310 2144 625 2209 δεδοικέναι,
661 2144 757 2197 καὶ
784 2144 873 2197 διά
897 2143 993 2215 τὴν
1019 2144 1227 2198 ἐκεῖθεν
1248 2146 1460 2215 ἐπηρτη
1469 2145 1635 2215 μένην
1662 2145 1816 2217 δίκην
1844 2146 1975 2202 πολ-

310 2231 408 2301 λὴν
432 2231 526 2283 τοῦ
553 2231 760 2285 δικαίου
791 2230 1058 2284 ποιεῖσθαι
1079 2231 1177 2301 τὴν
1202 2230 1475 2302 πρόνοιαν.
1503 2228 1634 2285 Εἶτα
1656 2232 1976 2305 βουλόμενος

312 2318 409 2389 τὴν
435 2318 573 2389 ὑπὲρ
599 2316 793 2370 ἐαυτοῦ
816 2317 1110 2386 ἀπολογίαν
1143 2319 1383 2388 ποιῆσαι,
1408 2318 1571 2390 φησί·
1597 2320 1689 2391 Μὴ
1717 2321 1974 2394 νομίσητέ

317 2422 384 2474 με
413 2406 507 2457 καὶ
533 2402 705 2467 οὓτως
736 2402 1014 2472 ἐψεῦσθαι.
1048 2404 1153 2459 Καὶ
1179 2404 1288 2475 γὰρ
1315 2405 1546 2474 ἀδελφή
1565 2422 1684 2476 μου
1713 2407 1884 2463 ἐστὶν
1906 2410 1975 2463 ἐκ

315 2488 558 2558 πατρὸς,
589 2490 728 2544 ἀλλ’
747 2490 859 2543 οὐκ
890 2489 958 2543 ἐκ
978 2492 1221 2559 μητρός·
1263 2491 1515 2561 ἐγενήθη
1544 2491 1611 2545 δέ
1635 2510 1739 2563 μοι
1760 2497 1847 2560 είς
1871 2512 1975 2564 γυ-

312 2575 509 2628 ναῖκα.
543 2574 645 2627 Τὸν
671 2574 833 2627 αὐτόν
869 2592 979 2645 μοι,
1014 2578 1164 2645 φησι,
1197 2576 1410 2648 πατέρα
1444 2578 1827 2649 ἐπιγράφεται,
1849 2581 1916 2635 δι’
1944 2582 1973 2637 6

313 2662 405 2713 καὶ
428 2660 659 2731 ἀδελφὴν
683 2661 852 2732 αὐτὴν
886 2661 1136 2715 ἐκάλεσα.
1174 2663 1264 2733 Μὴ
1290 2664 1468 2719 τοίνυν
1500 2667 1813 2737 καταγνῶτέ
1844 2685 1967 2739 μου.

311 2749 373 2801 Et
402 2748 510 2819 γὰρ
548 2748 643 2802 καὶ
682 2750 710 2801 ό
742 2748 904 2818 φόϐος
952 2747 1047 2802 τοῦ
1095 2748 1324 2804 θανάτου
1370 2753 1450 2816 εἰς
1490 2751 1586 2825 τὴν
1626 2754 1870 2826 ἀνάγκην
1902 2772 1970 2826 με

310 2836 511 2906 ταύτην
542 2835 861 2906 κατέστησε,
889 2836 982 2889 καί
1014 2836 1073 2889 τὸ
1101 2836 1393 2891 δεδοικέναι
1422 2841 1630 2911 μήποτε
1655 2841 1741 2894 διὰ
1768 2842 1971 2915 ταύτην

310 2924 410 2994 ἐμὲ
458 2924 559 2994 μὲν
605 2923 982 2995 ἀποκτείνητε,
1024 2924 1229 2995 ταύτην
1257 2925 1316 2979 δὲ
1364 2930 1815 3001 περιποιήσησθεο
1857 2931 1970 2984 ἀλλ’

310 3010 459 3079 ὅμως
494 3008 615 3061 οὐδὲ
655 3007 827 3073 οὕτως
861 3009 978 3063 ἐστὶ
1012 3008 1205 3079 ψεῦδος
1241 3010 1302 3064 τὸ
1329 3016 1460 3084 παρ’
1492 3014 1625 3084 ἐμοῦ
1661 3017 1969 3087 εἰρημένον.

314 3096 455 3166 Ὅρα
480 3095 652 3165 πόσην
685 3097 917 3149 ποιεῖται
952 3098 1049 3170 τὴν
1075 3100 1309 3171 σπουδὴν
1337 3102 1366 3153 6
1388 3100 1613 3167 δίκαιος,
1645 3100 1973 3171 ὥστετεῖξαι

314 3184 449 3254 μηδέ
468 3185 526 3236 ἐν
548 3182 723 3253 τούτῳ
749 3183 940 3236 ἑαυτὸν
960 3183 1299 3253 ψευσάμενον
1319 3197 1370 3241 ει.
1403 3186 1506 3241 Καὶ
1528 3188 1614 3241 ῖνα
1638 3191 1811 3243 πάντα
1835 3192 1973 3261 μετά

311 3270 593 3341 ἀκριϐείας
638 3268 845 3340 μάθητε
880 3273 1012 3342 παρ’
1045 3271 1202 3342 ἐμοῦ,
1238 3272 1505 3327 ἀκούσατε
1556 3277 1651 3328 καὶ
1686 3276 1785 3347 τὴν
1818 3276 1970 3351 [465]

312 3357 526 3428 βουλὴν,
554 3358 619 3427 ἣν
642 3355 842 3428 μεταξὺ
864 3356 1108 3428 ἀλλήλων
1128 3359 1461 3430 ἐσχήκαμεν,
1490 3361 1700 3416 Ἦνίκα
1716 3363 1972 3437 ἐξήγαγέ

303 3461 381 3516 με
426 3447 459 3498 ό
502 3444 646 3509 Θεὸς
694 3444 763 3497 ἐκ
794 3442 902 3498 τοῦ
939 3445 1110 3500 οἷκον
1148 3445 1254 3499 τοῦ
1294 3447 1519 3513 πατρός
1550 3465 1694 3516 μου.
1735 3449 1847 3505 Θέα
1879 3469 1971 3522 μοι

309 3530 542 3585 ἐνταῦθα
580 3531 678 3601 τὴν
721 3530 921 3602 πολλὴν
950 3531 1044 3585 τοῦ
1081 3531 1292 3585 δικαίου
1331 3535 1543 3601 σοφίαν,
1584 3534 1704 3599 πῶς
1736 3537 1795 3591 ἐν
1819 3540 1970 3607 τάξει

307 3619 608 3689 διηγήσεως
654 3616 892 3671 διδάσκει
929 3619 1144 3684 αὐτοὺς,
1174 3619 1250 3683 ὼς
1284 3617 1344 3684 ἐξ
1385 3621 1561 3693 ἀρχῆς
1606 3623 1701 3677 καὶ
1733 3626 1798 3678 ὲκ
1836 3643 1971 3699 προ-

306 3706 501 3775 οιμίων
530 3705 638 3758 τῶν
666 3706 1029 3777 ᾠκειωμένων
1046 3707 1163 3759 ἐστὶ
1187 3706 1265 3777 τῷ
1290 3707 1428 3779 Θεῷ,
1460 3711 1554 3763 καὶ
1580 3710 1660 3764 ὅτι
1689 3712 1849 3776 αὐτὸς
1878 3715 1972 3767 καὶ

306 3791 516 3845 οἴκοθεν
548 3791 708 3846 αὐτὸν
735 3792 1020 3862 ἀνέστησε,
1042 3794 1138 3846 καὶ
1170 3795 1348 3847 ἐκεῖσε
1378 3796 1608 3866 ἢγαγεν,
1648 3797 1735 3851 ἴνα
1763 3798 1910 3873 μάθῃ
1942 3801 1970 3853 6

308 3877 582 3947 βασιλεὺς,
618 3879 700 3932 ὅτι
735 3879 845 3931 τῶν
881 3877 1081 3949 πολλὴν
1120 3880 1352 3949 ἐχόντων
1390 3883 1508 3934 ἐστὶ
1554 3885 1690 3958 πρὸς
1722 3885 1813 3938 τὸν
1839 3886 1970 3939 Θεὸν

310 3965 641 4034 παρρησίαν.
679 3965 894 4030 Ἠνίκα,
920 3967 1107 4037 φησὶν,
1134 3966 1390 4038 ἐξήγαγέ
1421 3984 1501 4037 με
1531 3973 1564 4024 ό
1590 3970 1733 4037 Θεὸς
1766 3972 1835 4026 ἐκ
1864 3975 1969 4028 τοῦ

308 4050 480 4102 οἴκου
534 4049 641 4103 τοῦ
698 4050 917 4117 πατρός
946 4068 1086 4120 μου,
1126 4048 1302 4108 εἷπον
1345 4054 1519 4124 αὐτῇ·
1572 4058 1803 4125 Ταύτην
1855 4060 1970 4128 τὴν

306 4135 704 4203 δικαιοσύνην
730 4136 1005 4204 ποιήσεις
1026 4138 1120 4192 ἐπ’
1147 4140 1270 4210 ἐμέο
1303 4144 1390 4208 είς
1421 4143 1616 4197 πάντα
1646 4146 1851 4211 τόπον,
1892 4145 1968 4204 οὗ

305 4221 417 4275 ἐὰν
454 4223 814 4291 εἰσέλθωμεν
841 4224 982 4291 ἐκεῖ,
1011 4225 1161 4292 είπὲ,
1184 4226 1274 4281 ὅτι
1308 4228 1596 4298 Ἀδελφός
1625 4248 1746 4300 μου
1773 4234 1967 4294 ἐστίν.

317 4308 534 4380 Ἐπειδὴ
567 4309 674 4379 γάρ
716 4311 971 4383 ἀνωτέρω
998 4308 1171 4367 εῐπεν·
1214 4311 1374 4370 Εἶπα
1398 4318 1528 4387 γὰρ,
1568 4320 1812 4387 Μήποτε
1853 4326 1965 4379 οὐκ

304 4396 440 4449 ἔστι
475 4397 776 4452 θεοσέϐεια
808 4399 879 4452 ἐν
920 4398 999 4465 τῷ
1033 4404 1195 4466 τόπῳ
1233 4405 1439 4470 τούτῳ·
1482 4407 1577 4460 καὶ
1614 4409 1787 4464 ἐδόκει
1831 4412 1965 4465 πολὺ

303 4483 485 4537 αὐτῶν
523 4484 917 4549 καθάπτεσθαι,
961 4486 1279 4558 βουλόμενος
1317 4491 1381 4543 τὸ
1413 4493 1639 4564 σφοδρὸν
1661 4495 1754 4548 τοῦ
1790 4498 1968 4568 ῥήμα-

303 4586 396 4630 τος
429 4569 764 4635 ὑπεκλῦσαι,
821 4571 1056 4626 ἐνταῦθά
1100 4590 1287 4644 φησιν,
1317 4576 1399 4629 δτι
1434 4578 1526 4649 Μὴ
1567 4582 1845 4653 νομίσητε,
1885 4586 1965 4639 ὅτι

305 4654 462 4723 ὑμῶν
499 4654 682 4707 ἕνεκεν
720 4656 877 4725 μόνον
915 4657 1073 4711 τοῦτο
1107 4660 1464 4731 πεποιηκέναι
1490 4664 1824 4737 ἐπέγνωμεν.
1858 4670 1964 4723 Εὐ-

301 4740 442 4804 θέως
461 4742 569 4810 γάρ
606 4742 813 4796 Ἦνίκα
832 4742 1089 4814 ἐξήγαγέ
1103 4762 1181 4814 με
1208 4748 1243 4799 ό
1272 4746 1416 4814 Θεὸς
1434 4747 1502 4802 ἐκ
1528 4749 1638 4803 τοῦ
1668 4752 1837 4808 οἴκου
1859 4756 1966 4811 τοῦ

298 4829 525 4896 πατρός
566 4845 706 4898 μου,
742 4825 917 4884 εἷπον
940 4829 1114 4899 αὐτῇ·
1163 4834 1394 4901 Ταύτην
1425 4832 1541 4903 τὴν
1568 4836 1964 4910 δικαιοσύνην

297 4914 577 4984 ποιήσεις
604 4917 692 4980 εις
721 4915 826 4984 ἐμὲ
842 4917 930 4981 εις
961 4916 1158 4971 πάντα
1205 4921 1412 4985 τόπον,
1447 4918 1519 4977 οὗ
1554 4923 1662 4977 ἐὰν
1682 4925 1961 4982 εἰσέλθω-

292 5018 428 5070 μεν.
470 5002 607 5071 Περὶ
640 5003 855 5057 πάντων
881 5004 990 5056 τῶν
1020 5004 1118 5076 τὴν
1144 5006 1267 5076 γῆν,
1299 5010 1486 5078 φησὶν,
1516 5010 1721 5082 ταύτην
1754 5014 1964 5067 οἰκούν-

295 5104 406 5142 των
459 5088 558 5159 τὴν
617 5090 985 5160 παραγγελίαν
1034 5093 1172 5162 πρὸς
1211 5095 1384 5166 αὐτὴν
1433 5099 1809 5170 ἐποιησάμην·
1866 5104 1962 5156 καὶ

295 5176 501 5241 ἐδίδαξε
523 5178 606 5231 δτι
632 5178 727 5230 καὶ
753 5178 925 5242 οὕτως
957 5180 1112 5245 ἐκτὸς
1137 5180 1364 5250 ψεύδους
1399 5184 1546 5237 ἐστὶν
1576 5188 1609 5257 ή
1644 5188 1958 5261 ὑπόκρισις.

305 5264 368 5317 '0
406 5264 516 5333 γὰρ
561 5263 655 5318 τοῦ
692 5264 922 5319 θανάτου
959 5267 1121 5335 φόϐος
1149 5271 1229 5334 είς
1260 5269 1420 5324 τοῦτο
1452 5273 1597 5342 ἡμᾶς
1625 5274 1797 5331 ἐλθεῖν
1826 5295 1955 5331 κατ-

294 5349 594 5419 ηνάγκασε.
622 5350 809 5405 Ταῦτα
843 5352 1011 5406 είπὼν
1038 5356 1066 5407 6
1091 5355 1315 5419 δίκαιος,
1349 5358 1554 5412 καὶτὸν
1587 5358 1755 5431 θυμὸν
1783 5365 1958 5418 αὐτῶν

295 5439 656 5510 κατεμάλαξε,
690 5441 783 5494 καὶ
814 5442 911 5512 τὴν
935 5443 1139 5497 οἰκείαν
1168 5444 1368 5516 ἀρετὴν
1394 5446 1713 5520 ἐξεκάλυψε,
1743 5453 1836 5504 καὶ
1860 5455 1957 5523 ἀρ-

295 5524 496 5580 κοῦσαν
512 5527 691 5591 αὐτοῖς
715 5527 1060 5583 διδασκαλίαν
1079 5530 1303 5602 ἐνέθηκε
1329 5532 1657 5601 θεοσεϐείας.
1680 5540 1956 5604 Αἰδεσθεὶς

294 5612 471 5667 τοίνυν
503 5614 532 5665 6
569 5612 818 5683 βασιλεὺς
843 5614 937 5668 τοῦ
964 5616 1168 5670 δικαίου
1201 5618 1297 5690 τὴν
1321 5620 1520 5695 πολλὴν
1544 5625 1860 5693 ἐπιείκειαν,
1884 5631 1949 5701 τῇ

294 5697 469 5767 οἰκεία
519 5698 797 5770 φιλοτιμία
844 5701 1128 5771 ἀμείϐεται
1183 5705 1274 5758 τὸν
1332 5708 1696 5781 πατριάρχην.
1736 5697 1952 5767 Ἕλαϐε

294 5783 423 5856 γὰρ,
449 5786 634 5855 φησὶν,
679 5787 975 5856 Ἀϐιμέλεχ
1000 5791 1166 5859 χίλια
1200 5791 1513 5863 δίδραχμα,
1538 5797 1633 5850 καί
1667 5801 1949 5866 πρόϐατα,

296 5871 391 5922 καὶ
424 5874 720 5941 μόσχους,
755 5874 854 5926 καί
888 5876 1126 5943 παῖδας,
1156 5880 1255 5932 καὶ
1290 5880 1630 5955 παιδίσκας,
1664 5887 1759 5941 καί
1804 5890 1950 5944 ἀπο·

357 5959 380 5986 ⁸
414 5960 512 6008 Am
534 5957 779 6022 ἐψεῦσθαι,
795 5962 876 6011 alii
900 5963 1064 6011 ἑαυτὸν
1085 5964 1396 6027 ψευσάμενον.

1456 386 1522 440 IN
1558 382 1709 439 CAP.
1742 358 1836 437 XX
1869 380 2113 438 GENES.
2157 378 2388 438 ιιοιιιι.
2431 382 2588 441 XLV.

3651 402 3747 458 £20

2088 492 2345 550 δέδωκεν
2387 497 2545 562 αὐτῷ
2597 496 2831 566 Σάρραν
2874 500 2989 566 τὴν
3028 504 3281 570 γυναῖκα
3321 510 3525 566 αὐτοῦ.
3579 512 3746 583 Εἶδες,

2089 581 2355 653 ἀγαπητέ,
2390 583 2488 655 τὴν
2510 585 2813 657 εὐμήχανον
2848 588 2940 641 τοῦ
2972 588 3107 643 Θεοῦ
3134 595 3357 663 σοφίανς
3399 598 3456 649 Ὀ
3484 600 3591 670 γάρ
3623 619 3683 653 πε
3695 581 3748 673 ρί

2087 666 2181 718 τοῦ
2205 667 2435 722 θανάτου
2466 670 2740 738 δεδοικὼς,
2775 674 2868 727 καὶ
2898 676 3073 728 πάντα
3097 679 3265 733 ποιῶν
3295 681 3432 736 ὥστε
3459 686 3746 759 δυνηθῆναι

2087 750 2274 805 τοῦτον
2294 753 2597 823 διαφυγεῖν,
2633 758 2694 809 οὐ
2722 759 2881 828 μόνον
2919 760 3011 813 τὸν
3043 760 3269 819 θάνατον
3304 750 3586 837 διέφυγεν,
3614 750 3748 829 ἀλλὰ

2087 839 2180 890 καὶ
2220 840 2416 912 πολλῆς
2456 842 2701 906 ἀξιοῦται
2739 846 3068 918 παρρησίας,
3101 850 3191 902 καὶ
3225 857 3524 928 περιφανὴς
3556 860 3748 931 ἀθρόον

2083 924 2315 991 γίνεται.

2052 1012 2071 1046 '
2155 1017 2215 1063 ε’.
2235 1011 2469 1065 Τοιαῦτα
2490 1013 2599 1085 γάρ
2616 1014 2685 1067 τὰ
2710 1015 2862 1088 παρά
2878 1018 2972 1073 τοῦ
2996 1020 3153 1075 Θεοῦ’
3173 1025 3232 1076 οὐ
3262 1026 3419 1095 μόνον
3434 1028 3541 1081 τῶν
3574 1027 3744 1103 λυπη-

2090 1094 2197 1162 ρῶν
2226 1095 2502 1168 ἐλευθεροῖ
2527 1100 2652 1163 τοὺς
2679 1103 2943 1170 γενναίως
2975 1105 3219 1178 ἀντέχειν
3250 1094 3385 1183 πρὸς
3416 1116 3543 1178 τοὺς
3569 1094 3747 1170 ἐπιόν-

2083 1195 2184 1243 τας
2229 1186 2570 1255 πειρασμοὺς
2620 1188 3037 1257 σπουδάζοντας,
3094 1195 3230 1250 ἀλλά
3265 1199 3356 1251 καὶ
3380 1202 3646 1272 τοσαύτην
3690 1209 3745 1257 ἐν

2085 1266 2267 1357 αὐτοῖς
2300 1271 2411 1332 τοῖς
2445 1270 2707 1344 λυπηροῖς
2743 1277 2971 1347 παρέχει
3012 1279 3111 1351 τὴν
3151 1283 3509 1357 εὐφροσύνην,
3654 1294 3747 1345 καὶ

2085 1350 2253 1441 λήθην
2291 1355 2437 1425 ἡμᾶς
2473 1357 2614 1428 ἔχειν
2647 1362 2905 1435 παντελῆ,
2936 1366 3030 1418 καὶ
3070 1350 3129 1420 ἐν
3160 1350 3327 1441 πολλῇ
3360 1350 3614 1436 γίνεσθαι*
3637 1377 3746 1429 τῶν

2083 1438 2303 1531 ἀγαθῶν
2350 1446 2660 1531 περιουσίᾳ.
2714 1450 2819 1501 Καὶ
2870 1451 2969 1521 δρα
3007 1451 3190 1507 λοιπὸν
3222 1438 3325 1508 τοῦ
3349 1457 3610 1527 βασιλέως
3647 1464 3745 1531 τὴν

2086 1525 2223 1595 πρὸς
2272 1527 2364 1581 τὸν
2395 1529 2603 1585 δίκαιον
2638 1533 2951 1605 θεραπείαν.
2988 1539 3063 1591 O6
3091 1539 3249 1610 μόνον
3279 1525 3387 1614 γὰρ
3421 1548 3534 1609 τοῖς
3560 1525 3746 1601 τοσοῦ-

2082 1626 2194 1704 τοις
2216 1614 2375 1668 αὑτὸν
2398 1615 2588 1689 δώροις
2616 1624 2768 1692 τιμᾷ,
2798 1622 2932 1677 ἀλλά
2965 1626 3058 1678 καὶ
3092 1626 3189 1697 τὴν
3214 1628 3463 1693 ἐξουσίαν
3493 1634 3640 1704 αὐτῷ
3667 1637 3745 1688 δί-

2080 1696 2214 1791 δωσι
2246 1700 2351 1791 τῆς.
2380 1706 2438 1757 ἐν
2472 1708 2538 1775 τῇ
2572 1710 2642 1777 γῇ
2673 1711 3056 1781 κατοικήσεως.
3118 1696 3260 1768 ’ίδοὺ
3295 1718 3424 1789 γὰρ,
3465 1696 3646 1791 φησιν,
3701 1725 3739 1791 ή

2082 1783 2160 1853 τῆ
2189 1802 2307 1853 μου
2329 1788 2605 1843 ἐναντίον
2626 1808 2741 1847 σου
2767 1795 2956 1849 ἐστίν·
2977 1793 3049 1852 οὗ
3075 1798 3185 1853 ἐάν
3206 1783 3581 1873 σοιἽάρέσνιξη,
3606 1783 3744 1860 aiat;

2084 1873 2254 1926 οίκει.
2293 1874 2507 1947 Ἐπειδὴ
2552 1879 2659 1953 γάρ
2692 1880 2914 1951 ἔμαθεν,
2942 1885 3023 1939 ὅτι
3065 1884 3130 1949 δι’
3168 1889 3373 1951 ἐκεῖνον
3407 1893 3498 1944 καί
3526 1893 3613 1945 διά
3646 1895 3746 1959 τάς

2082 1959 2290 2052 ἐκείνου
2320 1966 2621 2034 προσευχὰς
2652 1968 2686 2037 ἠ
2725 1966 2837 2039 ζωὴ
2868 1971 3014 2042 αὑτῷ
3043 1974 3384 2046 κεχάρισται,
3414 1978 3490 2040 ὡς
3525 1980 3745 2052 εὐεργέ-

2082 2061 2183 2115 την
2226 2046 2409 2135 λοιπὸν
2437 2052 2528 2103 καὶ
2555 2055 2886 2125 προστάτην,
2927 2058 3018 2112 τὸν
3056 2059 3226 2126 ξένον,
3264 2062 3359 2116 τὸν
3394 2046 3634 2135 ἀλήτην,⁷
3652 2046 3744 2120 τὸν

2082 2132 2382 2222 οὐδαμόθεν
2438 2136 2711 2208 γνώριμον
2734 2141 2876 2195 οὕτω
2896 2144 3216 2213 θεραπεύειν
3244 2132 3537 2218 ἐπείγεται.
3555 2132 3565 2135 ν
3580 2156 3656 2222 Τῇ
3678 2156 3746 2210 δὲ

2082 2218 2521 2310 Σάρρμηφησὶν,
2560 2225 2750 2279 εἶπεν*
2803 2228 2955 2282 ἰδοὺ
2987 2230 3214 2287 δέδωκα
3254 2235 3424 2304 χίλια
3453 2218 3744 2310 δίδραχμα

2081 2300 2162 2393 τῷ
2187 2302 2426 2393 ἀδελφῷ
2458 2322 2595 2361 σου.
2641 2309 2781 2380 Ὅρα
2828 2312 2943 2376 πῶς
2992 2300 3291 2386 δεξάμενος.
3323 2320 3423 2390 τὴν
3470 2300 3741 2393 παράῗοῡ

2080 2387 2288 2445 δικαίου
2319 2392 2684 2457 διδασκαλίαν,
2726 2398 2819 2450 καὶ
2848 2399 3146 2465 πιστεύσας
3183 2406 3296 2466 τοῖς
3323 2387 3453 2476 παρ’
3483 2387 3646 2463 αὑτοῦ
3673 2415 3743 2465 εἰ·

2085 2475 2358 2568 ρημένοις,
2387 2479 2480 2535 καὶ
2508 2480 2671 2544 αὐτὸς
2700 2482 2924 2568 ἀδελφὺν
2952 2487 3122 2557 αὐτῆς
3159 2489 3322 2545 αὑτὸν
3348 2475 3519 2550 καλεῖ.
3559 2497 3743 2568 "Amp

2078 2558 2328 2627 δέδωκα,
2366 2566 2519 2635 φησὶ,
2545 2566 2625 2632 τῷ
2660 2567 2900 2636 ἀδελφῷ
2925 2584 3062 2635 σου,
3102 2574 3273 2629 ἔσται
3304 2579 3392 2643 είς
3428 2580 3605 2648 τιμὴν
3635 2558 3739 2640 τοῦ

2080 2647 2403 2715 προσώπου
2424 2667 2543 2706 σου
2566 2653 2618 2717 1),
2643 2654 2743 2708 καὶ
2760 2656 2957 2711 πάντα
2976 2659 3339 2726 άλήθευσον.
3374 2667 3436 2720 Τί
3452 2647 3615 2733 ἐστιν,
3638 2673 3741 2738 Είς

2077 2735 2257 2803 τιμὴν
2285 2736 2391 2825 τοῦ
2427 2739 2748 2825 προσώπου
2779 2757 2921 2807 σου,
2957 2746 3054 2798 καί
3088 2746 3238 2821 [464]
3257 2750 3453 2806 πάντα
3486 2735 3740 2825 ἀλήθευζ

2078 2836 2195 2909 σο]ρ
2206 2838 2229 2909 ς
2265 2823 2435 2909 Ὑπὲρ
2456 2820 2530 2878 ὧν
2550 2826 2617 2880 δι’
2632 2826 2850 2897 ἄγνοιαν
2870 2832 3201 2906 ἐπεχείρησα
3221 2820 3465 2909 γαμετήν
3487 2858 3547 2894 σε
3575 2820 3634 2897 οὗ
3643 2861 3741 2897 σαν

2077 2906 2173 2961 τοῦ
2199 2908 2407 2965 δικαίου
2443 2912 2523 2976 εἰς
2556 2912 2653 2983 τὴν
2683 2914 2857 2969 οἰκίαν
2878 2916 2978 2988 τὴν
3006 2919 3144 2991 ἐμὴν
3181 2906 3432 2991 ἀγαγεῖν,
3452 2927 3588 2998 ὑπὲρ
3618 2929 3743 2982 τού-

2077 3012 2172 3049 του
2200 2998 2384 3088 μόνου,
2415 3000 2600 3088 ἐπειδὴ
2628 3000 2837 3075 ὕϐρεώς
2858 3022 2945 3060 σοι
2962 3008 3131 3073 αἴτιος
3152 3012 3367 3080 γέγονα,
3388 3016 3457 3070 τά
3488 3017 3633 3088 χίλια
3657 3021 3741 3074 δέ-

2253 3083 2542 3175 δίδραχμα,
2561 3087 2877 3160 θεραπεύων
2897 3095 2965 3148 τά
2988 3097 3121 3167 παρ’
3138 3098 3274 3167 ἐμοῦ
3295 3082 3635 3175 γεγενημένα
3660 3110 3740 3172 εἰς

2081 3168 2162 3222 σέ.
2195 3170 2353 3225 Ἀλλὰ
2376 3171 2580 3229 Πάντα
2607 3176 2970 3243 ἁλήθευσον.
3001 3182 3065 3234 Τί
3093 3185 3233 3250 ἐστι,
3261 3168 3742 3258 adﬂate-1.112081);

2080 3270 2230 3322 σον;
2251 3258 2479 3325 Πάντες,
2511 3262 2665 3333 φησὶ,
2693 3268 2844 3335 παρά
2878 3267 2972 3322 σοῦ
3001 3270 3441 3341 μανθανέτωσαν,
3480 3280 3560 3334 ὄτι
3588 3283 3739 3338 οὐδὲν

2079 3344 2269 3436 γέγονε
2302 3349 2597 3436 παρ’ἐμοῦ
2639 3353 2973 3423 παράνομον,
2993 3357 3075 3410 ὅτι
3110 3358 3387 3431 ἀνέπαφος
3421 3366 3642 3436 ἐξῆλθες
3675 3371 3741 3425 ἐκ

2078 3431 2179 3523 τῆς
2196 3433 2379 3523 Δοἰκείοις
2404 3435 2503 3523 τῆς
2538 3437 2701 3508 ἐμῆς.
2727 3439 2966 3508 Δίδαξον,
3003 3445 3157 3515 φησὶ,
3183 3447 3276 3502 τὸν
3302 3449 3471 3523 ἄνδρα
3497 3431 3586 3509 τὸν
3625 3431 3736 3522 σὺν,

2077 3518 2357 3610 Δἀθῷός
2389 3521 2505 3591 εἰμι
2542 3523 2638 3594 τῆς
2664 3525 2955 3598 ἁμαρτίας·
2993 3530 3310 3600 μανθανέτω
3342 3518 3491 3610 παρά
3516 3543 3631 3607 σοῦ,

2078 3605 2228 3659 οὐδὲν
2252 3606 2537 3677 εἴργασταί
2563 3628 2672 3680 μοι.
2701 3614 2855 3679 Τίνος
2887 3616 2944 3669 δὲ
2971 3618 3155 3675 ἐνεκεν
3185 3622 3356 3677 ταῦτά
3387 3605 3581 3697 φησιν;
3618 3605 3733 3687 Ἵνα

2081 3692 2266 3762 μαθὼν
2317 3698 2445 3767 παρ’
2483 3697 2652 3767 αὐτῆς
2686 3701 2715 3753 6
2754 3700 2961 3766 δίκαιος
3005 3706 3100 3758 καὶ
3155 3692 3588 3783 πληροφορηθεὶς
3637 3718 3733 3782 τὰς

2080 3780 2221 3852 ὑπὲρ
2242 3782 2413 3877 αὑτοῦ
2461 3787 2768 3856 προσευχὰς
2809 3790 3072 3877 ἀνενέγκη
3100 3793 3181 3877 γτῷ
3215 3780 3473 3871 Δεσπότῃ.
3522 3780 3737 3877 Ἐπειδή

2077 3867 2149 3955 γά
2158 3884 2187 3937 ρ
2213 3864 2365 3926 εἷπεν
2386 3873 2608 3937 ἐκεῖνος,
2639 3873 2720 3925 ὅτι
2748 3872 2946 3929 Πάντα
2957 3864 3735 3955 ἀλήθευσον,ἀντῖτοῦ,Δίδαί

2080 3948 2167 4046 ἑόν
2194 3969 2287 4046 σου
2329 3954 2418 4007 τὸν
2438 3955 2618 4046 ,ἄνδρα
2648 3957 3113 4046 ἰὰ-γεγενημένα,
3152 3964 3350 4030 ευθέως
3384 3948 3664 4041 ἐπήγαγεν
3698 3974 3747 4046 ή,

2078 4033 2291 4105 Γραφήο
2344 4038 2453 4091 Καὶ
2508 4039 2893 4108 προσηύξατο
2934 4044 3188 4116 Ἀϐραὰμ
3222 4048 3373 4117 πρὸς
3419 4033 3528 4106 τόν
3561 4033 3731 4121 Θεὸν,

2078 4121 2177 4175 καί
2217 4121 2426 4177 ἰάσατο
2455 4127 2489 4178 ό
2523 4123 2666 4193 Θεὸς
2694 4128 2802 4181 τὸν
2844 4128 3160 4201 Ἀϐιμέλεχ,
3199 4134 3298 4190 καὶ
3336 4136 3453 4205 τὴν
3479 4141 3744 4209 γυναῖκα,

2075 4212 2281 4277 αὑτοῦ,
2316 4213 2412 4267 καί
2458 4214 2564 4280 τὰς
2604 4214 2926 4283 παιδίσκας
2962 4221 3167 4286 αὑτοῦ,
3197 4223 3298 4277 καί
3343 4225 3599 4285 ἔτικτον·
3643 4232 3739 4287 ὅτι

2076 4299 2415 4368 συγκλείων
2460 4300 2857 4359 συνέκλεισεν
2912 4306 3135 4372 ἔξωθεν
3168 4308 3375 4365 πᾶσαν
3403 4316 3639 4383 μήτραν
3664 4319 3733 4372 ἐν

2074 4385 2155 4453 τῷ
2182 4387 2325 4454 οἴκῳ
2359 4386 2464 4441 τοῦ
2501 4388 2795 4460 Ἀϐιμέλεχ
2821 4392 3032 4447 ἕνεκεν
3056 4394 3289 4465 Σάρρας
3316 4398 3425 4468 τῆς
3450 4405 3735 4470 γυναικὸς

2087 4472 2350 4541 Ἀϐραάμ.
2385 4474 2526 4542 Ὅρα
2556 4474 2673 4538 πῶς
2692 4477 2781 4530 διὰ
2807 4478 3022 4533 πάντων
3050 4483 3511 4555 περιφανέστερον,
3533 4489 3624 4541 τὸν
3649 4490 3729 4542 δίς)-

2074 4571 2225 4608 καιον
2256 4555 2475 4625 ποιῆσαι
2505 4556 2827 4629 βουλόμενος
2861 4563 2890 4614 6
2919 4564 3217 4634 Δεσπότης,
3246 4569 3367 4629 ταῖς
3407 4576 3733 4643 προσευχαῖς

2073 4642 2166 4695 τοῦ
2194 4644 2528 4713 πατριάρχου
2552 4645 2651 4715 τὴν
2680 4646 2951 4716 σωτηρίαν
2986 4647 3079 4701 τοῦ
3104 4648 3367 4719 βασιλέως
3395 4656 3488 4707 καὶ
3514 4657 3729 4711 πάντων

2072 4728 2180 4781 τῶν
2221 4730 2279 4781 ἐν
2320 4728 2398 4799 τῷ
2446 4727 2578 4800 οἴκῳ
2603 4731 2766 4783 αὐτοῦ
2801 4731 3105 4803 χαρίζεται.
3149 4738 3543 4805 Προσηύξατο
3598 4744 3727 4811 γὰρ,

2073 4813 2256 4894 φησὶν,
2296 4814 2547 4894 Ἀϐραὰμ
2590 4815 2741 4882 πρὸς
2782 4817 2889 4870 τὸν
2930 4818 3095 4882 Θεὸν,
3126 4820 3224 4872 καί
3269 4823 3478 4878 ἰάσατο
3508 4830 3542 4880 ό
3587 4828 3731 4894 Θεὸς

2072 4894 2177 4945 τὸν
2231 4893 2548 4963 Ἀϐιμέλεχ,
2605 4894 2704 4947 καὶ
2752 4897 2867 4962 τὴν
2928 4897 3182 4966 γυναῖκα
3236 4902 3440 4967 αὐτοῦ,
3486 4905 3581 4958 καί
3624 4893 3730 4974 τὰς

2071 4978 2392 5045 παιδίσκας
2420 4980 2625 5041 αὑτοῦ,
2663 4980 2764 5033 καί
2805 4981 3057 5036 ἔτικτον
3096 4985 3184 5038 ὅτι
3217 4992 3553 5056 συγ-κλείων
3582 5010 3728 5048 συν-

2070 5061 2307 5115 έκλεισε
2345 5064 2558 5129 Κύριος
2607 5061 2829 5127 ἔξωθεν
2875 5063 3080 5119 πᾶσαν
3113 5068 3348 5138 μήτραν
3379 5074 3448 5126 ἐν
3475 5073 3555 5141 τῷ
3586 5078 3729 5143 οἴκῳ

2069 5144 2175 5197 τοῦ
2215 5143 2538 5212 Ἀϐιμέλεχ.
2568 5143 2665 5197 Διά
2705 5144 2880 5212 τοῦτο,
2921 5148 3095 5202 καίτοι
3138 5151 3235 5221 τῆς
3275 5152 3544 5224 ἁμαρτίας
3568 5158 3727 5222 ἐκτὸς

2068 5231 2357 5299 γενομένου
2382 5228 2476 5281 τοῦ
2500 5230 2779 5299 βασιλέως,
2802 5232 2903 5304 τὴν
2933 5236 3201 5306 τιμωρίαν
3224 5240 3425 5308 ταύτην
3454 5240 3603 5311 αὐτῷ
3628 5245 3725 5294 ἐπ-

2068 5316 2274 5386 ήγαγεν
2324 5316 2353 5367 6
2399 5316 2601 5384 ἀγαθὸς
2651 5320 2947 5390 Δεσπότης,
2981 5321 3067 5374 ἵνα
3110 5325 3230 5385 ταῖς
3264 5328 3590 5394 προσευχαῖς
3628 5330 3722 5381 τοῦ

2065 5402 2272 5455 δικαίου
2306 5404 2615 5469 ἐπινεύσας,
2644 5404 2787 5459 οὕτω
2817 5408 2916 5478 τὴν
2946 5398 3105 5461 λύσιν
3124 5410 3395 5484 ἐπαγάγῃ,
3435 5414 3526 5467 καὶ
3565 5431 3722 5485 περι-

2067 5489 2396 5559 φανέστερον
2429 5491 2524 5544 καὶ
2561 5490 2935 5565 λαμπρότερον
2973 5496 3064 5548 τὸν
3088 5494 3292 5549 δίκαιον
3321 5498 3719 5571 ἀπεργάσηται.

2066 5574 2250 5629 Πάντα
2294 5575 2400 5646 γὰρ
2446 5577 2534 5630 ἀεὶ
2580 5582 2723 5631 ποιεῖ
2766 5582 2861 5634 καὶ
2901 5582 3366 5653 πραγματεύεται,
3420 5587 3512 5639 καὶ
3552 5588 3723 5655 οὕτως

2064 5662 2291 5716 ἕκαστον
2313 5665 2598 5735 οἰκονομεῖ,
2619 5665 2757 5718 ὥστε
2778 5668 2901 5730 τοὺς
2924 5668 3069 5738 αύτῷ
3088 5668 3452 5737 δουλεύοντας,
3477 5674 3723 5747 καθάπερ

2069 5749 2379 5819 φωστῆρας,
2436 5749 2578 5803 οὕτω
2621 5753 2965 5821 διαλάμπειν,
3000 5756 3093 5809 καὶ
3137 5757 3235 5827 τὴν
3278 5758 3481 5811 τούτων
3524 5762 3725 5832 ἀρετὴν

2065 5836 2339 5906 πανταχοῦ
2361 5838 2657 5908 κατάδηλον
2687 5840 2949 5907 γίνεσθαι.
2980 5844 3085 5895 Καὶ
3113 5844 3211 5914 ὅρα
3243 5863 3331 5915 μοι
3358 5844 3560 5911 λοιπὸν,
3585 5848 3721 5913 ἀγα-

2123 5920 2165 5995 b‘
2180 5923 2297 5993 P03}
2318 5922 2403 5971 τοῦ
2429 5926 2687 5996 προσώπου
2711 5941 2817 5996 σου,
2841 5929 2893 5974 in
2933 5917 3306 5996 Bibliislcg'lmr
3326 5932 3403 5979 καὶ
3427 5932 3599 5985 πάσαις
3620 5931 3719 5988 ταῖς

2061 5984 2178 6047 μετὰ
2204 5983 2310 6041 σοῦ,
2328 5993 2371 6036 ει
2394 5983 2607 6035 onmibm
2633 5992 2904 6049 ιιιιωιιϊιωι
2922 5996 3049 6038 sum.
