4150 6276
392 355 492 410 ωιί

395 478 554 546 πητέ,
609 472 745 546 μετά
783 471 881 542 τὴν
915 468 1022 522 τῶν
1068 466 1328 538 λυπηρῶν
1359 463 1702 534 ἀπαλλαγὴν,
1755 461 1871 524 πῶς
1900 458 2062 546 πάλιν

394 545 697 632 διαδέχεται
759 559 849 612 τὸν
888 558 1090 610 δίκαιον
1127 557 1162 624 ἡ
1191 552 1420 622 κορωνὶς
1463 550 1571 603 τῶν
1613 547 1852 616 ἀγαθῶν,
1892 547 1927 617 ἡ
1965 545 2064 615 τῆς

396 649 722 716 ἐπαγγελίας
753 645 1064 714 ὑπόσχεσις,
1093 641 1286 702 καὶείς
1307 639 1466 710 ἔργον
1493 635 1680 696 λοιπὸν
1697 633 1843 704 ἐξῄει
1871 633 1939 685 τὰ
1967 632 2063 686 πά.⁴
2102 692 2115 707 η

395 739 486 792 λιι
520 737 672 807 παρὰ
715 734 808 787 τοῦ
856 730 990 786 Θεοῦ
1031 728 1436 797 ἐπαγγελθέντα
1471 724 1641 791 αὐτῷ.
1681 722 1807 807 Καί-
1824 722 2062 807 Κύριος,

398 805 615 896 φησὶν(
648 821 1027 888 ἐπεσκέψατο
1083 816 1197 885 τὴν
1244 813 1502 882 Σάρραν,
1554 811 1708 867 καθὰ
1758 805 1908 870 εἷπε,
1952 805 2062 896 καί

397 895 653 981 ἐποίησε
690 908 762 977 τῇ
792 905 1184 975 Σάῤῥᾳ,’καθὰ
1204 900 1490 967 ἐλάλησε.
1517 898 1627 954 Καὶ
1662 895 2064 981 συλλαϐοῦσα

397 980 568 1053 ἔτεκεν
586 995 784 1064 Σάρρα
815 991 896 1058 τῷ
937 989 1183 1059 Ἀϐραὰμ
1216 981 1349 1042 υἱὸν
1375 990 1465 1052 εὶς
1497 986 1564 1039 τὸ
1591 984 1800 1054 γῆρας,
1830 985 1917 1046 είς
1954 980 2062 1034 τὸν

397 1083 624 1152 καιρὸν,
655 1080 809 1138 καθὰ
830 1079 1139 1146 ἐλάλησεν
1165 1074 1323 1139 αὐτῷ
1357 1071 1594 1141 Κύριος.
1626 1070 1690 1123 Τί
1727 1070 1864 1131 ἐστι,
1897 1068 2063 1122 Καθὰ

395 1169 680 1238 ἐλάλησε,
713 1169 828 1231 καὶ,
860 1166 1023 1221 Καθὰ
1049 1161 1213 1227 elus;
1249 1160 1536 1229 Καθάπερ,
1563 1159 1745 1229 φησὶν,
1772 1156 2058 1225 ὑπέσχετο,

395 1261 556 1331 ἡνίκα
595 1256 900 1326 ἐπεξενώθη
950 1254 1089 1325 μετά
1129 1252 1234 1305 τῶν
1279 1251 1526 1319 ἀγγέλων
1558 1251 1638 1312 εἰς
1665 1247 1763 1317 τὴν
1804 1245 1934 1316 δρῦν
1959 1246 2058 1316 τήν

392 1348 662 1420 Μαμϐρῆ,
700 1343 934 1416 εἰρηκὼς
959 1343 1042 1395 ὅτι
1071 1343 1176 1405 Είς
1194 1339 1302 1392 τὸν
1324 1336 1533 1404 καιρὸν
1568 1335 1780 1390 τοῦτον
1809 1333 2060 1388 ἐλεύσοέ

388 1453 514 1504 μαι,
550 1434 649 1489 καί
673 1434 843 1487 ἔσται
869 1431 942 1498 τῇ
968 1429 1167 1498 Σάρρᾳ
1194 1429 1342 1492 υἱός.
1374 1426 1558 1479 Ταῦτα
1584 1421 1762 1477 τοίνυν
1797 1422 1876 1483 εἰς
1901 1420 2060 1492 ἔργον

392 1524 604 1595 ἐξῆλθε,
629 1522 724 1576 καὶ
742 1523 809 1573 τὰ
833 1522 898 1589 τῇ
922 1518 1080 1588 φύσει
1102 1513 1543 1585 ἀπηγορευμένα,
1567 1512 1741 1567 ταῦτα
1766 1512 1953 1583 ἐώρων
1981 1513 2060 1574 εἰς

392 1613 552 1684 ἔργον
575 1609 930 1680 ἐκϐεϐηκότα,
949 1607 1008 1660 οὐ
1034 1605 1175 1659 κατά
1203 1603 1549 1674 ἀνθρωπίνην
1565 1601 1904 1664 ἀκολουθίαν,
1925 1599 2061 1654 ἀλλά

393 1701 534 1754 κατά
566 1699 712 1752 θείαν
741 1697 921 1768 χάριν.
945 1695 1055 1749 Kal
1077 1691 1332 1746 ἐκάλεσε
1355 1690 1422 1744 τὸ
1453 1691 1639 1759 ὄνομα
1661 1688 1768 1743 τοῦ
1790 1688 1924 1743 υἱοῦ
1954 1689 2060 1742 αὺ-

392 1788 520 1851 τοῦ,
545 1785 617 1840 ὃν
632 1786 835 1840 ἔτεκεν
849 1779 1007 1846 αὑτῷ
1027 1779 1244 1848 Σάρρα,
1271 1776 1494 1832 Ἰσαάκ.
1519 1777 1628 1847 Οὐχ
1645 1775 1832 1839 ἁπλῶς
1861 1778 2061 1845 ἐπεση-

395 1878 602 1948 μήνατο
629 1874 663 1944 ἡ
689 1871 810 1924 θεία
845 1869 1035 1941 Γραφὴ
1065 1867 1147 1932 τὸ,
1179 1868 1289 1919 Ὃν
1312 1865 1518 1918 ἔτεκεν
1549 1863 1709 1928 αὐτῷ
1745 1861 1960 1931 Σάρρα·
1998 1861 2058 1948 οὑ

391 1947 501 2036 γὰρ
534 1958 684 2016 εἶπεν
713 1955 860 2031 [465]
891 1954 1096 2020 ἁπλῶς,
1136 1951 1426 2008 Ἐκάλεσε
1452 1950 1542 2015 ,τὸ
1575 1950 1763 2019 ὄνομα
1791 1949 1899 2003 τοῦ
1925 1947 2060 2003 υἱοῦ

390 2051 598 2114 αὑτοῦ,
649 2046 787 2103 ἀλλὰ
824 2043 1182 2116 προσέθηκεν,
1227 2043 1336 2094 Ὃν
1385 2039 1593 2093 ἔτεκεν
1627 2037 1789 2103 αὐτῷ
1841 2036 2057 2106 Σάρρα,

392 2138 535 2194 τοῦτ’
567 2136 712 2190 ἔστιν
729 2136 763 2206 ὴ
793 2135 1001 2204 στεῖρα,
1025 2132 1060 2201 ἡ
1089 2129 1302 2198 ἄγονος,
1329 2129 1363 2198 ἡ
1389 2128 1747 2197 γεγηρακυῖα.
1769 2125 1878 2182 Kal
1902 2141 2062 2194 περι-

389 2227 595 2297 έτεμεν
622 2223 829 2288 αὐτὸν,
863 2219 1016 2292 φησὶ,
1054 2216 1129 2285 τῇ
1156 2215 1345 2285 ἡμέρᾳ
1366 2215 1440 2284 τῇ
1461 2213 1640 2284 ὀγδόῃ
1672 2214 1825 2268 καθὰ
1851 2213 2061 2268 ἐνετεί-

389 2319 537 2370 λατο
559 2307 956 2381 Κύριος.οὖτω
977 2304 1086 2375 γὰρ
1105 2299 1173 2373 ἦν
1199 2301 1610 2372 διαταξάμενος,
1628 2301 1770 2354 ὥστε
1789 2304 1854 2372 τῇ
1876 2301 2059 2372 ἡμέρα

389 2402 457 2473 τῇ
493 2400 654 2472 ὀγδόῃ
688 2392 1115 2468 περιτέμνεσθαι
1139 2389 1324 2443 λοιπὸν
1362 2389 1429 2442 τὰ
1457 2388 1768 2458 τικτόμενα.
1808 2382 1941 2440 Εἶτα
1973 2387 2058 2438 ἴνα

398 2489 662 2561 μάθωμεν
682 2483 868 2538 λοιπὸν
893 2482 994 2553 τὴν
1019 2480 1226 2548 ἄφατον
1240 2476 1465 2546 δύναμιν
1481 2474 1575 2528 τοῦ
1591 2474 1747 2539 Θεοῦ,
1772 2474 1853 2527 ὅτι
1883 2473 1978 2527 καὶ
1991 2473 2061 2527 τὰ

393 2579 546 2650 παρά
572 2574 880 2645 ἀνθρώποις
911 2571 1150 2625 ἀδύνατα
1179 2566 1310 2638 παρ’
1340 2565 1489 2637 αὑτῷ
1527 2564 1750 2632 δυνατὰ,
1782 2564 1872 2620 διὰ
1902 2564 2061 2619 τοῦτο

391 2668 487 2720 καὶ
513 2665 605 2718 τὸν
631 2661 822 2733 χρόνον
850 2662 984 2730 ἡμῖν
1005 2656 1166 2710 πάλιν
1189 2652 1606 2724 ἐπισημαίνεται
1631 2655 1665 2724 ἠ
1699 2652 1821 2707 θεία
1847 2653 2057 2724 Γραφὴ,

392 2754 487 2808 καὶ
520 2751 657 2822 μετά
685 2749 777 2802 τὸν
799 2747 958 2800 τόκον
983 2743 1222 2798 διδάσκει
1246 2743 1396 2813 ἡμᾶς
1422 2741 1674 2810 λέγουσα.
1718 2741 1974 2810 Ἀϐραὰμ
1993 2740 2062 2794 δὲ

393 2839 472 2902 ἦν
506 2839 656 2894 ἐτῶν
689 2835 924 2898 ἑκατὸν,
952 2832 1136 2901 ἡνίκα
1175 2829 1412 2899 ἐγένετο
1444 2826 1605 2893 αὐτῷ
1645 2828 1842 2882 Ἰσαὰκ
1869 2831 1903 2881 ό
1930 2831 2061 2895 υίὸς

391 2926 600 2985 αὑτοῦ.
629 2921 778 2980 Εἷπε
799 2921 868 2975 δὲ
905 2918 1123 2989 Σάρρα·
1159 2915 1401 2972 Γέλωτιί
1428 2932 1532 2985 μοι
1559 2915 1849 2982 ἐποίησεν
1874 2918 1908 2969 ό
1939 2916 2060 2970 Κύ-

388 3029 536 3087 ριος·
567 3014 638 3080 ὃς
688 3011 798 3082 γὰρ
840 3008 918 3063 ἃν
957 3007 1216 3074 ἀκούσῃ,
1251 3002 1641 3073 σύγχαρεῒται
1672 3009 1795 3072 μοις
1827 3002 1893 3056 Τί
1919 3004 2056 3066 ἐστι,

391 3099 637 3159 Γέλωτά
657 3115 758 3170 μοι
780 3096 1070 3164 ἐποίησεν
1091 3096 1124 3148 ό
1147 3093 1364 3160 Κύριος
1378 3106 1398 3155 ;
1427 3089 1781 3161 Εὑφροσύνης
1807 3089 2061 3169 ὑπόθεσίς

394 3208 486 3262 μοι
513 3191 542 3244 ὁ
564 3187 721 3251 τόκος
748 3185 914 3240 ἐστίν.
943 3183 1056 3238 Καὶ
1081 3181 1134 3234 τί
1162 3179 1491 3251 θαυμαστὸν,
1526 3179 1574 3231 εἰ
1605 3178 1762 3248 ἐμοί;
1794 3179 1901 3231 Καὶ
1927 3177 2062 3231 πάν-

390 3293 490 3340 τας
518 3278 645 3338 τοὺς
675 3271 972 3332 ἀκούοντας
1003 3266 1398 3338 συνηδομένους
1424 3264 1552 3329 ἐξω,
1582 3265 1687 3318 οὑκ
1719 3264 1906 3336 ἐπειδὴ
1948 3263 2063 3316 ἐτε-

391 3381 508 3428 κον,
546 3361 662 3415 ἀλλ’
684 3359 871 3428 ἐπειδὴ
895 3355 1065 3416 οὕτως
1091 3355 1295 3408 ἔτεκον.
1328 3353 1401 3406 Τὸ
1440 3350 1742 3422 παράδοξον
1778 3352 1873 3405 τοῦ
1905 3369 2064 3420 γεγε-

391 3451 629 3523 νημένου
659 3447 868 3508 πάντας
902 3443 982 3506 εἰς
1003 3440 1187 3512 θαῦμα
1213 3440 1564 3512 καταστήσει,
1598 3441 1691 3494 καὶ
1711 3439 1932 3493 πλείονα
1957 3441 2063 3493 πᾶ-

393 3559 447 3594 σι
481 3535 707 3608 παρέξει
736 3534 836 3604 τὴν
875 3530 1089 3602 ἡδονὴν,
1134 3530 1262 3582 ὅταν
1315 3527 1576 3600 μάθωσιν,
1610 3528 1692 3581 ὄτι
1732 3527 1843 3596 ἐγὼ
1872 3530 1906 3598 ἡ
1951 3529 2062 3582 τῶν

393 3622 603 3697 νεκρῶν
626 3621 777 3675 οὑδέν
794 3619 1029 3688 ἄμεινον
1058 3613 1394 3686 διακειμένη,
1416 3613 1610 3684 ἀθρόον
1632 3615 1814 3693 μήτηρ
1841 3615 2061 3684 γέγονα,

395 3713 491 3766 καὶ
527 3709 636 3764 ἀπὸ
656 3703 1075 3775 κατεψυγμένης
1112 3702 1322 3773 μήτρας
1355 3700 1564 3754 παιδίον
1592 3700 1796 3765 ἔτεκον,
1827 3701 1921 3755 καὶ
1955 3703 2062 3775 μὴν

395 3800 648 3872 θηλάζειν
673 3795 928 3864 δύναμαι,
957 3791 1053 3845 καὶ
1083 3789 1266 3864 πηγὰς
1289 3789 1559 3860 γάλακτος
1584 3791 1802 3860 ἀφιέναι
1835 3792 1869 3862 ἡ
1904 3791 2064 3862 μηδε-

400 3891 528 3960 μίαν
563 3883 751 3940 ἐλπίδα
787 3881 972 3936 λοιπὸν
996 3878 1344 3948 τεκνογονίας
1379 3878 1597 3948 ἔχουσα.
1623 3879 1734 3932 Kal
1773 3875 1922 3933 εἴπεο
1964 3879 2064 3947 Τίς

395 3971 718 4043 ἀναγγελεῖ
730 3968 810 4036 τῷ
838 3968 1102 4036 Ἀϐραὰμ,
1132 3965 1220 4020 ὅτι
1241 3963 1475 4034 θηλάζει
1494 3965 1558 4018 τὸ
1579 3965 1822 4020 παιδίον
1835 3965 2032 4036 Σάρρα
2043 3984 2062 4033 ;

395 4061 492 4116 Διά
518 4063 630 4131 γὰρ
660 4059 819 4112 τοῦτο
857 4056 950 4110 καὶ
991 4055 1086 4108 τοῦ
1111 4053 1380 4119 γάλακτος
1413 4053 1469 4104 αί
1514 4055 1687 4124 πηγαὶ
1721 4055 2065 4126 παρεσχέθη-

398 4169 520 4213 σαν,
551 4149 638 4202 ἴνα
667 4147 757 4200 τὸν
784 4145 941 4197 τόκον
974 4139 1375 4203 πιστώσωνται,
1413 4137 1505 4192 καὶ
1551 4141 1625 4210 μή
1656 4158 1738 4202 τις
1762 4142 2064 4214 ὑπόϐλητον

395 4235 534 4292 εἶναι
560 4233 755 4306 νομίσῃ
785 4231 846 4283 τὸ
873 4230 1102 4283 παιδίον·
1141 4228 1196 4279 αἱ
1218 4227 1327 4296 γὰρ
1354 4227 1528 4295 πηγαὶ
1551 4225 1643 4279 τοῦ
1671 4227 1938 4296 γάλακτος
1958 4232 2064 4281 πᾶ-

398 4342 483 4378 σιν
514 4323 810 4393 ἐκήρυττον
845 4315 995 4384 παρά
1028 4316 1208 4367 πᾶσαν
1240 4312 1584 4384 ἀνθρωπίνην
1633 4315 1957 4384 προσδοκίαν
1987 4313 2065 4370 εἷο

397 4429 485 4466 ναι
543 4409 606 4462 τὸ
661 4402 1044 4476 γεγενημένον.
1104 4401 1198 4466 Τίς
1261 4400 1607 4470 ἀναγγελεῖ,
1673 4400 1766 4454 ὅτι
1828 4402 2063 4470 θηλάζει

397 4495 639 4551 παιδίον
690 4491 926 4560 Σάρρα;
975 4489 1064 4542 ὅτι
1121 4487 1330 4540 ἔτεκον
1384 4487 1518 4540 υἱὸν
1570 4488 1640 4542 ἐν
1702 4486 1856 4558 γήρᾳ
1909 4506 2062 4558 you;

394 4589 477 4640 ὅτι
523 4582 634 4652 ἐγὼ
673 4582 707 4653 ἡ
737 4579 1076 4651 γεγηρακυῖα
1106 4578 1284 4629 τεκεῖν
1331 4575 1616 4648 ηδυνήθην,
1653 4577 1746 4630 καὶ
1791 4579 1850 4630 ἐν
1877 4577 2064 4651 ἡλικίᾳ

397 4672 619 4746 τοιαύτῃ
661 4667 872 4724 παιδίον
911 4665 1132 4740 τρέφειν
1159 4664 1427 4735 δύναμαι;
1472 4664 1581 4718 Kal
1614 4664 1870 4732 ηὐξήθη,
1909 4666 2060 4736 φησί,

396 4761 462 4814 τὸ
532 4758 795 4820 παιδίον,
857 4755 954 4810 καί
1013 4751 1528 4821 ἀπεγαλακτίσθη.
1587 4750 1696 4804 Kal
1771 4750 2065 4819 ἐποίησεν

408 4849 654 4916 Ἀϐραὰμ
679 4843 872 4912 δοχὴν
903 4839 1196 4912 μεγάλην,
1225 4833 1266 4910 ᾖ
1289 4837 1477 4908 ἡμέρᾳ
1501 4837 1992 4905 ἀπεγαλακτίσθη
2032 4841 2064 4893 ὁ

397 4936 525 5001 υἱὸς
548 4931 756 4987 αὐτοῦ.

467 5029 530 5086 ς’.
555 5017 707 5082 Εἶδες
729 5017 824 5071 τοῦ
840 5016 974 5070 Θεοῦ
996 5017 1094 5088 τὴν
1119 5015 1321 5085 ἄφατον
1345 5015 1556 5084 σοφίαν,
1571 5015 1720 5077 ὅπως
1738 5013 1826 5068 διὰ
1848 5013 2063 5068 πάντων

397 5113 495 5180 τὴν
539 5105 817 5178 ὑπομονὴν
860 5104 955 5157 τοῦ
990 5103 1200 5157 δικαίου
1233 5103 1546 5172 βασανίσας,
1582 5103 1671 5156 ὅτε
1699 5103 2063 5174 ἀπαγορεύειν

397 5197 543 5263 εδοξε
576 5195 671 5248 καὶ
705 5192 868 5255 αὑτὸς
901 5192 995 5244 καὶ
1040 5190 1240 5254 πάντες
1285 5191 1336 5243 οί
1382 5193 1462 5254 είς
1500 5191 1662 5244 αὑτὸν
1706 5191 1960 5262 ὁρῶντες,
1992 5195 2058 5262 τῇ

397 5282 718 5355 ἀνθρωπεία
753 5280 914 5350 φύσει
961 5276 1507 5340 κατακολουθοῦντες,
1539 5278 1661 5331 τότε
1706 5277 1806 5349 τὴν
1855 5279 2061 5334 οἰκείαν

397 5373 692 5444 ὑπόσχεσιν
720 5371 800 5433 εἰς
822 5367 981 5437 ἔργον
1004 5367 1210 5437 ἧγαγε;
1233 5365 1344 5419 Καὶ
1366 5367 1528 5435 ἡμεῖς
1551 5365 1749 5432 τοίνυν,
1767 5368 2061 5438 ἀγαπητοὶ,

396 5464 495 5533 τὴν
548 5461 718 5531 αὐτὴν
751 5457 828 5528 τῷ
875 5455 1070 5525 δικαίῳ
1114 5453 1392 5524 ὑπομονὴν
1436 5452 1920 5525 ἐπιδεικνυώμεθα,
1970 5457 2064 5509 καί

400 5548 668 5620 μηδέποτε
695 5544 1008 5618 ναρκῶμεν,
1040 5539 1174 5596 ἀλλὰ
1197 5543 1318 5604 ταῖς
1343 5543 1606 5612 χρησταῖς
1643 5542 1824 5595 ἐλπίσι
1855 5543 2066 5613 τρεφώ-

401 5637 560 5705 μεθα,
589 5634 791 5696 εἰδότες
817 5633 899 5686 ὅτι
929 5629 1053 5685 οὔτε
1078 5629 1334 5683 δυσκολία
1351 5627 1712 5700 πραγμάτων,
1729 5627 1852 5682 οὔτε
1880 5628 2064 5697 ἐτερόν

397 5742 448 5778 τι
480 5721 588 5774 τῶν
619 5720 972 5790 ἀνθρωπίνων
1003 5719 1182 5772 ἰκανὸν
1216 5716 1445 5789 κώλυμα
1461 5718 1590 5788 ἡμῖν
1620 5716 1894 5786 γενέσθαι,
1917 5719 2064 5770 ἐπει.

397 5812 492 5864 δαν
527 5812 558 5880 ἡ
594 5808 688 5862 τοῦ
719 5808 853 5861 Θεοῦ
885 5809 1039 5878 χάρις
1073 5805 1169 5876 τὴν
1199 5805 1405 5860 οἰκείαν
1438 5805 1748 5876 φιλοτιμίαν
1791 5804 2063 5872 ἐπιδείξα-

401 5900 520 5953 081:
555 5896 808 5970 βουληθῇ.
842 5897 1011 5950 Ὅταν
1033 5895 1139 5966 γὰρ
1170 5897 1372 5961 ἐκεῖνος
1398 5889 1584 5964 νεύσῃ,
1613 5893 1784 5947 πάντα
1811 5893 1944 5946 εἴκει
1971 5897 2061 5948 καὶ

1147 347 1206 404 S.
1250 345 1531 404 JOANNIS
1566 341 2051 402 CIIBYSOSTUMI
2100 339 2420 395 ARCHIEP.
2461 339 3006 396 CONSTANTINOP.

3721 343 3831 399 $2!

2169 459 2507 528 παραχωρεῖ,
2539 457 2632 510 καὶ
2662 457 2732 511 τὰ
2753 456 2986 511 δύσκολα
3016 456 3213 512 εὔκολα
3243 459 3470 528 γίνεται,
3489 459 3584 514 καὶ
3603 459 3673 513 τὰ
3697 460 3828 513 ἁδύ-

2163 562 2296 598 νατα
2338 546 2571 600 δυνατά⁶
2606 547 2766 616 μόνον
2800 547 2896 600 ἐὰν
2929 549 3088 618 ἡμεῖς
3144 547 3379 618 στερρὰν
3403 547 3502 620 τὴν
3545 549 3626 610 είς
3669 551 3831 605 αὐτὸν

2164 634 2346 685 πίστιν
2375 632 2862 703 ἐπιδεικνυώμεθα,
2891 634 2984 687 καὶ
3016 634 3154 705 πρὸς
3185 634 3246 688 τὸ
3275 634 3506 705 μέγεθος
3541 635 3706 690 αὑτοῦ
3731 639 3833 706 ἀφ-

2161 717 2416 790 ορῶντες,
2449 718 2710 791 ἀνώτεροι
2740 720 3019 791 γινώμεθα
3043 721 3149 774 τῶν
3171 721 3525 794 ἀνθρωπίνων
3551 725 3827 779 ἁπάντων.

2174 807 2231 859 '0
2263 805 2372 876 γὰρ
2411 806 2481 859 τὰ
2521 805 2786 875 μέλλοντα
2827 807 3010 875 ἀγαθά
3055 810 3150 861 καὶ
3187 808 3256 862 τὰ
3314 807 3602 880 ἀπόρρητα
3645 813 3830 865 ἐκεῖνα

2161 893 2528 968 ὑποσχόμενος
2555 895 2668 956 τοῖς
2699 895 2819 964 μετ’
2847 895 3050 966 ἀρετῆς
3100 896 3200 965 τὴν
3249 895 3485 951 ἐνταῦθα
3522 897 3667 969 ζωὴν
3707 899 3827 951 δια-

2161 980 2396 1047 νύουσιν,
2423 981 2483 1033 οὑ
2513 980 2691 1051 πολλῷ
2729 982 2927 1053 μᾶλλον
2960 984 3056 1037 καὶ
3087 984 3156 1038 τά
3185 984 3421 1049 ἐνταῦθα
3450 983 3696 1054 παρέξει,
3732 986 3829 1040 καὶ

2164 1065 2420 1136 μάλιστα,
2454 1064 2547 1118 ἐάν
2581 1066 2743 1136 ἡμεῖς
2784 1069 3006 1122 ἐκείνων
3053 1069 3350 1140 ἐφιέμενοι,
3386 1070 3491 1124 τῶν
3544 1070 3826 1141 παρόντων

2160 1153 2517 1226 ὑπερορῶμεν
2534 1169 2548 1218 ;
2569 1155 2720 1228 [466]
2735 1155 2867 1210 Τότε
2883 1155 2992 1225 γὰρ
3005 1156 3183 1210 αὑτῶν
3198 1156 3434 1226 μάλιστα
3446 1156 3827 1228 ἀπολαύσομεν

2161 1242 2300 1311 μετὰ
2313 1243 2614 1314 δαψιλείας,
2633 1246 2760 1299 ὅταν
2776 1244 2954 1298 αὐτῶν
2975 1244 3247 1316 ὑπεριδεῖν
3269 1243 3637 1314 βουληθῶμεν.
3661 1243 3826 1297 Ταῦτ’

2157 1324 2250 1383 οὖν
2274 1330 2474 1394 εἰδότες
2496 1342 2538 1399 ⁸,
2565 1333 2750 1386 ἐκεῖνα
2783 1331 3039 1402 ποθῶμεν
3065 1331 3134 1385 τά
3159 1331 3388 1402 μένοντα
3413 1331 3507 1384 καὶ
3536 1329 3828 1403 [ιι661ἀκί⁴

2157 1432 2293 1486 νητα
2315 1417 2516 1486 ἀγαθὰ,
2544 1418 2614 1472 τά
2637 1418 2786 1482 τέλος
2810 1419 2910 1472 οὑκ
2937 1419 3294 1488 ἐπιστάμενα,
3325 1418 3411 1470 ἵνα
3443 1418 3536 1470 καὶ
3564 1417 3654 1472 τὸν
3686 1435 3821 1489 παρ-

2157 1504 2286 1560 όντα
2340 1505 2452 1577 βίον
2513 1507 2731 1572 ἀλύπως
2791 1507 3159 1577 διανύσωμεν,
3219 1507 3484 1560 κάκείνων
3549 1507 3827 1575 ἐπιτυχεῖν

2161 1591 2500 1664 δυνηθῶμεν,
2522 1587 2596 1646 ὧν
2627 1594 2839 1663 γένοιτο
2867 1595 3075 1657 πάντας
3106 1595 3253 1664 ἡμᾶς
3281 1592 3606 1659 ἀπολαῦσαι,
3639 1591 3825 1663 χάριτι

2157 1680 2251 1732 καὶ
2283 1680 2664 1753 φιλανθρωπία
2706 1681 2800 1734 τοῦ
2847 1681 3052 1752 Κυρίου
3106 1681 3262 1752 ἡμῶν
3324 1681 3498 1752 Ἰησοῦ
3552 1678 3822 1750 Χριστοῦ,

2161 1766 2282 1836 μεθ’
2312 1761 2374 1820 οὑ
2407 1768 2485 1839 τῷ
2519 1769 2696 1840 Πατρὶ
2735 1771 2768 1840 ὴ
2799 1768 2947 1835 δόξα,
2983 1769 3099 1839 ἄμα
3123 1768 3200 1839 τῷ
3235 1767 3375 1838 ἀγίῳ
3402 1767 3700 1837 Πνεύματι,
3729 1764 3824 1819 νῦν

2158 1854 2253 1908 καὶ
2280 1855 2387 1919 ἀεὶ,
2422 1858 2517 1909 καὶ
2545 1858 2624 1920 εἰς
2649 1857 2774 1919 τοὺς
2805 1855 3007 1918 αἰῶνας
3030 1856 3137 1908 τῶν
3170 1853 3401 1910 αίώνων.
3421 1855 3612 1926 Ἀμήν.

2774 1943 3018 1996 OMIAIA
3061 1943 3214 2008 Μετ’.

2157 2028 2266 2085 Kal
2293 2025 2424 2083 εἷπε
2447 2030 2569 2098 Σάῤ

2564 2032 2646 2098 ipa
2668 2048 2682 2062 ο
2721 2031 2814 2096 Τίς
2849 2029 3173 2100 ἀναγγελεῖ
3190 2029 3270 2094 τῷ
3309 2029 3576 2099 Ἀϐραὰμ,
3609 2030 3700 2084 ὅτι
3719 2034 3824 2096 θη-

2225 2098 2386 2160 λάζει
2401 2100 2640 2154 παιδίον
2661 2100 2893 2168 Σάρῤα;
2918 2098 3238 2155 ὅτιὲτεκον
3256 2100 3390 2155 υἱὸν
3411 2101 3479 2154 ἐν
3500 2098 3652 2171 γήρᾳ
3669 2119 3770 2167 μοι

2227 2194 2296 2241 α’.
2336 2187 2470 2260 Φέρε
2495 2188 2590 2242 καὶ
2615 2190 2877 2260 σήμερον,
2905 2189 3200 2260 ἀγαπητοὶ,
3230 2191 3327 2260 τὴν
3360 2190 3680 2244 ἀκολουθίαν
3714 2192 3824 2243 τῶν

2157 2273 2282 2344 χθὲς
2319 2275 2621 2346 εἰρημένων
2651 2275 3011 2339 ἀναλαϐόντες
3033 2313 3049 2341 ,
3086 2274 3230 2329 οὑτω
3280 2277 3379 2348 τὴν
3414 2278 3655 2332 ἑστίασιν
3694 2278 3824 2346 ὑμῖν

2157 2362 2490 2435 παραϐῶμεν
2505 2363 2709 2435 ταύτην
2719 2364 2818 2436 τὴν
2838 2365 3235 2436 πνευματικὴν,
3258 2366 3344 2418 ἵνα
3360 2366 3619 2436 μάθωμεν
3635 2366 3822 2429 πάλιν,

2157 2451 2408 2523 καθάπερ
2441 2451 2566 2521 χθὲς
2599 2451 2891 2523 ἠκούσατε,
2927 2453 3024 2506 τοῦ
3052 2453 3257 2522 ἀγαθοῦ
3306 2453 3443 2507 Θεοῦ
3476 2454 3574 2525 τὴν
3618 2454 3823 2522 ἄφατον

2157 2537 2484 2609 κηδεμονίαν
2510 2541 2604 2592 καὶ
2635 2539 3065 2607 συγκατάϐασιν,
3100 2541 3196 2594 καὶ
3236 2539 3331 2594 τοῦ
3363 2542 3696 2613 πατριάρχου
3723 2541 3826 2610 τὴν

2159 2625 2358 2697 πολλὴν
2398 2626 2644 2695 ὑπακοὴν
2675 2626 2769 2680 καὶ
2801 2627 3240 2698 εὐγνωμοσύνην.
3282 2628 3466 2682 Είδετε
3491 2629 3634 2692 ὅπως
3665 2629 3699 2700 ἡ
3727 2626 3823 2680 τοῦ

2170 2714 2356 2768 Ἰσαὰκ
2385 2713 2636 2784 γέννησις
2662 2715 2939 2786 περιχαρῆ
2970 2715 3070 2787 τὴν
3115 2717 3335 2789 Σάρραν
3366 2716 3622 2787 ἐποίησεν
3641 2732 3656 2784 ;
3678 2711 3824 2769 Είπε

2159 2801 2287 2872 γάρ,
2319 2803 2472 2872 φησί,
2507 2800 2747 2856 Γέλωτά
2782 2820 2886 2871 μοι
2920 2802 3210 2872 ἐποίησεν
3241 2806 3274 2858 ὀ
3303 2806 3445 2870 Θεός
3466 2820 3479 2833 ·
3507 2803 3576 2870 ὃς
3609 2803 3718 2873 γὰρ
3746 2802 3826 2858 ἂν

2159 2889 2416 2957 ἀκούσῃ,
2441 2889 2831 2958 συγχαρεῑταί
2843 2907 2966 2959 μοι.
2984 2891 3273 2957 Ἕκαστον,
3298 2891 3452 2963 φησὶ,
3469 2891 3578 2945 τῶν
3597 2891 3824 2944 ἀκουόν-

2157 2995 2265 3031 των
2300 2980 2380 3041 εἰς
2401 2975 2686 3031 κοινωνίαν
2711 2978 3015 3049 τῆςχαρᾶς
3035 2979 3431 3049 ἐπισπάσομαι.
3463 2978 3688 3049 Μεγάλη
3714 2977 3823 3048 γάρ

2158 3069 2307 3121 ἐστιν
2341 3068 2375 3139 ἡ
2419 3065 2572 3136 παρά
2608 3066 2703 3119 τοῦ
2732 3067 2867 3120 Θεοῦ
2915 3066 3327 3139 παρασχεθείσά
3377 3084 3468 3138 μοι
3493 3066 3690 3136 δωρεὰ,
3731 3069 3825 3120 καὶ

2158 3154 2564 3226 ὑπερϐαίνουσα
2602 3154 2700 3226 τὴν
2729 3154 3076 3226 ἀνθρωπίνην
3101 3153 3403 3208 ἀσθένειαν.
3433 3153 3528 3217 Τίς
3557 3153 3686 3224 γὰρ,
3719 3171 3826 3225 φη-

2160 3243 2266 3306 σὶν,
2289 3243 2392 3296 οὑκ
2416 3242 2483 3296 ἂν
2513 3241 2817 3312 ἐκπλαγείη
2844 3242 2987 3313 ὁρῶν
3016 3242 3118 3314 ἐμὲ
3139 3241 3684 3313 γαλακτοτροφοῦσαν
3728 3241 3826 3296 καὶ

2157 3331 2573 3403 τιθηνουμένην,
2599 3331 2698 3402 τὴν
2726 3331 2784 3384 ἐν
2807 3330 3026 3400 ἐσχάτῳ
3039 3330 3195 3401 ⁵γήρει
3218 3329 3491 3401 καὶμέχρι
3509 3329 3604 3383 τοῦ
3628 3329 3826 3402 παρόν-

2157 3437 2246 3483 τος
2283 3420 2340 3472 ἐν
2369 3418 2597 3490 ἀπαιδίᾳ
2640 3417 3048 3489 γεγενημένην;
3096 3419 3205 3471 Καὶ
3235 3418 3436 3472 ὡσανεὶ
3472 3417 3823 3488 θαυμάζουσα

2158 3507 2252 3560 καὶ
2281 3503 2692 3576 ἐκπληττομένη
2722 3504 2783 3558 τὸ
2805 3505 3048 3573 γεγονὸς,
3073 3505 3320 3575 ἐπήγαγε
3340 3522 3353 3535 ·
3391 3505 3485 3571 Τίς
3509 3504 3829 3575 ἀναγγελεῖ

2159 3590 2239 3658 τῷ
2281 3593 2544 3662 Ἀϐραὰμ,
2571 3591 2661 3647 ὄτι
2689 3589 2930 3660 θηλάζει
2963 3591 3204 3646 παιδίον
3233 3592 3465 3661 Σάρρας
3497 3592 3584 3646 ὅτι
3616 3593 3829 3647 ἔτεκον

2159 3678 2294 3734 υίὸν
2311 3680 2382 3734 ἐν
2402 3679 2556 3749 γήρᾳ
2579 3697 2699 3749 μου
2713 3695 2734 3743 ;
2761 3678 2977 3752 Ἐπειδὴ
3003 3681 3142 3751 ὑπὲρ
3165 3679 3323 3750 φύσιν
3355 3681 3470 3734 ἐστί
3501 3680 3560 3734 τὸ
3580 3680 3821 3749 γεγονὸς,

2159 3767 2247 3821 διὰ
2272 3767 2430 3821 τοῦτό
2456 3784 2610 3839 φησι,
2644 3758 2745 3834 Τίς(
2770 3766 3123 3837 ἀναγγελεῆ
3147 3767 3269 3820 ἀντὶ
3301 3766 3417 3831 τοῦ,
3449 3766 3545 3830 Τίς
3574 3765 3825 3832 ἀναλογία

2164 3871 2354 3921 σεται;
2383 3854 2469 3919 τίς
2496 3854 2562 3908 ἂν
2591 3853 2955 3925 ἐνθυμηθείη;
2987 3854 3114 3908 ποία
3141 3853 3347 3907 διάνοια
3367 3852 3692 3918 καταλαϐεῖν
3728 3853 3824 3906 δυο

2161 3943 2414 4013 νήσεται;
2441 3943 2593 4004 ποῖος
2621 3940 2878 4012 λογισμὸς
2909 3941 3089 4013 εὑρεῖν
3122 3939 3301 4003 ἱκανὸς
3335 3939 3428 3993 τοῦ
3456 3939 3822 4010 γεγενημένου

2160 4032 2259 4102 τὴν
2288 4032 2608 4104 ἀκρίϐειαν;
2643 4031 2755 4102 Οὐχ
2788 4029 2932 4084 οὑτω
2961 4029 3270 4099 θαυμαστὸν
3296 4024 3386 4101 ἦν,
3421 4029 3482 4082 τὸ
3509 4030 3572 4082 ἐκ
3599 4028 3696 4098 τῆς
3725 4028 3824 4081 πέ-

2159 4135 2297 4190 τρας
2334 4118 2476 4171 κατά
2502 4119 2600 4189 τὴν
2641 4117 2846 4190 ἔρημον
2875 4116 3176 4172 ἀναϐλύσαι
3210 4117 3306 4179 τάς
3349 4117 3531 4186 πηγὰς
3562 4116 3669 4170 τῶν
3701 4115 3825 4170 ὑδά-

2159 4223 2288 4268 των,
2321 4206 2482 4276 ὴνίκα
2509 4208 2576 4277 τῇ
2605 4205 2786 4276 ῥάϐδῳ
2813 4205 3056 4275 Μωῦσῆς
3076 4204 3282 4274 ταύτην
3309 4203 3642 4269 ἐπαισεν,ώς
3662 4203 3825 4268 ⁸τοῦτο

2159 4293 2220 4346 τὸ
2249 4293 2358 4348 ἀπὸ
2391 4293 2607 4365 μήτρας
2627 4293 2726 4364 ήδη
2754 4293 3169 4364 νενεκρωμένης
3189 4293 3400 4347 παιδίον
3421 4292 3702 4362 τεχθῆναι,
3733 4293 3825 4345 καὶ

2161 4381 2431 4450 γάλακτος
2458 4381 2639 4450 πηγὰς
2653 4380 2974 4434 ἀναϐλύσαι.
3008 4381 3125 4433 Ἵνα
3158 4379 3265 4450 γὰρ
3291 4381 3456 4433 πᾶσιν
3485 4381 3514 4432 ὁ
3540 4378 3697 4441 τόκος
3721 4395 3824 4431 καο

2161 4467 2388 4539 τάδηλος
2423 4466 2667 4538 γένηται,
2718 4467 2814 4522 καὶ
2845 4468 3076 4533 πάντας,
3107 4468 3201 4522 καὶ
3227 4467 3354 4531 τοὺς
3401 4465 3524 4520 τότε
3551 4465 3826 4536 παρόντας

2161 4555 2256 4609 καὶ
2280 4557 2406 4619 τοὺς
2439 4555 2578 4626 μετά
2607 4555 2782 4610 ταῦτα
2809 4554 3131 4624 ἀκούοντας,
3157 4557 3237 4619 εἰς
3268 4555 3449 4610 πίστιν
3479 4553 3574 4607 τοῦ
3609 4552 3827 4623 θαύμα-

2159 4659 2249 4706 τος
2272 4641 2536 4714 ἐναγάγῃ,
2565 4641 2652 4696 διά
2680 4641 2837 4698 τοῦτο
2866 4644 2961 4696 καὶ
2983 4643 3122 4714 αὑτὴ
3152 4643 3342 4714 τρέφει
3364 4642 3576 4697 παιδίον
3603 4641 3698 4695 καὶ
3724 4639 3828 4708 τῆς

2160 4728 2624 4800 γαλακτοτροφίας
2652 4729 2925 4799 ἀνέχεται.
2960 4730 3067 4784 Καί
3107 4747 3262 4801 φησι,
3296 4731 3392 4796 Τίς
3411 4726 3733 4799 ἀναγγελεῖ
3745 4725 3830 4792 τῷ

2173 4814 2448 4884 Ἀϐραὰμ.
2498 4814 2589 4869 ὅτι
2617 4815 2852 4884 θηλάζει
2890 4817 3132 4871 παιδίον
3156 4817 3392 4886 Σάρρα;
3419 4816 3577 4871 τοῦτο
3607 4815 3670 4869 τὸ
3701 4831 3828 4868 και-

2160 4901 2271 4965 νὺν,
2311 4901 2630 4973 παράδοξον,
2663 4903 2758 4957 καὶ
2793 4903 2923 4974 παρ’
2955 4903 3145 4958 ἐλπίδα
3181 4905 3306 4974 ἐμοὶ⁹
3337 4901 3830 4974 Μρασχεθέν,“οτι

2159 4991 2368 5044 ἔτεκον
2393 4989 2611 5057 υἱὸνρν
2627 4989 2779 5059 γήρα
2800 5008 2921 5059 μου
2944 4991 2973 5032 ιι
2986 5007 3005 5056 ;
3037 4991 3102 5044 Τί
3127 4992 3296 5057 ἐστιν,
3331 4990 3454 5044 Ὅτι
3471 4992 3680 5044 ἔτεκον
3696 4987 3830 5042 ιιίὸν

2160 5077 2228 5131 ἐν
2261 5075 2412 5146 γήρᾳ
2433 5093 2588 5146 μου;
2617 5077 2740 5131 Ὅτι
2771 5079 2864 5131 καὶ
2889 5077 3017 5134 ἄνευ
3041 5077 3146 5149 τῆς
3169 5076 3508 5150 στειρώσεως
3533 5075 3713 5138 ἱκανὸς
3738 5070 3826 5143 ἦνν

2162 5161 2320 5231 φησὶ,
2355 5160 2448 5213 καὶ
2468 5160 2496 5210 ὁ
2530 5162 2630 5230 τῆς
2665 5159 2880 5230 ἡλικίας
2911 5161 3101 5232 χρόνος
3127 5159 3505 5231 ἀπαγορεῦσαι
3533 5157 3622 5212 τὸν
3649 5157 3826 5209 τόκον.

2175 5241 2334 5294 Ἀλλά
2379 5239 2553 5295 ταῦτα
2577 5241 2755 5296 πάντα
2800 5242 2872 5297 τά
2908 5243 3206 5314 κωλύματα
3227 5243 3254 5295 ὁ
3281 5241 3559 5312 Δεσπότης
3585 5237 3832 5292 ἐκποδὼν

2164 5327 2552 5400 ποιησάμενος,
2573 5328 2668 5383 καὶ
2690 5329 2781 5384 τοῦ
2821 5330 3008 5395 παιδὸς
3033 5331 3126 5384 τὸν
3145 5331 3302 5384 τόκον
3332 5329 3458 5400 ἐμοὶ
3486 5326 3830 5398 κεχάρισται,

2166 5416 2261 5468 καὶ
2290 5415 2382 5468 τοῦ
2398 5415 2670 5482 γάλακτος
2687 5416 2787 5482 τὰς
2805 5419 3007 5488 πηγάς.
3027 5419 3165 5472 Ἀλλ’
3185 5418 3383 5488 ἴδωμεν
3399 5415 3583 5469 λοιπὸν
3597 5412 3664 5466 τὰ
3682 5411 3828 5480 ἑξῆς.

2176 5501 2392 5574 Ἐπειδὴ
2430 5503 2538 5573 γὰρ
2569 5503 2872 5575 ἀπήρτιστο
2899 5505 2969 5559 τὰ
2998 5506 3100 5576 τῆς
3133 5503 3287 5576 [ι67]
3334 5498 3829 5572 γαλακτοτροφίας,

2165 5587 2316 5654 Εἶδε,
2343 5591 2497 5661 φησὶ,
2529 5590 2726 5659 Σάρρα
2751 5591 2860 5646 τὸν
2879 5593 3014 5647 υἱὸν
3040 5593 3226 5662 Ἅγαρ
3252 5589 3363 5660 τῆς
3391 5586 3733 5659 Αἰγυπτίας,
3765 5584 3832 5650 ὃς

2167 5679 2398 5749 ἐγένετο
2421 5678 2501 5744 τῷ
2537 5679 2814 5748 Ἀϐραὰμ,
2840 5679 3125 5740 παίζοντα
3149 5677 3302 5750 μετὰ
3338 5677 3535 5734 Ἰσαὰκ
3563 5672 3671 5728 τοῦ
3698 5671 3832 5726 υἱοῦ

2229 5785 2253 5814 ⁸
2282 5783 2453 5834 Morel.
2481 5787 2533 5832 et
2569 5783 2764 5844 quidam
2810 5797 2921 5835 mss.
2948 5783 3080 5832 ταῦτ’
3131 5782 3212 5832 οὖν
3253 5782 3440 5837 εῖδὸτες.
3484 5778 3634 5830 Savil.
3659 5781 3711 5825 ει
3750 5769 3833 5822 alii

2169 5847 2282 5907 ὅπερ
2305 5846 2627 5907 γινώσκοντες.

2237 5904 2267 5946 5
2292 5907 2438 5956 Smil.
2467 5904 2727 5965 etquidam
2749 5919 2865 5955 mss.
2889 5907 2935 5954 ἐν
2957 5907 3082 5968 γήρει
3109 5921 3215 5968 μου.
