4150 6276
418 325 515 381 ιςιι

416 460 543 513 olim
576 458 650 512 illi
677 472 707 511 a
740 457 850 511 Deo
874 456 1130 525 promissa
1162 463 1303 508 sunt.
1350 452 1418 507 Et
1462 452 1709 506 Dominus
1734 492 1749 515 ,
1781 451 1952 520 inquit
1986 446 2001 514 ,

417 549 633 605 uisitauit
663 548 879 604 Sarram
899 588 915 611 ,
932 548 1060 602 sicut
1079 546 1207 601 dixit
1232 586 1246 611 ,
1268 555 1314 599 et
1339 545 1454 617 fecit
1471 543 1648 599 Same
1670 547 1798 598 sicut
1830 544 2006 614 loquu-

417 648 497 695 tus
523 649 615 694 est.
647 639 700 693 2.
724 637 794 691 Et
820 639 1064 708 concepit,
1090 638 1377 707 peperitque
1406 635 1569 691 Sarra
1593 634 1812 688 Abrahae
1842 634 2005 703 ﬁlium

422 731 475 783 in
504 737 756 784 senectute
777 770 790 793 ,
830 730 883 782 in
921 739 1143 799 tempore
1165 728 1295 782 sicut
1323 727 1559 796 loquutus
1582 735 1657 780 est
1684 725 1730 779 ei
1757 724 2005 778 Dominus

422 819 571 890 (Cap.
600 820 713 888 2|).
742 818 879 887 Quid
904 826 1006 886 est,
1035 818 1179 873 Sicut
1200 818 1435 888 loquutus
1459 828 1551 878 est,
1570 825 1642 883 et,
1667 815 1815 871 Sicut
1834 816 1960 871 dixit
1981 816 2008 869 2’

425 907 1114 977 Quemadmodum,inquit,
1136 909 1395 977 promisit,
1419 909 1630 978 quando
1656 909 1884 978 hospitio
1908 923 2005 963 ex-

420 1009 604 1069 ceptus
637 1009 720 1055 est
744 1015 866 1056 cum
901 1001 1104 1070 angelis
1131 1001 1270 1071 apud
1300 1016 1554 1071 quercum
1582 1001 1837 1056 Mambre.
1868 1000 1998 1055 Nam

417 1091 559 1161 quod
588 1090 759 1147 dixit:
793 1091 859 1146 In
888 1100 1108 1161 tempore
1131 1092 1226 1145 hoc
1247 1092 1464 1154 veniam,
1494 1100 1541 1145 et
1561 1092 1655 1145 erit
1673 1091 1849 1146 Sarrae
1863 1091 2002 1159 ﬁlius

424 1179 575 1250 (Gen.
606 1181 693 1237 18.
724 1180 816 1253 24)
843 1199 855 1235 :
886 1182 987 1237 hoc
1014 1196 1153 1236 nunc
1177 1196 1340 1250 opere
1366 1182 1638 1250 impletum
1664 1189 1765 1236 est.
1789 1182 1855 1234 Et
1882 1195 2003 1251 qua:

423 1279 611 1323 natura
637 1270 952 1340 denegabat,
984 1285 1047 1325 ea
1070 1269 1323 1325 videbant
1355 1270 1599 1325 evenisse
1621 1310 1637 1335 ,
1669 1285 1775 1324 non
1805 1284 2000 1324 secun-

420 1358 549 1413 dum
588 1358 876 1414 humanum
914 1368 970 1416 et
997 1359 1212 1414 solitum
1239 1374 1442 1414 morem
1475 1400 1490 1425 ,
1521 1360 1616 1415 sed
1641 1375 1737 1429 per
1764 1360 1997 1415 divinam

420 1452 665 1519 gratiam.
707 1452 761 1507 3.
794 1449 860 1504 Et
897 1451 1088 1504 vocavit
1126 1466 1306 1504 nomen
1347 1451 1441 1517 ﬁlii
1474 1451 1554 1504 sui
1579 1491 1594 1517 ,
1635 1466 1779 1521 quem
1808 1451 2001 1521 peperit

421 1542 517 1610 ipsi
538 1541 721 1607 Sarra,
766 1541 936 1597 Isaac.
960 1542 1077 1597 Non
1102 1544 1301 1612 absque
1324 1556 1478 1595 causa
1502 1542 1812 1612 assignavit,
1841 1541 2002 1608 Quem

426 1633 618 1699 peperit
642 1632 740 1703 ipsi
764 1632 923 1686 Sarra
943 1648 962 1686 :
987 1647 1094 1687 non
1119 1632 1261 1687 enim
1286 1632 1420 1686 dixit
1439 1633 1756 1701 simpliciter
1772 1673 1788 1698 ,
1834 1630 1999 1686 Voca-

422 1724 490 1775 vit
509 1737 687 1776 nomen
698 1723 794 1791 ﬁlii
817 1724 898 1777 sui
914 1739 935 1787 ,°
962 1724 1055 1778 sed
1068 1723 1279 1793 adjecit,
1306 1724 1464 1790 Quem
1477 1726 1669 1794 peperit
1688 1725 1789 1794 ipsi
1813 1724 1997 1789 Sarra,

420 1813 700 1868 infecunda
727 1814 812 1868 illa
837 1824 890 1870 et
912 1815 1107 1870 vetula.
1135 1816 1188 1868 4.
1214 1814 1282 1868 Et
1318 1815 1632 1868 circumcidit
1658 1831 1792 1882 eum,
1811 1815 1999 1884 inquit,

420 1904 504 1956 die
524 1913 699 1958 octauo
725 1944 740 1968 ,
772 1904 900 1958 sicut
940 1914 1243 1974 praeceperat
1271 1902 1542 1957 Dominus.
1570 1904 1658 1959 Sic
1688 1904 1832 1959 enim
1863 1920 1999 1974 pra:-

417 2002 629 2059 ceptum
669 2003 993 2063 acceperat,
1041 2002 1098 2047 ut
1133 1993 1222 2049 die
1262 2004 1451 2049 octavo
1492 1992 2002 2050 circumciderentur

417 2082 509 2151 qui
540 2081 760 2151 posthac
787 2095 1153 2139 nascerentur.

494 2170 681 2225 Omnia
708 2169 816 2227 Deo
846 2174 1201 2241 possibilia.—
1219 2172 1384 2228 Porro
1402 2182 1463 2228 ut
1489 2174 1712 2230 ulterius
1735 2175 2004 2232 discamus

421 2261 736 2316 ineti‘abilem
764 2263 1053 2331 potentiam
1083 2264 1175 2318 Dei
1204 2305 1219 2330 ,
1248 2272 1304 2319 et
1340 2279 1403 2319 ea
1432 2279 1552 2333 quae
1590 2266 1731 2335 apud
1758 2266 2003 2323 homines

423 2350 770 2417 impossibilia
793 2360 955 2417 sunt,
982 2353 1122 2422 apud
1143 2369 1264 2408 eum
1292 2354 1563 2422 possibilia
1588 2370 1709 2411 esse
1746 2373 1761 2410 :
1803 2357 2003 2414 idcirco

423 2443 579 2497 nobis
613 2451 818 2512 tempus
848 2445 1136 2514 assignavit
1166 2446 1353 2501 iterum
1393 2446 1570 2500 divina
1600 2447 1871 2516 Scriptura
1906 2489 1921 2515 ,
1949 2460 2002 2504 et

423 2543 541 2601 post
568 2542 772 2600 partum
806 2535 963 2589 docet
1002 2550 1099 2589 nos
1145 2536 1227 2590 his
1270 2536 1447 2591 verbis
1477 2556 1488 2589 :
1519 2538 1573 2591 5.
1602 2537 1857 2591 Abraham
1896 2551 2003 2594 erat

419 2637 671 2675 arenarum
692 2634 916 2687 centum,
938 2625 1140 2693 quando
1175 2636 1322 2679 natus
1353 2635 1427 2680 est
1453 2627 1499 2679 ei
1523 2625 1675 2681 Isaac
1693 2627 1836 2695 ﬁlius
1859 2646 1999 2686 suus.

419 2712 473 2765 6.
506 2711 649 2766 Dixit
672 2722 839 2766 autem
860 2713 1023 2769 Sarra
1037 2730 1056 2768 :
1076 2714 1257 2769 Risum
1282 2718 1399 2788 fecit
1422 2717 1547 2771 mihi
1567 2716 1823 2777 Dominus
1841 2736 1861 2776 :
1886 2737 2004 2776 nam

416 2804 503 2873 qui
531 2805 721 2870 audiet,
738 2805 985 2875 gaudebit
1006 2822 1227 2862 mecum.
1247 2806 1384 2875 Quid
1408 2816 1510 2873 est,
1530 2810 1710 2864 Risum
1739 2813 1855 2884 fecit
1877 2814 2003 2867 mihi

422 2895 669 2950 Dominus
697 2898 723 2951 2
744 2897 966 2955 Laetitiae
1007 2900 1219 2955 occasio
1262 2900 1391 2954 mihi
1431 2911 1611 2970 partus
1647 2913 1749 2959 est.
1783 2905 1843 2958 Et
1876 2905 2001 2974 quid

418 2988 635 3053 mirum,
661 2989 708 3044 si
737 2989 865 3043 mihi
892 2991 1186 3060 gaudium?
1216 2992 1413 3049 Omnes
1439 2994 1602 3049 etiam
1624 2997 1713 3065 qui
1742 2997 1993 3064 audient,

418 3078 625 3133 habebo
650 3082 1097 3149 congratulantes,
1128 3097 1236 3137 non
1263 3084 1383 3153 quia
1414 3086 1628 3155 peperi,
1655 3087 1748 3141 sed
1775 3089 1897 3159 quia
1923 3091 2001 3146 sic

420 3169 622 3237 peperi.
651 3169 781 3224 Tam
825 3171 1154 3228 admirabilis
1193 3189 1451 3244 rarasque
1492 3187 1673 3245 partus
1719 3194 1906 3235 omnes
1947 3183 1999 3236 in

418 3261 820 3315 admirationem
846 3263 1034 3332 rapiet,
1058 3273 1112 3318 et
1132 3264 1387 3335 majorem
1405 3266 1653 3324 omnibus
1674 3270 1997 3340 voluptatem

415 3350 603 3406 afferet
627 3392 642 3417 ,
670 3367 791 3407 cum
816 3354 1066 3409 sciverint
1089 3370 1176 3410 me
1198 3396 1214 3422 ,
1238 3371 1359 3426 quae
1378 3356 1511 3411 nihil
1534 3373 1563 3412 a
1595 3362 1818 3415 mortuis
1844 3360 1997 3418 ditfe-

418 3443 599 3497 rebam
646 3456 905 3513 quantum
944 3446 1011 3501 ad
1054 3448 1453 3517 generationem
1486 3489 1503 3516 ,
1551 3451 1727 3506 subito
1770 3463 1995 3509 matrem

416 3533 606 3587 factam
626 3550 768 3601 esse,
796 3546 895 3591 etc
924 3539 1078 3592 vulva
1095 3540 1360 3595 exsiccata
1388 3542 1621 3610 puellum
1645 3546 1917 3614 peperisse
1943 3557 1997 3603 et

417 3624 615 3679 lactare
639 3640 796 3695 posse
818 3669 834 3694 ,
866 3637 921 3682 et
946 3628 1118 3684 fontes
1147 3629 1300 3686 lactis
1328 3633 1572 3688 emittere
1601 3675 1616 3699 ,
1648 3649 1767 3704 quae
1797 3638 1997 3693 nullam

412 3730 564 3783 spem
604 3717 844 3786 pariendi
892 3719 1170 3775 habebam.
1202 3722 1255 3775 7.
1292 3722 1355 3775 Et
1382 3724 1698 3791 dixit:Quis
1717 3730 1996 3781 annuntia-

414 3805 481 3856 bit
512 3804 748 3871 Abrahw,
768 3807 904 3877 quod
928 3810 1083 3862 lactat
1117 3827 1329 3878 puerum
1359 3812 1521 3866 Sarra
1551 3814 1576 3866 ?
1617 3814 1752 3869 Nam
1780 3825 1996 3885 propter

416 3898 517 3951 hoc
559 3906 614 3952 et
658 3899 810 3953 lactis
841 3901 1011 3956 fontes
1039 3903 1280 3958 concessi
1308 3912 1433 3958 sunt
1456 3946 1470 3968 ,
1505 3914 1563 3959 ut
1589 3920 1799 3975 partum
1828 3909 1996 3978 magis

413 3987 720 4043 credibilem
741 3988 952 4055 faciant,
973 3999 1030 4045 et
1050 4006 1119 4046 ne
1143 3993 1262 4059 quis
1280 3995 1674 4063 supposititium
1701 4012 1822 4053 esse
1848 4008 1996 4068 putet

412 4093 636 4147 puerum
673 4097 687 4131 :
721 4079 895 4135 fontes
933 4082 1074 4135 enim
1131 4083 1282 4138 lactis
1325 4086 1574 4140 omnibus
1636 4088 1997 4156 prmdicabant

411 4178 604 4238 praeter
646 4169 927 4226 humanam
957 4175 1409 4243 exspectationem
1440 4177 1541 4232 hoc
1576 4180 1835 4236 evenisse.
1864 4181 1991 4246 Quis

408 4265 727 4318 annuntiabit
745 4307 760 4331 ,
800 4266 936 4333 quod
964 4266 1118 4320 lactat
1147 4284 1359 4337 puerum
1380 4269 1545 4325 Sarra
1565 4272 1591 4325 2’
1614 4274 1749 4343 quod
1777 4290 1988 4346 pepere-

404 4358 503 4408 rim
523 4356 688 4423 ﬁlium
710 4357 765 4410 in
794 4366 1044 4411 senectute
1069 4374 1182 4412 mea
1204 4359 1231 4413 2
1256 4360 1400 4429 quod
1428 4376 1527 4432 ego
1547 4379 1667 4432 qua:
1685 4364 1861 4431 senui,
1894 4380 1987 4434 pa-

405 4462 526 4501 rere
553 4448 814 4516 potuerim
845 4487 861 4511 ,
902 4456 955 4503 et
982 4448 1035 4502 in
1063 4449 1163 4503 hac
1186 4459 1343 4504 atate
1369 4450 1534 4506 lilium
1572 4453 1716 4509 alere
1743 4456 1941 4524 possim
1964 4457 1988 4510 2

405 4540 457 4594 8.
480 4538 544 4592 Et
590 4542 765 4606 crevit,
794 4541 984 4609 inquit,
1030 4557 1175 4611 puer,
1223 4551 1272 4595 et
1314 4542 1593 4597 ablactatus
1637 4556 1729 4600 est.
1758 4546 1824 4600 Et
1867 4549 1988 4616 fecit

402 4631 661 4684 Abraham
704 4632 982 4684 conuiuium
1019 4647 1259 4702 magnum
1291 4633 1374 4687 die
1400 4650 1499 4703 quo
1519 4635 1801 4693 ablactatus
1819 4649 1893 4694 est
1922 4641 1988 4709 ﬁ-

401 4719 500 4774 lius
532 4736 675 4775 suus.

470 4812 521 4865 6.
559 4810 775 4864 Moralis
791 4812 1092 4865 exhortatio.
1110 4810 1257 4867 Nihil
1273 4830 1373 4867 non
1393 4815 1525 4868 cedit
1543 4816 1690 4870 nutui
1702 4817 1890 4872 divino.
1911 4848 1984 4861 —

397 4901 583 4956 Vidisti
617 4901 708 4955 Dei
739 4900 1061 4956 ineffabilem
1096 4903 1412 4973 sapientiam
1433 4945 1450 4971 ,
1476 4905 1745 4975 quomodo
1777 4908 1985 4976 patien-

396 4995 521 5050 tiam
534 4994 666 5064 justi
683 4994 855 5049 modis
871 4995 1123 5051 omnibus
1147 4996 1411 5066 probavit,
1434 4998 1647 5067 quando
1664 5000 1777 5069 ipse
1797 5008 1851 5056 et
1867 5016 1982 5055 om-

394 5102 489 5143 nes
504 5087 596 5157 qui
613 5086 787 5157 ipsum
800 5087 1068 5152 videbant,
1094 5088 1337 5144 humanm
1356 5098 1558 5145 natura:
1570 5093 1711 5147 vires
1730 5103 1947 5163 spcctan
1958 5124 1980 5137 ο

394 5189 492 5241 tes,
516 5178 647 5232 nihil
673 5192 890 5247 sperare
920 5177 1205 5245 audebant,
1233 5187 1359 5235 tunc
1386 5180 1497 5249 ipsa
1524 5182 1807 5250 promissio
1832 5199 1979 5239 com-

394 5268 533 5335 pleta
547 5268 666 5321 est?
686 5266 869 5337 Igitur,
892 5267 1093 5333 dilecti,
1121 5277 1176 5323 et
1203 5258 1299 5324 nos
1324 5270 1591 5338 eamdem,
1620 5288 1780 5342 quam
1802 5275 1979 5343 justus

393 5358 482 5412 ille
510 5359 817 5427 patientiam
845 5358 1196 5414 exhibeamus
1218 5402 1234 5426 ,
1264 5371 1319 5416 et
1349 5377 1634 5431 numquam
1659 5365 1871 5420 desides
1897 5367 1975 5420 si-

392 5465 510 5504 mus
537 5467 550 5502 :
573 5450 665 5505 sed
689 5466 785 5521 spe
813 5451 952 5506 bona
981 5466 1306 5518 recreemur,
1335 5454 1565 5510 scientes
1596 5472 1767 5528 neque
1796 5475 1972 5514 rerum

394 5542 759 5598 difﬁcultatem
779 5586 794 5609 ,
826 5561 996 5615 neque
1018 5546 1158 5600 aliud
1180 5547 1303 5617 quid
1332 5546 1619 5602 humanum
1641 5550 1970 5605 obstacnlum

393 5632 545 5687 nobis
565 5648 685 5689 esse
711 5649 887 5704 posse,
912 5636 956 5689 si
982 5634 1196 5705 quando
1216 5637 1386 5705 gratia
1408 5637 1501 5692 Dei
1523 5653 1672 5693 suam
1696 5638 1970 5696 declarare

1469 318 1532 373 IN
1572 317 1724 374 CAP.
1764 315 1910 373 XXI.
1952 311 2200 371 GENES.
2232 312 2461 369 HOMIL.
2503 312 2685 369 XLVII

3584 315 3689 370 429

2113 428 2307 483 cedunt
2334 438 2388 484 et
2420 429 2815 500 obtemperant,
2866 439 2920 486 et
2960 429 3203 487 difﬁcilia
3234 430 3409 487 facilia
3453 446 3597 499 sum,
3635 445 3692 489 et

2111 520 2462 588 impossibilia
2490 521 2760 590 possibilia
2778 563 2793 587 ,
2823 523 2868 577 si
2893 522 3229 578 solummodo
3255 522 3461 577 firmam
3494 524 3548 578 in
3576 525 3693 592 ipso

2111 609 2271 664 ﬁdem
2289 624 2691 678 conservemus,
2705 620 2761 666 et
2779 612 2846 667 ad
2864 613 3282 682 magnitudinem
3300 613 3420 684 ejus
3439 616 3692 684 potentiae

2108 708 2416 767 spectantes
2439 700 2686 759 immanis
2719 701 2968 757 omnibus
2996 704 3300 771 superiores
3334 703 3521 759 simus.
3558 703 3691 758 Nam

2109 792 2199 859 qui
2228 790 2403 846 futura
2430 792 2565 847 bona
2588 802 2642 847 et
2671 792 2953 848 ineffabilia
2982 793 3068 847 illa
3089 794 3328 862 promisit
3358 795 3425 849 iis
3453 794 3543 864 qui
3568 808 3691 848 cum

2111 883 2306 937 virtute
2334 883 2497 936 vitam
2525 884 2611 937 hic
2639 887 2960 954 peregerint,
2988 896 3187 955 quanto
3215 889 3383 956 magis
3408 897 3462 942 et
3482 902 3544 943 ea
3573 888 3690 956 qui-

2112 973 2209 1028 bus
2240 973 2327 1028 hic
2346 988 2480 1042 opus
2508 984 2589 1028 est
2613 975 2872 1043 praebebit
2901 992 2914 1029 :
2947 985 3002 1030 et
3027 978 3257 1031 maxime
3286 978 3332 1032 si
3361 993 3459 1033 nos
3484 979 3569 1032 illa
3596 978 3690 1033 de-

2110 1064 2409 1120 siderantes
2454 1068 2739 1134 prtesentia
2791 1067 3186 1136 despiciamus?
3227 1072 3376 1126 Tunc
3418 1074 3564 1127 enim
3607 1074 3689 1128 eis

2110 1155 2341 1209 maxime
2365 1162 2419 1209 et
2445 1156 2673 1210 ubertim
2705 1156 2973 1217 fruemur.
3002 1160 3215 1227 quando
3244 1177 3307 1215 ea
3342 1173 3690 1219 contemnere

2110 1246 2463 1302 voluerimus.
2497 1246 2728 1303 Proinde
2764 1247 2878 1303 lucc
2913 1249 3178 1316 scientes,
3209 1252 3297 1306 illa
3325 1254 3692 1309 desideremus

2110 1337 2250 1393 bona
2277 1354 2396 1407 quae
2424 1348 2643 1394 manent
2680 1347 2736 1392 et
2775 1340 3065 1394 immobilia
3097 1350 3241 1406 sunt,
3287 1352 3345 1398 et
3370 1360 3489 1412 qua:
3532 1345 3690 1399 ﬁnem

2114 1428 2402 1484 nesciunt:
2450 1438 2503 1483 ut
2549 1439 2603 1483 et
2648 1440 2967 1498 praesentem
3016 1435 3177 1485 vitam
3231 1433 3365 1486 citra
3421 1435 3689 1489 tristitiam

2109 1518 2552 1586 transmittamus,
2597 1528 2652 1574 et
2685 1520 2770 1574 illa
2807 1518 3053 1590 assequi,
3102 1521 3313 1591 illisque
3355 1538 3543 1579 omnes
3587 1525 3688 1579 frui

2108 1612 2398 1677 valeamus,
2429 1613 2598 1682 gratia
2630 1621 2685 1667 et
2711 1613 3075 1669 misericordia
3110 1613 3319 1668 Domini
3363 1617 3531 1670 nostri
3566 1616 3694 1672 Jesu

2105 1699 2331 1768 Christi,
2357 1703 2443 1756 cui
2485 1718 2607 1757 cum
2648 1703 2806 1759 Patre
2849 1714 2905 1759 et
2929 1703 3130 1774 Spiritu
3174 1715 3361 1761 sancto
3384 1708 3455 1761 sit
3491 1708 3690 1777 gloria,

2107 1806 2251 1847 nunc
2275 1800 2330 1846 et
2354 1806 2589 1863 semper,
2614 1800 2670 1847 et
2694 1793 2746 1848 in
2772 1793 2968 1849 saecula
2994 1794 3330 1850 smculorum.
3365 1797 3559 1851 Amen.

2651 1904 2931 1960 HOMILIA
2970 1905 3155 1961 XLVI.

2109 1997 2178 2051 Et
2201 1998 2329 2052 dixit
2368 1997 2530 2071 Sarra
2560 2017 2574 2053 :
2609 1999 2734 2064 Quis
2759 2000 3078 2071 annuntiabit
3110 2001 3353 2064 Abrahat,
3381 2008 3514 2071 quod
3537 2006 3685 2059 lactat

2180 2085 2390 2141 puerum
2422 2069 2585 2141 serra
2602 2071 2629 2123 2
2651 2070 2788 2140 quod
2818 2072 2990 2141 peperi
3016 2072 3184 2139 ﬁlium
3211 2073 3263 2126 in
3292 2069 3544 2129 senectute
3573 2093 3687 2129 mea

2179 2136 2332 2206 (Gen.
2361 2138 2450 2193 21.
2485 2138 2580 2206 7)?

2182 2252 2229 2305 1.
2262 2253 2377 2322 Age
2403 2261 2457 2307 et
2486 2251 2678 2318 hodie,
2706 2252 2906 2317 dilecti,
2942 2253 3055 2309 heri
3076 2253 3354 2311 dictorum
3383 2257 3578 2312 seriem
3606 2274 3691 2314 re-

2112 2351 2374 2412 petentes,
2402 2344 2704 2398 convivium
2729 2344 2830 2400 hoc
2860 2345 3010 2400 vobis
3029 2348 3305 2416 spirituale
3328 2350 3651 2407 instruamus
3676 2371 3688 2404 :

2110 2443 2166 2488 ut
2196 2434 2409 2500 iterum,
2458 2435 2597 2490 sicut
2629 2434 2764 2504 heri,
2808 2436 3077 2492 discamus
3116 2446 3170 2494 et
3200 2439 3327 2495 boni
3367 2441 3462 2498 Dei
3502 2442 3690 2498 ineh‘a-

2107 2522 2271 2579 bilem
2294 2524 2696 2595 benignitatem,
2718 2542 2820 2597 qua
2840 2537 3021 2583 nostra
3042 2538 3212 2596 curat,
3242 2530 3396 2587 nobis
3415 2548 3474 2587 se
3495 2542 3687 2589 attem~

2108 2628 2330 2683 perans,
2379 2624 2433 2670 et
2479 2631 2723 2686 magnam
2766 2619 3079 2687 patriarchas
3118 2621 3477 2680 obedientiam
3526 2635 3683 2695 atque

2106 2711 2314 2773 gratum
2358 2706 2614 2761 animum.
2678 2707 2897 2764 Vidistis
2941 2710 3210 2780 quomodo
3253 2714 3500 2770 nativitas
3546 2717 3687 2771 lsaztc

2108 2793 2323 2848 Sarram
2362 2794 2714 2851 exhilaravit?
2745 2797 2887 2853 Dixit
2922 2800 3074 2866 enim,
3121 2801 3321 2872 inquit,
3352 2803 3532 2859 Risum
3574 2807 3691 2877 fecit

2107 2885 2231 2938 mihi
2255 2885 2392 2940 Deus
2412 2903 2430 2940 :
2449 2903 2566 2941 nam
2587 2888 2673 2956 qui
2693 2889 2929 2948 audierit.
2954 2892 3192 2962 gaudebit
3222 2911 3435 2948 mecum.
3464 2897 3680 2962 Omnes,

2104 2974 2253 3041 dicit,
2298 2977 2571 3034 auditores
2622 2980 2906 3050 participes
2946 2983 3124 3052 gaudii
3174 2986 3277 3040 mei
3326 2986 3534 3042 faciam.
3575 2989 3686 3043 Ma-

2104 3083 2264 3138 gnum
2285 3069 2425 3123 enim
2442 3069 2641 3125 donum
2669 3072 2796 3127 mihi
2820 3088 2851 3128 a
2881 3074 2990 3130 Deo
3009 3091 3320 3133 concessum
3343 3089 3446 3147 est,
3472 3091 3528 3137 et
3546 3085 3686 3154 quod

2106 3160 2393 3216 humanam
2436 3164 2762 3219 transcendit
2807 3165 3192 3224 inﬁrmitatem.
3238 3170 3369 3239 Quis
3410 3173 3575 3241 enim,
3606 3175 3681 3229 in-

2105 3255 2240 3325 quit,
2274 3269 2380 3309 non
2405 3255 2772 3327 Obstupescat,
2804 3259 2991 3315 videns
3019 3278 3104 3316 me
3128 3261 3270 3318 lacte
3300 3280 3420 3319 meo
3448 3269 3687 3323 nutrieno

2104 3354 2211 3401 tem
2240 3362 2465 3416 puerum
2497 3348 2548 3402 in
2573 3358 2810 3405 extrema
2834 3361 3127 3416 senectute,
3151 3369 3269 3423 quae
3287 3354 3563 3428 hucusque
3581 3373 3686 3415 non

2104 3439 2325 3508 peperi?
2354 3440 2421 3494 Et
2445 3441 2596 3511 quasi
2624 3443 2896 3498 admirans
2934 3452 2990 3499 et
3016 3448 3239 3501 attonita
3267 3440 3336 3504 de
3364 3447 3527 3517 facto,
3553 3452 3684 3506 sub-

2102 3528 2236 3584 didit
2264 3547 2278 3583 :
2311 3530 2438 3595 Quis
2470 3534 2791 3588 annuntiabit
2831 3536 3081 3604 Abrahm,
3111 3541 3247 3609 quod
3287 3540 3442 3594 lactat
3473 3558 3681 3611 puerum

2102 3621 2303 3677 Sarra?
2322 3624 2461 3690 quod
2492 3627 2665 3696 peperi
2690 3628 2855 3695 ﬁlium
2883 3629 2935 3681 in
2963 3640 3213 3686 senectute
3234 3649 3345 3687 mea
3364 3634 3390 3687 .9
3415 3635 3678 3703 Quoniam

2101 3724 2264 3781 super
2284 3723 2529 3768 naturam
2548 3724 2631 3771 est
2653 3717 2755 3771 hoc
2782 3717 3002 3785 factum,
3033 3730 3311 3789 propterea
3336 3724 3527 3793 inquit,
3555 3727 3682 3794 Quis

2100 3803 2462 3857 annuntiabit?
2502 3819 2566 3859 ac
2611 3807 2657 3859 si
2702 3807 2925 3874 diceret,
2980 3810 3110 3877 Quis
3156 3826 3337 3867 secum
3386 3818 3683 3884 reputabit!

2099 3891 2220 3959 quis
2249 3901 2429 3948 mente
2454 3894 2760 3964 concipiet?
2783 3914 2903 3967 qua:
2930 3914 3082 3954 mens
3101 3904 3558 3971 comprehendere
3583 3923 3676 3978 po-

2102 3983 2263 4038 terit?
2287 4000 2405 4055 qua:
2438 3987 2572 4041 ratio
2597 3987 2793 4045 sufficit
2824 4002 2881 4045 ut
2909 4002 3154 4048 accurate
3194 3995 3318 4050 facti
3360 3996 3521 4067 hujus
3563 4017 3678 4054 mn-

2099 4075 2225 4131 dum
2254 4077 2527 4132 inveniat?
2552 4078 2668 4135 Non
2697 4081 2774 4136 sic
2810 4082 3121 4140 admirabile
3168 4087 3298 4154 fuit,
3325 4103 3389 4143 ex
3436 4099 3581 4158 petra
3628 4094 3678 4146 in

2098 4165 2312 4222 deserto
2360 4170 2670 4226 scaturiisse
2714 4171 2887 4228 fontes
2933 4189 3224 4243 aquarum,
3271 4180 3484 4249 quando
3533 4182 3674 4237 illam

2096 4255 2272 4311 Moses
2294 4258 2437 4329 virga
2462 4262 2723 4329 percussit
2743 4262 2941 4333 (Exod.
2971 4266 3061 4337 17)
3091 4284 3103 4320 :
3132 4266 3269 4323 sicut
3294 4271 3363 4325 de
3385 4272 3539 4327 vulva
3566 4273 3677 4342 jam

2091 4358 2333 4405 emortua
2379 4344 2601 4421 puerum
2655 4357 2800 4410 nasci
2852 4356 3038 4429 (Num.
3070 4358 3194 4432 20),
3225 4364 3456 4418 etlactis
3501 4365 3675 4422 fontes

2091 4442 2371 4498 scaturire.
2399 4442 2531 4498 Nam
2562 4455 2617 4499 ttt
2645 4448 2894 4502 omnibus
2934 4462 3120 4519 partus
3164 4454 3477 4510 manifestus
3509 4469 3671 4523 esset,

2090 4543 2142 4586 et
2171 4547 2378 4594 omnes,
2413 4543 2520 4588 tam
2551 4551 2644 4590 eos
2672 4538 2760 4607 qui
2797 4546 2924 4593 tunc
2953 4540 3196 4609 aderant,
3226 4557 3384 4613 quam
3410 4547 3500 4617 qui
3529 4559 3669 4617 post-

2089 4638 2151 4678 ea
2193 4624 2481 4691 audierint,
2514 4626 2581 4680 ad
2631 4627 2790 4683 ﬁdem
2835 4631 3076 4687 miraculi
3122 4633 3420 4703 induceret,
3472 4638 3674 4695 idcirco

2090 4715 2206 4784 ipsa
2230 4732 2453 4785 puerum
2479 4718 2573 4772 alit
2597 4727 2653 4774 et
2677 4720 2814 4777 lacte
2839 4736 2938 4776 suo
2963 4723 3074 4777 vult
3099 4726 3357 4782 enutrirc.
3391 4728 3457 4783 Et
3478 4729 3670 4803 inquit,

2092 4806 2220 4873 Quis
2243 4809 2562 4864 annuntiabit
2602 4810 2820 4868 Abrahae
2836 4857 2851 4881 ,
2878 4815 3016 4883 quod
3044 4815 3192 4871 iactet
3232 4835 3442 4890 puerum
3469 4821 3679 4879 Sat-ra?

2087 4897 2190 4954 hoc
2228 4916 2423 4955 novum
2448 4911 2502 4956 et
2531 4903 2869 4967 admirabile.
2903 4917 2958 4961 et
2999 4919 3191 4977 prieter
3215 4915 3667 4982 exspectationem

2087 4990 2217 5044 mihi
2242 5007 2586 5056 concessum,
2630 4995 2818 5064 inquit,
2850 4996 3005 5063 Quod
3032 5000 3205 5069 peperi
3246 5002 3411 5072 ﬁlium
3436 5006 3491 5061 in
3519 5023 3668 5062 sene-

2085 5091 2218 5136 ctu-te
2238 5100 2365 5137 mea.
2396 5084 2529 5151 Quid
2553 5085 2655 5141 hoc
2674 5095 2774 5151 est,
2796 5086 2980 5159 Peperi
2998 5091 3161 5158 ﬁlium
3180 5093 3234 5147 in
3254 5106 3503 5152 senectute
3515 5114 3626 5153 mea
3644 5100 3672 5155 .’

2084 5176 2218 5243 Quia
2248 5188 2442 5245 prmter
2466 5179 2796 5234 sterilitatem
2827 5180 3121 5237 sufﬁciebat
3154 5195 3385 5243 senecta:
3419 5196 3629 5258 tempus
3651 5232 3667 5257 ,

2086 5275 2143 5319 ut
2170 5275 2349 5334 partus
2393 5281 2514 5337 spes
2543 5269 2836 5326 tolleretur.
2870 5271 3247 5331 Verumtamen
3284 5276 3665 5347 impedimenta

2082 5357 2197 5412 htec
2220 5358 2400 5414 omnia
2428 5374 2460 5415 e
2485 5360 2660 5416 medio
2702 5365 2917 5419 sustulit
2960 5366 3214 5422 Dominus
3235 5409 3249 5434 ,
3277 5377 3331 5423 et
3368 5370 3515 5437 pueri
3539 5386 3661 5440 par-

2085 5461 2196 5503 tum
2224 5458 2280 5505 et
2304 5451 2453 5506 lactis
2482 5451 2656 5507 fontes
2686 5453 2813 5508 mihi
2844 5458 3130 5510 concessit.
3164 5456 3359 5511 Verum
3390 5459 3663 5517 videamus

2081 5546 2378 5613 sequentia.
2413 5545 2693 5616 Postquam
2742 5549 3016 5617 impletum
3049 5560 3130 5603 est
3165 5551 3390 5605 iactendi
3424 5561 3655 5622 tempus,

2092 5634 2247 5701 Vidit,
2268 5639 2457 5707 inqttit,
2488 5639 2649 5694 Sarra
2676 5640 2838 5709 ﬁlium
2881 5642 3019 5710 Agor
3054 5637 3352 5711 ﬁgyptite,
3392 5647 3478 5714 qui
3504 5658 3653 5701 natus

392 5725 618 5779 voluerit
643 5726 1037 5782 liberalitatem.
1055 5728 1274 5795 Quoties
1290 5728 1431 5783 enim
1454 5728 1542 5785 ille
1563 5731 1769 5799 annuit,
1788 5731 1973 5786 omnia
2074 5741 2147 5786 est
2172 5732 2405 5798 Abrahw,
2432 5732 2680 5789 ludentem
2703 5750 2815 5799 cum
2837 5732 2986 5788 Isaac
3009 5750 3160 5803 puero
3182 5750 3291 5788 suo.
3326 5735 3411 5792 10.
3440 5735 3508 5790 Et
3524 5737 3650 5793 dixit
