4150 6276
444 318 548 374 123

445 434 661 486 Abruhc
686 449 706 486 :
739 431 880 501 Ejice
922 430 1162 485 ancillam
1197 432 1326 483 hanc
1363 438 1408 481 et
1441 428 1604 495 ﬁlium
1635 427 1763 494 ejus.
1816 422 2023 494 Nequa-

444 542 593 595 quam
614 525 748 579 enim
775 524 917 577 heres
933 522 1024 578 erit
1052 523 1189 591 ﬁlius
1214 520 1417 573 ancilla:
1440 534 1553 571 cum
1583 518 1691 585 ﬁlio
1711 530 1820 569 meo
1848 514 2020 568 Isaac.

446 621 535 675 11.
566 617 756 670 Durum
781 623 947 670 autent
970 613 1208 683 apparuit
1227 608 1436 666 verbum
1454 611 1549 662 hoc
1574 623 1746 661 coram
1771 605 2027 659 Abraham

451 727 605 782 super
644 710 754 778 ﬁlio
783 723 895 762 suo.
928 704 1075 767 Vide,
1121 703 1367 766 obsecro,
1421 700 1534 762 hic,
1568 698 1780 757 dilecte.
1811 700 2025 751 Ssrram

447 804 637 855 itermn
670 815 774 855 nou
806 800 1063 852 ferentem
1086 794 1324 849 lsmaelis
1354 792 1570 845 nimiam
1602 790 1893 851 licentiam,
1927 802 2025 842 nc-

447 907 551 963 que
582 891 841 961 patienter
866 886 1132 940 sustinere
1176 884 1442 937 volentem
1481 882 1690 934 ancillae
1716 881 1880 933 tilium
1905 893 2026 932 cum

447 996 547 1037 suo
582 981 727 1035 lsaae
752 986 1182 1033 conversantem.
1211 976 1359 1031 Sicut
1389 975 1545 1043 igitur
1572 974 1718 1043 prius
1743 971 2027 1039 superbum

447 1071 691 1141 spiritum
730 1070 871 1139 Agar
898 1067 1183 1121 lnnniliare
1212 1065 1420 1127 volens,
1454 1064 1757 1118 vehementi
1792 1062 2031 1130 indigna-

446 1164 592 1217 tione
620 1161 797 1231 l'ugam
837 1160 973 1212 inire
995 1173 1112 1211 eam
1139 1155 1317 1226 coegit
1342 1173 1354 1208 :
1383 1155 1455 1209 ita
1497 1163 1551 1208 et
1579 1168 1719 1207 nunc
1757 1152 1939 1206 volens
1963 1150 2032 1204 ab

448 1252 602 1306 initio
632 1250 925 1321 reprimere
954 1248 1190 1302 lsmaelis
1217 1246 1598 1310 temeritatem,
1620 1254 1675 1298 et
1699 1259 1803 1298 non
1829 1242 2027 1307 ferens,

448 1356 570 1396 cum
598 1341 806 1395 videret
833 1353 1056 1408 puerum
1086 1350 1242 1392 suum
1270 1351 1303 1388 ι
1339 1334 1447 1388 Deo
1476 1333 1579 1387 sibi
1612 1332 1866 1387 donatum
1908 1346 2030 1387 cum

446 1431 655 1486 ancillae
675 1428 1006 1500 Egyptiaeze
1028 1425 1319 1499 liliovsimul
1350 1424 1575 1485 versari,
1601 1422 1731 1477 dicit
1757 1423 1984 1477 Abrahae
2014 1439 2028 1475 :

453 1521 599 1591 Ejice
621 1517 877 1573 ancillam
909 1527 954 1571 et
980 1517 1143 1585 ﬁlium
1166 1515 1292 1582 eius.
1325 1513 1444 1568 Non
1466 1514 1600 1567 enim
1618 1514 1710 1566 erit
1731 1512 1873 1566 heres
1898 1512 2034 1581 filius

452 1613 656 1666 ancilla
679 1611 833 1680 hujus
857 1625 971 1664 cum
998 1608 1107 1678 ﬁlio
1130 1623 1261 1661 meo.
1282 1606 1544 1675 Quoniam
1564 1616 1620 1660 et
1645 1607 1777 1660 sein
1797 1615 2033 1659 extrema

454 1713 613 1759 uiuite
632 1718 753 1758 esse
773 1700 1009 1767 videbat,
1029 1706 1083 1753 et
1104 1697 1457 1767 patriarcham
1479 1710 1687 1766 quoque
1705 1694 2033 1764 decrepitum

455 1800 637 1861 (erant
655 1793 798 1848 enim
824 1791 1016 1855 ambo,
1050 1791 1237 1859 inquit,
1272 1789 1414 1859 pleni
1440 1788 1706 1857 dierum),
1736 1789 2033 1857 suspicans,

458 1888 502 1941 si
532 1885 669 1941 forte
696 1894 920 1955 repente
940 1891 1298 1947 morerentur,
1341 1894 1407 1934 ue
1434 1880 1621 1935 lsmael
1641 1919 1657 1945 ,
1688 1894 1754 1934 eo
1791 1878 1931 1949 quod
1970 1893 2034 1933 ex

460 1976 773 2050 patriarcha:
802 1974 1085 2029 concubitu
1115 1986 1270 2027 natus
1297 1982 1472 2036 esset,
1505 1986 1565 2027 se
1594 1971 1645 2025 in
1686 1970 1855 2041 patris
1881 1970 2037 2025 bere-

454 2070 676 2123 ditatem
703 2066 1011 2128 intrudere,
1041 2064 1457 2134 participemque
1483 2070 1536 2116 et
1562 2063 1821 2132 aequalem
1859 2061 2037 2114 lsaaco

459 2159 576 2215 iieri
621 2167 849 2213 tentaret
891 2174 905 2210 :
950 2156 1146 2209 idcirco
1184 2154 1331 2217 dicit,
1375 2152 1521 2224 Ejice
1558 2155 1798 2208 ancillam
1841 2154 1957 2206 hinc
1993 2163 2040 2207 et

457 2251 621 2319 [ilium
658 2250 788 2319 ejus.
833 2246 1031 2313 Discat,
1069 2245 1269 2315 inquit,
1304 2244 1415 2314 jam
1457 2244 1587 2299 nihil
1621 2260 1903 2299 commune
1944 2245 2038 2297 ha-

459 2342 689 2396 biturum
728 2338 899 2393 ﬁlium
928 2337 1134 2392 ancilia:
1166 2350 1287 2390 cum
1339 2336 1447 2389 tilio
1488 2351 1607 2389 meo
1646 2335 1810 2390 lsaac.
1859 2335 2041 2405 Neque

458 2429 601 2485 enim
636 2440 845 2497 aequom
884 2436 968 2483 est
1004 2437 1061 2478 ut
1102 2426 1239 2478 [ilius
1279 2423 1544 2495 Egyptia:
1582 2434 1636 2479 et
1670 2424 1877 2479 ancilla:
1921 2440 2041 2478 cum

463 2521 573 2575 tilio
601 2535 726 2575 meo
755 2529 810 2575 et
837 2518 1069 2573 domina:
1104 2517 1262 2571 simul
1297 2527 1556 2572 versetur.
1587 2516 1851 2572 Cmtermn
1885 2517 2042 2573 Sarra

463 2630 568 2665 non
626 2611 744 2664 sine
788 2622 948 2664 causa
992 2623 1107 2661 rem
1154 2607 1293 2661 ham
1320 2607 1459 2675 egit,
1504 2606 1597 2661 sed
1644 2606 1766 2676 jure
1819 2622 1883 2661 ac
1929 2622 2045 2660 me-

463 2706 586 2768 rito,
629 2713 785 2772 atque
830 2701 903 2755 ita
939 2708 1323 2769 congruenter,
1366 2708 1424 2751 ut
1459 2708 1516 2753 et
1549 2699 1689 2752 Deus
1732 2698 2047 2752 collaudarit

460 2795 577 2863 ejus
627 2792 789 2847 dicta.
840 2789 1145 2844 Patriarcha
1188 2804 1318 2843 vero
1360 2788 1497 2844 bene
1539 2788 1761 2843 allectus
1804 2804 1928 2859 erga
1965 2787 2042 2842 ls-

468 2887 717 2949 maelem,
750 2884 974 2939 moleste
997 2882 1292 2952 accipiebat
1324 2892 1441 2951 qua;
1470 2897 1499 2936 a
1525 2882 1683 2937 Sarra
1712 2881 2043 2936 dicebantur.

466 2979 668 3031 Durum
721 2976 896 3039 enirn,
943 2975 1146 3044 inquit,
1199 2975 1439 3045 apparuit
1489 2974 1690 3028 uerbum
1733 2976 1830 3028 hoc
1878 2988 2047 3028 coram

466 3068 722 3123 Abraham
766 3066 830 3121 de
858 3064 968 3135 ﬁlio
1000 3082 1112 3119 suo.
1144 3064 1327 3135 Neque
1354 3066 1494 3120 enim
1540 3065 1608 3120 de
1636 3066 1778 3134 Agar
1818 3065 2044 3119 multum

462 3158 725 3215 sollicitus
748 3166 885 3220 erat,
924 3155 1019 3211 sed
1056 3171 1183 3225 erga
1222 3170 1442 3224 puerum
1474 3156 1547 3211 ita
1575 3157 1928 3221 afﬁciebatur,
1959 3165 2046 3209 ut-

465 3261 595 3317 pote
617 3250 726 3321 iam
751 3248 1170 3304 adolescentem.
1199 3247 1306 3304 Sed
1333 3249 1613 3304 considera
1632 3290 1647 3313 ,
1675 3251 1927 3314 obsecro,
1962 3250 2047 3305 hic

466 3341 754 3397 clementis
779 3341 871 3395 Dei
902 3340 1091 3394 miram
1120 3341 1479 3395 clementiam.
1520 3340 1652 3395 Nam
1683 3341 1804 3409 quia
1834 3341 1965 3396 vidit
1990 3350 2045 3395 et

469 3437 684 3489 Sarram
724 3434 831 3502 pati
861 3433 1063 3503 aliquid
1094 3432 1380 3487 humanum
1402 3473 1417 3496 ,
1454 3443 1508 3487 et
1533 3447 1674 3502 mgre
1701 3433 1840 3487 ferre
1866 3448 2047 3503 parem

471 3528 701 3582 ﬁliorum
747 3527 1052 3581 honorem:
1090 3525 1250 3594 idque
1284 3526 1476 3579 merito
1507 3541 1522 3578 :
1567 3524 1835 3579 Abraham
1873 3534 2048 3581 autem

472 3634 577 3675 non
601 3617 741 3675 ferre
768 3632 923 3687 :equo
948 3617 1129 3671 animo
1156 3617 1471 3686 ejectionem
1502 3615 1738 3671 lsmaelis
1763 3627 1817 3671 et
1844 3617 2052 3672 ancilla

475 3715 619 3781 (nam
666 3711 786 3765 licet
835 3725 942 3765 non
985 3709 1349 3765 obluctaretur
1390 3707 1565 3763 Sarrae
1607 3709 1677 3763 ob
1726 3709 2051 3779 singularem

472 3800 934 3856 mansuetudinem
957 3841 974 3866 ,
1010 3808 1244 3855 attamen
1285 3799 1478 3854 durum
1502 3799 1553 3854 ei
1600 3800 1878 3855 videbatur
1906 3819 1920 3855 :
1950 3801 2053 3857 hoc

472 3902 555 3947 est
571 3906 757 3962 grave,
781 3890 1064 3946 molestum
1085 3900 1141 3945 et
1161 3889 1497 3961 onerosum),
1520 3901 1645 3946 tunc
1665 3890 1881 3946 domum
1898 3906 2051 3947 suam

472 3985 680 4038 solitam
706 3996 926 4037 servans
954 3981 1371 4036 misericordiam
1390 4023 1405 4046 ,
1438 3992 1491 4036 et
1513 3982 1813 4036 concordia:
1838 3982 2052 4037 illorum

474 4075 717 4144 copulam
739 4073 1128 4142 constringens,
1147 4071 1277 4126 dicit
1296 4072 1361 4126 ad
1394 4071 1662 4126 Abraham
1686 4089 1699 4125 :
1727 4071 1815 4127 12.
1848 4072 1931 4126 Ne
1953 4073 2055 4127 du-

475 4183 586 4218 rum
608 4167 674 4219 sit
699 4182 869 4217 coram
891 4173 937 4217 te
960 4164 1160 4218 verbum
1184 4162 1276 4215 hoc
1304 4163 1367 4216 de
1392 4178 1547 4230 puero
1570 4171 1621 4217 et
1637 4163 1847 4217 ancilla.
1870 4163 2055 4218 Omnia

478 4270 797 4321 quwcumque
817 4254 999 4306 dixerit
1029 4253 1117 4305 tibi
1143 4252 1304 4307 Sarra
1321 4293 1337 4317 ,
1368 4251 1491 4305 audi
1514 4267 1683 4306 vocem
1707 4254 1836 4322 ejus.
1862 4254 1941 4308 Ne
1967 4270 2055 4309 se-

476 4346 663 4414 cipias,
685 4343 876 4413 inquit,
890 4342 1125 4412 graviter
1144 4342 1285 4411 quod
1311 4343 1378 4397 ab
1401 4358 1464 4397 ea
1484 4342 1681 4398 dictum
1704 4344 1794 4399 tibi
1811 4353 1895 4401 est
1916 4362 1932 4400 :
1957 4347 2055 4403 sed

482 4436 669 4492 Omnia
692 4449 1019 4504 quiscumque
1041 4432 1223 4486 dixerit
1257 4434 1344 4487 tibi
1371 4433 1554 4500 Sarra,
1577 4435 1701 4488 audi
1728 4452 1896 4490 vocem
1921 4440 2054 4510 ejus.

547 4526 605 4580 2.
632 4524 772 4595 Agar
785 4523 1016 4595 ejicitur;
1033 4522 1315 4577 obedientia
1334 4523 1582 4588 Abrahae;
1607 4526 1918 4594 prouidentia
1935 4528 2052 4584 Dei.

480 4647 551 4658 —
568 4614 694 4670 llaec
718 4613 917 4682 omnia,
945 4612 1136 4684 inquit,
1158 4628 1277 4683 qua:
1302 4629 1444 4668 nunc
1470 4614 1560 4669 tibi
1590 4615 1718 4671 dicit
1738 4617 1805 4673 de
1836 4619 2058 4675 lsmsele

481 4716 537 4763 et
563 4708 629 4762 de
659 4706 833 4776 Agar,
860 4706 1046 4777 accipe
1074 4721 1088 4756 :
1118 4714 1173 4759 et
1208 4704 1330 4760 audi
1382 4720 1566 4761 vocem
1608 4706 1746 4773 ejus.
1794 4708 1873 4765 Ne
1901 4710 2053 4775 velis,

478 4801 667 4869 inquit.
696 4798 1014 4853 Contristare
1056 4811 1173 4850 eam
1194 4837 1212 4859 ,
1242 4812 1358 4865 qua:
1398 4806 1546 4850 tanto
1587 4806 1826 4865 tempore
1852 4809 2056 4854 tantum

479 4903 719 4943 amorem
752 4902 877 4956 erga
908 4894 961 4942 te
989 4886 1278 4941 declaravit
1309 4904 1323 4941 :
1350 4902 1469 4956 qua:
1512 4903 1614 4940 non
1642 4888 1815 4942 solum
1850 4890 2055 4955 semel,

479 4980 574 5035 sed
602 4989 656 5034 et
685 4978 943 5044 secundo,
975 4986 1033 5030 ut
1068 4987 1118 5031 te
1143 4993 1174 5031 a
1212 4987 1388 5033 morte
1416 4979 1670 5048 eriperet,
1700 4980 1929 5049 seipsam
1960 4995 2057 5048 pro

480 5082 566 5151 tua
594 5068 761 5122 salute
783 5068 1064 5134 exposuit,
1107 5077 1161 5121 et
1184 5078 1368 5123 auctor
1396 5077 1500 5122 tua:
1542 5070 1700 5139 hujus
1727 5071 1909 5141 gloria:
1938 5071 2055 5127 fuit.

481 5161 718 5214 Primum
739 5157 953 5227 quidem
976 5155 1101 5211 fecit
1127 5166 1181 5209 ut
1199 5172 1319 5212 cum
1348 5160 1509 5213 tantis
1529 5160 1725 5216 divitiis
1742 5161 1810 5216 ab
1827 5160 2061 5233 Egypto

478 5252 707 5314 redires.
740 5257 920 5317 postea
950 5262 1076 5301 vero
1106 5246 1295 5302 iterum
1324 5249 1375 5302 iu
1398 5264 1556 5305 causa
1582 5252 1677 5305 fuit
1704 5262 1761 5307 ut
1787 5253 1859 5309 ita
1888 5262 1940 5309 te
1968 5269 2060 5309 ve-

480 5350 762 5395 neraretur
814 5346 869 5393 et
912 5336 1223 5393 observaret
1270 5339 1597 5396 Abimelech.
1654 5342 1733 5397 Ne
1772 5344 1928 5412 igitur
1977 5344 2060 5398 di-

479 5445 631 5485 versa
675 5430 742 5484 ab
787 5427 871 5484 his
911 5444 1032 5498 quae
1075 5429 1287 5497 loquuta
1317 5439 1401 5485 est
1446 5432 1579 5487 velis
1623 5433 1759 5489 inire
1796 5437 2058 5491 consilia:

478 5524 755 5576 enimvero
784 5538 889 5575 non
914 5522 1068 5577 aliter
1088 5524 1314 5578 eveniet.
1345 5522 1399 5577 In
1425 5522 1569 5579 lsaac
1587 5528 1730 5581 enim
1752 5543 1817 5582 ex
1841 5543 1904 5584 ea
1933 5539 2060 5584 nato

479 5620 624 5665 tuum
648 5623 830 5666 semen
863 5614 1155 5677 vocabitur,
1184 5624 1237 5668 et
1259 5616 1372 5683 ipse
1392 5617 1493 5670 erit
1517 5626 1639 5672 tuus
1662 5618 1817 5675 heres
1843 5621 1913 5692 (ο.
1942 5622 2055 5685 12).

480 5699 567 5756 15.
601 5699 790 5754 Filium
828 5713 991 5756 autent
1034 5703 1177 5758 illum
1202 5706 1401 5763 ancillis
1436 5722 1654 5763 crescere
1680 5711 1887 5781 faciam,
1917 5724 1964 5767 et
2003 5716 2054 5767 in

1212 310 1268 367 S.
1311 307 1587 366 JOANNIS
1610 300 2083 362 CHRYSOSTOMI
2107 300 2437 371 ,ARCHIEP.
2476 303 3013 363 CONSTANTINOP.

3612 314 3718 370 ωδ

2136 434 2332 493 gentem
2354 440 2591 496 magnam
2617 426 2805 495 faciam
2826 470 2839 492 ,
2866 429 3105 498 quoniam
3130 444 3299 483 semen
3322 439 3466 487 tuum
3487 441 3578 486 est.
3610 432 3713 490 Fac

2138 515 2292 584 igitur
2309 532 2427 585 qua:
2457 518 2545 570 illa
2576 518 2665 572 tibi
2688 518 2904 586 dixerit,
2930 529 2985 574 et
3018 519 3172 575 obedi
3201 522 3316 575 voci
3344 522 3477 590 ejus.
3531 521 3716 591 Cogita

2139 606 2243 669 hic,
2272 608 2516 672 obsecro,
2549 620 2743 677 quanta
2772 609 2950 665 subito
2976 611 3261 665 concordia
3288 621 3342 667 et
3371 628 3472 681 pax
3498 612 3550 666 in
3581 628 3705 667 con-

2139 700 2437 755 tubernium
2478 716 2662 755 eorum
2704 703 3051 769 concesserit,
3094 704 3329 758 bonitate
3378 704 3552 757 divina
3598 706 3718 757 vin-

2137 793 2313 846 culum
2356 809 2541 848 eorum
2584 796 3000 865 constringente.
3032 797 3119 850 14.
3170 796 3405 850 Surrexit
3450 797 3604 858 enim,
3638 799 3715 849 in-

2138 884 2244 952 quit
2256 924 2271 949 ,
2286 900 2451 950 mane,
2466 895 2512 938 et
2532 887 2719 954 accepit
2734 902 2908 955 panes,
2925 894 2971 939 et
2983 896 3143 938 utrem
3162 901 3330 954 aquar,
3343 899 3386 938 et
3405 886 3544 939 dedit
3558 887 3714 955 Agar,

2139 984 2187 1029 et
2224 976 2463 1042 imposuit
2496 991 2649 1043 super
2674 976 2936 1028 humerum
2962 977 3072 1043 ejus
3103 986 3149 1029 et
3193 992 3432 1045 puerum,
3460 986 3505 1029 et
3532 977 3720 1029 dimisit

2139 1083 2268 1120 eam.
2293 1067 2425 1122 Vide
2445 1067 2530 1122 hic
2550 1068 2738 1122 iterum
2759 1068 2888 1137 justi
2916 1068 3165 1137 eximiam
3193 1068 3529 1136 probitatem.
3546 1076 3718 1135 etqua

2140 1158 2345 1211 ratione
2395 1159 2449 1211 in
2496 1158 2745 1211 omnibus
2797 1158 3099 1226 religiosam
3146 1129 3300 1212 suam
3349 1167 3578 1210 mentem
3626 1157 3721 1210 de-

2140 1249 2329 1301 claret.
2366 1247 2495 1301 Nam
2527 1247 2739 1315 quando
2765 1246 2963 1302 audivit
2992 1246 3204 1303 Sarram
3242 1247 3544 1309 dicentem,
3581 1246 3723 1316 Ejice

2141 1339 2381 1393 ancillam
2405 1349 2449 1393 et
2480 1340 2641 1408 ﬁlium
2672 1341 2783 1410 ejus
2804 1356 2823 1393 :
2848 1339 3040 1394 durum
3070 1339 3118 1393 ei
3150 1338 3428 1393 videbatur
3448 1377 3464 1403 ,
3491 1352 3557 1392 eo
3582 1336 3722 1404 quod

2143 1430 2275 1485 bene
2296 1430 2625 1485 afficiebatur
2645 1444 2770 1499 erga
2799 1428 3076 1483 Ismaelem
3101 1447 3113 1481 :
3138 1443 3324 1483 verum
3355 1427 3443 1483 ubi
3472 1427 3726 1481 Dominus

2143 1521 2417 1589 prwcepit,
2458 1520 2635 1574 statim
2672 1519 2800 1573 fecit
2826 1518 2967 1589 quod
3017 1519 3332 1587 imperatum
3375 1526 3519 1581 erat,
3564 1517 3723 1571 etiam

2143 1612 2398 1664 naturalis
2418 1610 2616 1665 amoris
2643 1609 2860 1676 oblitus,
2882 1610 3032 1679 quasi
3053 1608 3289 1664 diceret:
3316 1608 3412 1664 Ubi
3441 1606 3565 1678 quid
3592 1622 3726 1676 pra:-

2144 1703 2272 1770 cipit
2303 1702 2578 1767 Dominus,
2603 1700 2867 1755 lacessant
2886 1715 3075 1755 omnes
3099 1700 3407 1754 affectiones
3435 1715 3448 1752 :
3480 1699 3601 1768 quia
3629 1714 3724 1752 na-

2146 1802 2276 1845 turae
2307 1792 2563 1846 Dominus
2583 1800 2686 1855 est,
2713 1789 2805 1861 qui
2837 1790 3096 1860 prtecipit.
3129 1789 3196 1845 Ut
3216 1791 3408 1859 accepit
3437 1790 3610 1859 igitur,
3643 1790 3726 1841 in-

2146 1885 2282 1955 quit,
2328 1884 2517 1937 ancilla
2558 1899 2734 1953 paues,
2763 1892 2811 1937 et
2850 1893 3014 1939 utrem
3050 1898 3226 1949 aqum,
3254 1898 3454 1952 egressa
3492 1890 3566 1936 est
3604 1896 3720 1933 cum

2150 1993 2327 2045 puero.
2339 1975 2556 2042 Verum,
2579 1975 2824 2039 obsecro,
2848 1975 2969 2030 vide
2989 1975 3201 2035 iterum,
3225 1974 3493 2043 quomodo
3516 1982 3730 2041 propter

2148 2069 2592 2135 benevolentiam,
2623 2083 2726 2138 qua
2757 2068 3173 2138 prosequebatur
3195 2066 3397 2136 justum
3427 2066 3586 2130 Deus,
3614 2066 3741 2120 haec-

2148 2177 2358 2231 quoque
2387 2175 2619 2231 superna
2644 2176 2773 2216 cura
2804 2160 2961 2231 digna
2986 2160 3280 2214 habeatur.
3311 2158 3381 2214 Ut
3415 2172 3543 2227 ergo
3578 2156 3727 2221 abiit,

2148 2251 2439 2321 vagabatur
2479 2267 2574 2320 per
2601 2251 2943 2307 solitudinem
2966 2291 2982 2316 ,
3020 2259 3219 2305 etcum
3244 2264 3381 2318 aqua
3416 2257 3730 2316 consumpta

2150 2344 2348 2398 nullam
2391 2358 2613 2412 usquam
2642 2342 2906 2396 inveniret
2930 2340 3349 2396 consolationem
3370 2379 3387 2405 ,
3418 2338 3508 2394 15.
3540 2338 3732 2407 Abjecit

2152 2451 2386 2505 puerum,
2414 2434 2602 2502 inquit,
2632 2432 2799 2486 subter
2823 2448 2978 2485 unam
3000 2431 3228 2485 abietem.
3259 2428 3734 2497 Disrumpebantur

2150 2527 2291 2581 enim
2323 2525 2439 2594 ejus
2459 2525 2686 2587 viscera,
2716 2532 2773 2578 et
2796 2522 3008 2577 dolebat
3047 2522 3271 2575 nmltum
3299 2521 3368 2575 ob
3394 2518 3731 2573 immodicam

2150 2634 2276 2688 erga
2302 2633 2527 2688 puerum
2557 2615 2913 2671 sﬂ‘eetiouein.
2943 2614 3031 2669 16.
3060 2613 3237 2677 Sedit,
3265 2612 3463 2681 inquit,
3494 2610 3734 2663 adversus

2151 2726 2297 2774 eum,
2324 2708 2468 2778 quasi
2492 2708 2561 2759 ad
2590 2708 2789 2777 jactum
2824 2721 2992 2759 arcus.
3036 2703 3246 2757 Dicebat
3284 2703 3419 2755 enim
3440 2716 3459 2755 :
3500 2699 3620 2755 Non
3658 2702 3735 2752 vi-

2152 2797 2277 2851 debo
2306 2808 2515 2850 mortem
2543 2796 2686 2865 pueri
2722 2796 2839 2849 mei.
2880 2792 2949 2847 Et
2974 2795 3101 2848 sedit
3128 2810 3157 2847 e
3181 2793 3385 2863 regione
3425 2791 3587 2860 pueri.
3615 2790 3735 2842 Cla-

2153 2902 2297 2942 mans
2326 2896 2493 2940 autem
2521 2902 2664 2956 puer,
2698 2885 2913 2955 ploravit
2936 2884 3038 2955 (a).
3062 2882 3327 2939 Caeterum
3351 2880 3658 2936 misericors
3681 2888 3734 2933 et

2153 2981 2414 3051 benignus
2444 2979 2582 3033 Deus
2599 3020 2613 3043 ,
2645 2978 2813 3047 patris
2854 2986 2909 3032 et
2934 2976 3120 3031 matris
3156 2990 3281 3046 erga
3309 2989 3408 3028 nos
3432 2986 3612 3028 curam
3640 2986 3735 3025 sna

2155 3070 2535 3128 transcendens
2572 3070 2784 3139 pietate,
2834 3069 2922 3123 17.
2958 3067 3238 3121 Exaudivit
3276 3081 3443 3119 vocem
3485 3063 3627 3132 pueri
3672 3063 3738 3115 de

2154 3163 2267 3217 loco
2296 3162 2382 3216 ubi
2425 3170 2534 3214 erat
2572 3177 2592 3214 :
2636 3162 2888 3216 misertus
2931 3165 3094 3213 estet
3137 3157 3287 3226 pueri
3331 3165 3386 3211 et
3426 3153 3738 3209 calamitatis

2154 3257 2296 3325 Agar
2318 3271 2333 3308 :
2358 3253 2601 3324 permisit
2618 3260 2820 3307 tantum
2847 3264 2965 3304 eam
2989 3247 3217 3317 experiri
3245 3245 3371 3316 quid
3393 3246 3466 3300 sit
3482 3243 3733 3307 solitudo,

2155 3358 2207 3404 et
2223 3349 2399 3403 statim
2418 3362 2570 3400 suum
2586 3344 2855 3400 concessit
2875 3342 3201 3413 praesidium.
3223 3338 3289 3392 Et
3310 3338 3520 3403 vocavit,
3544 3335 3733 3405 inquit,

2156 3438 2367 3508 angelus
2398 3436 2493 3491 Dei
2520 3437 2658 3507 Agar
2681 3436 2744 3489 de
2770 3434 2913 3498 calo,
2947 3442 2993 3486 et
3023 3432 3249 3486 dia-itei:
3272 3429 3407 3496 Quid
3436 3438 3529 3495 est,
3559 3427 3695 3497 Agar
3713 3427 3738 3478 .’

2159 3529 2243 3584 Ne
2272 3530 2491 3583 timeas:
2520 3528 2712 3581 audivit
2740 3526 2873 3580 enim
2896 3523 3038 3581 Deus
3062 3538 3231 3577 vocem
3253 3521 3396 3592 pueri
3424 3520 3489 3574 de
3516 3520 3627 3573 loco
3656 3519 3740 3570 ubi

2156 3633 2247 3680 est.
2278 3624 2366 3678 18.
2406 3623 2593 3695 Surge,
2630 3622 2803 3689 accipe
2832 3636 3071 3689 puerum,
3099 3628 3145 3672 et
3179 3617 3503 3686 apprehende
3534 3632 3739 3668 manum

2158 3718 2269 3781 ejus
2297 3731 2315 3769 :
2339 3716 2392 3768 in
2419 3724 2613 3786 gentem
2642 3714 2775 3767 enim
2803 3728 3041 3783 magnam
3068 3711 3252 3783 faciam
3289 3726 3424 3763 eum.
3453 3709 3497 3763 Ο
3532 3708 3740 3761 miseri-

2158 3806 2395 3862 cordiam
2445 3804 2691 3859 Domini!
2734 3804 2850 3858 Non
2899 3802 3023 3873 quia
3065 3800 3256 3856 ancilla
3303 3810 3439 3866 erat,
3488 3798 3739 3866 despexit

2159 3913 2277 3953 eam
2302 3913 2319 3962 ;
2349 3896 2441 3951 sed
2468 3897 2588 3965 quia
2628 3893 2943 3965 patriarcha:
2981 3892 3325 3962 promiserat,
3357 3901 3410 3945 et
3444 3890 3566 3959 quia
3597 3890 3740 3943 illius

2160 4004 2345 4044 semen
2371 3998 2504 4053 erat,
2530 3997 2728 4042 tantam
2750 4000 2963 4056 quoque
2981 4000 3162 4038 curam
3184 3999 3309 4053 erga
3332 3998 3448 4036 eam
3469 3981 3741 4036 declarare

2162 4079 2427 4150 dignatur.
2460 4080 2627 4133 Dicit:
2656 4077 2792 4143 Quid
2814 4087 2905 4143 est,
2931 4074 3104 4145 Agar?
3136 4072 3219 4127 Ne
3242 4074 3416 4127 timeas
3444 4089 3463 4126 :
3491 4072 3741 4126 exaudivit

2160 4175 2293 4228 enim
2332 4172 2577 4225 Dominus
2617 4187 2787 4224 vocem
2816 4169 2977 4239 pueri.
3014 4168 3180 4237 Surge
3210 4176 3258 4219 et
3284 4166 3457 4235 accipe
3501 4166 3664 4228 illum,
3694 4174 3742 4217 et

2159 4264 2483 4336 apprehende
2509 4278 2714 4316 manum
2735 4263 2842 4332 ejus
2866 4276 2887 4314 :
2916 4261 2967 4313 in
2995 4269 3188 4329 gentem
3232 4258 3365 4310 enim
3401 4273 3636 4326 magnam
3662 4260 3742 4326 fa-

2161 4358 2291 4409 ciam
2308 4352 2475 4408 illum.
2498 4352 2573 4408 Ne
2594 4367 2841 4415 intereas,
2866 4350 3052 4419 inquit,
3073 4364 3140 4403 eo
3159 4345 3302 4417 quod
3334 4362 3367 4401 e
3390 4347 3555 4401 domo
3572 4346 3741 4415 ejecta

2162 4447 2255 4501 sis.
2288 4444 2513 4499 Tantam
2536 4444 2679 4498 enim
2717 4457 2902 4497 curam
2953 4454 3053 4509 ego
3081 4438 3234 4511 pueri
3280 4452 3457 4507 agam,
3488 4447 3544 4490 ut
3586 4447 3643 4491 et
3688 4438 3739 4490 in

2162 4546 2371 4607 gentem
2400 4549 2642 4605 magnam
2665 4536 2777 4604 ipse
2796 4534 2885 4589 sit.
2913 4534 3000 4588 19.
3028 4532 3094 4586 Et
3115 4530 3331 4601 aperuit,
3359 4530 3547 4598 inquit,
3567 4530 3741 4581 oculos

2163 4630 2272 4699 ejus
2296 4643 2313 4681 :
2343 4642 2448 4682 non
2476 4626 2618 4695 quod
2639 4635 2793 4680 antea
2825 4639 2931 4679 non
2960 4623 3176 4687 viderit,
3205 4619 3299 4675 sed
3318 4619 3444 4690 quia
3464 4618 3592 4672 nihil
3619 4633 3741 4686 pro-

2162 4717 2351 4770 derant
2382 4718 2431 4770 ei
2476 4717 2643 4787 aperti
2681 4716 2820 4770 oculi
2865 4723 2988 4767 ante
3028 4727 3314 4782 supernam
3358 4708 3735 4764 visitationem.

2167 4792 2483 4860 Propterea,
2510 4807 2634 4844 cum
2656 4793 2813 4843 vellet
2845 4805 2995 4845 suam
3024 4790 3415 4858 providentiam
3438 4791 3731 4855 declarare,

2166 4883 2339 4953 inquit
2369 4899 2379 4933 :
2412 4882 2626 4949 Aperuit
2649 4882 2821 4934 oculos
2850 4883 3003 4949 ejus:
3028 4881 3080 4935 id
3106 4890 3208 4944 est,
3239 4881 3560 4937 indicavitei
3585 4884 3736 4953 igno—

2167 4974 2326 5041 ranti,
2348 4982 2403 5027 et
2427 4980 2662 5026 mentem
2692 4971 2810 5039 ejus
2831 4973 3105 5032 excitavit.
3132 4972 3382 5041 viamque
3404 4974 3454 5027 ei
3475 4976 3730 5037 ostendit,

2166 5076 2226 5121 ut
2250 5064 2457 5121 videret
2480 5052 2656 5118 locum
2684 5063 2738 5117 in
2763 5078 2869 5132 quo
2894 5062 3068 5119 fontes
3088 5080 3239 5133 aquae
3259 5066 3647 5121 seaturiebant.
3669 5067 3733 5120 Et

2165 5160 2310 5223 sidit,
2336 5157 2528 5228 inquit,
2550 5167 2761 5226 puteum
2788 5174 2939 5227 aqua
2965 5158 3200 5222 viventis,
3229 5168 3278 5211 et
3300 5159 3411 5221 ivit.
3436 5169 3483 5212 et
3505 5160 3735 5227 implevit

2226 5283 2297 5348 (α)
2323 5286 2378 5364 in
2400 5287 2613 5363 Hebraeo
2636 5284 2821 5364 legitur
2844 5287 2986 5364 "Ql‘l‘l
3008 5264 3234 5364 Πίῳ-ΠΝ
3253 5288 3408 5364 κατε]
3425 5288 3567 5363 “tam

2169 5360 2221 5405 Et
2248 5355 2379 5424 sedit
2401 5354 2670 5424 e_re_gio_ne.
2695 5362 2739 5407 et
2758 5354 3111 5424 levaritpoceiii
3126 5369 3283 5424 suam.
3305 5362 3351 5405 et
3370 5356 3515 5419 ﬂevit.
3542 5354 3737 5424 scilicet

2162 5424 2194 5466 Α
2206 5431 2310 5476 gar,
2337 5423 2389 5465 et
2404 5414 2713 5479 sieYulgata
2745 5424 2907 5467 nostra
2933 5417 3226 5468 Hebraicum
3253 5414 3444 5479 textum
3472 5430 3501 5464 e
3524 5414 3738 5477 vestigio

2162 5478 2522 5539 sequuta.LXX
2548 5491 2666 5526 vero
2692 5492 2897 5540 puerum
2920 5478 3475 5540 plorantemexhibeut.
3491 5480 3606 5537 quia
3624 5489 3737 5540 qum

2164 5534 2272 5609 iudx
2298 5539 2585 5609 in_Hebrs_ao_
2600 5534 2896 5609 sequpntur,
2914 5534 3231 5609 Erexaudivjt
3251 5539 3376 5588 Deus
3390 5534 3555 5609 uocem
3572 5534 3731 5609 pueri.

2161 5600 2275 5666 huic
2298 5598 2695 5668 interpretationi
2721 5602 2885 5649 favere
2910 5598 3156 5648 videntur.
3179 5600 3550 5668 Chrysostomus
3569 5598 3735 5668 autem

2166 5661 2211 5707 in
2258 5657 2607 5724 explanatione
2647 5675 2737 5724 sua
2776 5667 3043 5721 utrumque
3083 5659 3365 5709 exauditum
3410 5657 3638 5723 sghibet,
3680 5662 3735 5707 et

2167 5722 2374 5784 Agarem
2397 5727 2620 5782 matrem,
2646 5728 2699 5771 et
2724 5722 2979 5772 lsmaelem
3009 5733 3231 5783 puerum.
