4150 6276
506 313 612 367 625

503 422 741 493 ζῶντος,
767 423 868 478 καί
898 423 1212 493 ἐπορεύθη,
1244 423 1341 476 καί
1391 423 1625 489 ἔπλησε
1661 422 1769 476 τὸν
1795 423 2014 486 ἀσκὸν,
2060 423 2158 477 καί

503 512 747 565 έπότισε
783 512 850 564 τὸ
892 510 1153 564 παιδίον.
1202 510 1290 562 Ἐν
1328 509 1554 579 ἀπόροις
1592 510 1758 579 πόρον
1800 510 2094 580 ἐχαρίσατο
2137 512 2166 563 6

504 596 733 667 Κύριος,
770 597 863 650 καὶ
891 599 948 648 ἐν
978 595 1257 666 ἀμηχανίᾳ
1288 594 1512 666 τοιαύτῃ
1532 595 1872 666 τυγχανούση
1900 596 1993 650 καὶ
2024 596 2162 649 οὐδε.

507 683 636 751 μίαν
680 682 868 736 ἐλπίδα
898 682 1168 752 σωτηρίας
1200 682 1421 752 ἐχούσῃ,
1469 681 1567 752 τὴν
1607 682 1816 735 οἰκείαν
1854 682 2162 752 φιλοτιμίαν

504 769 585 831 είς
608 768 781 838 αὐτὴν
801 766 1129 832 ἐπεδείξατο,
1148 768 1283 839 ὁμοῦ
1303 768 1394 822 καὶ
1418 768 1587 839 αὐτὴν
1606 770 2163 842 παραμυθησάμενος,

503 855 597 907 καὶ
629 852 725 908 τοῦ
756 855 966 908 παιδίου
995 854 1094 927 τὴν
1122 856 1377 925 πρόνοιαν
1408 856 1794 927 ποιησάμενος.
1825 856 2012 921 Οὕτως
2037 858 2164 911 ὅταν

503 941 757 1011 ϐούληται
776 941 969 1006 όΘεὸς,
994 942 1097 996 κᾶν
1119 945 1177 995 ἐν
1202 942 1409 1013 ἐρημίᾳ
1437 936 1608 1013 ὦμεν,
1637 946 1738 997 κᾶν
1768 944 1831 997 ἐν
1850 946 2032 1007 αὐτοῖς
2053 947 2164 1008 τοῖς

502 1028 747 1096 ἐσχάτοις
767 1031 977 1091 κακοῖς,
997 1029 1098 1082 κᾶν
1130 1028 1399 1098 μηδεμίαν
1423 1029 1614 1082 ἐλπίδα
1640 1031 1916 1099 σωτηρίας
1929 1030 2160 1101 ἔχωμεν,

497 1113 713 1176 οὐδενὸς
737 1114 927 1184 ἐτέρου
944 1115 1270 1185 δεησόμεθα,
1294 1116 1394 1184 τῆς
1424 1115 1517 1169 τοῦ
1542 1116 1676 1168 Θεοῦ
1699 1118 1869 1188 ῥοπῆς
1889 1117 1957 1170 τά
1988 1118 2164 1171 πάντα

498 1197 630 1266 ήμίν
661 1199 975 1270 γινομένης.
1022 1199 1149 1251 Ἐἀν
1180 1199 1291 1270 γὰρ
1317 1200 1417 1270 τὴν
1448 1201 1578 1271 παρ’
1603 1201 1769 1255 αὐτοῦ
1798 1200 2009 1255 εὔνοιαν
2042 1204 2164 1254 ἐπι-

501 1281 860 1352 σπασώμεθα,
898 1284 1074 1347 οὐδεὶς
1101 1284 1257 1355 ήμῶν
1287 1285 1595 1355 περιέσται,
1624 1285 1760 1339 ἀλλά
1795 1287 2014 1341 πάντων
2044 1286 2163 1339 ἐσό-

502 1368 642 1438 μεθα
671 1368 1013 1442 ὑψηλότεροι.
1054 1372 1163 1424 Καὶ
1196 1366 1277 1440 ἦν
1308 1374 1341 1423 ό
1368 1372 1511 1437 Θεὸς
1550 1372 1703 1441 μετὰ
1740 1372 1848 1427 τοῦ
1896 1373 2159 1438 παιδίου,

497 1453 652 1524 φησὶ,
689 1456 787 1508 καί
816 1456 1072 1524 ηὐξήθη,
1101 1455 1200 1510 καὶ
1226 1456 1574 1526 κατῴκησεν
1602 1461 1672 1513 ἐν
1705 1458 1780 1529 τῇ
1809 1460 2028 1529 ἐρήμῳ.
2056 1459 2163 1514 06-

496 1558 625 1606 τως.
658 1543 784 1597 ὅταν
814 1545 1018 1614 εὐμενῆ
1041 1545 1131 1598 τὸν
1158 1544 1291 1597 Θεὸν
1316 1544 1545 1617 ἔχωμεν,
1574 1547 1679 1601 κᾶν
1708 1551 1766 1601 ἐν
1784 1550 1973 1620 ἐρήμῳ
1986 1544 2157 1619 ὦμεν,

495 1627 607 1680 τῶν
631 1630 688 1683 ἐν
703 1633 823 1693 ταῖς
840 1631 1026 1683 πόλεσι
1048 1631 1342 1699 διαγόντων
1361 1632 1767 1705 ἀσφαλέστερον
1787 1634 2155 1706 διατρίψομεν.

498 1713 745 1786 Μεγίστη
768 1715 876 1786 γάρ
896 1716 1163 1785 ἀσφάλεια
1181 1717 1276 1770 καὶ
1294 1720 1471 1787 τεῖχος
1486 1719 1926 1788 ἀκαταγώνιστον
1949 1723 1982 1791 ή
2006 1720 2161 1791 παρὰ

497 1797 591 1851 τοῦ
616 1799 749 1854 Θεοῦ
778 1803 940 1873 ῥοπή.
974 1804 1086 1855 Καὶ
1107 1803 1190 1863 ἵνα
1227 1804 1404 1876 μάθῃς
1432 1806 1579 1865 ὅπως
1599 1807 1627 1859 6
1650 1807 1710 1858 ἐν
1736 1806 1928 1877 ἐρήμῳ
1958 1807 2159 1877 τυγχά-

496 1901 602 1939 νων
632 1887 725 1940 τοῦ
749 1890 805 1943 ἐν
833 1891 1024 1960 μέσαις
1051 1892 1169 1954 ταῖς
1203 1891 1389 1945 πόλεσι
1421 1892 1808 1963 διατρίϐοντος,
1840 1894 1934 1946 καὶ
1958 1894 2157 1964 πολλῆς

494 1973 597 2042 τῆς
631 1975 981 2048 ἀνθρωπίνης
1018 1977 1337 2048 συμμαχίας
1368 1979 1754 2044 ἀπολαύοντος,
1792 1981 1885 2034 καὶ
1917 1982 2156 2051 ἀσφαλέ-

496 2075 685 2129 στερος
714 2061 807 2114 καὶ
830 2061 1199 2134 δυνατώτερος
1232 2064 1589 2135 καθέστηκεν,
1625 2065 1822 2137 ἴδωμεν
1851 2066 1968 2130 πῶς
1993 2069 2023 2120 6
2057 2067 2156 2138 μὲν

492 2143 658 2199 Δαυϊδ
685 2146 885 2211 τόπους
917 2150 981 2202 ἐκ
1022 2151 1204 2204 τόπων
1233 2150 1496 2220 ἀμείϐων,
1539 2152 1634 2206 καὶ
1663 2153 1915 2223 καθάπερ
1950 2154 2161 2225 ἀλήτης

488 2231 711 2301 διάγων,
747 2234 854 2287 ὑπὸ
889 2235 989 2305 τῆς
1021 2235 1229 2290 ἀνωθεν
1260 2237 1446 2309 χειρὸς
1468 2238 1764 2308 ἐτειχίζετο
1789 2257 1802 2271 ·
1838 2242 1867 2293 6
1894 2241 1951 2293 δὲ
1985 2241 2156 2294 Σαοὺλ

489 2320 548 2370 ἐν
570 2320 763 2389 μέσαις
777 2322 895 2383 ταῖς
919 2322 1106 2375 πόλεσι
1126 2324 1431 2393 τυγχάνων,
1453 2325 1546 2376 καὶ
1563 2327 1904 2396 στρατόπεδα
1918 2326 2155 2380 τοσαῦτα

487 2404 848 2474 ἐπαγόμενος,
878 2409 972 2461 καὶ
998 2408 1331 2478 δορυφόρους
1358 2410 1452 2462 καὶ
1474 2410 1823 2475 ὑπασπιστὰς
1846 2412 2005 2482 ἔχων,
2031 2413 2154 2466 καθ’

490 2492 725 2562 ἐκάστην
764 2495 975 2565 ἡμέραν
999 2496 1255 2550 ἐδεδοίκει
1289 2498 1381 2551 καὶ
1409 2498 1604 2569 ἔτρεμε
1633 2500 1743 2555 τῶν
1768 2501 2038 2572 πολεμίων
2055 2502 2153 2573 τὴν

488 2577 696 2646 ἔφοδον.
732 2581 841 2632 Καὶ
882 2584 910 2634 6
960 2582 1081 2651 μὲν,
1121 2583 1280 2652 μόνος
1321 2583 1418 2647 ὢν,
1472 2587 1566 2639 καὶ
1603 2587 1794 2640 οὐδένα
1841 2587 1979 2658 ἔχων
2034 2590 2152 2658 μεθ’

488 2664 685 2718 ἐαυτοῦ
714 2665 801 2718 ἐτε
811 2684 920 2736 ρον,
945 2669 1048 2721 οὐκ
1076 2669 1246 2722 ἐδεῖτο
1266 2671 1365 2741 τῆς
1387 2671 1539 2740 παρὰ
1560 2672 1669 2725 τῶν
1689 2672 1989 2745 ἀνθρώπων
2016 2692 2153 2745 συμ-

490 2751 692 2821 μαχίας
713 2770 725 2783 ·
757 2756 785 2806 6
812 2755 868 2807 δὲ
896 2755 955 2808 τὸ
975 2755 1212 2827 διάδημα
1235 2759 1616 2829 περικείμενος
1639 2763 1730 2814 καὶ
1744 2760 1845 2832 τὴν
1863 2762 2154 2834 ἁλουργίδα

487 2836 647 2907 ἔχων,
684 2838 783 2908 τῆς
813 2843 964 2912 παρὰ
994 2842 1185 2895 τούτου
1222 2843 1475 2915 βοηθείας
1520 2846 1789 2920 ἔχρῃζεν·
1826 2851 1854 2902 6
1900 2849 2153 2919 βασιλεὺς

486 2922 590 3061 ἷὲῦ,
616 2924 869 2994 ποιμένος
902 2928 1091 2995 ἐδεῖτο,
1122 2928 1217 2983 καὶ
1249 2931 1278 2983 6
1300 2930 1361 2984 τὸ
1388 2931 1624 3003 διάδημα
1652 2935 2033 3007 περικείμενος
2055 2938 2151 2992 τοῦ

541 3024 719 3061 ιωτου.

486 3005 719 3062 ἰδιώτου.

553 3100 621 3163 γ’.
640 3095 780 3150 Ἀλλ’
797 3098 844 3151 εί
865 3099 1140 3169 βούλεσθε,
1160 3104 1418 3176 ἀνωτέρω
1433 3105 1798 3178 ἀναγάγωμεν
1810 3108 1910 3181 τὴν
1932 3111 2153 3165 ἀκολου-

484 3179 609 3268 θίαν
636 3183 730 3236 τοῦ
756 3184 937 3253 λόγου,
969 3188 1055 3241 ἵνα
1081 3191 1263 3244 πᾶσαν
1290 3192 1456 3244 αὐτοῦ
1490 3193 1588 3264 τὴν
1619 3179 1963 3262 ἰστορίανὴείς
1990 3200 2150 3268 μέσον

485 3267 636 3340 [470]
672 3272 971 3339 ἀγαγόντες
998 3287 1045 3337 ι,
1083 3276 1344 3347 μάθωμεν
1372 3279 1449 3341 ὡς
1484 3280 1639 3333 οὐδὲν
1674 3267 2018 3356 ἰσχυρότερον
2055 3286 2148 3339 τοῦ

484 3358 871 3426 πεφραγμένου
902 3363 967 3431 τῇ
991 3361 1195 3415 ἀνωθεν
1219 3366 1524 3436 συμμαχίᾳ,
1550 3367 1644 3419 καὶ
1662 3368 1813 3421 οὐδὲν
1830 3370 2151 3426 ἀσθενέστε-

486 3461 579 3516 ρον
609 3446 704 3498 τοῦ
750 3449 955 3519 ταύτης
998 3451 1205 3521 ἐρήμου
1252 3454 1631 3523 τυγχάνοντος,
1663 3456 1768 3509 κᾶν
1801 3457 1906 3510 ὑπὸ
1943 3461 2150 3530 μυρίων

486 3536 866 3604 στρατοπέδων
894 3538 1261 3608 κυκλούμενος
1371 3534 1540 3605 Οὗτος
1562 3540 1657 3596 οὖν
1684 3546 1712 3597 ό
1752 3544 1912 3598 Δαυῒδ
1939 3547 2055 3611 νέος
2074 3548 2149 3603 ὼν

482 3620 701 3691 κομιδῆ,
739 3622 834 3675 καὶ
870 3622 958 3677 διά
996 3624 1058 3677 τὸ
1088 3626 1189 3695 τῆς
1221 3626 1439 3696 ήλικίας
1483 3628 1663 3699 ἀωρον
1703 3632 1761 3684 ἐν
1792 3634 1858 3703 τῇ
1889 3634 2039 3704 ὀἰκίᾳ
2079 3638 2145 3707 τῇ

484 3712 720 3778 πατρικῇ
756 3709 977 3777 διάγων,
1022 3711 1204 3783 ἐπειδή
1236 3729 1367 3766 ποτε
1407 3716 1596 3786 καιρὸς
1626 3718 1811 3771 ἐκάλει
1831 3719 2021 3773 τούτου
2049 3723 2149 3793 τὴν

480 3793 681 3866 ἀρετήν
720 3796 961 3867 φανερὰν
992 3798 1266 3866 γενέσθαι,
1302 3803 1639 3873 προτραπεὶς
1681 3804 1784 3858 ὑπὸ
1813 3806 1906 3859 τοῦ
1943 3809 2149 3880 πατρὸς

479 3881 877 3952 ἐπισκέψασθαι
926 3886 1052 3948 τούς
1105 3886 1297 3941 ἐαυτοῦ
1352 3886 1645 3959 ἀδελφοὺς,
1699 3891 1998 3963 ὑπήκουσε,
2053 3897 2147 3949 καὶ

478 3968 833 4022 ἀπεστέλλετο
872 3970 1009 4040 πρὸς
1039 3972 1254 4035 αὐτούς.
1309 3975 1762 4045 Παραγενόμενος
1805 3976 1897 4032 οὖν
1931 3982 2010 4044 εἰς
2048 3964 2146 4051 τὴν

476 4053 680 4106 τούτων
710 4055 1019 4124 ἐπίσκεψιν,
1051 4058 1237 4127 ἐπειδὴ
1287 4054 1392 4111 εἶδε
1423 4060 1514 4112 τὸν
1554 4061 1790 4132 πόλεμον
1837 4065 2145 4120 συνεστῶτα

479 4138 571 4191 τὸν
600 4140 692 4193 τοῦ
717 4141 1015 4211 ἀλλοφύλου
1044 4143 1261 4207 Γολιάθ,
1290 4145 1384 4197 καὶ
1405 4146 1582 4199 πάντα
1611 4148 1704 4200 τὸν
1728 4148 1860 4203 λαὸν
1882 4160 2146 4223 κατεπτη-

476 4225 616 4296 χότα
640 4226 732 4279 τὸν
764 4229 902 4297 μετὰ
926 4229 1021 4281 τοῦ
1053 4230 1247 4294 Σαοὺλ,
1280 4231 1374 4283 καὶ
1404 4231 1566 4285 αὐτὸν
1583 4232 1673 4287 τὸν
1704 4232 1927 4305 βασιλέα
1949 4240 2028 4302 εἰς
2052 4239 2144 4293 τὸν

482 4312 722 4382 περὶτοῦ
743 4315 945 4378 παντὸς
967 4315 1211 4370 κίνδυνον
1237 4317 1575 4385 καθεστῶτα,
1600 4320 1737 4385 τέως
1764 4322 1959 4395 θεατὴς
1985 4325 2142 4379 ἐϐού-
2180 4370 2183 4373 ‹

475 4398 599 4450 λετο
624 4398 897 4466 γενέσθαι,
931 4402 1026 4454 καὶ
1052 4402 1218 4473 ἀπῄει
1252 4403 1377 4456 ἰδεῖν
1395 4404 1455 4457 τὸ
1485 4404 1667 4460 καινὸν
1700 4407 1792 4461 καὶ
1818 4408 2138 4480 παράδοξον,

471 4486 555 4539 ὅτι
572 4480 650 4548 εἷς
666 4485 762 4539 ἀνθ
770 4503 951 4555 ρωπος
964 4488 1234 4543 τοσούτων
1253 4490 1527 4562 μυριάδων
1541 4491 1981 4558 κατεξανίστατο.
1997 4499 2139 4551 Ἀλλ’

471 4570 519 4620 οἱ
565 4567 783 4636 ἀδελφοὶ
821 4569 915 4621 τοῦ
955 4572 1297 4642 φρονήματος
1347 4572 1509 4626 αὐτοῦ
1541 4574 1640 4627 οὐκ
1681 4577 1994 4645 ἐνεγκόντες
2041 4580 2138 4649 τήν

471 4654 744 4726 ἀνδρείαν,
773 4658 853 4720 είς
876 4656 1070 4715 φθόνον
1093 4659 1482 4732 διηγέρθησαν,
1508 4662 1601 4715 καί
1624 4680 1757 4732 φασι
1786 4665 1923 4736 πρὸς
1945 4667 2134 4720 αὐτόν’

469 4740 549 4792 Δι’
572 4740 753 4794 οὐδὲν
779 4740 985 4811 ἕτερον
1006 4744 1334 4813 ἐλήλυθας,
1365 4745 1404 4814 ἣ
1427 4747 1527 4800 ἵνα
1552 4748 1658 4800 τὸν
1681 4750 1951 4818 πόλεμον
1979 4750 2135 4819 ἴδῃς

468 4821 602 4873 Οὐδὲ
625 4822 734 4893 γὰρ
764 4823 852 4877 διὰ
879 4826 979 4895 τὴν
1005 4826 1291 4897 ἐπίσκεψιν
1316 4828 1413 4897 τὴν
1434 4829 1708 4899 ήμετέραν
1735 4832 2132 4901 παραγέγονας.

481 4902 621 4954 ’Λλλ’
644 4904 745 4973 ὃρα
774 4905 965 4965 τούτου
989 4907 1086 4978 τήν
1118 4908 1330 4963 σύνεσιν
1364 4911 1458 4964 καὶ
1477 4910 1574 4982 τὴν
1594 4911 1794 4983 πολλὴν
1809 4914 2128 4971 ἐπιείκειαν.

466 4988 632 5040 Οὐδὲν
672 4994 940 5059 προπετὲς
974 4995 1111 5064 πρὸς
1140 4996 1336 5061 αὐτοὺς
1370 4996 1685 5066 φθέγγεται,
1732 4999 1886 5052 οὐδὲν
1934 5002 2131 5073 τραχὺ,

464 5074 602 5127 ἀλλά
651 5077 1030 5132 καταστέλλων
1078 5080 1260 5133 αὐτῶν
1300 5083 1401 5153 τὴν
1442 5083 1637 5153 φλόγα,
1688 5085 1903 5139 καὶτὸν
1940 5088 2131 5155 φθόνον

463 5163 888 5232 καταπραΰνων,
935 5165 1134 5235 φησίν⁸
1169 5170 1312 5238 Οὐχί
1325 5170 1491 5241 ῥῆμά
1509 5174 1670 5237 ἐστι;
1721 5174 1812 5244 Μὴ
1850 5174 1961 5246 γὰρ
1991 5177 2132 5232 ὅπλα

466 5266 532 5316 με
570 5248 735 5302 εῐδετε
778 5250 1317 5322 μεταχειριζόμενον,
1370 5254 1444 5327 μὴ
1492 5257 1602 5328 γὰρ
1649 5264 2128 5334 παραταττόμενον

460 5335 787 5405 ἐθεάσασθε;
831 5338 1044 5403 Ἀπλῶς
1080 5339 1208 5393 ἰδεῖν
1238 5340 1557 5412 ἐϐουλήθην,
1596 5346 1691 5398 καὶ
1720 5347 1987 5403 πυθέσθαι
2027 5352 2128 5403 πό-

462 5424 554 5477 θεν
582 5425 757 5496 τούτῳ
785 5428 884 5497 τῆς
929 5428 1199 5500 τοσαύτης
1240 5433 1434 5500 μανίας
1468 5434 1500 5503 ή
1542 5434 1836 5506 ὑπερϐολή.
1884 5438 1979 5504 Τίς
2017 5439 2128 5508 γάρ

458 5513 631 5567 ἐστιν
667 5517 700 5568 ό
743 5515 1116 5586 ἀλλόφυλος,
1160 5520 1193 5573 ό
1246 5518 1543 5579 ὀνειδίζων
1599 5522 1931 5589 παράταξιν
1980 5528 2129 5580 Θεοῦ

459 5599 708 5667 ζῶντος;
742 5600 872 5656 Εἶτα
900 5605 1112 5661 ἀκούων
1141 5606 1394 5660 κάκείνου
1423 5608 1520 5678 τὴν
1548 5609 1745 5685 πολλήν
1786 5614 2126 5685 μεγαλορῤη-

464 5688 720 5758 μοσύνην,
757 5692 848 5743 καὶ
876 5692 983 5746 τῶν
1017 5692 1154 5763 μετὰ
1182 5693 1275 5747 τοῦ
1305 5694 1476 5747 Σαοὺλ
1507 5688 1821 5768 ἀφιγμένων
1847 5701 1947 5770 τὴν
1983 5702 2120 5771 ἀφα.

459 5790 551 5827 τον
577 5774 797 5841 δειλίαν,
818 5780 967 5848 φησί’
994 5782 1054 5834 Τί
1068 5781 1240 5838 ἔσται
1263 5780 1341 5849 τῷ
1369 5783 1655 5853 ἀνθρώπω
1685 5784 1763 5853 τῷ
1782 5788 1992 5842 τούτου
2014 5790 2123 5859 τὴν

516 5872 543 5903 ⁸
566 5866 663 5913 Alii
684 5867 1043 5928 παραγαγόντες.

1286 311 1345 367 S.
1380 306 1666 365 JOANNIS
1704 305 2197 364 CHRYSOSTOMI
2234 307 2573 379 ARCHIEP,
2606 306 3157 366 CONSTANTINOP.

3839 300 3961 357 6‘26

2272 429 2465 493 κεφαλ
2472 427 2547 493 ὴν
2554 425 2921 495 adﬁrma
2937 424 3048 489 Καὶ
3070 418 3266 490 πολλὴν
3281 418 3379 489 τῆς
3396 417 3571 489 ψυχῆς
3582 415 3678 488 τὴν
3690 416 3962 487 ἀνδρείαν

2270 512 2477 567 ἐδείκνυ
2521 512 2611 566 διά
2637 513 2746 565 τῶν
2772 511 3030 582 ῥημάτων
3058 507 3260 571 πάντας
3293 508 3372 568 εἰς
3402 504 3659 574 ἔκπληξιν
3693 502 3953 572 ἀγαγών.

2237 599 2454 676 ,Ταῦτα
2500 600 2665 666 γνοὺς
2705 598 2735 650 6
2782 596 2955 650 Σαοὺλ
3001 593 3416 665 μεταπέμπεται
3445 591 3537 644 τὸν
3567 591 3684 645 νέον
3715 589 3807 643 τὸν
3841 590 3956 659 τῆς

2237 674 2634 755 ⁶ηποιμαντικῆς
2678 684 2840 736 πλέον
2883 682 3059 735 εἰδότα
3107 679 3280 745 οὐδὲν,
3317 679 3410 731 καὶ
3464 677 3585 729 ἰδὼν
3630 674 3797 730 αὐτοῦ
3842 675 3957 745 τὴν

2268 773 2484 842 ἠλικίαν
2514 770 2865 836 ἐξευτέλισεν.
2895 764 3027 821 Εἶτα
3066 765 3249 837 μαθὼν
3290 766 3420 835 παρ’
3451 764 3635 826 αὐτοῦ,
3664 764 3811 825 ὅπως
3828 765 3956 825 τοῖς

2267 865 2487 932 ἄρκτοις
2514 860 2798 929 ἐκέχρητο,
2830 855 2994 925 ήνίκα
3020 852 3256 922 ἐπῄεσαν
3286 854 3397 914 τοῖς
3431 850 3737 932 ποιμνίοιςμ·
3773 850 3953 918 ἡναγ-

2269 928 2447 1017 κάσθη
2493 928 2809 1015 γάρταῦτα
2838 938 3198 1012 διηγήσασθαι
3241 940 3269 991 6
3316 937 3614 1007 θαυμάσιος
3661 928 3838 1000 οὗτος,
3875 935 3948 988 οὐ

2266 1034 2613 1104 κενοδοξῆσαι
2661 1031 3016 1102 βουλόμενος,
3059 1027 3173 1084 ἀλλ’
3200 1028 3279 1088 εἰς
3322 1024 3568 1092 ἀνάγκην
3615 1020 3894 1084 καταστὰς
3922 1059 3946 1085 ,

2267 1122 2408 1176 ὥστε
2444 1120 2638 1190 ἐκείνῳ
2666 1119 2864 1190 θάρσος
2882 1117 3136 1178 ἐνθεῖναι,
3160 1113 3251 1169 καὶ
3281 1111 3355 1182 μὴ
3380 1110 3516 1181 πρὸς
3540 1109 3637 1180 τήν
3664 1108 3948 1161 εὐτέλειαν

2267 1208 2360 1262 τοῦ
2396 1206 2719 1278 φαινομένου
2756 1205 2904 1271 ἰδεῖν,
2934 1202 3070 1257 ἀλλά
3095 1200 3231 1270 πρὸς
3260 1199 3358 1269 τὴν
3389 1197 3571 1250 πίστιν
3602 1196 3702 1266 τὴν
3728 1194 3947 1247 ἔνδοθεν

2266 1293 2674 1367 κρυπτομένην,
2708 1292 2804 1344 καὶ
2829 1290 2927 1362 τὴν
2960 1287 3276 1359 συμμαχίαν
3320 1283 3419 1355 τὴν
3464 1281 3687 1346 ἀνωθεν,
3718 1282 3785 1334 δι’
3808 1282 3874 1367 ἢν
3910 1281 3947 1332 6

2264 1366 2384 1445 νέος
2407 1381 2514 1433 τῶν
2544 1377 2752 1448 ἀνδρῶν
2777 1373 2846 1448 ἦν
2874 1376 3237 1446 ἰσχυρότερος,
3256 1372 3350 1426 καὶ
3376 1372 3404 1423 6
3427 1368 3625 1431 ἄοπλος
3642 1368 3751 1419 τῶν
3765 1366 3945 1419 ὠπλι-

2266 1468 2498 1538 σμένων,
2530 1466 2625 1520 καὶ
2650 1469 2678 1520 6
2705 1463 2907 1535 ποιμὴν
2934 1464 3041 1516 τῶν
3068 1459 3408 1532 στρατιωτῶν
3432 1474 3445 1488 ⁸
3477 1452 3594 1511 εἶτα
3625 1454 3751 1509 ίδὼν
3769 1453 3941 1509 αὐτοῦ

2262 1556 2324 1609 τὸ
2349 1554 2685 1625 παράστημα
2717 1554 2818 1623 τῆς
2839 1549 3100 1620 γνώμηςι)
3126 1551 3155 1602 6
3189 1546 3460 1617 βασιλεὺς,
3494 1543 3562 1596 τὰ
3590 1542 3763 1595 οἰκεῖα
3795 1539 3941 1594 ὅπλα

2263 1645 2466 1697 ἐνδύειν
2507 1643 2667 1696 αὐτὸν
2699 1641 2973 1695 ἐϐούλετοο
3021 1640 3053 1691 6
3099 1639 3158 1693 δὲ
3201 1636 3373 1690 ταῦτα
3416 1633 3770 1704 περιθέμενος
3811 1630 3935 1682 οὐδὲ

2262 1733 2510 1799 ἐνεγκεῖν
2542 1729 2682 1784 αὐτά
2713 1731 2921 1798 ίσχυσε.
2950 1725 3121 1780 Τοῦτο
3159 1725 3216 1777 δὲ
3243 1722 3472 1791 ἐγίνετο,
3502 1720 3587 1773 ἵνα
3613 1716 3791 1788 γυμνὴ
3818 1717 3933 1770 δει-

2264 1819 2366 1889 χθῇ
2397 1820 2430 1888 ή
2456 1816 2549 1870 τοῦ
2577 1816 2711 1869 Θεοῦ
2739 1816 2989 1885 δύναμις.
3014 1815 3047 1884 ἡ
3076 1813 3141 1866 δι’
3162 1809 3336 1875 ,αὐτοῦ
3382 1806 3699 1879 ἐνεργοῦσα,
3727 1804 3820 1857 καὶ
3856 1804 3934 1874 μὴ

2261 1907 2375 1968 τοῖς
2401 1905 2585 1967 ὅπλοις
2608 1903 2934 1971 λογίσωνται
2985 1901 3055 1954 τά
3101 1899 3380 1970 γινόμενα.
3398 1894 3613 1963 Ἐπειδὴ
3651 1893 3758 1963 γὰρ
3794 1892 3937 1961 μετά

2260 1992 2321 2045 τὸ
2366 1991 2685 2046 ἐνδύσασθαι
2730 1990 2902 2043 ταῦτα
2945 1987 3233 2059 ἐχώλευεν,
3264 1984 3494 2057 ἀπέθετο
3540 1980 3609 2034 τὰ
3647 1980 3807 2041 ὅπλα,
3836 1980 3934 2032 καὶ

2257 2080 2355 2150 τήν
2382 2079 2544 2135 κάδον
2568 2078 2666 2150 τὴν
2692 2076 3051 2147 ποιμαντικὴν
3074 2072 3253 2127 λαϐὼν
3273 2071 3367 2125 καὶ
3390 2069 3488 2134 τάς
3509 2067 3731 2138 βώλους,
3754 2065 3933 2128 οὕτως

2258 2168 2352 2221 ἐπὶ
2381 2167 2474 2220 τὸν
2499 2167 2754 2236 σάρκινον
2781 2164 2985 2217 ἐκεῖνον
3014 2159 3221 2232 πύργον
3265 2156 3430 2227 ἐξῄει.
3450 2153 3585 2207 Ἀλλ’
3620 2154 3721 2224 ὅρα
3770 2151 3933 2204 πάλιν

2257 2257 2353 2309 καὶ
2374 2255 2471 2308 τὸν
2502 2252 2796 2321 ἀλλόφυλον
2826 2250 2961 2321 πρὸς
2996 2247 3059 2301 τὸ
3085 2246 3299 2309 εὐτελὲς
3326 2245 3423 2314 τῆς
3454 2242 3666 2313 ἡλικίας
3696 2238 3927 2308 ὁρῶντα,

2258 2345 2351 2396 καὶ
2370 2340 2617 2395 ἐντεῦθεν
2633 2336 3034 2403 ἐξευτελίζοντα
3054 2335 3144 2388 τὸν
3161 2328 3311 2404 [4⁵11]
3325 2331 3551 2392 δίκαιον,
3568 2325 3929 2395 καὶ’καθάπερ

2261 2428 2473 2482 παιδίου
2520 2424 2771 2488 εὐτελοῦς
2819 2420 3337 2490 κατεξανιστάμενον
3385 2415 3475 2470 διὰ
3501 2414 3610 2468 τῶν
3642 2413 3921 2485 ῥημάτων.

2270 2512 2488 2583 Ἐπειδὴ
2519 2512 2629 2581 γὰρ
2658 2507 2796 2565 εἶδεν
2828 2511 2987 2564 αὐτὸν
3019 2508 3155 2580 μετά
3193 2507 3293 2576 τῆς
3324 2505 3486 2558 κάόου
3508 2502 3611 2572 τῆς
3644 2515 3927 2569 ποιμαντι-

2258 2603 2361 2673 κῆς
2383 2612 2406 2641 ε
2440 2602 2526 2654 ἐπ’
2556 2600 2716 2654 αὐτὸν
2744 2600 3080 2670 ὁρμήσαντα,
3112 2595 3206 2649 καὶ
3231 2594 3330 2656 τὰς
3365 2591 3564 2662 βώλους
3607 2588 3770 2658 μόνας
3806 2587 3928 2673 ἐπι-

2259 2671 2575 2759 φερόμενον,
2616 2685 2895 2756 μονονουχὶ
2922 2683 3058 2754 πρὸς
3082 2681 3242 2735 αὐτὸν
3274 2679 3455 2748 ἔλεγεν
3478 2692 3492 2708 ·
3545 2675 3827 2759 Ἑνόμισας
3858 2671 3928 2724 σύ

2259 2758 2418 2830 πάλιν
2452 2773 2743 2845 προϐάτοις
2768 2770 3080 2839 ἐφεστάναι,
3113 2767 3206 2821 καὶ
3232 2766 3399 2828 κύνας
3429 2761 3581 2824 τινὰς
3622 2758 3925 2845 ἐκδιώκειν.

2258 2864 2351 2916 καὶ
2396 2844 2671 2915 διάντοῦτο
2714 2858 2965 2928 καθάπερ
2999 2854 3136 2909 κύνα
3166 2852 3287 2907 τινά
3328 2848 3582 2911 ἐλαύνων,
3612 2845 3754 2899 οῦτω
3787 2844 3930 2915 μετὰ

2260 2949 2368 3002 τῶν
2387 2948 2634 3019 ὀργάνων
2656 2945 2880 2998 ἐκείνων
2906 2944 2998 2996 ἐπὶ
3020 2941 3118 3012 τὴν
3146 2940 3280 3010 πρὸς
3301 2938 3400 3008 ἐμὲ
3425 2936 3602 3006 μάχην
3624 2932 3889 3001 ὥρμησας
3911 2947 3926 2993 ς

2255 3038 2381 3107 ἄρτι
2416 3053 2476 3089 σε
2504 3037 2537 3106 ἡ
2566 3037 2730 3105 πεῖρα
2757 3031 2976 3096 διδάξει,
3006 3030 3083 3093 ὼς
3124 3029 3184 3081 οὐ
3224 3026 3361 3098 πρὸς
3397 3023 3485 3079 τὸν
3523 3021 3753 3092 τυχόντα
3789 3036 3867 3071 σοι
3896 3021 3929 3071 6

2256 3125 2509 3195 πόλεμος.
2543 3121 2644 3175 Καὶ
2690 3120 2857 3190 πολλῇ
2904 3121 2971 3189 τῇ
3027 3110 3549 3188 μεγαλορῤημοσύνῃ
3584 3108 3925 3179 χρησάμενος

2259 3212 2485 3265 ἔσπευδε
2537 3210 2631 3262 καὶ
2678 3208 2957 3277 ἠπείγετο,
2988 3205 3083 3257 καὶ
3128 3202 3226 3273 τὴν
3255 3198 3580 3268 παντευχίαν
3611 3196 3793 3277 ἐκίνει,
3817 3195 3926 3277 καὶ

2254 3294 2322 3347 τά
2363 3291 2503 3346 ὅπλα
2550 3276 2832 3355 ἐξέτεινεν.
2864 3286 3000 3340 Ἀλλ’
3037 3284 3066 3336 ὁ
3096 3284 3193 3355 μὲν
3223 3285 3288 3353 τῇ
3321 3280 3545 3349 δυνάμει
3595 3278 3700 3330 τῶν
3744 3276 3924 3329 ὃπλων

2255 3372 2529 3435 πεποιθὼς
2577 3373 2779 3442 ἥπτετο
2818 3368 2919 3439 τῆς
2959 3367 3170 3438 μάχηςο
3214 3366 3241 3419 6
3285 3364 3364 3429 δέ,
3394 3365 3460 3434 τῇ
3495 3360 3674 3414 πίστει
3712 3358 3803 3411 καὶ
3840 3361 3931 3442 τῇ,

2253 3454 2458 3509 ἀνωθεν
2490 3440 2777 3523 συμμαχίᾳ
2805 3450 3122 3521 συμφράξας
3152 3446 3361 3501 ἑαυτόν.
3407 3446 3516 3500 Καὶ
3548 3443 3806 3513 πρότερον
3833 3440 3925 3523 διὰ

2251 3539 2358 3591 τῶν
2386 3521 2645 3608 ῥημάτων
2672 3521 2765 3589 τοῦ
2795 3533 3088 3602 ἀλλοφύλου
3138 3532 3199 3584 τὸ
3245 3529 3511 3600 φρύαγμα
3556 3521 3920 3593 κατενεγκὼν,

2254 3625 2347 3678 καὶ
2378 3623 2545 3677 εἰπὼν
2579 3621 2716 3692 πρὸς
2740 3620 2900 3674 αὐτόν
2924 3637 2938 3652 ·
2971 3620 3044 3673 Σὺ
3086 3617 3183 3688 μὲν
3212 3616 3348 3687 ἔρχῃ
3386 3614 3520 3684 πρός
3566 3629 3633 3682 με
3680 3613 3737 3663 ἐν
3770 3610 3923 3680 ὅπλῳ

2254 3707 2347 3759 καὶ
2379 3705 2583 3775 δόρατι,
2616 3704 2706 3756 καὶ
2734 3705 2802 3772 τῇ
2836 3700 3011 3772 οἰκείᾳ
3049 3699 3192 3770 ἰσχύῖ
3222 3698 3461 3768 νομίζεις
3494 3692 3872 3775 περιγενέσθαι
3902 3710 3916 3723 ·

2254 3789 2364 3858 ἐγὼ
2393 3774 2453 3841 δέ
2484 3790 2542 3841 ἐν
2566 3786 2786 3856 ὀνόματι
2827 3784 3032 3855 Κυρίου
3065 3783 3157 3835 τοῦ
3185 3780 3338 3835 Θεοῦ.
3371 3779 3478 3832 Καὶ
3509 3778 3681 3858 ταῦτα
3728 3774 3917 3858 είπὼν,

2252 3857 2347 3926 καὶ
2376 3870 2694 3940 ἀνελόμενος
2717 3868 2782 3921 ἐκ
2800 3867 2897 3938 τῆς
2924 3865 3084 3919 κάδου
3106 3863 3207 3934 τῆς
3226 3859 3544 3931 ποιμενικῆς
3573 3857 3703 3929 μίαν
3724 3857 3916 3927 βῶλον,

2251 3956 2502 4027 καθάπερ
2526 3955 2692 4017 ὄντως
2718 3952 2853 4006 κύνα
2880 3950 3001 4004 τινὰ
3024 3948 3229 4020 μέλλων
3255 3944 3575 4027 ἀπελαύνειν
3605 3942 3824 3996 ἐπιόντα
3848 3945 3916 4012 τῇ

2253 4038 2477 4107 ποίμνῃ,
2516 4034 2658 4088 οὕτω
2704 4036 2770 4104 τῇ
2824 4030 3083 4104 σφενδόνῃ
3135 4026 3522 4093 ἐξακοντίσας,
3575 4027 3917 4096 παραχρῆμα

2251 4120 2392 4172 κατά
2437 4118 2530 4171 τοῦ
2587 4115 2836 4187 μετώπου
2869 4113 3074 4183 πλήξας
3119 4112 3212 4165 τὸν
3253 4109 3546 4178 ἀλλόφυλον
3593 4108 3913 4176 κατήνεγκε,

2251 4204 2343 4257 καὶ
2373 4203 2613 4264 σπεύσας
2647 4202 2737 4253 καὶ
2764 4198 2975 4268 ἀφελὼν
3007 4194 3171 4250 αὐτοῦ
3201 4193 3263 4247 τὸ
3289 4193 3461 4261 ξίφος,
3491 4192 3558 4245 δι’
3581 4191 3789 4245 ἐκείνου
3815 4188 3913 4258 τὴν

2250 4282 2490 4354 κεφαλὴν
2521 4281 2834 4352 ἀποτεμὼν,
2862 4280 3032 4343 οὐτως
3059 4278 3255 4348 ἤνεγκε
3283 4275 3363 4344 τῷ
3387 4273 3615 4345 βασιλεῖ,
3644 4272 3739 4354 καὶ
3764 4269 3913 4354 τέλος

2248 4365 2326 4435 τῷ
2358 4352 2580 4436 πολέμῳ
2625 4364 2843 4417 δέδωκε.
2877 4364 2987 4415 Καὶ
3026 4360 3092 4413 δι’
3117 4357 3323 4411 ἐκείνου
3356 4356 3451 4409 καὶ
3476 4355 3507 4406 6
3534 4353 3787 4423 βασιλεὺς
3814 4352 3913 4422 τὴν

2250 4449 2522 4519 σωτηρίαν
2543 4447 2760 4517 εὕρατο,
2788 4446 2885 4500 καὶ
2910 4445 3017 4507 πᾶς
3048 4444 3077 4496 6
3102 4440 3290 4495 τούτου
3337 4438 3567 4509 στρατὸς
3593 4437 3908 4491 ἀνέπνευσε.

2248 4530 2358 4584 Καὶ
2393 4526 2461 4601 ἦν
2511 4530 2638 4583 ίδετν
2678 4528 2968 4599 θαυμαστά
3009 4526 3101 4580 καὶ
3150 4521 3428 4594 παράδοξα
3463 4521 3786 4592 πράγματα,
3821 4520 3913 4572 τὸν

2245 4613 2585 4684 ὡπλισμένον
2613 4614 2716 4666 ὑπὸ
2743 4612 2838 4665 τοῦ
2862 4610 3061 4666 ἀόπλου
3093 4602 3577 4676 κατενηνεγμένον,
3604 4603 3700 4654 καὶ
3728 4601 3819 4653 τὸν
3843 4601 3913 4655 τὰ

2245 4697 2518 4767 πολεμικά
2538 4697 2796 4766 ἔμπειρον
2821 4694 2926 4747 ὑπὸ
2946 4692 3041 4747 τοῦ
3061 4692 3160 4764 τῆς
3180 4688 3503 4760 ποιμενικῆς
3529 4686 3688 4740 πλέον
3712 4685 3912 4767 εἰδότος

2247 4765 2411 4850 μηδὲν
2460 4765 2746 4832 πίπτοντα.
2774 4777 2929 4838 Τίνος
2972 4774 3178 4838 ἐνεκεν,
3216 4773 3308 4827 καὶ
3337 4770 3427 4825 διὰ
3459 4769 3547 4834 τί;
3581 4770 3700 4821 Ὅτι
3742 4768 3770 4820 6
3811 4765 3912 4850 μέν

2241 4849 2340 4932 τὴν
2367 4860 2573 4915 ἄνωθεν
2601 4855 2716 4929 εἶχε
2747 4857 3061 4927 συμμαχίαν
3086 4853 3567 4925 συνεφαπτομένην
3593 4850 3759 4921 αὐτῷ,
3796 4851 3824 4902 6
3852 4849 3910 4901 δέ

2243 4945 2444 5013 ταύτης
2467 4943 2670 5013 ἔρημος
2697 4941 2774 4995 ὢν
2804 4941 2906 4994 ὑπὸ
2935 4943 3055 5004 ταῖς
3082 4940 3273 4993 τούτου
3306 4939 3491 5010 χερσὶν
3528 4936 3752 5005 ἐγίνετο.
3770 4933 3909 4987 Ἀλλ’

2240 5029 2343 5098 ὅρα
2373 5027 2557 5081 λοιπὸν
2587 5026 2819 5080 ἐνταῦθα
2843 5025 2904 5078 τὸ
2926 5024 3095 5088 πάθος
3120 5022 3213 5076 τοῦ
3241 5022 3433 5091 φθόνου
3456 5022 3589 5087 ὅσην
3616 5019 3911 5090 εἰργάσατο

2237 5113 2339 5183 τὴν
2391 5110 2637 5164 ἀτοπίαν.
2669 5108 2886 5180 Ἐπειδὴ
2930 5108 3037 5177 γάρ
3087 5102 3227 5160 εἶδεν
3274 5107 3303 5158 6
3348 5102 3601 5173 βασιλεὺς
3637 5102 3909 5171 εὐφημίας

2242 5194 2440 5264 πολλῆς
2461 5192 2845 5247 ἀπολαύσαντα
2866 5190 2956 5244 τὸν
2976 5190 3179 5243 δίκαιον
3201 5187 3409 5249 τοῦτον,
3429 5185 3524 5239 καὶ
3546 5184 3644 5248 τὰς
3663 5184 3908 5255 χορευού-

2243 5295 2341 5340 σας
2368 5275 2675 5347 κραζούσας
2690 5289 2704 5302 ’
2741 5274 3013 5339 Ἐνίκησε
3028 5271 3228 5327 Σαοὺλ
3248 5270 3319 5324 ἐν
3336 5266 3587 5339 χιλιάσι,
3611 5267 3707 5321 καί
3727 5268 3908 5321 Δαυῒδ

2240 5367 2310 5419 ἐν
2328 5362 2637 5434 μυριάσιν,
2656 5362 2757 5415 οὐκ
2778 5359 3016 5428 ἐνεγκὼν
3041 5360 3233 5431 πράως
3248 5357 3317 5412 τά
3338 5356 3464 5428 παρ’
3477 5357 3655 5410 αὐτῶν
3676 5354 3907 5426 ῥηθέντα

2238 5455 2257 5524 ί
2283 5453 2460 5507 καίτοι
2485 5450 2625 5505 κατά
2648 5450 2740 5505 τὸν
2767 5450 2862 5503 τοῦ
2891 5450 3098 5503 δικαίου
3129 5449 3287 5517 λόγον
3317 5447 3466 5517 αὐτῷ
3495 5448 3693 5518 μᾶλλον
3718 5446 3906 5517 ἐχαρί-

2238 5557 2419 5601 σαντο,
2448 5538 2481 5610 ἢ
2510 5539 2589 5609 τῷ
2621 5538 2838 5609 Δαυῒδ),
2873 5537 3122 5608 ἡττηθεὶς
3151 5537 3257 5592 ὑπὸ
3286 5535 3380 5590 τοῦ
3408 5536 3602 5605 φθόνου
3630 5536 3721 5590 τὸν
3750 5536 3906 5606 εὐερο

2297 5628 2326 5668 b
2382 5627 2706 5689 Hapdmwx
2731 5631 2816 5689 τῆς
2863 5626 3069 5689 γνώμης,
3128 5623 3279 5675 animi
3331 5621 3579 5689 Mucigm.
3644 5623 3902 5689 Παράστη-

2240 5708 2305 5759 μοι
2347 5702 2436 5759 νοι
2466 5682 2554 5735 ’ρει
2578 5682 2764 5759 ιιόιιῇίω
2781 5682 3064 5759 ΐτεᾴυειιιίε
3079 5700 3195 5759 ιιευε
3213 5682 3341 5755 qqaa'
3363 5687 3586 5747 signﬂcal
3625 5682 3773 5732 robur
3793 5684 3899 5734 ani-

2230 5746 2434 5807 im',sive
2459 5746 2790 5805 constantiam,
2810 5746 2899 5795 seu
2921 5748 3070 5795 etiam
3097 5746 3374 5796 audaciam.

2296 5816 2317 5843 ⁸³
2342 5815 2438 5866 Τῆς
2456 5810 2606 5856 κάδου
2625 5815 2708 5865 τῆς
2740 5815 3064 5869 ποιμαντικῆς.
3104 5808 3122 5854 1
3158 5810 3279 5869 Heg.
3316 5808 3390 5869 Π,
3410 5808 3487 5865 ιο,
3515 5812 3717 5869 vocali):
3736 5807 3900 5855 καδίον

2232 5870 2557 5928 ποιιιαντιχὸν,
2590 5868 2848 5930 pastoralis
2867 5881 3005 5930 pera.
3029 5867 3573 5934 Βώλους,“ιαῃίαεε,ιοχ
3597 5867 3819 5932 insulsa;
