  <div class='ocr_page' id='page_1' title='image "/cluster/home/n/w/nwhite01/storage/ocr_20150623/54/mdp.39015078384420/054.png"; bbox 0 0 4150 6276; ppageno 0'>
   <div class='ocr_carea' id='block_1_1' title="bbox 329 347 429 405">
    <p class='ocr_par' dir='ltr' id='par_1_1' title="bbox 329 347 429 405">
     <span class='ocr_line' id='line_1_1' title="bbox 329 347 429 405; baseline 0.01 -1"><span class='ocrx_word' id='word_1_1' title='bbox 329 347 429 405; x_wconf 67' lang='grc'><strong>425</strong></span> 
     </span>
    </p>
   </div>
   <div class='ocr_carea' id='block_1_2' title="bbox 328 462 1912 536">
    <p class='ocr_par' dir='ltr' id='par_1_2' title="bbox 328 462 1912 536">
     <span class='ocr_line' id='line_1_2' title="bbox 328 462 1912 536; baseline 0 -19"><span class='ocrx_word' id='word_1_2' title='bbox 328 476 506 525; x_wconf 80' lang='lat' dir='ltr'><strong>utrem,</strong></span> <span class='ocrx_word' id='word_1_3' title='bbox 545 470 593 516; x_wconf 81' lang='lat' dir='ltr'><strong>et</strong></span> <span class='ocrx_word' id='word_1_4' title='bbox 620 462 809 532; x_wconf 72' lang='lat' dir='ltr'><strong>potavit</strong></span> <span class='ocrx_word' id='word_1_5' title='bbox 833 478 1066 533; x_wconf 83' lang='lat' dir='ltr'><strong>puerum.</strong></span> <span class='ocrx_word' id='word_1_6' title='bbox 1099 465 1156 519; x_wconf 95' lang='lat' dir='ltr'><strong>In</strong></span> <span class='ocrx_word' id='word_1_7' title='bbox 1200 465 1358 520; x_wconf 79' lang='lat' dir='ltr'><strong>inviis</strong></span> <span class='ocrx_word' id='word_1_8' title='bbox 1385 467 1521 521; x_wconf 90' lang='lat' dir='ltr'><strong>viam</strong></span> <span class='ocrx_word' id='word_1_9' title='bbox 1568 464 1827 536; x_wconf 67' lang='lat' dir='ltr'><strong>praebuit,</strong></span> <span class='ocrx_word' id='word_1_10' title='bbox 1856 470 1912 518; x_wconf 90' lang='lat' dir='ltr'><strong>et</strong></span> 
     </span>
    </p>
   </div>
   <div class='ocr_carea' id='block_1_3' title="bbox 330 552 1908 625">
    <p class='ocr_par' dir='ltr' id='par_1_3' title="bbox 330 552 1908 625">
     <span class='ocr_line' id='line_1_3' title="bbox 330 552 1908 625; baseline 0.003 -21"><span class='ocrx_word' id='word_1_11' title='bbox 330 552 593 621; x_wconf 70' lang='lat' dir='ltr'><strong>perplexa:</strong></span> <span class='ocrx_word' id='word_1_12' title='bbox 620 554 785 607; x_wconf 91' lang='lat' dir='ltr'><strong>menti</strong></span> <span class='ocrx_word' id='word_1_13' title='bbox 808 552 1111 623; x_wconf 84' lang='lat' dir='ltr'><strong>nullamque</strong></span> <span class='ocrx_word' id='word_1_14' title='bbox 1132 555 1318 611; x_wconf 82' lang='lat' dir='ltr'><strong>salutis</strong></span> <span class='ocrx_word' id='word_1_15' title='bbox 1333 570 1481 625; x_wconf 88' lang='lat' dir='ltr'><strong>spem</strong></span> <span class='ocrx_word' id='word_1_16' title='bbox 1505 556 1739 621; x_wconf 78' lang='lat' dir='ltr'><strong>habenti,</strong></span> <span class='ocrx_word' id='word_1_17' title='bbox 1759 571 1908 609; x_wconf 91' lang='lat' dir='ltr'><strong>suam</strong></span> 
     </span>
    </p>
   </div>
   <div class='ocr_carea' id='block_1_4' title="bbox 328 642 1910 713">
    <p class='ocr_par' dir='ltr' id='par_1_4' title="bbox 328 642 1910 713">
     <span class='ocr_line' id='line_1_4' title="bbox 328 642 1910 713; baseline 0.003 -19"><span class='ocrx_word' id='word_1_18' title='bbox 328 642 703 696; x_wconf 77' lang='lat' dir='ltr'><strong>liberalitatem</strong></span> <span class='ocrx_word' id='word_1_19' title='bbox 732 642 993 706; x_wconf 86' lang='lat' dir='ltr'><strong>exhibuit,</strong></span> <span class='ocrx_word' id='word_1_20' title='bbox 1026 644 1189 697; x_wconf 84' lang='lat' dir='ltr'><strong>simul</strong></span> <span class='ocrx_word' id='word_1_21' title='bbox 1208 660 1325 698; x_wconf 89' lang='lat' dir='ltr'><strong>eam</strong></span> <span class='ocrx_word' id='word_1_22' title='bbox 1351 645 1653 707; x_wconf 90' lang='lat' dir='ltr'><strong>consolans,</strong></span> <span class='ocrx_word' id='word_1_23' title='bbox 1678 653 1730 699; x_wconf 94' lang='lat' dir='ltr'><strong>ct</strong></span> <span class='ocrx_word' id='word_1_24' title='bbox 1762 644 1910 713; x_wconf 89' lang='lat' dir='ltr'><strong>pueri</strong></span> 
     </span>
    </p>
   </div>
   <div class='ocr_carea' id='block_1_5' title="bbox 326 732 1912 802">
    <p class='ocr_par' dir='ltr' id='par_1_5' title="bbox 326 732 1912 802">
     <span class='ocr_line' id='line_1_5' title="bbox 326 732 1912 802; baseline 0.002 -18"><span class='ocrx_word' id='word_1_25' title='bbox 326 746 507 785; x_wconf 88' lang='lat' dir='ltr'><strong>curam</strong></span> <span class='ocrx_word' id='word_1_26' title='bbox 535 745 717 799; x_wconf 90' lang='lat' dir='ltr'><strong>agens.</strong></span> <span class='ocrx_word' id='word_1_27' title='bbox 743 732 840 793; x_wconf 78' lang='lat' dir='ltr'><strong>Sic</strong></span> <span class='ocrx_word' id='word_1_28' title='bbox 868 732 1313 802; x_wconf 83' lang='lat' dir='ltr'><strong>quandocumque</strong></span> <span class='ocrx_word' id='word_1_29' title='bbox 1338 734 1563 787; x_wconf 88' lang='lat' dir='ltr'><strong>voluerit</strong></span> <span class='ocrx_word' id='word_1_30' title='bbox 1585 734 1721 787; x_wconf 87' lang='lat' dir='ltr'><strong>Deus</strong></span> <span class='ocrx_word' id='word_1_31' title='bbox 1741 775 1756 799; x_wconf 97' lang='lat'><strong>,</strong></span> <span class='ocrx_word' id='word_1_32' title='bbox 1790 735 1912 787; x_wconf 85' lang='lat' dir='ltr'><strong>licet</strong></span> 
     </span>
    </p>
   </div>
   <div class='ocr_carea' id='block_1_6' title="bbox 328 819 1911 888">
    <p class='ocr_par' dir='ltr' id='par_1_6' title="bbox 328 819 1911 888">
     <span class='ocr_line' id='line_1_6' title="bbox 328 819 1911 888; baseline 0.003 -16"><span class='ocrx_word' id='word_1_33' title='bbox 328 823 378 872; x_wconf 90' lang='lat' dir='ltr'><strong>in</strong></span> <span class='ocrx_word' id='word_1_34' title='bbox 410 819 697 875; x_wconf 87' lang='lat' dir='ltr'><strong>solitudine</strong></span> <span class='ocrx_word' id='word_1_35' title='bbox 723 820 912 885; x_wconf 87' lang='lat' dir='ltr'><strong>simus,</strong></span> <span class='ocrx_word' id='word_1_36' title='bbox 945 830 1000 875; x_wconf 91' lang='lat' dir='ltr'><strong>et</strong></span> <span class='ocrx_word' id='word_1_37' title='bbox 1020 823 1071 875; x_wconf 92' lang='lat' dir='ltr'><strong>in</strong></span> <span class='ocrx_word' id='word_1_38' title='bbox 1099 824 1352 876; x_wconf 79' lang='lat' dir='ltr'><strong>extremis</strong></span> <span class='ocrx_word' id='word_1_39' title='bbox 1372 822 1764 888; x_wconf 80' lang='lat' dir='ltr'><strong>afﬂictionibus,</strong></span> <span class='ocrx_word' id='word_1_40' title='bbox 1789 825 1911 877; x_wconf 79' lang='lat' dir='ltr'><strong>nul-</strong></span> 
     </span>
    </p>
   </div>
   <div class='ocr_carea' id='block_1_7' title="bbox 329 912 1915 984">
    <p class='ocr_par' dir='ltr' id='par_1_7' title="bbox 329 912 1915 984">
     <span class='ocr_line' id='line_1_7' title="bbox 329 912 1915 984; baseline 0.001 -18"><span class='ocrx_word' id='word_1_41' title='bbox 329 912 542 982; x_wconf 68' lang='lat' dir='ltr'><strong>iamqu‘e</strong></span> <span class='ocrx_word' id='word_1_42' title='bbox 571 928 719 981; x_wconf 84' lang='lat' dir='ltr'><strong>spem</strong></span> <span class='ocrx_word' id='word_1_43' title='bbox 764 915 954 968; x_wconf 88' lang='lat' dir='ltr'><strong>salutis</strong></span> <span class='ocrx_word' id='word_1_44' title='bbox 978 914 1292 979; x_wconf 83' lang='lat' dir='ltr'><strong>habeamus,</strong></span> <span class='ocrx_word' id='word_1_45' title='bbox 1332 916 1479 969; x_wconf 89' lang='lat' dir='ltr'><strong>nullo</strong></span> <span class='ocrx_word' id='word_1_46' title='bbox 1519 914 1623 970; x_wconf 92' lang='lat' dir='ltr'><strong>alio</strong></span> <span class='ocrx_word' id='word_1_47' title='bbox 1653 931 1783 984; x_wconf 92' lang='lat' dir='ltr'><strong>opus</strong></span> <span class='ocrx_word' id='word_1_48' title='bbox 1812 916 1915 969; x_wconf 88' lang='lat' dir='ltr'><strong>ha-‘</strong></span> 
     </span>
    </p>
   </div>
   <div class='ocr_carea' id='block_1_8' title="bbox 329 1002 1905 1074">
    <p class='ocr_par' dir='ltr' id='par_1_8' title="bbox 329 1002 1905 1074">
     <span class='ocr_line' id='line_1_8' title="bbox 329 1002 1905 1074; baseline 0.001 -18"><span class='ocrx_word' id='word_1_49' title='bbox 329 1002 590 1066; x_wconf 84' lang='lat' dir='ltr'><strong>hebimus,</strong></span> <span class='ocrx_word' id='word_1_50' title='bbox 636 1003 816 1058; x_wconf 90' lang='lat' dir='ltr'><strong>divino</strong></span> <span class='ocrx_word' id='word_1_51' title='bbox 858 1004 1056 1058; x_wconf 88' lang='lat' dir='ltr'><strong>auxilio</strong></span> <span class='ocrx_word' id='word_1_52' title='bbox 1097 1005 1251 1059; x_wconf 91' lang='lat' dir='ltr'><strong>nobis</strong></span> <span class='ocrx_word' id='word_1_53' title='bbox 1286 1007 1464 1057; x_wconf 88' lang='lat' dir='ltr'><strong>omnia</strong></span> <span class='ocrx_word' id='word_1_54' title='bbox 1510 1004 1905 1074; x_wconf 82' lang='lat' dir='ltr'><strong>suppeditante.</strong></span> 
     </span>
    </p>
   </div>
   <div class='ocr_carea' id='block_1_9' title="bbox 326 1089 1912 1161">
    <p class='ocr_par' dir='ltr' id='par_1_9' title="bbox 326 1089 1912 1161">
     <span class='ocr_line' id='line_1_9' title="bbox 326 1089 1912 1161; baseline 0.004 -17"><span class='ocrx_word' id='word_1_55' title='bbox 326 1089 457 1145; x_wconf 81' lang='lat' dir='ltr'><strong>Nam</strong></span> <span class='ocrx_word' id='word_1_56' title='bbox 474 1092 520 1146; x_wconf 88' lang='lat' dir='ltr'><strong>si</strong></span> <span class='ocrx_word' id='word_1_57' title='bbox 541 1092 658 1161; x_wconf 89' lang='lat' dir='ltr'><strong>ejus</strong></span> <span class='ocrx_word' id='word_1_58' title='bbox 676 1092 1096 1147; x_wconf 82' lang='lat' dir='ltr'><strong>benevolentiam</strong></span> <span class='ocrx_word' id='word_1_59' title='bbox 1118 1094 1273 1149; x_wconf 89' lang='lat' dir='ltr'><strong>nobis</strong></span> <span class='ocrx_word' id='word_1_60' title='bbox 1288 1095 1768 1160; x_wconf 89' lang='lat' dir='ltr'><strong>conciliaverimus,</strong></span> <span class='ocrx_word' id='word_1_61' title='bbox 1795 1097 1912 1150; x_wconf 83' lang='lat' dir='ltr'><strong>ttul-</strong></span> 
     </span>
    </p>
   </div>
   <div class='ocr_carea' id='block_1_10' title="bbox 325 1182 1911 1255">
    <p class='ocr_par' dir='ltr' id='par_1_10' title="bbox 325 1182 1911 1255">
     <span class='ocr_line' id='line_1_10' title="bbox 325 1182 1911 1255; baseline 0.003 -18"><span class='ocrx_word' id='word_1_62' title='bbox 325 1182 409 1237; x_wconf 90' lang='lat' dir='ltr'><strong>lus</strong></span> <span class='ocrx_word' id='word_1_63' title='bbox 453 1184 609 1238; x_wconf 87' lang='lat' dir='ltr'><strong>nobis</strong></span> <span class='ocrx_word' id='word_1_64' title='bbox 653 1185 983 1253; x_wconf 66' lang='lat' dir='ltr'><strong>praevalebit,</strong></span> <span class='ocrx_word' id='word_1_65' title='bbox 1028 1185 1123 1240; x_wconf 91' lang='lat' dir='ltr'><strong>sed</strong></span> <span class='ocrx_word' id='word_1_66' title='bbox 1173 1200 1270 1240; x_wconf 91' lang='lat' dir='ltr'><strong>nos</strong></span> <span class='ocrx_word' id='word_1_67' title='bbox 1317 1187 1620 1255; x_wconf 86' lang='lat' dir='ltr'><strong>superiores</strong></span> <span class='ocrx_word' id='word_1_68' title='bbox 1662 1188 1911 1242; x_wconf 88' lang='lat' dir='ltr'><strong>omnibus</strong></span> 
     </span>
    </p>
   </div>
   <div class='ocr_carea' id='block_1_11' title="bbox 326 1274 1908 1347">
    <p class='ocr_par' dir='ltr' id='par_1_11' title="bbox 326 1274 1908 1347">
     <span class='ocr_line' id='line_1_11' title="bbox 326 1274 1908 1347; baseline 0.004 -22"><span class='ocrx_word' id='word_1_69' title='bbox 326 1274 545 1328; x_wconf 88' lang='lat' dir='ltr'><strong>erimus.</strong></span> <span class='ocrx_word' id='word_1_70' title='bbox 576 1274 666 1329; x_wconf 72' lang='lat'><strong>20.</strong></span> <span class='ocrx_word' id='word_1_71' title='bbox 699 1275 766 1329; x_wconf 84' lang='lat' dir='ltr'><strong>Et</strong></span> <span class='ocrx_word' id='word_1_72' title='bbox 785 1286 893 1331; x_wconf 84' lang='lat' dir='ltr'><strong>erat</strong></span> <span class='ocrx_word' id='word_1_73' title='bbox 922 1274 1063 1331; x_wconf 78' lang='lat' dir='ltr'><strong>Deus</strong></span> <span class='ocrx_word' id='word_1_74' title='bbox 1086 1292 1200 1329; x_wconf 87' lang='lat' dir='ltr'><strong>cum</strong></span> <span class='ocrx_word' id='word_1_75' title='bbox 1227 1293 1411 1346; x_wconf 86' lang='lat' dir='ltr'><strong>puero,</strong></span> <span class='ocrx_word' id='word_1_76' title='bbox 1441 1276 1637 1347; x_wconf 88' lang='lat' dir='ltr'><strong>inquit,</strong></span> <span class='ocrx_word' id='word_1_77' title='bbox 1666 1288 1714 1332; x_wconf 83' lang='lat' dir='ltr'><strong>et</strong></span> <span class='ocrx_word' id='word_1_78' title='bbox 1734 1283 1908 1345; x_wconf 82' lang='lat' dir='ltr'><strong>crevit,</strong></span> 
     </span>
    </p>
   </div>
   <div class='ocr_carea' id='block_1_12' title="bbox 326 1364 1910 1437">
    <p class='ocr_par' dir='ltr' id='par_1_12' title="bbox 326 1364 1910 1437">
     <span class='ocr_line' id='line_1_12' title="bbox 326 1364 1910 1437; baseline 0.006 -21"><span class='ocrx_word' id='word_1_79' title='bbox 326 1373 374 1417; x_wconf 83' lang='lat' dir='ltr'><strong>et</strong></span> <span class='ocrx_word' id='word_1_80' title='bbox 399 1366 638 1420; x_wconf 74' lang='lat' dir='ltr'><strong>habitavit</strong></span> <span class='ocrx_word' id='word_1_81' title='bbox 676 1368 729 1420; x_wconf 88' lang='lat' dir='ltr'><strong>in</strong></span> <span class='ocrx_word' id='word_1_82' title='bbox 756 1368 1047 1421; x_wconf 75' lang='lat' dir='ltr'><strong>solitudine.</strong></span> <span class='ocrx_word' id='word_1_83' title='bbox 1079 1368 1169 1423; x_wconf 89' lang='lat' dir='ltr'><strong>Sic</strong></span> <span class='ocrx_word' id='word_1_84' title='bbox 1204 1368 1418 1437; x_wconf 86' lang='lat' dir='ltr'><strong>quando</strong></span> <span class='ocrx_word' id='word_1_85' title='bbox 1458 1364 1689 1423; x_wconf 90' lang='lat' dir='ltr'><strong>amicum</strong></span> <span class='ocrx_word' id='word_1_86' title='bbox 1729 1381 1783 1426; x_wconf 88' lang='lat' dir='ltr'><strong>et</strong></span> <span class='ocrx_word' id='word_1_87' title='bbox 1812 1370 1910 1425; x_wconf 87' lang='lat' dir='ltr'><strong>bc-</strong></span> 
     </span>
    </p>
   </div>
   <div class='ocr_carea' id='block_1_13' title="bbox 326 1458 1907 1529">
    <p class='ocr_par' dir='ltr' id='par_1_13' title="bbox 326 1458 1907 1529">
     <span class='ocr_line' id='line_1_13' title="bbox 326 1458 1907 1529; baseline 0.003 -18"><span class='ocrx_word' id='word_1_88' title='bbox 326 1458 574 1513; x_wconf 88' lang='lat' dir='ltr'><strong>nevolum</strong></span> <span class='ocrx_word' id='word_1_89' title='bbox 599 1459 854 1515; x_wconf 88' lang='lat' dir='ltr'><strong>habemus</strong></span> <span class='ocrx_word' id='word_1_90' title='bbox 876 1461 1066 1527; x_wconf 87' lang='lat' dir='ltr'><strong>Deum,</strong></span> <span class='ocrx_word' id='word_1_91' title='bbox 1089 1460 1297 1514; x_wconf 90' lang='lat' dir='ltr'><strong>etiamsi</strong></span> <span class='ocrx_word' id='word_1_92' title='bbox 1318 1460 1368 1513; x_wconf 93' lang='lat' dir='ltr'><strong>in</strong></span> <span class='ocrx_word' id='word_1_93' title='bbox 1395 1460 1611 1515; x_wconf 91' lang='lat' dir='ltr'><strong>deserto</strong></span> <span class='ocrx_word' id='word_1_94' title='bbox 1630 1460 1907 1529; x_wconf 78' lang='lat' dir='ltr'><strong>fuerimus,</strong></span> 
     </span>
    </p>
   </div>
   <div class='ocr_carea' id='block_1_14' title="bbox 327 1549 1908 1619">
    <p class='ocr_par' dir='ltr' id='par_1_14' title="bbox 327 1549 1908 1619">
     <span class='ocr_line' id='line_1_14' title="bbox 327 1549 1908 1619; baseline 0.002 -18"><span class='ocrx_word' id='word_1_95' title='bbox 327 1550 495 1602; x_wconf 91' lang='lat' dir='ltr'><strong>multo</strong></span> <span class='ocrx_word' id='word_1_96' title='bbox 524 1550 823 1604; x_wconf 89' lang='lat' dir='ltr'><strong>securiores</strong></span> <span class='ocrx_word' id='word_1_97' title='bbox 845 1550 1103 1615; x_wconf 82' lang='lat' dir='ltr'><strong>vivemus,</strong></span> <span class='ocrx_word' id='word_1_98' title='bbox 1134 1565 1293 1617; x_wconf 89' lang='lat' dir='ltr'><strong>quam</strong></span> <span class='ocrx_word' id='word_1_99' title='bbox 1329 1549 1365 1604; x_wconf 93' lang='lat' dir='ltr'><strong>ii</strong></span> <span class='ocrx_word' id='word_1_100' title='bbox 1388 1550 1478 1619; x_wconf 87' lang='lat' dir='ltr'><strong>qui</strong></span> <span class='ocrx_word' id='word_1_101' title='bbox 1523 1550 1575 1603; x_wconf 90' lang='lat' dir='ltr'><strong>in</strong></span> <span class='ocrx_word' id='word_1_102' title='bbox 1608 1550 1908 1605; x_wconf 86' lang='lat' dir='ltr'><strong>civitatibus</strong></span> 
     </span>
    </p>
   </div>
   <div class='ocr_carea' id='block_1_15' title="bbox 326 1639 1908 1710">
    <p class='ocr_par' dir='ltr' id='par_1_15' title="bbox 326 1639 1908 1710">
     <span class='ocr_line' id='line_1_15' title="bbox 326 1639 1908 1710; baseline 0.003 -19"><span class='ocrx_word' id='word_1_103' title='bbox 326 1648 626 1693; x_wconf 79' lang='lat' dir='ltr'><strong>versantur.</strong></span> <span class='ocrx_word' id='word_1_104' title='bbox 656 1640 885 1693; x_wconf 81' lang='lat' dir='ltr'><strong>Maxima</strong></span> <span class='ocrx_word' id='word_1_105' title='bbox 928 1640 1069 1693; x_wconf 91' lang='lat' dir='ltr'><strong>enim</strong></span> <span class='ocrx_word' id='word_1_106' title='bbox 1100 1640 1357 1694; x_wconf 87' lang='lat' dir='ltr'><strong>securitas</strong></span> <span class='ocrx_word' id='word_1_107' title='bbox 1393 1651 1444 1693; x_wconf 92' lang='lat' dir='ltr'><strong>et</strong></span> <span class='ocrx_word' id='word_1_108' title='bbox 1486 1639 1908 1710; x_wconf 79' lang='lat' dir='ltr'><strong>inexpugnabilis</strong></span> 
     </span>
    </p>
   </div>
   <div class='ocr_carea' id='block_1_16' title="bbox 326 1732 1906 1803">
    <p class='ocr_par' dir='ltr' id='par_1_16' title="bbox 326 1732 1906 1803">
     <span class='ocr_line' id='line_1_16' title="bbox 326 1732 1906 1803; baseline 0.001 -16"><span class='ocrx_word' id='word_1_109' title='bbox 326 1748 512 1787; x_wconf 90' lang='lat' dir='ltr'><strong>murus</strong></span> <span class='ocrx_word' id='word_1_110' title='bbox 538 1742 618 1787; x_wconf 89' lang='lat' dir='ltr'><strong>est</strong></span> <span class='ocrx_word' id='word_1_111' title='bbox 644 1734 898 1788; x_wconf 79' lang='lat' dir='ltr'><strong>auxilium</strong></span> <span class='ocrx_word' id='word_1_112' title='bbox 929 1734 1187 1789; x_wconf 88' lang='lat' dir='ltr'><strong>divinum.</strong></span> <span class='ocrx_word' id='word_1_113' title='bbox 1221 1734 1286 1787; x_wconf 91' lang='lat' dir='ltr'><strong>Et</strong></span> <span class='ocrx_word' id='word_1_114' title='bbox 1316 1742 1374 1787; x_wconf 93' lang='lat' dir='ltr'><strong>ut</strong></span> <span class='ocrx_word' id='word_1_115' title='bbox 1410 1732 1607 1799; x_wconf 87' lang='lat' dir='ltr'><strong>discas,</strong></span> <span class='ocrx_word' id='word_1_116' title='bbox 1635 1734 1906 1803; x_wconf 90' lang='lat' dir='ltr'><strong>quomodo</strong></span> 
     </span>
    </p>
   </div>
   <div class='ocr_carea' id='block_1_17' title="bbox 325 1823 1906 1895">
    <p class='ocr_par' dir='ltr' id='par_1_17' title="bbox 325 1823 1906 1895">
     <span class='ocr_line' id='line_1_17' title="bbox 325 1823 1906 1895; baseline 0.001 -18"><span class='ocrx_word' id='word_1_117' title='bbox 325 1825 414 1893; x_wconf 88' lang='lat' dir='ltr'><strong>qui</strong></span> <span class='ocrx_word' id='word_1_118' title='bbox 441 1824 491 1877; x_wconf 92' lang='lat' dir='ltr'><strong>in</strong></span> <span class='ocrx_word' id='word_1_119' title='bbox 519 1823 896 1879; x_wconf 75' lang='lat' dir='ltr'><strong>solitudinibus</strong></span> <span class='ocrx_word' id='word_1_120' title='bbox 920 1825 1051 1895; x_wconf 90' lang='lat' dir='ltr'><strong>agit,</strong></span> <span class='ocrx_word' id='word_1_121' title='bbox 1077 1825 1315 1879; x_wconf 87' lang='lat' dir='ltr'><strong>securior</strong></span> <span class='ocrx_word' id='word_1_122' title='bbox 1342 1824 1431 1889; x_wconf 89' lang='lat' dir='ltr'><strong>sit,</strong></span> <span class='ocrx_word' id='word_1_123' title='bbox 1461 1832 1517 1879; x_wconf 91' lang='lat' dir='ltr'><strong>et</strong></span> <span class='ocrx_word' id='word_1_124' title='bbox 1547 1826 1812 1894; x_wconf 87' lang='lat' dir='ltr'><strong>potentior</strong></span> <span class='ocrx_word' id='word_1_125' title='bbox 1841 1825 1906 1879; x_wconf 88' lang='lat' dir='ltr'><strong>iis</strong></span> 
     </span>
    </p>
   </div>
   <div class='ocr_carea' id='block_1_18' title="bbox 323 1913 1905 1984">
    <p class='ocr_par' dir='ltr' id='par_1_18' title="bbox 323 1913 1905 1984">
     <span class='ocr_line' id='line_1_18' title="bbox 323 1913 1905 1984; baseline 0.002 -18"><span class='ocrx_word' id='word_1_126' title='bbox 323 1915 412 1983; x_wconf 85' lang='lat' dir='ltr'><strong>qui</strong></span> <span class='ocrx_word' id='word_1_127' title='bbox 443 1915 494 1967; x_wconf 91' lang='lat' dir='ltr'><strong>in</strong></span> <span class='ocrx_word' id='word_1_128' title='bbox 526 1914 716 1968; x_wconf 90' lang='lat' dir='ltr'><strong>mediis</strong></span> <span class='ocrx_word' id='word_1_129' title='bbox 739 1916 1041 1969; x_wconf 86' lang='lat' dir='ltr'><strong>civitatibus</strong></span> <span class='ocrx_word' id='word_1_130' title='bbox 1070 1924 1370 1979; x_wconf 85' lang='lat' dir='ltr'><strong>versantur,</strong></span> <span class='ocrx_word' id='word_1_131' title='bbox 1399 1915 1599 1984; x_wconf 76' lang='lat' dir='ltr'><strong>ingenti</strong></span> <span class='ocrx_word' id='word_1_132' title='bbox 1628 1913 1905 1969; x_wconf 89' lang='lat' dir='ltr'><strong>hominum</strong></span> 
     </span>
    </p>
   </div>
   <div class='ocr_carea' id='block_1_19' title="bbox 326 2002 1902 2073">
    <p class='ocr_par' dir='ltr' id='par_1_19' title="bbox 326 2002 1902 2073">
     <span class='ocr_line' id='line_1_19' title="bbox 326 2002 1902 2073; baseline 0.001 -18"><span class='ocrx_word' id='word_1_133' title='bbox 326 2002 572 2071; x_wconf 60' lang='lat' dir='ltr'><strong>praesidio</strong></span> <span class='ocrx_word' id='word_1_134' title='bbox 604 2003 745 2067; x_wconf 80' lang='lat' dir='ltr'><strong>freti,</strong></span> <span class='ocrx_word' id='word_1_135' title='bbox 776 2003 1052 2059; x_wconf 87' lang='lat' dir='ltr'><strong>videamus</strong></span> <span class='ocrx_word' id='word_1_136' title='bbox 1092 2005 1360 2073; x_wconf 90' lang='lat' dir='ltr'><strong>quomodo</strong></span> <span class='ocrx_word' id='word_1_137' title='bbox 1387 2003 1553 2058; x_wconf 87' lang='lat' dir='ltr'><strong>David</strong></span> <span class='ocrx_word' id='word_1_138' title='bbox 1587 2004 1655 2057; x_wconf 76' lang='lat' dir='ltr'><strong>de</strong></span> <span class='ocrx_word' id='word_1_139' title='bbox 1688 2004 1808 2057; x_wconf 89' lang='lat' dir='ltr'><strong>loco</strong></span> <span class='ocrx_word' id='word_1_140' title='bbox 1848 2004 1902 2058; x_wconf 92' lang='lat' dir='ltr'><strong>in</strong></span> 
     </span>
    </p>
   </div>
   <div class='ocr_carea' id='block_1_20' title="bbox 325 2094 1908 2166">
    <p class='ocr_par' dir='ltr' id='par_1_20' title="bbox 325 2094 1908 2166">
     <span class='ocr_line' id='line_1_20' title="bbox 325 2094 1908 2166; baseline 0.003 -19"><span class='ocrx_word' id='word_1_141' title='bbox 325 2094 497 2147; x_wconf 92' lang='lat' dir='ltr'><strong>locum</strong></span> <span class='ocrx_word' id='word_1_142' title='bbox 529 2096 811 2159; x_wconf 88' lang='lat' dir='ltr'><strong>transiens,</strong></span> <span class='ocrx_word' id='word_1_143' title='bbox 844 2103 901 2149; x_wconf 90' lang='lat' dir='ltr'><strong>et</strong></span> <span class='ocrx_word' id='word_1_144' title='bbox 926 2097 1075 2165; x_wconf 89' lang='lat' dir='ltr'><strong>quasi</strong></span> <span class='ocrx_word' id='word_1_145' title='bbox 1102 2098 1361 2151; x_wconf 87' lang='lat' dir='ltr'><strong>erraticus</strong></span> <span class='ocrx_word' id='word_1_146' title='bbox 1387 2111 1605 2166; x_wconf 86' lang='lat' dir='ltr'><strong>vagans,</strong></span> <span class='ocrx_word' id='word_1_147' title='bbox 1635 2113 1793 2149; x_wconf 88' lang='lat' dir='ltr'><strong>manu</strong></span> <span class='ocrx_word' id='word_1_148' title='bbox 1818 2112 1908 2151; x_wconf 87' lang='lat' dir='ltr'><strong>su-</strong></span> 
     </span>
    </p>
   </div>
   <div class='ocr_carea' id='block_1_21' title="bbox 325 2185 1906 2254">
    <p class='ocr_par' dir='ltr' id='par_1_21' title="bbox 325 2185 1906 2254">
     <span class='ocr_line' id='line_1_21' title="bbox 325 2185 1906 2254; baseline 0.004 -15"><span class='ocrx_word' id='word_1_149' title='bbox 325 2201 487 2254; x_wconf 87' lang='lat' dir='ltr'><strong>perna</strong></span> <span class='ocrx_word' id='word_1_150' title='bbox 511 2186 744 2241; x_wconf 89' lang='lat' dir='ltr'><strong>munitus</strong></span> <span class='ocrx_word' id='word_1_151' title='bbox 769 2185 962 2240; x_wconf 88' lang='lat' dir='ltr'><strong>fuerit:</strong></span> <span class='ocrx_word' id='word_1_152' title='bbox 990 2186 1117 2241; x_wconf 79' lang='lat' dir='ltr'><strong>Saﬁl</strong></span> <span class='ocrx_word' id='word_1_153' title='bbox 1138 2196 1315 2241; x_wconf 89' lang='lat' dir='ltr'><strong>autem</strong></span> <span class='ocrx_word' id='word_1_154' title='bbox 1338 2203 1458 2242; x_wconf 89' lang='lat' dir='ltr'><strong>cum</strong></span> <span class='ocrx_word' id='word_1_155' title='bbox 1481 2195 1623 2242; x_wconf 82' lang='lat' dir='ltr'><strong>esset</strong></span> <span class='ocrx_word' id='word_1_156' title='bbox 1649 2188 1699 2242; x_wconf 91' lang='lat' dir='ltr'><strong>in</strong></span> <span class='ocrx_word' id='word_1_157' title='bbox 1719 2188 1906 2245; x_wconf 88' lang='lat' dir='ltr'><strong>mediis</strong></span> 
     </span>
    </p>
   </div>
   <div class='ocr_carea' id='block_1_22' title="bbox 323 2275 1907 2346">
    <p class='ocr_par' dir='ltr' id='par_1_22' title="bbox 323 2275 1907 2346">
     <span class='ocr_line' id='line_1_22' title="bbox 323 2275 1907 2346; baseline 0.003 -17"><span class='ocrx_word' id='word_1_158' title='bbox 323 2275 646 2340; x_wconf 87' lang='lat' dir='ltr'><strong>civitatibus,</strong></span> <span class='ocrx_word' id='word_1_159' title='bbox 678 2285 731 2328; x_wconf 89' lang='lat' dir='ltr'><strong>et</strong></span> <span class='ocrx_word' id='word_1_160' title='bbox 758 2284 961 2328; x_wconf 89' lang='lat' dir='ltr'><strong>tantum</strong></span> <span class='ocrx_word' id='word_1_161' title='bbox 1000 2290 1181 2330; x_wconf 88' lang='lat' dir='ltr'><strong>secum</strong></span> <span class='ocrx_word' id='word_1_162' title='bbox 1211 2277 1430 2332; x_wconf 87' lang='lat' dir='ltr'><strong>duceret</strong></span> <span class='ocrx_word' id='word_1_163' title='bbox 1459 2280 1788 2346; x_wconf 86' lang='lat' dir='ltr'><strong>exercitum,</strong></span> <span class='ocrx_word' id='word_1_164' title='bbox 1817 2294 1907 2333; x_wconf 89' lang='lat' dir='ltr'><strong>sa-</strong></span> 
     </span>
    </p>
   </div>
   <div class='ocr_carea' id='block_1_23' title="bbox 327 2365 1901 2439">
    <p class='ocr_par' dir='ltr' id='par_1_23' title="bbox 327 2365 1901 2439">
     <span class='ocr_line' id='line_1_23' title="bbox 327 2365 1901 2439; baseline 0.006 -22"><span class='ocrx_word' id='word_1_165' title='bbox 327 2365 522 2419; x_wconf 88' lang='lat' dir='ltr'><strong>tellites</strong></span> <span class='ocrx_word' id='word_1_166' title='bbox 552 2365 756 2420; x_wconf 83' lang='lat' dir='ltr'><strong>habens</strong></span> <span class='ocrx_word' id='word_1_167' title='bbox 784 2377 837 2420; x_wconf 93' lang='lat' dir='ltr'><strong>et</strong></span> <span class='ocrx_word' id='word_1_168' title='bbox 866 2368 1183 2437; x_wconf 89' lang='lat' dir='ltr'><strong>armigeros,</strong></span> <span class='ocrx_word' id='word_1_169' title='bbox 1214 2370 1450 2439; x_wconf 88' lang='lat' dir='ltr'><strong>quotidie</strong></span> <span class='ocrx_word' id='word_1_170' title='bbox 1470 2370 1688 2425; x_wconf 89' lang='lat' dir='ltr'><strong>timebat</strong></span> <span class='ocrx_word' id='word_1_171' title='bbox 1715 2381 1767 2426; x_wconf 88' lang='lat' dir='ltr'><strong>et</strong></span> <span class='ocrx_word' id='word_1_172' title='bbox 1797 2380 1901 2427; x_wconf 83' lang='lat' dir='ltr'><strong>tre-</strong></span> 
     </span>
    </p>
   </div>
   <div class='ocr_carea' id='block_1_24' title="bbox 328 2455 1907 2533">
    <p class='ocr_par' dir='ltr' id='par_1_24' title="bbox 328 2455 1907 2533">
     <span class='ocr_line' id='line_1_24' title="bbox 328 2455 1907 2533; baseline 0.008 -26"><span class='ocrx_word' id='word_1_173' title='bbox 328 2455 506 2509; x_wconf 86' lang='lat' dir='ltr'><strong>mebat</strong></span> <span class='ocrx_word' id='word_1_174' title='bbox 559 2456 893 2511; x_wconf 87' lang='lat' dir='ltr'><strong>inimicorum</strong></span> <span class='ocrx_word' id='word_1_175' title='bbox 944 2459 1161 2514; x_wconf 87' lang='lat' dir='ltr'><strong>insidias</strong></span> <span class='ocrx_word' id='word_1_176' title='bbox 1211 2459 1290 2531; x_wconf 80' lang='grc'><strong>(1.</strong></span> <span class='ocrx_word' id='word_1_177' title='bbox 1355 2460 1481 2531; x_wconf 79' lang='lat' dir='ltr'><strong>Reg.</strong></span> <span class='ocrx_word' id='word_1_178' title='bbox 1538 2463 1651 2533; x_wconf 79' lang='lat' dir='ltr'><strong>l7).</strong></span> <span class='ocrx_word' id='word_1_179' title='bbox 1703 2464 1767 2517; x_wconf 89' lang='lat' dir='ltr'><strong>Et</strong></span> <span class='ocrx_word' id='word_1_180' title='bbox 1815 2464 1907 2520; x_wconf 86' lang='lat' dir='ltr'><strong>ille</strong></span> 
     </span>
    </p>
   </div>
   <div class='ocr_carea' id='block_1_25' title="bbox 326 2545 1906 2619">
    <p class='ocr_par' dir='ltr' id='par_1_25' title="bbox 326 2545 1906 2619">
     <span class='ocr_line' id='line_1_25' title="bbox 326 2545 1906 2619; baseline 0.009 -26"><span class='ocrx_word' id='word_1_181' title='bbox 326 2545 561 2613; x_wconf 87' lang='lat' dir='ltr'><strong>quidem,</strong></span> <span class='ocrx_word' id='word_1_182' title='bbox 600 2545 689 2615; x_wconf 90' lang='lat' dir='ltr'><strong>qui</strong></span> <span class='ocrx_word' id='word_1_183' title='bbox 720 2547 865 2600; x_wconf 89' lang='lat' dir='ltr'><strong>solus</strong></span> <span class='ocrx_word' id='word_1_184' title='bbox 890 2556 1025 2612; x_wconf 90' lang='lat' dir='ltr'><strong>erat,</strong></span> <span class='ocrx_word' id='word_1_185' title='bbox 1058 2550 1364 2619; x_wconf 89' lang='lat' dir='ltr'><strong>nullumque</strong></span> <span class='ocrx_word' id='word_1_186' title='bbox 1392 2552 1551 2604; x_wconf 90' lang='lat' dir='ltr'><strong>alium</strong></span> <span class='ocrx_word' id='word_1_187' title='bbox 1584 2568 1765 2606; x_wconf 85' lang='lat' dir='ltr'><strong>secum</strong></span> <span class='ocrx_word' id='word_1_188' title='bbox 1805 2553 1906 2606; x_wconf 91' lang='lat' dir='ltr'><strong>ha-</strong></span> 
     </span>
    </p>
   </div>
   <div class='ocr_carea' id='block_1_26' title="bbox 329 2636 1909 2711">
    <p class='ocr_par' dir='ltr' id='par_1_26' title="bbox 329 2636 1909 2711">
     <span class='ocr_line' id='line_1_26' title="bbox 329 2636 1909 2711; baseline 0.009 -24"><span class='ocrx_word' id='word_1_189' title='bbox 329 2636 502 2701; x_wconf 71' lang='lat' dir='ltr'><strong>bebat,</strong></span> <span class='ocrx_word' id='word_1_190' title='bbox 535 2651 640 2690; x_wconf 89' lang='lat' dir='ltr'><strong>non</strong></span> <span class='ocrx_word' id='word_1_191' title='bbox 668 2637 930 2707; x_wconf 75' lang='lat' dir='ltr'><strong>indigebat</strong></span> <span class='ocrx_word' id='word_1_192' title='bbox 956 2639 1188 2694; x_wconf 91' lang='lat' dir='ltr'><strong>humano</strong></span> <span class='ocrx_word' id='word_1_193' title='bbox 1218 2642 1466 2711; x_wconf 64' lang='lat' dir='ltr'><strong>pratsidio</strong></span> <span class='ocrx_word' id='word_1_194' title='bbox 1490 2659 1503 2695; x_wconf 91' lang='lat'><strong>:</strong></span> <span class='ocrx_word' id='word_1_195' title='bbox 1534 2645 1619 2698; x_wconf 92' lang='lat' dir='ltr'><strong>hic</strong></span> <span class='ocrx_word' id='word_1_196' title='bbox 1642 2661 1768 2700; x_wconf 92' lang='lat' dir='ltr'><strong>vero</strong></span> <span class='ocrx_word' id='word_1_197' title='bbox 1793 2647 1909 2701; x_wconf 83' lang='lat' dir='ltr'><strong>dia-</strong></span> 
     </span>
    </p>
   </div>
   <div class='ocr_carea' id='block_1_27' title="bbox 326 2725 1906 2801">
    <p class='ocr_par' dir='ltr' id='par_1_27' title="bbox 326 2725 1906 2801">
     <span class='ocr_line' id='line_1_27' title="bbox 326 2725 1906 2801; baseline 0.008 -23"><span class='ocrx_word' id='word_1_198' title='bbox 326 2725 536 2781; x_wconf 90' lang='lat' dir='ltr'><strong>demate</strong></span> <span class='ocrx_word' id='word_1_199' title='bbox 558 2728 853 2793; x_wconf 81' lang='lat' dir='ltr'><strong>redimitus,</strong></span> <span class='ocrx_word' id='word_1_200' title='bbox 873 2740 925 2783; x_wconf 91' lang='lat' dir='ltr'><strong>et</strong></span> <span class='ocrx_word' id='word_1_201' title='bbox 942 2745 1177 2800; x_wconf 87' lang='lat' dir='ltr'><strong>purpura</strong></span> <span class='ocrx_word' id='word_1_202' title='bbox 1198 2732 1433 2801; x_wconf 88' lang='lat' dir='ltr'><strong>indutus,</strong></span> <span class='ocrx_word' id='word_1_203' title='bbox 1453 2734 1594 2790; x_wconf 90' lang='lat' dir='ltr'><strong>illius</strong></span> <span class='ocrx_word' id='word_1_204' title='bbox 1610 2737 1807 2791; x_wconf 83' lang='lat' dir='ltr'><strong>auxilio</strong></span> <span class='ocrx_word' id='word_1_205' title='bbox 1824 2738 1906 2792; x_wconf 89' lang='lat' dir='ltr'><strong>in-</strong></span> 
     </span>
    </p>
   </div>
   <div class='ocr_carea' id='block_1_28' title="bbox 324 2816 1903 2897">
    <p class='ocr_par' dir='ltr' id='par_1_28' title="bbox 324 2816 1903 2897">
     <span class='ocr_line' id='line_1_28' title="bbox 324 2816 1903 2897; baseline 0.011 -28"><span class='ocrx_word' id='word_1_206' title='bbox 324 2816 554 2884; x_wconf 84' lang='lat' dir='ltr'><strong>digebat,</strong></span> <span class='ocrx_word' id='word_1_207' title='bbox 576 2827 629 2873; x_wconf 90' lang='lat' dir='ltr'><strong>et</strong></span> <span class='ocrx_word' id='word_1_208' title='bbox 650 2822 762 2890; x_wconf 88' lang='lat' dir='ltr'><strong>regi</strong></span> <span class='ocrx_word' id='word_1_209' title='bbox 786 2835 920 2889; x_wconf 83' lang='lat' dir='ltr'><strong>Opus</strong></span> <span class='ocrx_word' id='word_1_210' title='bbox 940 2835 1059 2877; x_wconf 79' lang='lat' dir='ltr'><strong>erat.</strong></span> <span class='ocrx_word' id='word_1_211' title='bbox 1073 2826 1301 2893; x_wconf 86' lang='lat' dir='ltr'><strong>pastoris</strong></span> <span class='ocrx_word' id='word_1_212' title='bbox 1321 2842 1503 2897; x_wconf 90' lang='lat' dir='ltr'><strong>opera,</strong></span> <span class='ocrx_word' id='word_1_213' title='bbox 1527 2838 1581 2884; x_wconf 88' lang='lat' dir='ltr'><strong>et</strong></span> <span class='ocrx_word' id='word_1_214' title='bbox 1604 2829 1903 2888; x_wconf 84' lang='lat' dir='ltr'><strong>diademate</strong></span> 
     </span>
    </p>
   </div>
   <div class='ocr_carea' id='block_1_29' title="bbox 326 2906 1899 2981">
    <p class='ocr_par' dir='ltr' id='par_1_29' title="bbox 326 2906 1899 2981">
     <span class='ocr_line' id='line_1_29' title="bbox 326 2906 1899 2981; baseline 0.011 -22"><span class='ocrx_word' id='word_1_215' title='bbox 326 2906 574 2962; x_wconf 88' lang='lat' dir='ltr'><strong>redimite</strong></span> <span class='ocrx_word' id='word_1_216' title='bbox 600 2910 789 2977; x_wconf 90' lang='lat' dir='ltr'><strong>privati</strong></span> <span class='ocrx_word' id='word_1_217' title='bbox 816 2911 913 2965; x_wconf 92' lang='lat' dir='ltr'><strong>viri</strong></span> <span class='ocrx_word' id='word_1_218' title='bbox 954 2912 1320 2981; x_wconf 90' lang='lat' dir='ltr'><strong>adjumentum</strong></span> <span class='ocrx_word' id='word_1_219' title='bbox 1363 2921 1719 2974; x_wconf 86' lang='lat' dir='ltr'><strong>necessarium</strong></span> <span class='ocrx_word' id='word_1_220' title='bbox 1766 2932 1899 2977; x_wconf 91' lang='lat' dir='ltr'><strong>erat.</strong></span> 
     </span>
    </p>
   </div>
   <div class='ocr_carea' id='block_1_30' title="bbox 394 2997 1908 3075">
    <p class='ocr_par' dir='ltr' id='par_1_30' title="bbox 394 2997 1908 3075">
     <span class='ocr_line' id='line_1_30' title="bbox 394 2997 1908 3075; baseline 0.011 -22"><span class='ocrx_word' id='word_1_221' title='bbox 394 2999 448 3053; x_wconf 79' lang='grc'><strong>5.</strong></span> <span class='ocrx_word' id='word_1_222' title='bbox 481 2997 633 3053; x_wconf 81' lang='lat' dir='ltr'><strong>Nihil</strong></span> <span class='ocrx_word' id='word_1_223' title='bbox 652 3005 902 3069; x_wconf 78' lang='lat' dir='ltr'><strong>potentius</strong></span> <span class='ocrx_word' id='word_1_224' title='bbox 930 3021 987 3059; x_wconf 86' lang='lat' dir='ltr'><strong>eo</strong></span> <span class='ocrx_word' id='word_1_225' title='bbox 1011 3007 1097 3075; x_wconf 85' lang='lat' dir='ltr'><strong>qui</strong></span> <span class='ocrx_word' id='word_1_226' title='bbox 1123 3004 1217 3060; x_wconf 89' lang='lat' dir='ltr'><strong>Dei</strong></span> <span class='ocrx_word' id='word_1_227' title='bbox 1242 3008 1435 3063; x_wconf 75' lang='lat' dir='ltr'><strong>auxilio</strong></span> <span class='ocrx_word' id='word_1_228' title='bbox 1466 3014 1688 3067; x_wconf 79' lang='lat' dir='ltr'><strong>munitus</strong></span> <span class='ocrx_word' id='word_1_229' title='bbox 1715 3024 1807 3068; x_wconf 73' lang='lat' dir='ltr'><strong>est.</strong></span> <span class='ocrx_word' id='word_1_230' title='bbox 1832 3044 1908 3057; x_wconf 86' lang='lat'><strong>--</strong></span> 
     </span>
    </p>
   </div>
   <div class='ocr_carea' id='block_1_31' title="bbox 321 3086 1905 3174">
    <p class='ocr_par' dir='ltr' id='par_1_31' title="bbox 321 3086 1905 3174">
     <span class='ocr_line' id='line_1_31' title="bbox 321 3086 1905 3174; baseline 0.012 -32"><span class='ocrx_word' id='word_1_231' title='bbox 321 3086 426 3142; x_wconf 83' lang='lat' dir='ltr'><strong>Sed</strong></span> <span class='ocrx_word' id='word_1_232' title='bbox 452 3089 497 3143; x_wconf 90' lang='lat' dir='ltr'><strong>si</strong></span> <span class='ocrx_word' id='word_1_233' title='bbox 528 3090 684 3144; x_wconf 90' lang='lat' dir='ltr'><strong>vultis</strong></span> <span class='ocrx_word' id='word_1_234' title='bbox 708 3131 724 3155; x_wconf 95' lang='lat'><strong>,</strong></span> <span class='ocrx_word' id='word_1_235' title='bbox 764 3093 1039 3164; x_wconf 88' lang='lat' dir='ltr'><strong>aliquanto</strong></span> <span class='ocrx_word' id='word_1_236' title='bbox 1084 3099 1330 3167; x_wconf 90' lang='lat' dir='ltr'><strong>superius</strong></span> <span class='ocrx_word' id='word_1_237' title='bbox 1359 3101 1553 3157; x_wconf 89' lang='lat' dir='ltr'><strong>seriem</strong></span> <span class='ocrx_word' id='word_1_238' title='bbox 1596 3103 1754 3174; x_wconf 90' lang='lat' dir='ltr'><strong>hujus</strong></span> <span class='ocrx_word' id='word_1_239' title='bbox 1791 3121 1905 3161; x_wconf 91' lang='lat' dir='ltr'><strong>ser-</strong></span> 
     </span>
    </p>
   </div>
   <div class='ocr_carea' id='block_1_32' title="bbox 323 3180 1903 3265">
    <p class='ocr_par' dir='ltr' id='par_1_32' title="bbox 323 3180 1903 3265">
     <span class='ocr_line' id='line_1_32' title="bbox 323 3180 1903 3265; baseline 0.014 -35"><span class='ocrx_word' id='word_1_240' title='bbox 323 3180 497 3232; x_wconf 90' lang='lat' dir='ltr'><strong>monis</strong></span> <span class='ocrx_word' id='word_1_241' title='bbox 522 3189 782 3248; x_wconf 89' lang='lat' dir='ltr'><strong>petamus,</strong></span> <span class='ocrx_word' id='word_1_242' title='bbox 816 3194 871 3237; x_wconf 89' lang='lat' dir='ltr'><strong>ut</strong></span> <span class='ocrx_word' id='word_1_243' title='bbox 896 3185 1040 3239; x_wconf 91' lang='lat' dir='ltr'><strong>omni</strong></span> <span class='ocrx_word' id='word_1_244' title='bbox 1066 3185 1167 3240; x_wconf 89' lang='lat' dir='ltr'><strong>hac</strong></span> <span class='ocrx_word' id='word_1_245' title='bbox 1192 3188 1412 3245; x_wconf 86' lang='lat' dir='ltr'><strong>historia</strong></span> <span class='ocrx_word' id='word_1_246' title='bbox 1440 3191 1490 3245; x_wconf 92' lang='lat' dir='ltr'><strong>in</strong></span> <span class='ocrx_word' id='word_1_247' title='bbox 1514 3193 1744 3249; x_wconf 90' lang='lat' dir='ltr'><strong>medium</strong></span> <span class='ocrx_word' id='word_1_248' title='bbox 1777 3211 1903 3265; x_wconf 88' lang='lat' dir='ltr'><strong>pro-</strong></span> 
     </span>
    </p>
   </div>
   <div class='ocr_carea' id='block_1_33' title="bbox 320 3267 1903 3356">
    <p class='ocr_par' dir='ltr' id='par_1_33' title="bbox 320 3267 1903 3356">
     <span class='ocr_line' id='line_1_33' title="bbox 320 3267 1903 3356; baseline 0.015 -36"><span class='ocrx_word' id='word_1_249' title='bbox 320 3267 500 3331; x_wconf 90' lang='lat' dir='ltr'><strong>ducta,</strong></span> <span class='ocrx_word' id='word_1_250' title='bbox 529 3270 795 3325; x_wconf 82' lang='lat' dir='ltr'><strong>discamus</strong></span> <span class='ocrx_word' id='word_1_251' title='bbox 812 3273 941 3327; x_wconf 89' lang='lat' dir='ltr'><strong>nihil</strong></span> <span class='ocrx_word' id='word_1_252' title='bbox 967 3273 1157 3331; x_wconf 84' lang='lat' dir='ltr'><strong>fortius</strong></span> <span class='ocrx_word' id='word_1_253' title='bbox 1176 3294 1295 3334; x_wconf 92' lang='lat' dir='ltr'><strong>esse</strong></span> <span class='ocrx_word' id='word_1_254' title='bbox 1317 3281 1433 3335; x_wconf 90' lang='lat' dir='ltr'><strong>viro</strong></span> <span class='ocrx_word' id='word_1_255' title='bbox 1452 3285 1656 3339; x_wconf 92' lang='lat' dir='ltr'><strong>munito</strong></span> <span class='ocrx_word' id='word_1_256' title='bbox 1674 3301 1903 3356; x_wconf 91' lang='lat' dir='ltr'><strong>superna</strong></span> 
     </span>
    </p>
   </div>
   <div class='ocr_carea' id='block_1_34' title="bbox 322 3360 1901 3447">
    <p class='ocr_par' dir='ltr' id='par_1_34' title="bbox 322 3360 1901 3447">
     <span class='ocr_line' id='line_1_34' title="bbox 322 3360 1901 3447; baseline 0.016 -38"><span class='ocrx_word' id='word_1_257' title='bbox 322 3360 526 3427; x_wconf 86' lang='lat' dir='ltr'><strong>gratia,</strong></span> <span class='ocrx_word' id='word_1_258' title='bbox 572 3368 626 3414; x_wconf 91' lang='lat' dir='ltr'><strong>et</strong></span> <span class='ocrx_word' id='word_1_259' title='bbox 669 3362 801 3417; x_wconf 89' lang='lat' dir='ltr'><strong>nihil</strong></span> <span class='ocrx_word' id='word_1_260' title='bbox 851 3364 1111 3421; x_wconf 81' lang='lat' dir='ltr'><strong>inﬁrmius</strong></span> <span class='ocrx_word' id='word_1_261' title='bbox 1155 3384 1222 3424; x_wconf 91' lang='lat' dir='ltr'><strong>eo</strong></span> <span class='ocrx_word' id='word_1_262' title='bbox 1262 3372 1352 3442; x_wconf 90' lang='lat' dir='ltr'><strong>qui</strong></span> <span class='ocrx_word' id='word_1_263' title='bbox 1404 3372 1503 3429; x_wconf 81' lang='lat' dir='ltr'><strong>hac</strong></span> <span class='ocrx_word' id='word_1_264' title='bbox 1531 3376 1772 3443; x_wconf 90' lang='lat' dir='ltr'><strong>privatus</strong></span> <span class='ocrx_word' id='word_1_265' title='bbox 1798 3388 1901 3447; x_wconf 92' lang='lat' dir='ltr'><strong>est,</strong></span> 
     </span>
    </p>
   </div>
   <div class='ocr_carea' id='block_1_35' title="bbox 323 3451 1904 3539">
    <p class='ocr_par' dir='ltr' id='par_1_35' title="bbox 323 3451 1904 3539">
     <span class='ocr_line' id='line_1_35' title="bbox 323 3451 1904 3539; baseline 0.013 -35"><span class='ocrx_word' id='word_1_266' title='bbox 323 3451 531 3504; x_wconf 88' lang='lat' dir='ltr'><strong>etiamsi</strong></span> <span class='ocrx_word' id='word_1_267' title='bbox 584 3453 879 3509; x_wconf 90' lang='lat' dir='ltr'><strong>innumeris</strong></span> <span class='ocrx_word' id='word_1_268' title='bbox 924 3458 1286 3515; x_wconf 87' lang='lat' dir='ltr'><strong>circumdetur</strong></span> <span class='ocrx_word' id='word_1_269' title='bbox 1329 3466 1672 3522; x_wconf 79' lang='lat' dir='ltr'><strong>exercitibus.</strong></span> <span class='ocrx_word' id='word_1_270' title='bbox 1740 3468 1904 3539; x_wconf 88' lang='lat' dir='ltr'><strong>Igitur</strong></span> 
     </span>
    </p>
   </div>
   <div class='ocr_carea' id='block_1_36' title="bbox 324 3542 1902 3632">
    <p class='ocr_par' dir='ltr' id='par_1_36' title="bbox 324 3542 1902 3632">
     <span class='ocr_line' id='line_1_36' title="bbox 324 3542 1902 3632; baseline 0.013 -38"><span class='ocrx_word' id='word_1_271' title='bbox 324 3542 487 3597; x_wconf 87' lang='lat' dir='ltr'><strong>David</strong></span> <span class='ocrx_word' id='word_1_272' title='bbox 513 3543 602 3598; x_wconf 90' lang='lat' dir='ltr'><strong>ille</strong></span> <span class='ocrx_word' id='word_1_273' title='bbox 624 3559 744 3599; x_wconf 93' lang='lat' dir='ltr'><strong>cum</strong></span> <span class='ocrx_word' id='word_1_274' title='bbox 774 3547 948 3604; x_wconf 91' lang='lat' dir='ltr'><strong>adhuc</strong></span> <span class='ocrx_word' id='word_1_275' title='bbox 969 3550 1282 3607; x_wconf 88' lang='lat' dir='ltr'><strong>adolescens</strong></span> <span class='ocrx_word' id='word_1_276' title='bbox 1312 3555 1381 3609; x_wconf 93' lang='lat' dir='ltr'><strong>ob</strong></span> <span class='ocrx_word' id='word_1_277' title='bbox 1405 3555 1745 3613; x_wconf 87' lang='lat' dir='ltr'><strong>immaturam</strong></span> <span class='ocrx_word' id='word_1_278' title='bbox 1770 3570 1902 3632; x_wconf 82' lang='lat' dir='ltr'><strong>acta-</strong></span> 
     </span>
    </p>
   </div>
   <div class='ocr_carea' id='block_1_37' title="bbox 324 3633 1903 3718">
    <p class='ocr_par' dir='ltr' id='par_1_37' title="bbox 324 3633 1903 3718">
     <span class='ocr_line' id='line_1_37' title="bbox 324 3633 1903 3718; baseline 0.013 -34"><span class='ocrx_word' id='word_1_279' title='bbox 324 3640 430 3687; x_wconf 92' lang='lat' dir='ltr'><strong>tem</strong></span> <span class='ocrx_word' id='word_1_280' title='bbox 456 3633 506 3686; x_wconf 90' lang='lat' dir='ltr'><strong>in</strong></span> <span class='ocrx_word' id='word_1_281' title='bbox 532 3644 746 3702; x_wconf 82' lang='lat' dir='ltr'><strong>paterna</strong></span> <span class='ocrx_word' id='word_1_282' title='bbox 771 3636 931 3693; x_wconf 93' lang='lat' dir='ltr'><strong>domo</strong></span> <span class='ocrx_word' id='word_1_283' title='bbox 955 3650 1276 3706; x_wconf 86' lang='lat' dir='ltr'><strong>versaretur,</strong></span> <span class='ocrx_word' id='word_1_284' title='bbox 1301 3647 1551 3713; x_wconf 90' lang='lat' dir='ltr'><strong>quoniam</strong></span> <span class='ocrx_word' id='word_1_285' title='bbox 1575 3656 1780 3718; x_wconf 89' lang='lat' dir='ltr'><strong>tempus</strong></span> <span class='ocrx_word' id='word_1_286' title='bbox 1801 3650 1903 3705; x_wconf 86' lang='lat' dir='ltr'><strong>ali-</strong></span> 
     </span>
    </p>
   </div>
   <div class='ocr_carea' id='block_1_38' title="bbox 323 3725 1902 3802">
    <p class='ocr_par' dir='ltr' id='par_1_38' title="bbox 323 3725 1902 3802">
     <span class='ocr_line' id='line_1_38' title="bbox 323 3725 1902 3802; baseline 0.012 -27"><span class='ocrx_word' id='word_1_287' title='bbox 323 3725 537 3792; x_wconf 88' lang='lat' dir='ltr'><strong>quando</strong></span> <span class='ocrx_word' id='word_1_288' title='bbox 573 3728 889 3795; x_wconf 80' lang='lat' dir='ltr'><strong>exposcebat</strong></span> <span class='ocrx_word' id='word_1_289' title='bbox 922 3737 978 3783; x_wconf 91' lang='lat' dir='ltr'><strong>ut</strong></span> <span class='ocrx_word' id='word_1_290' title='bbox 1007 3730 1205 3786; x_wconf 90' lang='lat' dir='ltr'><strong>clarior</strong></span> <span class='ocrx_word' id='word_1_291' title='bbox 1242 3733 1355 3802; x_wconf 84' lang='lat' dir='ltr'><strong>ejus</strong></span> <span class='ocrx_word' id='word_1_292' title='bbox 1383 3734 1534 3790; x_wconf 67' lang='lat' dir='ltr'><strong>fieret</strong></span> <span class='ocrx_word' id='word_1_293' title='bbox 1559 3738 1726 3793; x_wconf 89' lang='lat' dir='ltr'><strong>virtus</strong></span> <span class='ocrx_word' id='word_1_294' title='bbox 1747 3779 1761 3801; x_wconf 94' lang='lat'><strong>,</strong></span> <span class='ocrx_word' id='word_1_295' title='bbox 1802 3740 1902 3793; x_wconf 82' lang='lat' dir='ltr'><strong>ad-</strong></span> 
     </span>
    </p>
   </div>
   <div class='ocr_carea' id='block_1_39' title="bbox 324 3819 1905 3897">
    <p class='ocr_par' dir='ltr' id='par_1_39' title="bbox 324 3819 1905 3897">
     <span class='ocr_line' id='line_1_39' title="bbox 324 3819 1905 3897; baseline 0.009 -28"><span class='ocrx_word' id='word_1_296' title='bbox 324 3819 555 3870; x_wconf 75' lang='lat' dir='ltr'><strong>monitus</strong></span> <span class='ocrx_word' id='word_1_297' title='bbox 582 3832 611 3870; x_wconf 93' lang='lat' dir='ltr'><strong>a</strong></span> <span class='ocrx_word' id='word_1_298' title='bbox 638 3827 786 3886; x_wconf 89' lang='lat' dir='ltr'><strong>patre</strong></span> <span class='ocrx_word' id='word_1_299' title='bbox 816 3828 873 3873; x_wconf 95' lang='lat' dir='ltr'><strong>ut</strong></span> <span class='ocrx_word' id='word_1_300' title='bbox 896 3820 1084 3875; x_wconf 86' lang='lat' dir='ltr'><strong>fratres</strong></span> <span class='ocrx_word' id='word_1_301' title='bbox 1114 3838 1239 3877; x_wconf 90' lang='lat' dir='ltr'><strong>suos</strong></span> <span class='ocrx_word' id='word_1_302' title='bbox 1261 3826 1537 3893; x_wconf 89' lang='lat' dir='ltr'><strong>inviseret,</strong></span> <span class='ocrx_word' id='word_1_303' title='bbox 1570 3827 1905 3897; x_wconf 88' lang='lat' dir='ltr'><strong>obtempera-</strong></span> 
     </span>
    </p>
   </div>
   <div class='ocr_carea' id='block_1_40' title="bbox 326 3906 1906 3973">
    <p class='ocr_par' dir='ltr' id='par_1_40' title="bbox 326 3906 1906 3973">
     <span class='ocr_line' id='line_1_40' title="bbox 326 3906 1906 3973; baseline 0.009 -15"><span class='ocrx_word' id='word_1_304' title='bbox 326 3906 419 3971; x_wconf 85' lang='lat' dir='ltr'><strong>vit,</strong></span> <span class='ocrx_word' id='word_1_305' title='bbox 448 3916 502 3960; x_wconf 93' lang='lat' dir='ltr'><strong>et</strong></span> <span class='ocrx_word' id='word_1_306' title='bbox 530 3908 723 3961; x_wconf 91' lang='lat' dir='ltr'><strong>missus</strong></span> <span class='ocrx_word' id='word_1_307' title='bbox 743 3918 825 3962; x_wconf 90' lang='lat' dir='ltr'><strong>est</strong></span> <span class='ocrx_word' id='word_1_308' title='bbox 850 3909 916 3963; x_wconf 92' lang='lat' dir='ltr'><strong>ad</strong></span> <span class='ocrx_word' id='word_1_309' title='bbox 943 3926 1053 3964; x_wconf 91' lang='lat' dir='ltr'><strong>eos.</strong></span> <span class='ocrx_word' id='word_1_310' title='bbox 1085 3911 1252 3965; x_wconf 87' lang='lat' dir='ltr'><strong>Porro</strong></span> <span class='ocrx_word' id='word_1_311' title='bbox 1279 3929 1402 3967; x_wconf 90' lang='lat' dir='ltr'><strong>cum</strong></span> <span class='ocrx_word' id='word_1_312' title='bbox 1427 3916 1493 3968; x_wconf 91' lang='lat' dir='ltr'><strong>ad</strong></span> <span class='ocrx_word' id='word_1_313' title='bbox 1522 3916 1643 3970; x_wconf 91' lang='lat' dir='ltr'><strong>illos</strong></span> <span class='ocrx_word' id='word_1_314' title='bbox 1669 3918 1906 3973; x_wconf 89' lang='lat' dir='ltr'><strong>venisset</strong></span> 
     </span>
    </p>
   </div>
   <div class='ocr_carea' id='block_1_41' title="bbox 324 3997 1892 4068">
    <p class='ocr_par' dir='ltr' id='par_1_41' title="bbox 324 3997 1892 4068">
     <span class='ocr_line' id='line_1_41' title="bbox 324 3997 1892 4068; baseline 0.01 -18"><span class='ocrx_word' id='word_1_315' title='bbox 324 3997 582 4052; x_wconf 85' lang='lat' dir='ltr'><strong>invisendi</strong></span> <span class='ocrx_word' id='word_1_316' title='bbox 627 4000 826 4068; x_wconf 91' lang='lat' dir='ltr'><strong>gratia,</strong></span> <span class='ocrx_word' id='word_1_317' title='bbox 869 4001 955 4055; x_wconf 91' lang='lat' dir='ltr'><strong>ubi</strong></span> <span class='ocrx_word' id='word_1_318' title='bbox 988 4001 1119 4056; x_wconf 91' lang='lat' dir='ltr'><strong>vidit</strong></span> <span class='ocrx_word' id='word_1_319' title='bbox 1160 4005 1471 4060; x_wconf 89' lang='lat' dir='ltr'><strong>instructam</strong></span> <span class='ocrx_word' id='word_1_320' title='bbox 1512 4008 1684 4063; x_wconf 87' lang='lat' dir='ltr'><strong>aciem</strong></span> <span class='ocrx_word' id='word_1_321' title='bbox 1708 4018 1892 4066; x_wconf 84' lang='lat' dir='ltr'><strong>contra</strong></span> 
     </span>
    </p>
   </div>
   <div class='ocr_carea' id='block_1_42' title="bbox 325 4086 1905 4165">
    <p class='ocr_par' dir='ltr' id='par_1_42' title="bbox 325 4086 1905 4165">
     <span class='ocr_line' id='line_1_42' title="bbox 325 4086 1905 4165; baseline 0.013 -28"><span class='ocrx_word' id='word_1_322' title='bbox 325 4086 672 4157; x_wconf 80' lang='lat' dir='ltr'><strong>alienigenam</strong></span> <span class='ocrx_word' id='word_1_323' title='bbox 704 4088 941 4155; x_wconf 88' lang='lat' dir='ltr'><strong>Goliatlt,</strong></span> <span class='ocrx_word' id='word_1_324' title='bbox 986 4099 1039 4146; x_wconf 92' lang='lat' dir='ltr'><strong>et</strong></span> <span class='ocrx_word' id='word_1_325' title='bbox 1064 4108 1276 4148; x_wconf 91' lang='lat' dir='ltr'><strong>omnem</strong></span> <span class='ocrx_word' id='word_1_326' title='bbox 1316 4097 1568 4165; x_wconf 91' lang='lat' dir='ltr'><strong>populum</strong></span> <span class='ocrx_word' id='word_1_327' title='bbox 1593 4098 1743 4165; x_wconf 85' lang='lat' dir='ltr'><strong>juxta</strong></span> <span class='ocrx_word' id='word_1_328' title='bbox 1770 4100 1905 4156; x_wconf 79' lang='lat' dir='ltr'><strong>Saﬁ-</strong></span> 
     </span>
    </p>
   </div>
   <div class='ocr_carea' id='block_1_43' title="bbox 325 4176 1904 4255">
    <p class='ocr_par' dir='ltr' id='par_1_43' title="bbox 325 4176 1904 4255">
     <span class='ocr_line' id='line_1_43' title="bbox 325 4176 1904 4255; baseline 0.011 -26"><span class='ocrx_word' id='word_1_329' title='bbox 325 4176 428 4230; x_wconf 92' lang='lat' dir='ltr'><strong>lem</strong></span> <span class='ocrx_word' id='word_1_330' title='bbox 458 4176 741 4232; x_wconf 89' lang='lat' dir='ltr'><strong>formidine</strong></span> <span class='ocrx_word' id='word_1_331' title='bbox 766 4179 1085 4247; x_wconf 90' lang='lat' dir='ltr'><strong>perculsum,</strong></span> <span class='ocrx_word' id='word_1_332' title='bbox 1117 4198 1402 4253; x_wconf 88' lang='lat' dir='ltr'><strong>regemque</strong></span> <span class='ocrx_word' id='word_1_333' title='bbox 1426 4187 1597 4255; x_wconf 90' lang='lat' dir='ltr'><strong>ipsum</strong></span> <span class='ocrx_word' id='word_1_334' title='bbox 1621 4189 1673 4241; x_wconf 93' lang='lat' dir='ltr'><strong>in</strong></span> <span class='ocrx_word' id='word_1_335' title='bbox 1696 4206 1904 4247; x_wconf 90' lang='lat' dir='ltr'><strong>summo</strong></span> 
     </span>
    </p>
   </div>
   <div class='ocr_carea' id='block_1_44' title="bbox 325 4268 1902 4346">
    <p class='ocr_par' dir='ltr' id='par_1_44' title="bbox 325 4268 1902 4346">
     <span class='ocr_line' id='line_1_44' title="bbox 325 4268 1902 4346; baseline 0.01 -25"><span class='ocrx_word' id='word_1_336' title='bbox 325 4268 665 4322; x_wconf 89' lang='lat' dir='ltr'><strong>constitutum</strong></span> <span class='ocrx_word' id='word_1_337' title='bbox 693 4269 928 4339; x_wconf 90' lang='lat' dir='ltr'><strong>periculo</strong></span> <span class='ocrx_word' id='word_1_338' title='bbox 947 4312 963 4339; x_wconf 87' lang='lat'><strong>,</strong></span> <span class='ocrx_word' id='word_1_339' title='bbox 1007 4280 1133 4326; x_wconf 89' lang='lat' dir='ltr'><strong>tunc</strong></span> <span class='ocrx_word' id='word_1_340' title='bbox 1160 4284 1431 4341; x_wconf 88' lang='lat' dir='ltr'><strong>spectator</strong></span> <span class='ocrx_word' id='word_1_341' title='bbox 1471 4277 1639 4333; x_wconf 90' lang='lat' dir='ltr'><strong>voluit</strong></span> <span class='ocrx_word' id='word_1_342' title='bbox 1667 4295 1819 4346; x_wconf 90' lang='lat' dir='ltr'><strong>esse,</strong></span> <span class='ocrx_word' id='word_1_343' title='bbox 1848 4291 1902 4337; x_wconf 90' lang='lat' dir='ltr'><strong>et</strong></span> 
     </span>
    </p>
   </div>
   <div class='ocr_carea' id='block_1_45' title="bbox 325 4357 1903 4441">
    <p class='ocr_par' dir='ltr' id='par_1_45' title="bbox 325 4357 1903 4441">
     <span class='ocr_line' id='line_1_45' title="bbox 325 4357 1903 4441; baseline 0.011 -31"><span class='ocrx_word' id='word_1_344' title='bbox 325 4357 453 4411; x_wconf 90' lang='lat' dir='ltr'><strong>abiit</strong></span> <span class='ocrx_word' id='word_1_345' title='bbox 479 4367 534 4413; x_wconf 91' lang='lat' dir='ltr'><strong>ut</strong></span> <span class='ocrx_word' id='word_1_346' title='bbox 562 4358 766 4414; x_wconf 86' lang='lat' dir='ltr'><strong>videret</strong></span> <span class='ocrx_word' id='word_1_347' title='bbox 796 4374 987 4415; x_wconf 90' lang='lat' dir='ltr'><strong>novum</strong></span> <span class='ocrx_word' id='word_1_348' title='bbox 1015 4370 1069 4416; x_wconf 92' lang='lat' dir='ltr'><strong>et</strong></span> <span class='ocrx_word' id='word_1_349' title='bbox 1108 4378 1287 4419; x_wconf 87' lang='lat' dir='ltr'><strong>rarum</strong></span> <span class='ocrx_word' id='word_1_350' title='bbox 1313 4369 1677 4435; x_wconf 79' lang='lat' dir='ltr'><strong>Spectaculum</strong></span> <span class='ocrx_word' id='word_1_351' title='bbox 1698 4412 1714 4437; x_wconf 97' lang='lat'><strong>,</strong></span> <span class='ocrx_word' id='word_1_352' title='bbox 1760 4372 1903 4441; x_wconf 92' lang='lat' dir='ltr'><strong>quod</strong></span> 
     </span>
    </p>
   </div>
   <div class='ocr_carea' id='block_1_46' title="bbox 326 4451 1902 4530">
    <p class='ocr_par' dir='ltr' id='par_1_46' title="bbox 326 4451 1902 4530">
     <span class='ocr_line' id='line_1_46' title="bbox 326 4451 1902 4530; baseline 0.011 -28"><span class='ocrx_word' id='word_1_353' title='bbox 326 4467 462 4504; x_wconf 90' lang='lat' dir='ltr'><strong>unus</strong></span> <span class='ocrx_word' id='word_1_354' title='bbox 498 4451 657 4506; x_wconf 89' lang='lat' dir='ltr'><strong>homo</strong></span> <span class='ocrx_word' id='word_1_355' title='bbox 703 4452 959 4507; x_wconf 90' lang='lat' dir='ltr'><strong>adversus</strong></span> <span class='ocrx_word' id='word_1_356' title='bbox 1000 4461 1080 4508; x_wconf 92' lang='lat' dir='ltr'><strong>tot</strong></span> <span class='ocrx_word' id='word_1_357' title='bbox 1112 4456 1274 4510; x_wconf 88' lang='lat' dir='ltr'><strong>millia</strong></span> <span class='ocrx_word' id='word_1_358' title='bbox 1316 4472 1375 4511; x_wconf 90' lang='lat' dir='ltr'><strong>se</strong></span> <span class='ocrx_word' id='word_1_359' title='bbox 1405 4460 1655 4530; x_wconf 88' lang='lat' dir='ltr'><strong>erigeret.</strong></span> <span class='ocrx_word' id='word_1_360' title='bbox 1708 4462 1902 4518; x_wconf 87' lang='lat' dir='ltr'><strong>Verum</strong></span> 
     </span>
    </p>
   </div>
   <div class='ocr_carea' id='block_1_47' title="bbox 328 4540 1904 4623">
    <p class='ocr_par' dir='ltr' id='par_1_47' title="bbox 328 4540 1904 4623">
     <span class='ocr_line' id='line_1_47' title="bbox 328 4540 1904 4623; baseline 0.011 -30"><span class='ocrx_word' id='word_1_361' title='bbox 328 4540 517 4595; x_wconf 87' lang='lat' dir='ltr'><strong>fratres</strong></span> <span class='ocrx_word' id='word_1_362' title='bbox 542 4543 657 4611; x_wconf 88' lang='lat' dir='ltr'><strong>ejus</strong></span> <span class='ocrx_word' id='word_1_363' title='bbox 697 4558 801 4596; x_wconf 92' lang='lat' dir='ltr'><strong>non</strong></span> <span class='ocrx_word' id='word_1_364' title='bbox 833 4544 1064 4598; x_wconf 88' lang='lat' dir='ltr'><strong>ferentes</strong></span> <span class='ocrx_word' id='word_1_365' title='bbox 1094 4554 1199 4599; x_wconf 90' lang='lat' dir='ltr'><strong>tam</strong></span> <span class='ocrx_word' id='word_1_366' title='bbox 1230 4547 1370 4601; x_wconf 91' lang='lat' dir='ltr'><strong>altos</strong></span> <span class='ocrx_word' id='word_1_367' title='bbox 1395 4549 1722 4607; x_wconf 87' lang='lat' dir='ltr'><strong>fortitudinis</strong></span> <span class='ocrx_word' id='word_1_368' title='bbox 1748 4554 1904 4623; x_wconf 81' lang='lat' dir='ltr'><strong>spiri-</strong></span> 
     </span>
    </p>
   </div>
   <div class='ocr_carea' id='block_1_48' title="bbox 327 4633 1901 4704">
    <p class='ocr_par' dir='ltr' id='par_1_48' title="bbox 327 4633 1901 4704">
     <span class='ocr_line' id='line_1_48' title="bbox 327 4633 1901 4704; baseline 0.012 -21"><span class='ocrx_word' id='word_1_369' title='bbox 327 4642 411 4684; x_wconf 90' lang='lat' dir='ltr'><strong>tus</strong></span> <span class='ocrx_word' id='word_1_370' title='bbox 432 4672 445 4696; x_wconf 91' lang='lat'><strong>,</strong></span> <span class='ocrx_word' id='word_1_371' title='bbox 478 4633 744 4699; x_wconf 87' lang='lat' dir='ltr'><strong>provocati</strong></span> <span class='ocrx_word' id='word_1_372' title='bbox 774 4643 897 4687; x_wconf 90' lang='lat' dir='ltr'><strong>sunt</strong></span> <span class='ocrx_word' id='word_1_373' title='bbox 934 4634 987 4688; x_wconf 90' lang='lat' dir='ltr'><strong>in</strong></span> <span class='ocrx_word' id='word_1_374' title='bbox 1016 4634 1302 4704; x_wconf 88' lang='lat' dir='ltr'><strong>invidiam,</strong></span> <span class='ocrx_word' id='word_1_375' title='bbox 1343 4645 1399 4692; x_wconf 88' lang='lat' dir='ltr'><strong>et</strong></span> <span class='ocrx_word' id='word_1_376' title='bbox 1421 4639 1604 4695; x_wconf 89' lang='lat' dir='ltr'><strong>dicunt</strong></span> <span class='ocrx_word' id='word_1_377' title='bbox 1630 4644 1697 4698; x_wconf 91' lang='lat' dir='ltr'><strong>ad</strong></span> <span class='ocrx_word' id='word_1_378' title='bbox 1731 4660 1853 4702; x_wconf 92' lang='lat' dir='ltr'><strong>eum</strong></span> <span class='ocrx_word' id='word_1_379' title='bbox 1885 4663 1901 4702; x_wconf 89' lang='lat'><strong>:</strong></span> 
     </span>
    </p>
   </div>
   <div class='ocr_carea' id='block_1_49' title="bbox 326 4721 1903 4811">
    <p class='ocr_par' dir='ltr' id='par_1_49' title="bbox 326 4721 1903 4811">
     <span class='ocr_line' id='line_1_49' title="bbox 326 4721 1903 4811; baseline 0.013 -38"><span class='ocrx_word' id='word_1_380' title='bbox 326 4721 447 4774; x_wconf 88' lang='lat' dir='ltr'><strong>Non</strong></span> <span class='ocrx_word' id='word_1_381' title='bbox 467 4722 571 4775; x_wconf 87' lang='lat' dir='ltr'><strong>alia</strong></span> <span class='ocrx_word' id='word_1_382' title='bbox 586 4723 647 4776; x_wconf 85' lang='lat' dir='ltr'><strong>de</strong></span> <span class='ocrx_word' id='word_1_383' title='bbox 661 4740 814 4777; x_wconf 75' lang='lat' dir='ltr'><strong>causa</strong></span> <span class='ocrx_word' id='word_1_384' title='bbox 832 4726 1023 4792; x_wconf 78' lang='lat' dir='ltr'><strong>venisti,</strong></span> <span class='ocrx_word' id='word_1_385' title='bbox 1048 4742 1198 4794; x_wconf 86' lang='lat' dir='ltr'><strong>quam</strong></span> <span class='ocrx_word' id='word_1_386' title='bbox 1214 4737 1267 4781; x_wconf 89' lang='lat' dir='ltr'><strong>ut</strong></span> <span class='ocrx_word' id='word_1_387' title='bbox 1282 4729 1466 4784; x_wconf 85' lang='lat' dir='ltr'><strong>bellum</strong></span> <span class='ocrx_word' id='word_1_388' title='bbox 1478 4733 1665 4789; x_wconf 77' lang='lat' dir='ltr'><strong>videres</strong></span> <span class='ocrx_word' id='word_1_389' title='bbox 1678 4737 1725 4803; x_wconf 79' lang='lat' dir='ltr'><strong>(l</strong></span> <span class='ocrx_word' id='word_1_390' title='bbox 1739 4777 1754 4792; x_wconf 92' lang='lat'><strong>.</strong></span> <span class='ocrx_word' id='word_1_391' title='bbox 1773 4736 1903 4811; x_wconf 88' lang='lat' dir='ltr'><strong>Reg.</strong></span> 
     </span>
    </p>
   </div>
   <div class='ocr_carea' id='block_1_50' title="bbox 325 4812 1901 4887">
    <p class='ocr_par' dir='ltr' id='par_1_50' title="bbox 325 4812 1901 4887">
     <span class='ocr_line' id='line_1_50' title="bbox 325 4812 1901 4887; baseline 0.011 -21"><span class='ocrx_word' id='word_1_392' title='bbox 325 4815 411 4866; x_wconf 82' lang='grc'><strong>17.</strong></span> <span class='ocrx_word' id='word_1_393' title='bbox 439 4812 576 4883; x_wconf 72' lang='lat'><strong>28)?</strong></span> <span class='ocrx_word' id='word_1_394' title='bbox 620 4813 735 4868; x_wconf 85' lang='lat' dir='ltr'><strong>Non</strong></span> <span class='ocrx_word' id='word_1_395' title='bbox 763 4816 904 4869; x_wconf 91' lang='lat' dir='ltr'><strong>enim</strong></span> <span class='ocrx_word' id='word_1_396' title='bbox 937 4816 1125 4871; x_wconf 90' lang='lat' dir='ltr'><strong>venisti</strong></span> <span class='ocrx_word' id='word_1_397' title='bbox 1150 4819 1317 4874; x_wconf 89' lang='lat' dir='ltr'><strong>nostri</strong></span> <span class='ocrx_word' id='word_1_398' title='bbox 1343 4835 1525 4887; x_wconf 89' lang='lat' dir='ltr'><strong>causa,</strong></span> <span class='ocrx_word' id='word_1_399' title='bbox 1555 4833 1613 4878; x_wconf 90' lang='lat' dir='ltr'><strong>ut</strong></span> <span class='ocrx_word' id='word_1_400' title='bbox 1643 4841 1740 4881; x_wconf 93' lang='lat' dir='ltr'><strong>nos</strong></span> <span class='ocrx_word' id='word_1_401' title='bbox 1770 4829 1901 4883; x_wconf 88' lang='lat' dir='ltr'><strong>invi-</strong></span> 
     </span>
    </p>
   </div>
   <div class='ocr_carea' id='block_1_51' title="bbox 323 4904 1904 4977">
    <p class='ocr_par' dir='ltr' id='par_1_51' title="bbox 323 4904 1904 4977">
     <span class='ocr_line' id='line_1_51' title="bbox 323 4904 1904 4977; baseline 0.011 -20"><span class='ocrx_word' id='word_1_402' title='bbox 323 4918 490 4958; x_wconf 87' lang='lat' dir='ltr'><strong>seres.</strong></span> <span class='ocrx_word' id='word_1_403' title='bbox 538 4904 609 4959; x_wconf 81' lang='lat' dir='ltr'><strong>At</strong></span> <span class='ocrx_word' id='word_1_404' title='bbox 638 4913 692 4957; x_wconf 89' lang='lat' dir='ltr'><strong>tu</strong></span> <span class='ocrx_word' id='word_1_405' title='bbox 721 4905 841 4961; x_wconf 71' lang='lat' dir='ltr'><strong>vide</strong></span> <span class='ocrx_word' id='word_1_406' title='bbox 870 4906 1027 4976; x_wconf 90' lang='lat' dir='ltr'><strong>hujus</strong></span> <span class='ocrx_word' id='word_1_407' title='bbox 1066 4909 1399 4977; x_wconf 90' lang='lat' dir='ltr'><strong>prudentiam</strong></span> <span class='ocrx_word' id='word_1_408' title='bbox 1436 4921 1491 4968; x_wconf 91' lang='lat' dir='ltr'><strong>et</strong></span> <span class='ocrx_word' id='word_1_409' title='bbox 1536 4918 1904 4975; x_wconf 81' lang='lat' dir='ltr'><strong>mansuetudi-</strong></span> 
     </span>
    </p>
   </div>
   <div class='ocr_carea' id='block_1_52' title="bbox 324 4994 1901 5077">
    <p class='ocr_par' dir='ltr' id='par_1_52' title="bbox 324 4994 1901 5077">
     <span class='ocr_line' id='line_1_52' title="bbox 324 4994 1901 5077; baseline 0.011 -30"><span class='ocrx_word' id='word_1_410' title='bbox 324 5010 464 5048; x_wconf 85' lang='lat' dir='ltr'><strong>nem.</strong></span> <span class='ocrx_word' id='word_1_411' title='bbox 495 4994 634 5049; x_wconf 84' lang='lat' dir='ltr'><strong>Nihil</strong></span> <span class='ocrx_word' id='word_1_412' title='bbox 667 4998 1039 5064; x_wconf 89' lang='lat' dir='ltr'><strong>temerarium,</strong></span> <span class='ocrx_word' id='word_1_413' title='bbox 1071 5014 1244 5069; x_wconf 89' lang='lat' dir='ltr'><strong>neque</strong></span> <span class='ocrx_word' id='word_1_414' title='bbox 1262 5016 1509 5071; x_wconf 90' lang='lat' dir='ltr'><strong>asperum</strong></span> <span class='ocrx_word' id='word_1_415' title='bbox 1533 5006 1611 5060; x_wconf 91' lang='lat' dir='ltr'><strong>eis</strong></span> <span class='ocrx_word' id='word_1_416' title='bbox 1637 5007 1901 5077; x_wconf 88' lang='lat' dir='ltr'><strong>loquitur:</strong></span> 
     </span>
    </p>
   </div>
   <div class='ocr_carea' id='block_1_53' title="bbox 323 5082 1903 5157">
    <p class='ocr_par' dir='ltr' id='par_1_53' title="bbox 323 5082 1903 5157">
     <span class='ocr_line' id='line_1_53' title="bbox 323 5082 1903 5157; baseline 0.011 -20"><span class='ocrx_word' id='word_1_417' title='bbox 323 5082 419 5138; x_wconf 86' lang='lat' dir='ltr'><strong>sed</strong></span> <span class='ocrx_word' id='word_1_418' title='bbox 446 5086 743 5153; x_wconf 89' lang='lat' dir='ltr'><strong>reprimens</strong></span> <span class='ocrx_word' id='word_1_419' title='bbox 782 5101 966 5141; x_wconf 90' lang='lat' dir='ltr'><strong>eorum</strong></span> <span class='ocrx_word' id='word_1_420' title='bbox 1007 5086 1309 5157; x_wconf 82' lang='lat' dir='ltr'><strong>ﬂammam,</strong></span> <span class='ocrx_word' id='word_1_421' title='bbox 1342 5102 1397 5148; x_wconf 90' lang='lat' dir='ltr'><strong>et</strong></span> <span class='ocrx_word' id='word_1_422' title='bbox 1419 5093 1729 5153; x_wconf 89' lang='lat' dir='ltr'><strong>demulcens</strong></span> <span class='ocrx_word' id='word_1_423' title='bbox 1764 5100 1903 5154; x_wconf 90' lang='lat' dir='ltr'><strong>invi-</strong></span> 
     </span>
    </p>
   </div>
   <div class='ocr_carea' id='block_1_54' title="bbox 319 5175 1903 5262">
    <p class='ocr_par' dir='ltr' id='par_1_54' title="bbox 319 5175 1903 5262">
     <span class='ocr_line' id='line_1_54' title="bbox 319 5175 1903 5262; baseline 0.011 -33"><span class='ocrx_word' id='word_1_424' title='bbox 319 5175 499 5241; x_wconf 86' lang='lat' dir='ltr'><strong>diam,</strong></span> <span class='ocrx_word' id='word_1_425' title='bbox 553 5177 765 5247; x_wconf 88' lang='lat' dir='ltr'><strong>inquit:</strong></span> <span class='ocrx_word' id='word_1_426' title='bbox 800 5176 1063 5248; x_wconf 83' lang='lat' dir='ltr'><strong>Numquid</strong></span> <span class='ocrx_word' id='word_1_427' title='bbox 1102 5181 1305 5235; x_wconf 82' lang='lat' dir='ltr'><strong>verbum</strong></span> <span class='ocrx_word' id='word_1_428' title='bbox 1351 5185 1630 5255; x_wconf 58' lang='lat' dir='ltr'><strong>est,(lbid.</strong></span> <span class='ocrx_word' id='word_1_429' title='bbox 1682 5205 1730 5242; x_wconf 74' lang='grc' dir='ltr'><strong>υ.</strong></span> <span class='ocrx_word' id='word_1_430' title='bbox 1771 5190 1903 5262; x_wconf 74' lang='lat'><strong>29)?</strong></span> 
     </span>
    </p>
   </div>
   <div class='ocr_carea' id='block_1_55' title="bbox 321 5265 1901 5347">
    <p class='ocr_par' dir='ltr' id='par_1_55' title="bbox 321 5265 1901 5347">
     <span class='ocr_line' id='line_1_55' title="bbox 321 5265 1901 5347; baseline 0.012 -28"><span class='ocrx_word' id='word_1_431' title='bbox 321 5265 614 5336; x_wconf 81' lang='lat' dir='ltr'><strong>Numquid,</strong></span> <span class='ocrx_word' id='word_1_432' title='bbox 659 5270 848 5337; x_wconf 89' lang='lat' dir='ltr'><strong>inquit,</strong></span> <span class='ocrx_word' id='word_1_433' title='bbox 896 5270 1103 5326; x_wconf 89' lang='lat' dir='ltr'><strong>vidistis</strong></span> <span class='ocrx_word' id='word_1_434' title='bbox 1133 5288 1221 5329; x_wconf 91' lang='lat' dir='ltr'><strong>me</strong></span> <span class='ocrx_word' id='word_1_435' title='bbox 1247 5289 1393 5330; x_wconf 92' lang='lat' dir='ltr'><strong>arma</strong></span> <span class='ocrx_word' id='word_1_436' title='bbox 1423 5279 1700 5347; x_wconf 77' lang='lat' dir='ltr'><strong>arripere?</strong></span> <span class='ocrx_word' id='word_1_437' title='bbox 1743 5299 1901 5338; x_wconf 91' lang='lat' dir='ltr'><strong>num-</strong></span> 
     </span>
    </p>
   </div>
   <div class='ocr_carea' id='block_1_56' title="bbox 322 5355 1901 5426">
    <p class='ocr_par' dir='ltr' id='par_1_56' title="bbox 322 5355 1901 5426">
     <span class='ocr_line' id='line_1_56' title="bbox 322 5355 1901 5426; baseline 0.013 -20"><span class='ocrx_word' id='word_1_438' title='bbox 322 5355 445 5424; x_wconf 84' lang='lat' dir='ltr'><strong>quid</strong></span> <span class='ocrx_word' id='word_1_439' title='bbox 475 5355 683 5411; x_wconf 84' lang='lat' dir='ltr'><strong>vidistis</strong></span> <span class='ocrx_word' id='word_1_440' title='bbox 713 5373 799 5413; x_wconf 89' lang='lat' dir='ltr'><strong>me</strong></span> <span class='ocrx_word' id='word_1_441' title='bbox 824 5359 1058 5413; x_wconf 82' lang='lat' dir='ltr'><strong>ordinari</strong></span> <span class='ocrx_word' id='word_1_442' title='bbox 1087 5376 1210 5417; x_wconf 89' lang='lat' dir='ltr'><strong>cum</strong></span> <span class='ocrx_word' id='word_1_443' title='bbox 1237 5367 1447 5419; x_wconf 74' lang='lat' dir='ltr'><strong>cteteris</strong></span> <span class='ocrx_word' id='word_1_444' title='bbox 1479 5367 1530 5420; x_wconf 95' lang='lat' dir='ltr'><strong>in</strong></span> <span class='ocrx_word' id='word_1_445' title='bbox 1562 5370 1722 5424; x_wconf 83' lang='lat' dir='ltr'><strong>acie?</strong></span> <span class='ocrx_word' id='word_1_446' title='bbox 1761 5372 1901 5426; x_wconf 70' lang='lat' dir='ltr'><strong>Tan~</strong></span> 
     </span>
    </p>
   </div>
   <div class='ocr_carea' id='block_1_57' title="bbox 325 5447 1898 5524">
    <p class='ocr_par' dir='ltr' id='par_1_57' title="bbox 325 5447 1898 5524">
     <span class='ocr_line' id='line_1_57' title="bbox 325 5447 1898 5524; baseline 0.014 -26"><span class='ocrx_word' id='word_1_447' title='bbox 325 5455 435 5499; x_wconf 90' lang='lat' dir='ltr'><strong>tum</strong></span> <span class='ocrx_word' id='word_1_448' title='bbox 463 5447 645 5501; x_wconf 88' lang='lat' dir='ltr'><strong>videre</strong></span> <span class='ocrx_word' id='word_1_449' title='bbox 679 5449 858 5514; x_wconf 91' lang='lat' dir='ltr'><strong>volui,</strong></span> <span class='ocrx_word' id='word_1_450' title='bbox 910 5460 967 5505; x_wconf 90' lang='lat' dir='ltr'><strong>et</strong></span> <span class='ocrx_word' id='word_1_451' title='bbox 1013 5453 1343 5524; x_wconf 88' lang='lat' dir='ltr'><strong>interrogare</strong></span> <span class='ocrx_word' id='word_1_452' title='bbox 1370 5448 1509 5513; x_wconf 85' lang='lat' dir='ltr'><strong>unde</strong></span> <span class='ocrx_word' id='word_1_453' title='bbox 1540 5459 1662 5517; x_wconf 92' lang='lat' dir='ltr'><strong>huic</strong></span> <span class='ocrx_word' id='word_1_454' title='bbox 1695 5471 1898 5521; x_wconf 86' lang='lat' dir='ltr'><strong>tantum</strong></span> 
     </span>
    </p>
   </div>
   <div class='ocr_carea' id='block_1_58' title="bbox 323 5536 1901 5624">
    <p class='ocr_par' dir='ltr' id='par_1_58' title="bbox 323 5536 1901 5624">
     <span class='ocr_line' id='line_1_58' title="bbox 323 5536 1901 5624; baseline 0.013 -35"><span class='ocrx_word' id='word_1_455' title='bbox 323 5536 565 5593; x_wconf 68' lang='lat' dir='ltr'><strong>insaniae.</strong></span> <span class='ocrx_word' id='word_1_456' title='bbox 614 5538 739 5606; x_wconf 79' lang='lat' dir='ltr'><strong>Quis</strong></span> <span class='ocrx_word' id='word_1_457' title='bbox 772 5542 904 5594; x_wconf 88' lang='lat' dir='ltr'><strong>enim</strong></span> <span class='ocrx_word' id='word_1_458' title='bbox 936 5552 1010 5596; x_wconf 76' lang='lat' dir='ltr'><strong>est</strong></span> <span class='ocrx_word' id='word_1_459' title='bbox 1033 5544 1319 5616; x_wconf 83' lang='lat' dir='ltr'><strong>alienigena</strong></span> <span class='ocrx_word' id='word_1_460' title='bbox 1353 5548 1474 5615; x_wconf 76' lang='lat' dir='ltr'><strong>itte,</strong></span> <span class='ocrx_word' id='word_1_461' title='bbox 1520 5553 1607 5620; x_wconf 88' lang='lat' dir='ltr'><strong>qui</strong></span> <span class='ocrx_word' id='word_1_462' title='bbox 1630 5556 1901 5624; x_wconf 73' lang='lat' dir='ltr'><strong>exprobrat</strong></span> 
     </span>
    </p>
   </div>
   <div class='ocr_carea' id='block_1_59' title="bbox 325 5629 1901 5710">
    <p class='ocr_par' dir='ltr' id='par_1_59' title="bbox 325 5629 1901 5710">
     <span class='ocr_line' id='line_1_59' title="bbox 325 5629 1901 5710; baseline 0.016 -30"><span class='ocrx_word' id='word_1_463' title='bbox 325 5630 596 5683; x_wconf 68' lang='lat' dir='ltr'><strong>exercitum</strong></span> <span class='ocrx_word' id='word_1_464' title='bbox 620 5629 717 5685; x_wconf 85' lang='lat' dir='ltr'><strong>Dei</strong></span> <span class='ocrx_word' id='word_1_465' title='bbox 743 5632 947 5687; x_wconf 75' lang='lat' dir='ltr'><strong>viventis</strong></span> <span class='ocrx_word' id='word_1_466' title='bbox 977 5634 1137 5705; x_wconf 79' lang='lat' dir='ltr'><strong>(Ibid.</strong></span> <span class='ocrx_word' id='word_1_467' title='bbox 1169 5653 1217 5690; x_wconf 76' lang='grc' dir='ltr'><strong>υ.</strong></span> <span class='ocrx_word' id='word_1_468' title='bbox 1243 5638 1378 5710; x_wconf 74' lang='lat'><strong>26)?</strong></span> <span class='ocrx_word' id='word_1_469' title='bbox 1425 5642 1615 5700; x_wconf 89' lang='lat' dir='ltr'><strong>Postea</strong></span> <span class='ocrx_word' id='word_1_470' title='bbox 1646 5663 1767 5703; x_wconf 92' lang='lat' dir='ltr'><strong>cum</strong></span> <span class='ocrx_word' id='word_1_471' title='bbox 1806 5666 1901 5705; x_wconf 85' lang='lat' dir='ltr'><strong>au-</strong></span> 
     </span>
    </p>
   </div>
   <div class='ocr_carea' id='block_1_60' title="bbox 324 5719 1898 5804">
    <p class='ocr_par' dir='ltr' id='par_1_60' title="bbox 324 5719 1898 5804">
     <span class='ocr_line' id='line_1_60' title="bbox 324 5719 1898 5804; baseline 0.017 -31"><span class='ocrx_word' id='word_1_472' title='bbox 324 5719 465 5776; x_wconf 87' lang='lat' dir='ltr'><strong>diret</strong></span> <span class='ocrx_word' id='word_1_473' title='bbox 508 5720 652 5777; x_wconf 84' lang='lat' dir='ltr'><strong>illius</strong></span> <span class='ocrx_word' id='word_1_474' title='bbox 695 5722 1049 5794; x_wconf 81' lang='lat' dir='ltr'><strong>blasphemias</strong></span> <span class='ocrx_word' id='word_1_475' title='bbox 1073 5740 1126 5784; x_wconf 89' lang='lat' dir='ltr'><strong>et</strong></span> <span class='ocrx_word' id='word_1_476' title='bbox 1163 5734 1557 5804; x_wconf 85' lang='lat' dir='ltr'><strong>arrogantiam,</strong></span> <span class='ocrx_word' id='word_1_477' title='bbox 1597 5746 1651 5796; x_wconf 90' lang='lat' dir='ltr'><strong>et</strong></span> <span class='ocrx_word' id='word_1_478' title='bbox 1693 5739 1898 5800; x_wconf 85' lang='lat' dir='ltr'><strong>videret</strong></span> 
     </span>
    </p>
   </div>
   <div class='ocr_carea' id='block_1_61' title="bbox 1318 342 2534 408">
    <p class='ocr_par' dir='ltr' id='par_1_61' title="bbox 1318 342 2534 408">
     <span class='ocr_line' id='line_1_61' title="bbox 1318 342 2534 408; baseline -0.003 0"><span class='ocrx_word' id='word_1_479' title='bbox 1318 349 1385 407; x_wconf 67' lang='grc' dir='ltr'><strong>ιιι</strong></span> <span class='ocrx_word' id='word_1_480' title='bbox 1421 349 1575 408; x_wconf 83' lang='lat' dir='ltr'><strong>CAP.</strong></span> <span class='ocrx_word' id='word_1_481' title='bbox 1616 348 1755 405; x_wconf 79' lang='lat' dir='ltr'><strong>XXI.</strong></span> <span class='ocrx_word' id='word_1_482' title='bbox 1789 342 2031 402; x_wconf 75' lang='lat' dir='ltr'><strong>GENES.</strong></span> <span class='ocrx_word' id='word_1_483' title='bbox 2079 343 2306 402; x_wconf 69' lang='lat' dir='ltr'><strong>HOMlL.</strong></span> <span class='ocrx_word' id='word_1_484' title='bbox 2351 345 2534 403; x_wconf 73' lang='lat' dir='ltr'><strong>XLVI.</strong></span> 
     </span>
    </p>
   </div>
   <div class='ocr_carea' id='block_1_62' title="bbox 3488 364 3595 420">
    <p class='ocr_par' dir='ltr' id='par_1_62' title="bbox 3488 364 3595 420">
     <span class='ocr_line' id='line_1_62' title="bbox 3488 364 3595 420; baseline 0 -1"><span class='ocrx_word' id='word_1_485' title='bbox 3488 364 3595 420; x_wconf 61' lang='lat'><strong>4&#39;26</strong></span> 
     </span>
    </p>
   </div>
   <div class='ocr_carea' id='block_1_63' title="bbox 2020 458 3591 551">
    <p class='ocr_par' dir='ltr' id='par_1_63' title="bbox 2020 458 3591 551">
     <span class='ocr_line' id='line_1_63' title="bbox 2020 458 3591 551; baseline 0.018 -38"><span class='ocrx_word' id='word_1_486' title='bbox 2020 458 2427 532; x_wconf 87' lang='lat' dir='ltr'><strong>trepidationem</strong></span> <span class='ocrx_word' id='word_1_487' title='bbox 2465 480 2651 522; x_wconf 88' lang='lat' dir='ltr'><strong>eorum</strong></span> <span class='ocrx_word' id='word_1_488' title='bbox 2688 468 2780 538; x_wconf 87' lang='lat' dir='ltr'><strong>qui</strong></span> <span class='ocrx_word' id='word_1_489' title='bbox 2822 485 2943 526; x_wconf 90' lang='lat' dir='ltr'><strong>cum</strong></span> <span class='ocrx_word' id='word_1_490' title='bbox 2972 462 3099 529; x_wconf 81' lang='lat' dir='ltr'><strong>Sat&#39;tl</strong></span> <span class='ocrx_word' id='word_1_491' title='bbox 3140 487 3324 547; x_wconf 91' lang='lat' dir='ltr'><strong>erant,</strong></span> <span class='ocrx_word' id='word_1_492' title='bbox 3376 480 3591 551; x_wconf 87' lang='lat' dir='ltr'><strong>inquit:</strong></span> 
     </span>
    </p>
   </div>
   <div class='ocr_carea' id='block_1_64' title="bbox 2016 551 3595 632">
    <p class='ocr_par' dir='ltr' id='par_1_64' title="bbox 2016 551 3595 632">
     <span class='ocr_line' id='line_1_64' title="bbox 2016 551 3595 632; baseline 0.015 -28"><span class='ocrx_word' id='word_1_493' title='bbox 2016 551 2153 618; x_wconf 86' lang='lat' dir='ltr'><strong>Quid</strong></span> <span class='ocrx_word' id='word_1_494' title='bbox 2178 555 2281 609; x_wconf 93' lang='lat' dir='ltr'><strong>erit</strong></span> <span class='ocrx_word' id='word_1_495' title='bbox 2311 556 2425 611; x_wconf 89' lang='lat' dir='ltr'><strong>viro</strong></span> <span class='ocrx_word' id='word_1_496' title='bbox 2447 598 2463 623; x_wconf 93' lang='lat'><strong>,</strong></span> <span class='ocrx_word' id='word_1_497' title='bbox 2509 560 2599 629; x_wconf 93' lang='lat' dir='ltr'><strong>qui</strong></span> <span class='ocrx_word' id='word_1_498' title='bbox 2646 561 2788 616; x_wconf 91' lang='lat' dir='ltr'><strong>illius</strong></span> <span class='ocrx_word' id='word_1_499' title='bbox 2825 577 2981 632; x_wconf 84' lang='lat' dir='ltr'><strong>caput</strong></span> <span class='ocrx_word' id='word_1_500' title='bbox 3009 570 3342 624; x_wconf 83' lang='lat' dir='ltr'><strong>exsecuerit?</strong></span> <span class='ocrx_word' id='word_1_501' title='bbox 3392 573 3456 626; x_wconf 86' lang='lat' dir='ltr'><strong>Et</strong></span> <span class='ocrx_word' id='word_1_502' title='bbox 3484 590 3595 628; x_wconf 82' lang='lat' dir='ltr'><strong>ma-</strong></span> 
     </span>
    </p>
   </div>
   <div class='ocr_carea' id='block_1_65' title="bbox 2015 647 3595 726">
    <p class='ocr_par' dir='ltr' id='par_1_65' title="bbox 2015 647 3595 726">
     <span class='ocr_line' id='line_1_65' title="bbox 2015 647 3595 726; baseline 0.016 -32"><span class='ocrx_word' id='word_1_503' title='bbox 2015 657 2176 713; x_wconf 90' lang='lat' dir='ltr'><strong>gnum</strong></span> <span class='ocrx_word' id='word_1_504' title='bbox 2203 647 2365 701; x_wconf 87' lang='lat' dir='ltr'><strong>animi</strong></span> <span class='ocrx_word' id='word_1_505' title='bbox 2394 648 2557 703; x_wconf 92' lang='lat' dir='ltr'><strong>robur</strong></span> <span class='ocrx_word' id='word_1_506' title='bbox 2599 650 2681 705; x_wconf 89' lang='lat' dir='ltr'><strong>his</strong></span> <span class='ocrx_word' id='word_1_507' title='bbox 2718 653 2895 709; x_wconf 88' lang='lat' dir='ltr'><strong>verbis</strong></span> <span class='ocrx_word' id='word_1_508' title='bbox 2931 657 3285 726; x_wconf 51' lang='lat' dir='ltr'><strong>ostendi-bat,</strong></span> <span class='ocrx_word' id='word_1_509' title='bbox 3328 677 3518 718; x_wconf 90' lang='lat' dir='ltr'><strong>omnes</strong></span> <span class='ocrx_word' id='word_1_510' title='bbox 3542 665 3595 719; x_wconf 88' lang='lat' dir='ltr'><strong>iu</strong></span> 
     </span>
    </p>
   </div>
   <div class='ocr_carea' id='block_1_66' title="bbox 2014 736 3597 821">
    <p class='ocr_par' dir='ltr' id='par_1_66' title="bbox 2014 736 3597 821">
     <span class='ocr_line' id='line_1_66' title="bbox 2014 736 3597 821; baseline 0.015 -33"><span class='ocrx_word' id='word_1_511' title='bbox 2014 736 2416 821; x_wconf 87' lang='lat' dir='ltr'><strong>admirationem</strong></span> <span class='ocrx_word' id='word_1_512' title='bbox 2444 741 2733 797; x_wconf 90' lang='lat' dir='ltr'><strong>adducens.</strong></span> <span class='ocrx_word' id='word_1_513' title='bbox 2778 744 2904 802; x_wconf 74' lang='lat' dir='ltr'><strong>Haec</strong></span> <span class='ocrx_word' id='word_1_514' title='bbox 2932 756 2985 800; x_wconf 93' lang='lat' dir='ltr'><strong>ut</strong></span> <span class='ocrx_word' id='word_1_515' title='bbox 3016 751 3266 818; x_wconf 77' lang='lat' dir='ltr'><strong>cognovit</strong></span> <span class='ocrx_word' id='word_1_516' title='bbox 3295 751 3443 821; x_wconf 77' lang='lat' dir='ltr'><strong>Saﬁl,</strong></span> <span class='ocrx_word' id='word_1_517' title='bbox 3474 756 3597 811; x_wconf 82' lang='lat' dir='ltr'><strong>mit-</strong></span> 
     </span>
    </p>
   </div>
   <div class='ocr_carea' id='block_1_67' title="bbox 2018 816 3597 904">
    <p class='ocr_par' dir='ltr' id='par_1_67' title="bbox 2018 816 3597 904">
     <span class='ocr_line' id='line_1_67' title="bbox 2018 816 3597 904; baseline 0.015 -26"><span class='ocrx_word' id='word_1_518' title='bbox 2018 824 2077 878; x_wconf 85' lang='lat' dir='ltr'><strong>tit</strong></span> <span class='ocrx_word' id='word_1_519' title='bbox 2099 816 2167 880; x_wconf 80' lang='lat' dir='ltr'><strong>ad</strong></span> <span class='ocrx_word' id='word_1_520' title='bbox 2192 827 2443 896; x_wconf 90' lang='lat' dir='ltr'><strong>juvenem</strong></span> <span class='ocrx_word' id='word_1_521' title='bbox 2467 870 2481 895; x_wconf 95' lang='lat'><strong>,</strong></span> <span class='ocrx_word' id='word_1_522' title='bbox 2512 832 2603 901; x_wconf 92' lang='lat' dir='ltr'><strong>qui</strong></span> <span class='ocrx_word' id='word_1_523' title='bbox 2631 843 2825 901; x_wconf 72' lang='lat' dir='ltr'><strong>prteter</strong></span> <span class='ocrx_word' id='word_1_524' title='bbox 2845 816 3171 904; x_wconf 70' lang='lat' dir='ltr'><strong>pastoritiant</strong></span> <span class='ocrx_word' id='word_1_525' title='bbox 3199 849 3366 896; x_wconf 86' lang='lat' dir='ltr'><strong>artem</strong></span> <span class='ocrx_word' id='word_1_526' title='bbox 3393 816 3597 902; x_wconf 81' lang='lat' dir='ltr'><strong>sciebat</strong></span> 
     </span>
    </p>
   </div>
   <div class='ocr_carea' id='block_1_68' title="bbox 2016 916 3596 996">
    <p class='ocr_par' dir='ltr' id='par_1_68' title="bbox 2016 916 3596 996">
     <span class='ocr_line' id='line_1_68' title="bbox 2016 916 3596 996; baseline 0.015 -28"><span class='ocrx_word' id='word_1_527' title='bbox 2016 916 2147 969; x_wconf 91' lang='lat' dir='ltr'><strong>nihil</strong></span> <span class='ocrx_word' id='word_1_528' title='bbox 2181 934 2194 970; x_wconf 91' lang='lat'><strong>:</strong></span> <span class='ocrx_word' id='word_1_529' title='bbox 2218 927 2271 971; x_wconf 91' lang='lat' dir='ltr'><strong>et</strong></span> <span class='ocrx_word' id='word_1_530' title='bbox 2296 930 2353 972; x_wconf 92' lang='lat' dir='ltr'><strong>ut</strong></span> <span class='ocrx_word' id='word_1_531' title='bbox 2373 919 2501 973; x_wconf 86' lang='lat' dir='ltr'><strong>vidit</strong></span> <span class='ocrx_word' id='word_1_532' title='bbox 2524 923 2641 988; x_wconf 89' lang='lat' dir='ltr'><strong>ejus</strong></span> <span class='ocrx_word' id='word_1_533' title='bbox 2665 931 2896 991; x_wconf 65' lang='lat' dir='ltr'><strong>aetatem,</strong></span> <span class='ocrx_word' id='word_1_534' title='bbox 2926 928 3199 996; x_wconf 91' lang='lat' dir='ltr'><strong>vilipendit</strong></span> <span class='ocrx_word' id='word_1_535' title='bbox 3227 946 3366 985; x_wconf 91' lang='lat' dir='ltr'><strong>eum.</strong></span> <span class='ocrx_word' id='word_1_536' title='bbox 3393 934 3596 991; x_wconf 88' lang='lat' dir='ltr'><strong>Deinde</strong></span> 
     </span>
    </p>
   </div>
   <div class='ocr_carea' id='block_1_69' title="bbox 2014 1008 3593 1095">
    <p class='ocr_par' dir='ltr' id='par_1_69' title="bbox 2014 1008 3593 1095">
     <span class='ocr_line' id='line_1_69' title="bbox 2014 1008 3593 1095; baseline 0.013 -36"><span class='ocrx_word' id='word_1_537' title='bbox 2014 1019 2134 1059; x_wconf 90' lang='lat' dir='ltr'><strong>cum</strong></span> <span class='ocrx_word' id='word_1_538' title='bbox 2161 1008 2430 1065; x_wconf 88' lang='lat' dir='ltr'><strong>didicisset</strong></span> <span class='ocrx_word' id='word_1_539' title='bbox 2449 1026 2518 1065; x_wconf 85' lang='lat' dir='ltr'><strong>ex</strong></span> <span class='ocrx_word' id='word_1_540' title='bbox 2543 1026 2609 1067; x_wconf 91' lang='lat' dir='ltr'><strong>eo</strong></span> <span class='ocrx_word' id='word_1_541' title='bbox 2628 1051 2644 1078; x_wconf 92' lang='lat'><strong>,</strong></span> <span class='ocrx_word' id='word_1_542' title='bbox 2675 1014 2941 1082; x_wconf 91' lang='lat' dir='ltr'><strong>quomodo</strong></span> <span class='ocrx_word' id='word_1_543' title='bbox 2970 1032 3089 1071; x_wconf 89' lang='lat' dir='ltr'><strong>eum</strong></span> <span class='ocrx_word' id='word_1_544' title='bbox 3116 1022 3257 1077; x_wconf 81' lang='lat' dir='ltr'><strong>ursis</strong></span> <span class='ocrx_word' id='word_1_545' title='bbox 3283 1024 3481 1094; x_wconf 85' lang='lat' dir='ltr'><strong>egisset</strong></span> <span class='ocrx_word' id='word_1_546' title='bbox 3506 1029 3593 1095; x_wconf 90' lang='lat' dir='ltr'><strong>qui</strong></span> 
     </span>
    </p>
   </div>
   <div class='ocr_carea' id='block_1_70' title="bbox 2013 1101 3593 1171">
    <p class='ocr_par' dir='ltr' id='par_1_70' title="bbox 2013 1101 3593 1171">
     <span class='ocr_line' id='line_1_70' title="bbox 2013 1101 3593 1171; baseline 0.015 -23"><span class='ocrx_word' id='word_1_547' title='bbox 2013 1111 2203 1167; x_wconf 86' lang='lat' dir='ltr'><strong>greges</strong></span> <span class='ocrx_word' id='word_1_548' title='bbox 2229 1115 2355 1156; x_wconf 88' lang='lat' dir='ltr'><strong>suos</strong></span> <span class='ocrx_word' id='word_1_549' title='bbox 2381 1101 2720 1158; x_wconf 89' lang='lat' dir='ltr'><strong>invaserant:</strong></span> <span class='ocrx_word' id='word_1_550' title='bbox 2747 1117 2963 1163; x_wconf 86' lang='lat' dir='ltr'><strong>coaetus</strong></span> <span class='ocrx_word' id='word_1_551' title='bbox 2983 1111 3123 1165; x_wconf 88' lang='lat' dir='ltr'><strong>cnim</strong></span> <span class='ocrx_word' id='word_1_552' title='bbox 3152 1113 3247 1166; x_wconf 91' lang='lat' dir='ltr'><strong>fuit</strong></span> <span class='ocrx_word' id='word_1_553' title='bbox 3266 1116 3593 1171; x_wconf 82' lang='lat' dir='ltr'><strong>admirabilis</strong></span> 
     </span>
    </p>
   </div>
   <div class='ocr_carea' id='block_1_71' title="bbox 2016 1189 3595 1272">
    <p class='ocr_par' dir='ltr' id='par_1_71' title="bbox 2016 1189 3595 1272">
     <span class='ocr_line' id='line_1_71' title="bbox 2016 1189 3595 1272; baseline 0.011 -30"><span class='ocrx_word' id='word_1_554' title='bbox 2016 1189 2105 1244; x_wconf 90' lang='lat' dir='ltr'><strong>ille</strong></span> <span class='ocrx_word' id='word_1_555' title='bbox 2136 1190 2220 1243; x_wconf 87' lang='lat' dir='ltr'><strong>vir</strong></span> <span class='ocrx_word' id='word_1_556' title='bbox 2250 1190 2365 1245; x_wconf 63' lang='lat' dir='ltr'><strong>haec</strong></span> <span class='ocrx_word' id='word_1_557' title='bbox 2391 1207 2640 1261; x_wconf 90' lang='lat' dir='ltr'><strong>narrare,</strong></span> <span class='ocrx_word' id='word_1_558' title='bbox 2672 1195 2860 1250; x_wconf 89' lang='lat' dir='ltr'><strong>nolens</strong></span> <span class='ocrx_word' id='word_1_559' title='bbox 2881 1196 3004 1253; x_wconf 93' lang='lat' dir='ltr'><strong>hinc</strong></span> <span class='ocrx_word' id='word_1_560' title='bbox 3033 1215 3220 1254; x_wconf 89' lang='lat' dir='ltr'><strong>vanam</strong></span> <span class='ocrx_word' id='word_1_561' title='bbox 3249 1205 3471 1272; x_wconf 84' lang='lat' dir='ltr'><strong>gloriam</strong></span> <span class='ocrx_word' id='word_1_562' title='bbox 3500 1223 3595 1260; x_wconf 88' lang='lat' dir='ltr'><strong>au-</strong></span> 
     </span>
    </p>
   </div>
   <div class='ocr_carea' id='block_1_72' title="bbox 2015 1280 3592 1353">
    <p class='ocr_par' dir='ltr' id='par_1_72' title="bbox 2015 1280 3592 1353">
     <span class='ocr_line' id='line_1_72' title="bbox 2015 1280 3592 1353; baseline 0.012 -21"><span class='ocrx_word' id='word_1_563' title='bbox 2015 1280 2199 1348; x_wconf 89' lang='lat' dir='ltr'><strong>cupari</strong></span> <span class='ocrx_word' id='word_1_564' title='bbox 2224 1318 2240 1345; x_wconf 92' lang='lat'><strong>,</strong></span> <span class='ocrx_word' id='word_1_565' title='bbox 2278 1281 2371 1335; x_wconf 89' lang='lat' dir='ltr'><strong>sed</strong></span> <span class='ocrx_word' id='word_1_566' title='bbox 2411 1284 2463 1336; x_wconf 91' lang='lat' dir='ltr'><strong>in</strong></span> <span class='ocrx_word' id='word_1_567' title='bbox 2500 1285 2817 1340; x_wconf 87' lang='lat' dir='ltr'><strong>necessitate</strong></span> <span class='ocrx_word' id='word_1_568' title='bbox 2840 1290 3177 1353; x_wconf 87' lang='lat' dir='ltr'><strong>constitutus,</strong></span> <span class='ocrx_word' id='word_1_569' title='bbox 3207 1302 3261 1346; x_wconf 94' lang='lat' dir='ltr'><strong>et</strong></span> <span class='ocrx_word' id='word_1_570' title='bbox 3285 1303 3340 1346; x_wconf 83' lang='grc' dir='ltr'><strong>ιιι</strong></span> <span class='ocrx_word' id='word_1_571' title='bbox 3370 1295 3442 1348; x_wconf 91' lang='lat' dir='ltr'><strong>illi</strong></span> <span class='ocrx_word' id='word_1_572' title='bbox 3474 1298 3592 1351; x_wconf 88' lang='lat' dir='ltr'><strong>ani-</strong></span> 
     </span>
    </p>
   </div>
   <div class='ocr_carea' id='block_1_73' title="bbox 2015 1369 3594 1454">
    <p class='ocr_par' dir='ltr' id='par_1_73' title="bbox 2015 1369 3594 1454">
     <span class='ocr_line' id='line_1_73' title="bbox 2015 1369 3594 1454; baseline 0.014 -35"><span class='ocrx_word' id='word_1_573' title='bbox 2015 1383 2160 1421; x_wconf 90' lang='lat' dir='ltr'><strong>mum</strong></span> <span class='ocrx_word' id='word_1_574' title='bbox 2187 1369 2428 1437; x_wconf 80' lang='lat' dir='ltr'><strong>adderet,</strong></span> <span class='ocrx_word' id='word_1_575' title='bbox 2460 1380 2513 1426; x_wconf 92' lang='lat' dir='ltr'><strong>et</strong></span> <span class='ocrx_word' id='word_1_576' title='bbox 2540 1388 2608 1427; x_wconf 91' lang='lat' dir='ltr'><strong>ne</strong></span> <span class='ocrx_word' id='word_1_577' title='bbox 2634 1384 2898 1444; x_wconf 85' lang='lat' dir='ltr'><strong>spectaret</strong></span> <span class='ocrx_word' id='word_1_578' title='bbox 2922 1377 2988 1431; x_wconf 90' lang='lat' dir='ltr'><strong>ad</strong></span> <span class='ocrx_word' id='word_1_579' title='bbox 3010 1378 3267 1435; x_wconf 88' lang='lat' dir='ltr'><strong>vilitatem</strong></span> <span class='ocrx_word' id='word_1_580' title='bbox 3294 1382 3408 1453; x_wconf 89' lang='lat' dir='ltr'><strong>ejus</strong></span> <span class='ocrx_word' id='word_1_581' title='bbox 3435 1401 3594 1454; x_wconf 87' lang='lat' dir='ltr'><strong>quem</strong></span> 
     </span>
    </p>
   </div>
   <div class='ocr_carea' id='block_1_74' title="bbox 2013 1458 3591 1545">
    <p class='ocr_par' dir='ltr' id='par_1_74' title="bbox 2013 1458 3591 1545">
     <span class='ocr_line' id='line_1_74' title="bbox 2013 1458 3591 1545; baseline 0.011 -32"><span class='ocrx_word' id='word_1_582' title='bbox 2013 1458 2245 1524; x_wconf 87' lang='lat' dir='ltr'><strong>videbat.</strong></span> <span class='ocrx_word' id='word_1_583' title='bbox 2278 1462 2371 1516; x_wconf 90' lang='lat' dir='ltr'><strong>sed</strong></span> <span class='ocrx_word' id='word_1_584' title='bbox 2392 1462 2457 1517; x_wconf 92' lang='lat' dir='ltr'><strong>ad</strong></span> <span class='ocrx_word' id='word_1_585' title='bbox 2488 1463 2645 1519; x_wconf 82' lang='lat' dir='ltr'><strong>fidem</strong></span> <span class='ocrx_word' id='word_1_586' title='bbox 2668 1482 2786 1535; x_wconf 68' lang='lat' dir='ltr'><strong>qua:</strong></span> <span class='ocrx_word' id='word_1_587' title='bbox 2811 1468 3130 1524; x_wconf 90' lang='lat' dir='ltr'><strong>intrinsecus</strong></span> <span class='ocrx_word' id='word_1_588' title='bbox 3155 1471 3371 1537; x_wconf 90' lang='lat' dir='ltr'><strong>latebat,</strong></span> <span class='ocrx_word' id='word_1_589' title='bbox 3401 1490 3591 1545; x_wconf 89' lang='lat' dir='ltr'><strong>super-</strong></span> 
     </span>
    </p>
   </div>
   <div class='ocr_carea' id='block_1_75' title="bbox 2013 1553 3594 1624">
    <p class='ocr_par' dir='ltr' id='par_1_75' title="bbox 2013 1553 3594 1624">
     <span class='ocr_line' id='line_1_75' title="bbox 2013 1553 3594 1624; baseline 0.011 -21"><span class='ocrx_word' id='word_1_590' title='bbox 2013 1566 2246 1620; x_wconf 89' lang='lat' dir='ltr'><strong>numque</strong></span> <span class='ocrx_word' id='word_1_591' title='bbox 2271 1553 2524 1608; x_wconf 82' lang='lat' dir='ltr'><strong>auxilium</strong></span> <span class='ocrx_word' id='word_1_592' title='bbox 2550 1570 2657 1624; x_wconf 87' lang='lat' dir='ltr'><strong>quo</strong></span> <span class='ocrx_word' id='word_1_593' title='bbox 2682 1555 2991 1612; x_wconf 89' lang='lat' dir='ltr'><strong>adolescens</strong></span> <span class='ocrx_word' id='word_1_594' title='bbox 3023 1559 3239 1615; x_wconf 89' lang='lat' dir='ltr'><strong>inermis</strong></span> <span class='ocrx_word' id='word_1_595' title='bbox 3266 1563 3391 1617; x_wconf 90' lang='lat' dir='ltr'><strong>viris</strong></span> <span class='ocrx_word' id='word_1_596' title='bbox 3416 1580 3594 1620; x_wconf 86' lang='lat' dir='ltr'><strong>arma-</strong></span> 
     </span>
    </p>
   </div>
   <div class='ocr_carea' id='block_1_76' title="bbox 2015 1640 3590 1721">
    <p class='ocr_par' dir='ltr' id='par_1_76' title="bbox 2015 1640 3590 1721">
     <span class='ocr_line' id='line_1_76' title="bbox 2015 1640 3590 1721; baseline 0.011 -27"><span class='ocrx_word' id='word_1_597' title='bbox 2015 1640 2082 1695; x_wconf 89' lang='lat' dir='ltr'><strong>tis</strong></span> <span class='ocrx_word' id='word_1_598' title='bbox 2107 1652 2161 1697; x_wconf 89' lang='lat' dir='ltr'><strong>et</strong></span> <span class='ocrx_word' id='word_1_599' title='bbox 2189 1653 2371 1712; x_wconf 90' lang='lat' dir='ltr'><strong>pastor</strong></span> <span class='ocrx_word' id='word_1_600' title='bbox 2396 1646 2653 1701; x_wconf 89' lang='lat' dir='ltr'><strong>militibus</strong></span> <span class='ocrx_word' id='word_1_601' title='bbox 2675 1648 2861 1702; x_wconf 77' lang='lat' dir='ltr'><strong>fortior</strong></span> <span class='ocrx_word' id='word_1_602' title='bbox 2885 1659 3001 1704; x_wconf 86' lang='lat' dir='ltr'><strong>erat</strong></span> <span class='ocrx_word' id='word_1_603' title='bbox 3029 1668 3043 1704; x_wconf 91' lang='lat'><strong>:</strong></span> <span class='ocrx_word' id='word_1_604' title='bbox 3071 1667 3198 1721; x_wconf 89' lang='lat' dir='ltr'><strong>ergo</strong></span> <span class='ocrx_word' id='word_1_605' title='bbox 3224 1654 3311 1708; x_wconf 92' lang='lat' dir='ltr'><strong>ubi</strong></span> <span class='ocrx_word' id='word_1_606' title='bbox 3341 1671 3433 1711; x_wconf 87' lang='lat' dir='ltr'><strong>rex</strong></span> <span class='ocrx_word' id='word_1_607' title='bbox 3459 1657 3590 1711; x_wconf 88' lang='lat' dir='ltr'><strong>vidit</strong></span> 
     </span>
    </p>
   </div>
   <div class='ocr_carea' id='block_1_77' title="bbox 2010 1733 3592 1803">
    <p class='ocr_par' dir='ltr' id='par_1_77' title="bbox 2010 1733 3592 1803">
     <span class='ocr_line' id='line_1_77' title="bbox 2010 1733 3592 1803; baseline 0.011 -18"><span class='ocrx_word' id='word_1_608' title='bbox 2010 1733 2173 1786; x_wconf 89' lang='lat' dir='ltr'><strong>animi</strong></span> <span class='ocrx_word' id='word_1_609' title='bbox 2216 1733 2331 1803; x_wconf 86' lang='lat' dir='ltr'><strong>ejus</strong></span> <span class='ocrx_word' id='word_1_610' title='bbox 2374 1734 2650 1802; x_wconf 80' lang='lat' dir='ltr'><strong>ﬁduciam,</strong></span> <span class='ocrx_word' id='word_1_611' title='bbox 2691 1739 2800 1792; x_wconf 89' lang='lat' dir='ltr'><strong>suis</strong></span> <span class='ocrx_word' id='word_1_612' title='bbox 2827 1739 2975 1794; x_wconf 91' lang='lat' dir='ltr'><strong>illum</strong></span> <span class='ocrx_word' id='word_1_613' title='bbox 3005 1742 3169 1797; x_wconf 90' lang='lat' dir='ltr'><strong>armis</strong></span> <span class='ocrx_word' id='word_1_614' title='bbox 3199 1743 3418 1801; x_wconf 90' lang='lat' dir='ltr'><strong>induere</strong></span> <span class='ocrx_word' id='word_1_615' title='bbox 3444 1747 3592 1802; x_wconf 87' lang='lat' dir='ltr'><strong>vole-</strong></span> 
     </span>
    </p>
   </div>
   <div class='ocr_carea' id='block_1_78' title="bbox 2012 1822 3592 1903">
    <p class='ocr_par' dir='ltr' id='par_1_78' title="bbox 2012 1822 3592 1903">
     <span class='ocr_line' id='line_1_78' title="bbox 2012 1822 3592 1903; baseline 0.013 -27"><span class='ocrx_word' id='word_1_616' title='bbox 2012 1822 2139 1889; x_wconf 89' lang='lat' dir='ltr'><strong>bat;</strong></span> <span class='ocrx_word' id='word_1_617' title='bbox 2181 1824 2395 1881; x_wconf 89' lang='lat' dir='ltr'><strong>indutus</strong></span> <span class='ocrx_word' id='word_1_618' title='bbox 2418 1838 2597 1883; x_wconf 90' lang='lat' dir='ltr'><strong>autem</strong></span> <span class='ocrx_word' id='word_1_619' title='bbox 2628 1844 2690 1882; x_wconf 91' lang='lat' dir='ltr'><strong>ea</strong></span> <span class='ocrx_word' id='word_1_620' title='bbox 2722 1829 2860 1886; x_wconf 90' lang='lat' dir='ltr'><strong>ferre</strong></span> <span class='ocrx_word' id='word_1_621' title='bbox 2887 1847 2994 1886; x_wconf 90' lang='lat' dir='ltr'><strong>non</strong></span> <span class='ocrx_word' id='word_1_622' title='bbox 3025 1835 3211 1903; x_wconf 91' lang='lat' dir='ltr'><strong>potuit.</strong></span> <span class='ocrx_word' id='word_1_623' title='bbox 3261 1836 3371 1892; x_wconf 89' lang='lat' dir='ltr'><strong>Hoc</strong></span> <span class='ocrx_word' id='word_1_624' title='bbox 3413 1849 3592 1896; x_wconf 81' lang='lat' dir='ltr'><strong>auten.</strong></span> 
     </span>
    </p>
   </div>
   <div class='ocr_carea' id='block_1_79' title="bbox 2012 1913 3591 1998">
    <p class='ocr_par' dir='ltr' id='par_1_79' title="bbox 2012 1913 3591 1998">
     <span class='ocr_line' id='line_1_79' title="bbox 2012 1913 3591 1998; baseline 0.011 -31"><span class='ocrx_word' id='word_1_625' title='bbox 2012 1913 2207 1970; x_wconf 85' lang='lat' dir='ltr'><strong>factum</strong></span> <span class='ocrx_word' id='word_1_626' title='bbox 2249 1926 2369 1985; x_wconf 92' lang='lat' dir='ltr'><strong>est,</strong></span> <span class='ocrx_word' id='word_1_627' title='bbox 2402 1929 2459 1973; x_wconf 92' lang='lat' dir='ltr'><strong>ut</strong></span> <span class='ocrx_word' id='word_1_628' title='bbox 2487 1919 2653 1974; x_wconf 88' lang='lat' dir='ltr'><strong>virtus</strong></span> <span class='ocrx_word' id='word_1_629' title='bbox 2680 1920 2796 1986; x_wconf 89' lang='lat' dir='ltr'><strong>Dei,</strong></span> <span class='ocrx_word' id='word_1_630' title='bbox 2824 1937 2941 1991; x_wconf 65' lang='lat' dir='ltr'><strong>qua:</strong></span> <span class='ocrx_word' id='word_1_631' title='bbox 2978 1939 3074 1993; x_wconf 90' lang='lat' dir='ltr'><strong>per</strong></span> <span class='ocrx_word' id='word_1_632' title='bbox 3101 1940 3221 1979; x_wconf 90' lang='lat' dir='ltr'><strong>eum</strong></span> <span class='ocrx_word' id='word_1_633' title='bbox 3251 1929 3591 1998; x_wconf 90' lang='lat' dir='ltr'><strong>operabatur,</strong></span> 
     </span>
    </p>
   </div>
   <div class='ocr_carea' id='block_1_80' title="bbox 2011 2008 3594 2087">
    <p class='ocr_par' dir='ltr' id='par_1_80' title="bbox 2011 2008 3594 2087">
     <span class='ocr_line' id='line_1_80' title="bbox 2011 2008 3594 2087; baseline 0.009 -26"><span class='ocrx_word' id='word_1_634' title='bbox 2011 2008 2289 2064; x_wconf 89' lang='lat' dir='ltr'><strong>manifesta</strong></span> <span class='ocrx_word' id='word_1_635' title='bbox 2334 2020 2758 2078; x_wconf 89' lang='lat' dir='ltr'><strong>monstraretur,</strong></span> <span class='ocrx_word' id='word_1_636' title='bbox 2808 2021 2863 2067; x_wconf 90' lang='lat' dir='ltr'><strong>et</strong></span> <span class='ocrx_word' id='word_1_637' title='bbox 2906 2029 3011 2069; x_wconf 89' lang='lat' dir='ltr'><strong>non</strong></span> <span class='ocrx_word' id='word_1_638' title='bbox 3054 2017 3218 2070; x_wconf 89' lang='lat' dir='ltr'><strong>armis</strong></span> <span class='ocrx_word' id='word_1_639' title='bbox 3241 2032 3358 2087; x_wconf 70' lang='lat' dir='ltr'><strong>qum</strong></span> <span class='ocrx_word' id='word_1_640' title='bbox 3398 2019 3594 2075; x_wconf 84' lang='lat' dir='ltr'><strong>fiebant</strong></span> 
     </span>
    </p>
   </div>
   <div class='ocr_carea' id='block_1_81' title="bbox 2011 2097 3595 2179">
    <p class='ocr_par' dir='ltr' id='par_1_81' title="bbox 2011 2097 3595 2179">
     <span class='ocr_line' id='line_1_81' title="bbox 2011 2097 3595 2179; baseline 0.01 -30"><span class='ocrx_word' id='word_1_641' title='bbox 2011 2097 2458 2155; x_wconf 88' lang='lat' dir='ltr'><strong>adscriberentur.</strong></span> <span class='ocrx_word' id='word_1_642' title='bbox 2509 2100 2643 2155; x_wconf 83' lang='lat' dir='ltr'><strong>Nam</strong></span> <span class='ocrx_word' id='word_1_643' title='bbox 2670 2104 2921 2172; x_wconf 89' lang='lat' dir='ltr'><strong>quoniam</strong></span> <span class='ocrx_word' id='word_1_644' title='bbox 2969 2105 3182 2160; x_wconf 91' lang='lat' dir='ltr'><strong>indutus</strong></span> <span class='ocrx_word' id='word_1_645' title='bbox 3209 2108 3313 2162; x_wconf 89' lang='lat' dir='ltr'><strong>illis</strong></span> <span class='ocrx_word' id='word_1_646' title='bbox 3333 2111 3595 2179; x_wconf 82' lang='lat' dir='ltr'><strong>gravaba-</strong></span> 
     </span>
    </p>
   </div>
   <div class='ocr_carea' id='block_1_82' title="bbox 2014 2190 3593 2266">
    <p class='ocr_par' dir='ltr' id='par_1_82' title="bbox 2014 2190 3593 2266">
     <span class='ocr_line' id='line_1_82' title="bbox 2014 2190 3593 2266; baseline 0.011 -27"><span class='ocrx_word' id='word_1_647' title='bbox 2014 2196 2121 2252; x_wconf 90' lang='lat' dir='ltr'><strong>tur,</strong></span> <span class='ocrx_word' id='word_1_648' title='bbox 2155 2198 2212 2243; x_wconf 90' lang='lat' dir='ltr'><strong>et</strong></span> <span class='ocrx_word' id='word_1_649' title='bbox 2238 2190 2413 2245; x_wconf 88' lang='lat' dir='ltr'><strong>minus</strong></span> <span class='ocrx_word' id='word_1_650' title='bbox 2450 2192 2728 2261; x_wconf 83' lang='lat' dir='ltr'><strong>expeditus</strong></span> <span class='ocrx_word' id='word_1_651' title='bbox 2763 2202 2910 2260; x_wconf 85' lang='lat' dir='ltr'><strong>erat,</strong></span> <span class='ocrx_word' id='word_1_652' title='bbox 2940 2195 3185 2264; x_wconf 90' lang='lat' dir='ltr'><strong>deposuit</strong></span> <span class='ocrx_word' id='word_1_653' title='bbox 3210 2213 3354 2253; x_wconf 91' lang='lat' dir='ltr'><strong>arma</strong></span> <span class='ocrx_word' id='word_1_654' title='bbox 3375 2241 3391 2266; x_wconf 93' lang='lat'><strong>,</strong></span> <span class='ocrx_word' id='word_1_655' title='bbox 3420 2211 3473 2255; x_wconf 84' lang='lat' dir='ltr'><strong>et</strong></span> <span class='ocrx_word' id='word_1_656' title='bbox 3499 2217 3593 2257; x_wconf 66' lang='lat' dir='ltr'><strong>aco</strong></span> 
     </span>
    </p>
   </div>
   <div class='ocr_carea' id='block_1_83' title="bbox 2011 2284 3588 2354">
    <p class='ocr_par' dir='ltr' id='par_1_83' title="bbox 2011 2284 3588 2354">
     <span class='ocr_line' id='line_1_83' title="bbox 2011 2284 3588 2354; baseline 0.008 -21"><span class='ocrx_word' id='word_1_657' title='bbox 2011 2289 2163 2349; x_wconf 88' lang='lat' dir='ltr'><strong>cepta</strong></span> <span class='ocrx_word' id='word_1_658' title='bbox 2187 2295 2311 2351; x_wconf 89' lang='lat' dir='ltr'><strong>pera</strong></span> <span class='ocrx_word' id='word_1_659' title='bbox 2328 2284 2578 2351; x_wconf 90' lang='lat' dir='ltr'><strong>pastorali</strong></span> <span class='ocrx_word' id='word_1_660' title='bbox 2604 2294 2657 2340; x_wconf 87' lang='lat' dir='ltr'><strong>et</strong></span> <span class='ocrx_word' id='word_1_661' title='bbox 2683 2286 2940 2354; x_wconf 73' lang='lat' dir='ltr'><strong>silicibus,</strong></span> <span class='ocrx_word' id='word_1_662' title='bbox 2964 2297 3146 2342; x_wconf 91' lang='lat' dir='ltr'><strong>contra</strong></span> <span class='ocrx_word' id='word_1_663' title='bbox 3176 2305 3426 2346; x_wconf 90' lang='lat' dir='ltr'><strong>carneam</strong></span> <span class='ocrx_word' id='word_1_664' title='bbox 3448 2292 3588 2346; x_wconf 89' lang='lat' dir='ltr'><strong>illam</strong></span> 
     </span>
    </p>
   </div>
   <div class='ocr_carea' id='block_1_84' title="bbox 2014 2370 3583 2449">
    <p class='ocr_par' dir='ltr' id='par_1_84' title="bbox 2014 2370 3583 2449">
     <span class='ocr_line' id='line_1_84' title="bbox 2014 2370 3583 2449; baseline 0.008 -27"><span class='ocrx_word' id='word_1_665' title='bbox 2014 2370 2201 2425; x_wconf 91' lang='lat' dir='ltr'><strong>turrim</strong></span> <span class='ocrx_word' id='word_1_666' title='bbox 2230 2386 2476 2442; x_wconf 89' lang='lat' dir='ltr'><strong>egressus</strong></span> <span class='ocrx_word' id='word_1_667' title='bbox 2501 2383 2603 2429; x_wconf 87' lang='lat' dir='ltr'><strong>est.</strong></span> <span class='ocrx_word' id='word_1_668' title='bbox 2638 2374 2741 2429; x_wconf 89' lang='lat' dir='ltr'><strong>Sed</strong></span> <span class='ocrx_word' id='word_1_669' title='bbox 2774 2375 2895 2431; x_wconf 90' lang='lat' dir='ltr'><strong>vide</strong></span> <span class='ocrx_word' id='word_1_670' title='bbox 2925 2377 3117 2431; x_wconf 90' lang='lat' dir='ltr'><strong>iterum</strong></span> <span class='ocrx_word' id='word_1_671' title='bbox 3141 2379 3489 2449; x_wconf 88' lang='lat' dir='ltr'><strong>alienigenam</strong></span> <span class='ocrx_word' id='word_1_672' title='bbox 3518 2382 3583 2435; x_wconf 92' lang='lat' dir='ltr'><strong>ad</strong></span> 
     </span>
    </p>
   </div>
   <div class='ocr_carea' id='block_1_85' title="bbox 2011 2460 3591 2537">
    <p class='ocr_par' dir='ltr' id='par_1_85' title="bbox 2011 2460 3591 2537">
     <span class='ocr_line' id='line_1_85' title="bbox 2011 2460 3591 2537; baseline 0.009 -26"><span class='ocrx_word' id='word_1_673' title='bbox 2011 2460 2265 2515; x_wconf 83' lang='lat' dir='ltr'><strong>vilitatem</strong></span> <span class='ocrx_word' id='word_1_674' title='bbox 2295 2463 2468 2518; x_wconf 70' lang='lat' dir='ltr'><strong>aetatis</strong></span> <span class='ocrx_word' id='word_1_675' title='bbox 2491 2474 2818 2533; x_wconf 88' lang='lat' dir='ltr'><strong>spectantem</strong></span> <span class='ocrx_word' id='word_1_676' title='bbox 2844 2507 2858 2531; x_wconf 94' lang='lat'><strong>,</strong></span> <span class='ocrx_word' id='word_1_677' title='bbox 2884 2475 2938 2521; x_wconf 92' lang='lat' dir='ltr'><strong>et</strong></span> <span class='ocrx_word' id='word_1_678' title='bbox 2961 2469 3032 2521; x_wconf 92' lang='lat' dir='ltr'><strong>ob</strong></span> <span class='ocrx_word' id='word_1_679' title='bbox 3057 2466 3158 2522; x_wconf 92' lang='lat' dir='ltr'><strong>hoc</strong></span> <span class='ocrx_word' id='word_1_680' title='bbox 3184 2469 3591 2537; x_wconf 85' lang='lat' dir='ltr'><strong>vilipendentem</strong></span> 
     </span>
    </p>
   </div>
   <div class='ocr_carea' id='block_1_86' title="bbox 2008 2550 3590 2627">
    <p class='ocr_par' dir='ltr' id='par_1_86' title="bbox 2008 2550 3590 2627">
     <span class='ocr_line' id='line_1_86' title="bbox 2008 2550 3590 2627; baseline 0.008 -24"><span class='ocrx_word' id='word_1_681' title='bbox 2008 2551 2211 2620; x_wconf 91' lang='lat' dir='ltr'><strong>justum</strong></span> <span class='ocrx_word' id='word_1_682' title='bbox 2233 2552 2403 2621; x_wconf 89' lang='lat' dir='ltr'><strong>illum,</strong></span> <span class='ocrx_word' id='word_1_683' title='bbox 2431 2562 2485 2609; x_wconf 90' lang='lat' dir='ltr'><strong>et</strong></span> <span class='ocrx_word' id='word_1_684' title='bbox 2509 2556 2660 2626; x_wconf 90' lang='lat' dir='ltr'><strong>quasi</strong></span> <span class='ocrx_word' id='word_1_685' title='bbox 2685 2550 2869 2611; x_wconf 70' lang='lat' dir='ltr'><strong>c&#39;ontra</strong></span> <span class='ocrx_word' id='word_1_686' title='bbox 2887 2572 3106 2627; x_wconf 89' lang='lat' dir='ltr'><strong>puerum</strong></span> <span class='ocrx_word' id='word_1_687' title='bbox 3135 2558 3386 2615; x_wconf 91' lang='lat' dir='ltr'><strong>humilem</strong></span> <span class='ocrx_word' id='word_1_688' title='bbox 3412 2562 3590 2616; x_wconf 86' lang='lat' dir='ltr'><strong>verbis</strong></span> 
     </span>
    </p>
   </div>
   <div class='ocr_carea' id='block_1_87' title="bbox 2013 2644 3593 2719">
    <p class='ocr_par' dir='ltr' id='par_1_87' title="bbox 2013 2644 3593 2719">
     <span class='ocr_line' id='line_1_87' title="bbox 2013 2644 3593 2719; baseline 0.008 -25"><span class='ocrx_word' id='word_1_689' title='bbox 2013 2644 2395 2712; x_wconf 82' lang='lat' dir='ltr'><strong>insurgentem.</strong></span> <span class='ocrx_word' id='word_1_690' title='bbox 2423 2644 2554 2699; x_wconf 83' lang='lat' dir='ltr'><strong>Nam</strong></span> <span class='ocrx_word' id='word_1_691' title='bbox 2585 2656 2860 2717; x_wconf 90' lang='lat' dir='ltr'><strong>postquam</strong></span> <span class='ocrx_word' id='word_1_692' title='bbox 2891 2647 3021 2702; x_wconf 88' lang='lat' dir='ltr'><strong>vidit</strong></span> <span class='ocrx_word' id='word_1_693' title='bbox 3047 2664 3167 2703; x_wconf 91' lang='lat' dir='ltr'><strong>eum</strong></span> <span class='ocrx_word' id='word_1_694' title='bbox 3198 2666 3319 2703; x_wconf 92' lang='lat' dir='ltr'><strong>cum</strong></span> <span class='ocrx_word' id='word_1_695' title='bbox 3342 2653 3593 2719; x_wconf 74' lang='lat' dir='ltr'><strong>pastorali</strong></span> 
     </span>
    </p>
   </div>
   <div class='ocr_carea' id='block_1_88' title="bbox 2015 2738 3593 2810">
    <p class='ocr_par' dir='ltr' id='par_1_88' title="bbox 2015 2738 3593 2810">
     <span class='ocr_line' id='line_1_88' title="bbox 2015 2738 3593 2810; baseline 0.008 -24"><span class='ocrx_word' id='word_1_696' title='bbox 2015 2748 2139 2802; x_wconf 91' lang='lat' dir='ltr'><strong>pera</strong></span> <span class='ocrx_word' id='word_1_697' title='bbox 2169 2743 2354 2789; x_wconf 90' lang='lat' dir='ltr'><strong>contra</strong></span> <span class='ocrx_word' id='word_1_698' title='bbox 2382 2750 2440 2791; x_wconf 91' lang='lat' dir='ltr'><strong>se</strong></span> <span class='ocrx_word' id='word_1_699' title='bbox 2464 2738 2875 2794; x_wconf 87' lang='lat' dir='ltr'><strong>contendentem</strong></span> <span class='ocrx_word' id='word_1_700' title='bbox 2899 2779 2917 2805; x_wconf 93' lang='lat'><strong>,</strong></span> <span class='ocrx_word' id='word_1_701' title='bbox 2962 2751 3017 2796; x_wconf 92' lang='lat' dir='ltr'><strong>et</strong></span> <span class='ocrx_word' id='word_1_702' title='bbox 3042 2740 3244 2810; x_wconf 89' lang='lat' dir='ltr'><strong>lapides</strong></span> <span class='ocrx_word' id='word_1_703' title='bbox 3270 2741 3435 2798; x_wconf 90' lang='lat' dir='ltr'><strong>solem</strong></span> <span class='ocrx_word' id='word_1_704' title='bbox 3460 2743 3593 2798; x_wconf 83' lang='lat' dir='ltr'><strong>affe-</strong></span> 
     </span>
    </p>
   </div>
   <div class='ocr_carea' id='block_1_89' title="bbox 2016 2825 3590 2901">
    <p class='ocr_par' dir='ltr' id='par_1_89' title="bbox 2016 2825 3590 2901">
     <span class='ocr_line' id='line_1_89' title="bbox 2016 2825 3590 2901; baseline 0.008 -24"><span class='ocrx_word' id='word_1_705' title='bbox 2016 2833 2245 2889; x_wconf 91' lang='lat' dir='ltr'><strong>rentem,</strong></span> <span class='ocrx_word' id='word_1_706' title='bbox 2276 2825 2329 2880; x_wconf 92' lang='lat' dir='ltr'><strong>in</strong></span> <span class='ocrx_word' id='word_1_707' title='bbox 2365 2826 2507 2883; x_wconf 92' lang='lat' dir='ltr'><strong>hunc</strong></span> <span class='ocrx_word' id='word_1_708' title='bbox 2532 2828 2700 2883; x_wconf 86' lang='lat' dir='ltr'><strong>ferme</strong></span> <span class='ocrx_word' id='word_1_709' title='bbox 2740 2830 2956 2885; x_wconf 91' lang='lat' dir='ltr'><strong>modum</strong></span> <span class='ocrx_word' id='word_1_710' title='bbox 2987 2846 3107 2885; x_wconf 89' lang='lat' dir='ltr'><strong>eum</strong></span> <span class='ocrx_word' id='word_1_711' title='bbox 3136 2832 3440 2901; x_wconf 88' lang='lat' dir='ltr'><strong>alloquutus</strong></span> <span class='ocrx_word' id='word_1_712' title='bbox 3464 2846 3543 2889; x_wconf 90' lang='lat' dir='ltr'><strong>est</strong></span> <span class='ocrx_word' id='word_1_713' title='bbox 3576 2852 3590 2889; x_wconf 89' lang='lat'><strong>:</strong></span> 
     </span>
    </p>
   </div>
   <div class='ocr_carea' id='block_1_90' title="bbox 2014 2913 3594 2994">
    <p class='ocr_par' dir='ltr' id='par_1_90' title="bbox 2014 2913 3594 2994">
     <span class='ocr_line' id='line_1_90' title="bbox 2014 2913 3594 2994; baseline 0.008 -27"><span class='ocrx_word' id='word_1_714' title='bbox 2014 2913 2214 2969; x_wconf 91' lang='lat' dir='ltr'><strong>Putasti</strong></span> <span class='ocrx_word' id='word_1_715' title='bbox 2243 2924 2295 2971; x_wconf 90' lang='lat' dir='ltr'><strong>te</strong></span> <span class='ocrx_word' id='word_1_716' title='bbox 2334 2916 2509 2972; x_wconf 92' lang='lat' dir='ltr'><strong>adhuc</strong></span> <span class='ocrx_word' id='word_1_717' title='bbox 2535 2919 2677 2988; x_wconf 89' lang='lat' dir='ltr'><strong>apud</strong></span> <span class='ocrx_word' id='word_1_718' title='bbox 2711 2935 2839 2975; x_wconf 87' lang='lat' dir='ltr'><strong>oves</strong></span> <span class='ocrx_word' id='word_1_719' title='bbox 2862 2935 2983 2976; x_wconf 89' lang='lat' dir='ltr'><strong>esse</strong></span> <span class='ocrx_word' id='word_1_720' title='bbox 3006 2961 3022 2988; x_wconf 95' lang='lat'><strong>,</strong></span> <span class='ocrx_word' id='word_1_721' title='bbox 3068 2930 3122 2976; x_wconf 91' lang='lat' dir='ltr'><strong>et</strong></span> <span class='ocrx_word' id='word_1_722' title='bbox 3148 2938 3307 2977; x_wconf 87' lang='lat' dir='ltr'><strong>canes</strong></span> <span class='ocrx_word' id='word_1_723' title='bbox 3337 2925 3594 2994; x_wconf 85' lang='lat' dir='ltr'><strong>quosdam</strong></span> 
     </span>
    </p>
   </div>
   <div class='ocr_carea' id='block_1_91' title="bbox 2017 3008 3591 3083">
    <p class='ocr_par' dir='ltr' id='par_1_91' title="bbox 2017 3008 3591 3083">
     <span class='ocr_line' id='line_1_91' title="bbox 2017 3008 3591 3083; baseline 0.006 -24"><span class='ocrx_word' id='word_1_724' title='bbox 2017 3008 2300 3076; x_wconf 78' lang='lat' dir='ltr'><strong>persequi?</strong></span> <span class='ocrx_word' id='word_1_725' title='bbox 2340 3015 2394 3063; x_wconf 91' lang='lat' dir='ltr'><strong>et</strong></span> <span class='ocrx_word' id='word_1_726' title='bbox 2434 3008 2503 3063; x_wconf 92' lang='lat' dir='ltr'><strong>ita</strong></span> <span class='ocrx_word' id='word_1_727' title='bbox 2529 3010 2811 3065; x_wconf 89' lang='lat' dir='ltr'><strong>adversum</strong></span> <span class='ocrx_word' id='word_1_728' title='bbox 2838 3026 2957 3079; x_wconf 89' lang='lat' dir='ltr'><strong>me,</strong></span> <span class='ocrx_word' id='word_1_729' title='bbox 3004 3011 3155 3083; x_wconf 90' lang='lat' dir='ltr'><strong>quasi</strong></span> <span class='ocrx_word' id='word_1_730' title='bbox 3193 3022 3377 3068; x_wconf 91' lang='lat' dir='ltr'><strong>contra</strong></span> <span class='ocrx_word' id='word_1_731' title='bbox 3403 3030 3591 3070; x_wconf 91' lang='lat' dir='ltr'><strong>canem</strong></span> 
     </span>
    </p>
   </div>
   <div class='ocr_carea' id='block_1_92' title="bbox 2015 3097 3594 3174">
    <p class='ocr_par' dir='ltr' id='par_1_92' title="bbox 2015 3097 3594 3174">
     <span class='ocr_line' id='line_1_92' title="bbox 2015 3097 3594 3174; baseline 0.005 -21"><span class='ocrx_word' id='word_1_732' title='bbox 2015 3097 2384 3154; x_wconf 90' lang='lat' dir='ltr'><strong>instrumentis</strong></span> <span class='ocrx_word' id='word_1_733' title='bbox 2410 3100 2513 3156; x_wconf 92' lang='lat' dir='ltr'><strong>illis</strong></span> <span class='ocrx_word' id='word_1_734' title='bbox 2542 3102 2852 3170; x_wconf 87' lang='lat' dir='ltr'><strong>instructus,</strong></span> <span class='ocrx_word' id='word_1_735' title='bbox 2885 3103 2936 3157; x_wconf 93' lang='lat' dir='ltr'><strong>in</strong></span> <span class='ocrx_word' id='word_1_736' title='bbox 2968 3119 3196 3174; x_wconf 85' lang='lat' dir='ltr'><strong>pugnam</strong></span> <span class='ocrx_word' id='word_1_737' title='bbox 3220 3106 3453 3159; x_wconf 80' lang='lat' dir='ltr'><strong>venisti?</strong></span> <span class='ocrx_word' id='word_1_738' title='bbox 3483 3115 3594 3162; x_wconf 86' lang='lat' dir='ltr'><strong>sta-</strong></span> 
     </span>
    </p>
   </div>
   <div class='ocr_carea' id='block_1_93' title="bbox 2019 3189 3592 3267">
    <p class='ocr_par' dir='ltr' id='par_1_93' title="bbox 2019 3189 3592 3267">
     <span class='ocr_line' id='line_1_93' title="bbox 2019 3189 3592 3267; baseline 0.006 -24"><span class='ocrx_word' id='word_1_739' title='bbox 2019 3189 2112 3245; x_wconf 88' lang='lat' dir='ltr'><strong>tim</strong></span> <span class='ocrx_word' id='word_1_740' title='bbox 2142 3191 2468 3260; x_wconf 80' lang='lat' dir='ltr'><strong>experientia</strong></span> <span class='ocrx_word' id='word_1_741' title='bbox 2496 3192 2670 3247; x_wconf 91' lang='lat' dir='ltr'><strong>disces</strong></span> <span class='ocrx_word' id='word_1_742' title='bbox 2696 3207 2801 3248; x_wconf 91' lang='lat' dir='ltr'><strong>non</strong></span> <span class='ocrx_word' id='word_1_743' title='bbox 2852 3194 2944 3249; x_wconf 93' lang='lat' dir='ltr'><strong>tibi</strong></span> <span class='ocrx_word' id='word_1_744' title='bbox 2975 3210 3095 3248; x_wconf 91' lang='lat' dir='ltr'><strong>cum</strong></span> <span class='ocrx_word' id='word_1_745' title='bbox 3140 3194 3355 3251; x_wconf 87' lang='lat' dir='ltr'><strong>homine</strong></span> <span class='ocrx_word' id='word_1_746' title='bbox 3389 3198 3592 3267; x_wconf 83' lang='lat' dir='ltr'><strong>vulgari</strong></span> 
     </span>
    </p>
   </div>
   <div class='ocr_carea' id='block_1_94' title="bbox 2016 3271 3596 3359">
    <p class='ocr_par' dir='ltr' id='par_1_94' title="bbox 2016 3271 3596 3359">
     <span class='ocr_line' id='line_1_94' title="bbox 2016 3271 3596 3359; baseline 0.004 -23"><span class='ocrx_word' id='word_1_747' title='bbox 2016 3281 2216 3337; x_wconf 86' lang='lat' dir='ltr'><strong>bellum</strong></span> <span class='ocrx_word' id='word_1_748' title='bbox 2241 3298 2381 3339; x_wconf 90' lang='lat' dir='ltr'><strong>esse.</strong></span> <span class='ocrx_word' id='word_1_749' title='bbox 2433 3283 2504 3338; x_wconf 87' lang='lat' dir='ltr'><strong>Et</strong></span> <span class='ocrx_word' id='word_1_750' title='bbox 2523 3271 2656 3339; x_wconf 46' lang='lat' dir='ltr'><strong>’usus</strong></span> <span class='ocrx_word' id='word_1_751' title='bbox 2677 3300 2867 3356; x_wconf 91' lang='lat' dir='ltr'><strong>magno</strong></span> <span class='ocrx_word' id='word_1_752' title='bbox 2895 3286 3179 3340; x_wconf 91' lang='lat' dir='ltr'><strong>verborum</strong></span> <span class='ocrx_word' id='word_1_753' title='bbox 3208 3288 3376 3352; x_wconf 87' lang='lat' dir='ltr'><strong>fastu,</strong></span> <span class='ocrx_word' id='word_1_754' title='bbox 3405 3304 3596 3359; x_wconf 84' lang='lat' dir='ltr'><strong>prope-</strong></span> 
     </span>
    </p>
   </div>
   <div class='ocr_carea' id='block_1_95' title="bbox 2017 3373 3595 3445">
    <p class='ocr_par' dir='ltr' id='par_1_95' title="bbox 2017 3373 3595 3445">
     <span class='ocr_line' id='line_1_95' title="bbox 2017 3373 3595 3445; baseline 0.004 -17"><span class='ocrx_word' id='word_1_755' title='bbox 2017 3373 2189 3438; x_wconf 88' lang='lat' dir='ltr'><strong>rabat,</strong></span> <span class='ocrx_word' id='word_1_756' title='bbox 2213 3382 2643 3445; x_wconf 88' lang='lat' dir='ltr'><strong>armaturamque</strong></span> <span class='ocrx_word' id='word_1_757' title='bbox 2662 3390 2810 3431; x_wconf 89' lang='lat' dir='ltr'><strong>suam</strong></span> <span class='ocrx_word' id='word_1_758' title='bbox 2829 3392 3045 3432; x_wconf 91' lang='lat' dir='ltr'><strong>omnem</strong></span> <span class='ocrx_word' id='word_1_759' title='bbox 3074 3379 3339 3443; x_wconf 89' lang='lat' dir='ltr'><strong>movebat,</strong></span> <span class='ocrx_word' id='word_1_760' title='bbox 3364 3394 3427 3433; x_wconf 92' lang='lat' dir='ltr'><strong>ae</strong></span> <span class='ocrx_word' id='word_1_761' title='bbox 3448 3395 3595 3437; x_wconf 90' lang='lat' dir='ltr'><strong>arma</strong></span> 
     </span>
    </p>
   </div>
   <div class='ocr_carea' id='block_1_96' title="bbox 2016 3466 3592 3538">
    <p class='ocr_par' dir='ltr' id='par_1_96' title="bbox 2016 3466 3592 3538">
     <span class='ocr_line' id='line_1_96' title="bbox 2016 3466 3592 3538; baseline 0.004 -19"><span class='ocrx_word' id='word_1_762' title='bbox 2016 3466 2315 3519; x_wconf 74' lang='lat' dir='ltr'><strong>exserebat.</strong></span> <span class='ocrx_word' id='word_1_763' title='bbox 2366 3466 2432 3520; x_wconf 88' lang='lat' dir='ltr'><strong>Et</strong></span> <span class='ocrx_word' id='word_1_764' title='bbox 2474 3467 2587 3536; x_wconf 89' lang='lat' dir='ltr'><strong>ipse</strong></span> <span class='ocrx_word' id='word_1_765' title='bbox 2623 3467 2837 3538; x_wconf 91' lang='lat' dir='ltr'><strong>quidem</strong></span> <span class='ocrx_word' id='word_1_766' title='bbox 2872 3484 3139 3523; x_wconf 90' lang='lat' dir='ltr'><strong>armorum</strong></span> <span class='ocrx_word' id='word_1_767' title='bbox 3170 3470 3362 3525; x_wconf 89' lang='lat' dir='ltr'><strong>virtute</strong></span> <span class='ocrx_word' id='word_1_768' title='bbox 3400 3471 3592 3537; x_wconf 82' lang='lat' dir='ltr'><strong>fidens,</strong></span> 
     </span>
    </p>
   </div>
   <div class='ocr_carea' id='block_1_97' title="bbox 2015 3556 3593 3631">
    <p class='ocr_par' dir='ltr' id='par_1_97' title="bbox 2015 3556 3593 3631">
     <span class='ocr_line' id='line_1_97' title="bbox 2015 3556 3593 3631; baseline 0.004 -22"><span class='ocrx_word' id='word_1_769' title='bbox 2015 3571 2242 3625; x_wconf 87' lang='lat' dir='ltr'><strong>pugnam</strong></span> <span class='ocrx_word' id='word_1_770' title='bbox 2284 3556 2437 3612; x_wconf 91' lang='lat' dir='ltr'><strong>inivit</strong></span> <span class='ocrx_word' id='word_1_771' title='bbox 2466 3575 2480 3611; x_wconf 91' lang='lat'>:</span> <span class='ocrx_word' id='word_1_772' title='bbox 2516 3557 2679 3611; x_wconf 91' lang='lat' dir='ltr'><strong>David</strong></span> <span class='ocrx_word' id='word_1_773' title='bbox 2703 3568 2879 3612; x_wconf 89' lang='lat' dir='ltr'><strong>autem</strong></span> <span class='ocrx_word' id='word_1_774' title='bbox 2912 3559 3049 3622; x_wconf 81' lang='lat' dir='ltr'><strong>(ide,</strong></span> <span class='ocrx_word' id='word_1_775' title='bbox 3090 3575 3426 3631; x_wconf 89' lang='lat' dir='ltr'><strong>supernoque</strong></span> <span class='ocrx_word' id='word_1_776' title='bbox 3453 3576 3593 3631; x_wconf 82' lang='lat' dir='ltr'><strong>prac-</strong></span> 
     </span>
    </p>
   </div>
   <div class='ocr_carea' id='block_1_98' title="bbox 2012 3645 3591 3719">
    <p class='ocr_par' dir='ltr' id='par_1_98' title="bbox 2012 3645 3591 3719">
     <span class='ocr_line' id='line_1_98' title="bbox 2012 3645 3591 3719; baseline 0.004 -20"><span class='ocrx_word' id='word_1_777' title='bbox 2012 3645 2150 3700; x_wconf 90' lang='lat' dir='ltr'><strong>sidio</strong></span> <span class='ocrx_word' id='word_1_778' title='bbox 2192 3647 2447 3700; x_wconf 90' lang='lat' dir='ltr'><strong>munitus.</strong></span> <span class='ocrx_word' id='word_1_779' title='bbox 2499 3646 2563 3701; x_wconf 89' lang='lat' dir='ltr'><strong>Et</strong></span> <span class='ocrx_word' id='word_1_780' title='bbox 2589 3648 2735 3717; x_wconf 92' lang='lat' dir='ltr'><strong>prius</strong></span> <span class='ocrx_word' id='word_1_781' title='bbox 2770 3647 2945 3703; x_wconf 89' lang='lat' dir='ltr'><strong>verbis</strong></span> <span class='ocrx_word' id='word_1_782' title='bbox 2969 3648 3281 3719; x_wconf 66' lang='lat' dir='ltr'><strong>alienigena:</strong></span> <span class='ocrx_word' id='word_1_783' title='bbox 3309 3651 3591 3707; x_wconf 91' lang='lat' dir='ltr'><strong>elationem</strong></span> 
     </span>
    </p>
   </div>
   <div class='ocr_carea' id='block_1_99' title="bbox 2010 3731 3593 3807">
    <p class='ocr_par' dir='ltr' id='par_1_99' title="bbox 2010 3731 3593 3807">
     <span class='ocr_line' id='line_1_99' title="bbox 2010 3731 3593 3807; baseline 0.003 -14"><span class='ocrx_word' id='word_1_784' title='bbox 2010 3731 2070 3793; x_wconf 78' lang='lat' dir='ltr'><strong>et</strong></span> <span class='ocrx_word' id='word_1_785' title='bbox 2096 3739 2436 3807; x_wconf 91' lang='lat' dir='ltr'><strong>supercilium</strong></span> <span class='ocrx_word' id='word_1_786' title='bbox 2463 3738 2771 3805; x_wconf 89' lang='lat' dir='ltr'><strong>deeutiens,</strong></span> <span class='ocrx_word' id='word_1_787' title='bbox 2800 3750 2858 3794; x_wconf 92' lang='lat' dir='ltr'><strong>ut</strong></span> <span class='ocrx_word' id='word_1_788' title='bbox 2884 3741 3017 3795; x_wconf 86' lang='lat' dir='ltr'><strong>dixit</strong></span> <span class='ocrx_word' id='word_1_789' title='bbox 3044 3740 3112 3795; x_wconf 91' lang='lat' dir='ltr'><strong>ad</strong></span> <span class='ocrx_word' id='word_1_790' title='bbox 3142 3758 3263 3796; x_wconf 91' lang='lat' dir='ltr'><strong>cum</strong></span> <span class='ocrx_word' id='word_1_791' title='bbox 3296 3759 3310 3795; x_wconf 90' lang='lat'><strong>:</strong></span> <span class='ocrx_word' id='word_1_792' title='bbox 3339 3742 3417 3795; x_wconf 88' lang='lat' dir='ltr'><strong>Tn</strong></span> <span class='ocrx_word' id='word_1_793' title='bbox 3444 3744 3593 3798; x_wconf 87' lang='lat' dir='ltr'><strong>venis</strong></span> 
     </span>
    </p>
   </div>
   <div class='ocr_carea' id='block_1_100' title="bbox 2012 3829 3589 3895">
    <p class='ocr_par' dir='ltr' id='par_1_100' title="bbox 2012 3829 3589 3895">
     <span class='ocr_line' id='line_1_100' title="bbox 2012 3829 3589 3895; baseline 0.005 -12"><span class='ocrx_word' id='word_1_794' title='bbox 2012 3829 2078 3883; x_wconf 89' lang='lat' dir='ltr'><strong>ad</strong></span> <span class='ocrx_word' id='word_1_795' title='bbox 2118 3845 2203 3884; x_wconf 91' lang='lat' dir='ltr'><strong>me</strong></span> <span class='ocrx_word' id='word_1_796' title='bbox 2227 3829 2279 3883; x_wconf 92' lang='lat' dir='ltr'><strong>in</strong></span> <span class='ocrx_word' id='word_1_797' title='bbox 2306 3829 2469 3883; x_wconf 91' lang='lat' dir='ltr'><strong>armis</strong></span> <span class='ocrx_word' id='word_1_798' title='bbox 2496 3838 2549 3882; x_wconf 91' lang='lat' dir='ltr'><strong>et</strong></span> <span class='ocrx_word' id='word_1_799' title='bbox 2585 3829 2791 3895; x_wconf 89' lang='lat' dir='ltr'><strong>lancea,</strong></span> <span class='ocrx_word' id='word_1_800' title='bbox 2837 3840 2893 3885; x_wconf 89' lang='lat' dir='ltr'><strong>et</strong></span> <span class='ocrx_word' id='word_1_801' title='bbox 2919 3842 3005 3885; x_wconf 92' lang='lat' dir='ltr'><strong>tua</strong></span> <span class='ocrx_word' id='word_1_802' title='bbox 3034 3832 3224 3887; x_wconf 91' lang='lat' dir='ltr'><strong>virtute</strong></span> <span class='ocrx_word' id='word_1_803' title='bbox 3249 3833 3507 3888; x_wconf 91' lang='lat' dir='ltr'><strong>victurum</strong></span> <span class='ocrx_word' id='word_1_804' title='bbox 3538 3844 3589 3892; x_wconf 80' lang='lat' dir='ltr'><strong>te</strong></span> 
     </span>
    </p>
   </div>
   <div class='ocr_carea' id='block_1_101' title="bbox 2013 3920 3587 3990">
    <p class='ocr_par' dir='ltr' id='par_1_101' title="bbox 2013 3920 3587 3990">
     <span class='ocr_line' id='line_1_101' title="bbox 2013 3920 3587 3990; baseline 0.003 -17"><span class='ocrx_word' id='word_1_805' title='bbox 2013 3928 2186 3990; x_wconf 90' lang='lat' dir='ltr'><strong>putas,</strong></span> <span class='ocrx_word' id='word_1_806' title='bbox 2223 3934 2322 3990; x_wconf 87' lang='lat' dir='ltr'><strong>ego</strong></span> <span class='ocrx_word' id='word_1_807' title='bbox 2348 3928 2522 3975; x_wconf 90' lang='lat' dir='ltr'><strong>autem</strong></span> <span class='ocrx_word' id='word_1_808' title='bbox 2550 3920 2602 3974; x_wconf 92' lang='lat' dir='ltr'><strong>in</strong></span> <span class='ocrx_word' id='word_1_809' title='bbox 2635 3922 2848 3976; x_wconf 91' lang='lat' dir='ltr'><strong>nomine</strong></span> <span class='ocrx_word' id='word_1_810' title='bbox 2871 3920 3078 3975; x_wconf 90' lang='lat' dir='ltr'><strong>Domini</strong></span> <span class='ocrx_word' id='word_1_811' title='bbox 3112 3923 3238 3978; x_wconf 91' lang='lat' dir='ltr'><strong>Dei:</strong></span> <span class='ocrx_word' id='word_1_812' title='bbox 3264 3934 3319 3977; x_wconf 83' lang='grc' dir='ltr'><strong>ιιι</strong></span> <span class='ocrx_word' id='word_1_813' title='bbox 3341 3923 3472 3990; x_wconf 74' lang='lat' dir='ltr'><strong>lucc,</strong></span> <span class='ocrx_word' id='word_1_814' title='bbox 3504 3924 3587 3978; x_wconf 67' lang='lat' dir='ltr'><strong>in.</strong></span> 
     </span>
    </p>
   </div>
   <div class='ocr_carea' id='block_1_102' title="bbox 2010 4009 3592 4085">
    <p class='ocr_par' dir='ltr' id='par_1_102' title="bbox 2010 4009 3592 4085">
     <span class='ocr_line' id='line_1_102' title="bbox 2010 4009 3592 4085; baseline 0.006 -24"><span class='ocrx_word' id='word_1_815' title='bbox 2010 4025 2168 4080; x_wconf 92' lang='lat' dir='ltr'><strong>quam</strong></span> <span class='ocrx_word' id='word_1_816' title='bbox 2193 4051 2208 4077; x_wconf 94' lang='lat'><strong>,</strong></span> <span class='ocrx_word' id='word_1_817' title='bbox 2236 4009 2403 4077; x_wconf 86' lang='lat' dir='ltr'><strong>dixit,</strong></span> <span class='ocrx_word' id='word_1_818' title='bbox 2433 4020 2645 4080; x_wconf 92' lang='lat' dir='ltr'><strong>sumpto</strong></span> <span class='ocrx_word' id='word_1_819' title='bbox 2668 4027 2732 4065; x_wconf 91' lang='lat' dir='ltr'><strong>ex</strong></span> <span class='ocrx_word' id='word_1_820' title='bbox 2770 4027 2894 4081; x_wconf 89' lang='lat' dir='ltr'><strong>pera</strong></span> <span class='ocrx_word' id='word_1_821' title='bbox 2934 4012 3187 4082; x_wconf 91' lang='lat' dir='ltr'><strong>pastorali</strong></span> <span class='ocrx_word' id='word_1_822' title='bbox 3221 4013 3367 4069; x_wconf 88' lang='lat' dir='ltr'><strong>silice</strong></span> <span class='ocrx_word' id='word_1_823' title='bbox 3389 4054 3405 4080; x_wconf 95' lang='lat'><strong>,</strong></span> <span class='ocrx_word' id='word_1_824' title='bbox 3433 4015 3592 4085; x_wconf 87' lang='lat' dir='ltr'><strong>quasi</strong></span> 
     </span>
    </p>
   </div>
   <div class='ocr_carea' id='block_1_103' title="bbox 2012 4104 3591 4174">
    <p class='ocr_par' dir='ltr' id='par_1_103' title="bbox 2012 4104 3591 4174">
     <span class='ocr_line' id='line_1_103' title="bbox 2012 4104 3591 4174; baseline 0.002 -16"><span class='ocrx_word' id='word_1_825' title='bbox 2012 4118 2198 4158; x_wconf 78' lang='lat' dir='ltr'><strong>revera</strong></span> <span class='ocrx_word' id='word_1_826' title='bbox 2239 4118 2429 4158; x_wconf 91' lang='lat' dir='ltr'><strong>canem</strong></span> <span class='ocrx_word' id='word_1_827' title='bbox 2471 4104 2700 4173; x_wconf 90' lang='lat' dir='ltr'><strong>aliquem</strong></span> <span class='ocrx_word' id='word_1_828' title='bbox 2743 4118 2957 4174; x_wconf 86' lang='lat' dir='ltr'><strong>gregem</strong></span> <span class='ocrx_word' id='word_1_829' title='bbox 3004 4104 3335 4160; x_wconf 89' lang='lat' dir='ltr'><strong>invadentem</strong></span> <span class='ocrx_word' id='word_1_830' title='bbox 3377 4106 3591 4161; x_wconf 86' lang='lat' dir='ltr'><strong>abactu-</strong></span> 
     </span>
    </p>
   </div>
   <div class='ocr_carea' id='block_1_104' title="bbox 2011 4196 3591 4268">
    <p class='ocr_par' dir='ltr' id='par_1_104' title="bbox 2011 4196 3591 4268">
     <span class='ocr_line' id='line_1_104' title="bbox 2011 4196 3591 4268; baseline 0.002 -18"><span class='ocrx_word' id='word_1_831' title='bbox 2011 4211 2103 4251; x_wconf 91' lang='lat' dir='ltr'><strong>rus</strong></span> <span class='ocrx_word' id='word_1_832' title='bbox 2124 4237 2140 4259; x_wconf 94' lang='lat'><strong>,</strong></span> <span class='ocrx_word' id='word_1_833' title='bbox 2172 4196 2331 4251; x_wconf 89' lang='lat' dir='ltr'><strong>funda</strong></span> <span class='ocrx_word' id='word_1_834' title='bbox 2357 4197 2619 4265; x_wconf 89' lang='lat' dir='ltr'><strong>jaculatus</strong></span> <span class='ocrx_word' id='word_1_835' title='bbox 2645 4206 2759 4262; x_wconf 92' lang='lat' dir='ltr'><strong>est,</strong></span> <span class='ocrx_word' id='word_1_836' title='bbox 2786 4198 3071 4268; x_wconf 84' lang='lat' dir='ltr'><strong>statimque</strong></span> <span class='ocrx_word' id='word_1_837' title='bbox 3094 4198 3145 4253; x_wconf 92' lang='lat' dir='ltr'><strong>in</strong></span> <span class='ocrx_word' id='word_1_838' title='bbox 3174 4198 3345 4253; x_wconf 90' lang='lat' dir='ltr'><strong>fronte</strong></span> <span class='ocrx_word' id='word_1_839' title='bbox 3376 4214 3591 4268; x_wconf 89' lang='lat' dir='ltr'><strong>percus-</strong></span> 
     </span>
    </p>
   </div>
   <div class='ocr_carea' id='block_1_105' title="bbox 2012 4287 3579 4357">
    <p class='ocr_par' dir='ltr' id='par_1_105' title="bbox 2012 4287 3579 4357">
     <span class='ocr_line' id='line_1_105' title="bbox 2012 4287 3579 4357; baseline 0.002 -16"><span class='ocrx_word' id='word_1_840' title='bbox 2012 4301 2131 4341; x_wconf 91' lang='lat' dir='ltr'><strong>sum</strong></span> <span class='ocrx_word' id='word_1_841' title='bbox 2164 4287 2514 4357; x_wconf 86' lang='lat' dir='ltr'><strong>alienigenam</strong></span> <span class='ocrx_word' id='word_1_842' title='bbox 2540 4288 2733 4357; x_wconf 90' lang='lat' dir='ltr'><strong>dejecit</strong></span> <span class='ocrx_word' id='word_1_843' title='bbox 2762 4305 2777 4343; x_wconf 95' lang='lat'><strong>:</strong></span> <span class='ocrx_word' id='word_1_844' title='bbox 2806 4297 2861 4343; x_wconf 93' lang='lat' dir='ltr'><strong>et</strong></span> <span class='ocrx_word' id='word_1_845' title='bbox 2890 4287 3199 4343; x_wconf 90' lang='lat' dir='ltr'><strong>festinanter</strong></span> <span class='ocrx_word' id='word_1_846' title='bbox 3221 4287 3414 4344; x_wconf 89' lang='lat' dir='ltr'><strong>educto</strong></span> <span class='ocrx_word' id='word_1_847' title='bbox 3442 4290 3579 4344; x_wconf 86' lang='lat' dir='ltr'><strong>illius</strong></span> 
     </span>
    </p>
   </div>
   <div class='ocr_carea' id='block_1_106' title="bbox 2011 4377 3589 4449">
    <p class='ocr_par' dir='ltr' id='par_1_106' title="bbox 2011 4377 3589 4449">
     <span class='ocr_line' id='line_1_106' title="bbox 2011 4377 3589 4449; baseline 0.003 -18"><span class='ocrx_word' id='word_1_848' title='bbox 2011 4377 2186 4446; x_wconf 82' lang='lat' dir='ltr'><strong>gladio</strong></span> <span class='ocrx_word' id='word_1_849' title='bbox 2205 4387 2365 4447; x_wconf 90' lang='lat' dir='ltr'><strong>caput</strong></span> <span class='ocrx_word' id='word_1_850' title='bbox 2392 4377 2510 4447; x_wconf 91' lang='lat' dir='ltr'><strong>ejus</strong></span> <span class='ocrx_word' id='word_1_851' title='bbox 2533 4378 2858 4448; x_wconf 91' lang='lat' dir='ltr'><strong>amputavit,</strong></span> <span class='ocrx_word' id='word_1_852' title='bbox 2885 4387 2939 4433; x_wconf 92' lang='lat' dir='ltr'><strong>et</strong></span> <span class='ocrx_word' id='word_1_853' title='bbox 2966 4379 3073 4448; x_wconf 80' lang='lat' dir='ltr'><strong>regi</strong></span> <span class='ocrx_word' id='word_1_854' title='bbox 3098 4378 3288 4443; x_wconf 89' lang='lat' dir='ltr'><strong>attulit,</strong></span> <span class='ocrx_word' id='word_1_855' title='bbox 3323 4378 3589 4449; x_wconf 81' lang='lat' dir='ltr'><strong>finemque</strong></span> 
     </span>
    </p>
   </div>
   <div class='ocr_carea' id='block_1_107' title="bbox 2013 4464 3584 4538">
    <p class='ocr_par' dir='ltr' id='par_1_107' title="bbox 2013 4464 3584 4538">
     <span class='ocr_line' id='line_1_107' title="bbox 2013 4464 3584 4538; baseline 0.003 -18"><span class='ocrx_word' id='word_1_856' title='bbox 2013 4464 2155 4521; x_wconf 88' lang='lat' dir='ltr'><strong>bello</strong></span> <span class='ocrx_word' id='word_1_857' title='bbox 2184 4467 2454 4538; x_wconf 88' lang='lat' dir='ltr'><strong>imposuit.</strong></span> <span class='ocrx_word' id='word_1_858' title='bbox 2501 4470 2674 4537; x_wconf 87' lang='lat' dir='ltr'><strong>Atque</strong></span> <span class='ocrx_word' id='word_1_859' title='bbox 2702 4468 2841 4523; x_wconf 86' lang='lat' dir='ltr'><strong>illius</strong></span> <span class='ocrx_word' id='word_1_860' title='bbox 2868 4484 3028 4538; x_wconf 80' lang='lat' dir='ltr'><strong>Opem</strong></span> <span class='ocrx_word' id='word_1_861' title='bbox 3052 4479 3106 4524; x_wconf 92' lang='lat' dir='ltr'><strong>et</strong></span> <span class='ocrx_word' id='word_1_862' title='bbox 3131 4485 3225 4524; x_wconf 83' lang='lat' dir='ltr'><strong>rex</strong></span> <span class='ocrx_word' id='word_1_863' title='bbox 3254 4470 3477 4524; x_wconf 87' lang='lat' dir='ltr'><strong>salutem</strong></span> <span class='ocrx_word' id='word_1_864' title='bbox 3510 4472 3584 4524; x_wconf 83' lang='lat' dir='ltr'><strong>iu-</strong></span> 
     </span>
    </p>
   </div>
   <div class='ocr_carea' id='block_1_108' title="bbox 2011 4555 3586 4626">
    <p class='ocr_par' dir='ltr' id='par_1_108' title="bbox 2011 4555 3586 4626">
     <span class='ocr_line' id='line_1_108' title="bbox 2011 4555 3586 4626; baseline 0.004 -17"><span class='ocrx_word' id='word_1_865' title='bbox 2011 4556 2193 4619; x_wconf 88' lang='lat' dir='ltr'><strong>venit,</strong></span> <span class='ocrx_word' id='word_1_866' title='bbox 2227 4566 2281 4611; x_wconf 90' lang='lat' dir='ltr'><strong>et</strong></span> <span class='ocrx_word' id='word_1_867' title='bbox 2309 4555 2485 4611; x_wconf 90' lang='lat' dir='ltr'><strong>onmis</strong></span> <span class='ocrx_word' id='word_1_868' title='bbox 2524 4556 2665 4613; x_wconf 90' lang='lat' dir='ltr'><strong>illius</strong></span> <span class='ocrx_word' id='word_1_869' title='bbox 2702 4558 2966 4612; x_wconf 85' lang='lat' dir='ltr'><strong>exercitus</strong></span> <span class='ocrx_word' id='word_1_870' title='bbox 3003 4560 3303 4626; x_wconf 71' lang='lat' dir='ltr'><strong>respiravit.</strong></span> <span class='ocrx_word' id='word_1_871' title='bbox 3354 4560 3586 4616; x_wconf 78' lang='lat' dir='ltr'><strong>Vidisses</strong></span> 
     </span>
    </p>
   </div>
   <div class='ocr_carea' id='block_1_109' title="bbox 2016 4646 3589 4717">
    <p class='ocr_par' dir='ltr' id='par_1_109' title="bbox 2016 4646 3589 4717">
     <span class='ocr_line' id='line_1_109' title="bbox 2016 4646 3589 4717; baseline 0.003 -17"><span class='ocrx_word' id='word_1_872' title='bbox 2016 4656 2141 4702; x_wconf 90' lang='lat' dir='ltr'><strong>tunc</strong></span> <span class='ocrx_word' id='word_1_873' title='bbox 2192 4646 2490 4717; x_wconf 80' lang='lat' dir='ltr'><strong>inopinatas</strong></span> <span class='ocrx_word' id='word_1_874' title='bbox 2542 4647 2987 4716; x_wconf 87' lang='lat' dir='ltr'><strong>admirabilcsque</strong></span> <span class='ocrx_word' id='word_1_875' title='bbox 3036 4662 3159 4712; x_wconf 90' lang='lat' dir='ltr'><strong>res,</strong></span> <span class='ocrx_word' id='word_1_876' title='bbox 3214 4659 3473 4705; x_wconf 92' lang='lat' dir='ltr'><strong>armatum</strong></span> <span class='ocrx_word' id='word_1_877' title='bbox 3522 4653 3589 4705; x_wconf 88' lang='lat' dir='ltr'><strong>ab</strong></span> 
     </span>
    </p>
   </div>
   <div class='ocr_carea' id='block_1_110' title="bbox 2014 4738 3584 4812">
    <p class='ocr_par' dir='ltr' id='par_1_110' title="bbox 2014 4738 3584 4812">
     <span class='ocr_line' id='line_1_110' title="bbox 2014 4738 3584 4812; baseline -0.001 -18"><span class='ocrx_word' id='word_1_878' title='bbox 2014 4738 2203 4796; x_wconf 90' lang='lat' dir='ltr'><strong>inermi</strong></span> <span class='ocrx_word' id='word_1_879' title='bbox 2229 4741 2513 4812; x_wconf 89' lang='lat' dir='ltr'><strong>dejectnm,</strong></span> <span class='ocrx_word' id='word_1_880' title='bbox 2540 4742 2725 4810; x_wconf 90' lang='lat' dir='ltr'><strong>reique</strong></span> <span class='ocrx_word' id='word_1_881' title='bbox 2753 4740 2998 4795; x_wconf 90' lang='lat' dir='ltr'><strong>militaris</strong></span> <span class='ocrx_word' id='word_1_882' title='bbox 3028 4741 3250 4809; x_wconf 89' lang='lat' dir='ltr'><strong>peritum</strong></span> <span class='ocrx_word' id='word_1_883' title='bbox 3274 4741 3341 4796; x_wconf 94' lang='lat' dir='ltr'><strong>ab</strong></span> <span class='ocrx_word' id='word_1_884' title='bbox 3368 4756 3435 4796; x_wconf 90' lang='lat' dir='ltr'><strong>eo</strong></span> <span class='ocrx_word' id='word_1_885' title='bbox 3462 4757 3584 4811; x_wconf 78' lang='lat' dir='ltr'><strong>pro-</strong></span> 
     </span>
    </p>
   </div>
   <div class='ocr_carea' id='block_1_111' title="bbox 2012 4832 3587 4904">
    <p class='ocr_par' dir='ltr' id='par_1_111' title="bbox 2012 4832 3587 4904">
     <span class='ocr_line' id='line_1_111' title="bbox 2012 4832 3587 4904; baseline 0.002 -17"><span class='ocrx_word' id='word_1_886' title='bbox 2012 4843 2234 4888; x_wconf 88' lang='lat' dir='ltr'><strong>stratum</strong></span> <span class='ocrx_word' id='word_1_887' title='bbox 2259 4874 2275 4900; x_wconf 97' lang='lat'><strong>,</strong></span> <span class='ocrx_word' id='word_1_888' title='bbox 2321 4834 2409 4903; x_wconf 93' lang='lat' dir='ltr'><strong>qui</strong></span> <span class='ocrx_word' id='word_1_889' title='bbox 2437 4840 2631 4904; x_wconf 67' lang='lat' dir='ltr'><strong>praeter</strong></span> <span class='ocrx_word' id='word_1_890' title='bbox 2658 4832 2975 4901; x_wconf 88' lang='lat' dir='ltr'><strong>pastoralem</strong></span> <span class='ocrx_word' id='word_1_891' title='bbox 3005 4840 3170 4886; x_wconf 89' lang='lat' dir='ltr'><strong>artem</strong></span> <span class='ocrx_word' id='word_1_892' title='bbox 3213 4832 3343 4887; x_wconf 89' lang='lat' dir='ltr'><strong>nihil</strong></span> <span class='ocrx_word' id='word_1_893' title='bbox 3367 4835 3587 4890; x_wconf 90' lang='lat' dir='ltr'><strong>sciebat.</strong></span> 
     </span>
    </p>
   </div>
   <div class='ocr_carea' id='block_1_112' title="bbox 2012 4923 3587 4997">
    <p class='ocr_par' dir='ltr' id='par_1_112' title="bbox 2012 4923 3587 4997">
     <span class='ocr_line' id='line_1_112' title="bbox 2012 4923 3587 4997; baseline 0.001 -18"><span class='ocrx_word' id='word_1_894' title='bbox 2012 4926 2222 4994; x_wconf 86' lang='lat' dir='ltr'><strong>Quare,</strong></span> <span class='ocrx_word' id='word_1_895' title='bbox 2267 4936 2321 4981; x_wconf 86' lang='lat' dir='ltr'><strong>et</strong></span> <span class='ocrx_word' id='word_1_896' title='bbox 2348 4926 2418 4980; x_wconf 91' lang='lat' dir='ltr'><strong>ob</strong></span> <span class='ocrx_word' id='word_1_897' title='bbox 2452 4941 2611 4996; x_wconf 90' lang='lat' dir='ltr'><strong>quam</strong></span> <span class='ocrx_word' id='word_1_898' title='bbox 2651 4923 2910 4981; x_wconf 79' lang='lat' dir='ltr'><strong>causam?</strong></span> <span class='ocrx_word' id='word_1_899' title='bbox 2954 4923 3085 4992; x_wconf 83' lang='lat' dir='ltr'><strong>Quia</strong></span> <span class='ocrx_word' id='word_1_900' title='bbox 3124 4924 3210 4980; x_wconf 93' lang='lat' dir='ltr'><strong>hic</strong></span> <span class='ocrx_word' id='word_1_901' title='bbox 3246 4925 3462 4997; x_wconf 89' lang='lat' dir='ltr'><strong>quidem</strong></span> <span class='ocrx_word' id='word_1_902' title='bbox 3488 4928 3587 4982; x_wconf 84' lang='lat' dir='ltr'><strong>ha-</strong></span> 
     </span>
    </p>
   </div>
   <div class='ocr_carea' id='block_1_113' title="bbox 2014 5016 3585 5087">
    <p class='ocr_par' dir='ltr' id='par_1_113' title="bbox 2014 5016 3585 5087">
     <span class='ocr_line' id='line_1_113' title="bbox 2014 5016 3585 5087; baseline 0.003 -17"><span class='ocrx_word' id='word_1_903' title='bbox 2014 5016 2130 5072; x_wconf 92' lang='lat' dir='ltr'><strong>buit</strong></span> <span class='ocrx_word' id='word_1_904' title='bbox 2166 5033 2449 5087; x_wconf 90' lang='lat' dir='ltr'><strong>supernam</strong></span> <span class='ocrx_word' id='word_1_905' title='bbox 2495 5018 2719 5087; x_wconf 90' lang='lat' dir='ltr'><strong>gratiam</strong></span> <span class='ocrx_word' id='word_1_906' title='bbox 2762 5033 2821 5073; x_wconf 87' lang='lat' dir='ltr'><strong>se</strong></span> <span class='ocrx_word' id='word_1_907' title='bbox 2862 5018 3241 5087; x_wconf 89' lang='lat' dir='ltr'><strong>adjuvantem:</strong></span> <span class='ocrx_word' id='word_1_908' title='bbox 3280 5020 3368 5075; x_wconf 91' lang='lat' dir='ltr'><strong>ille</strong></span> <span class='ocrx_word' id='word_1_909' title='bbox 3410 5031 3585 5076; x_wconf 89' lang='lat' dir='ltr'><strong>autem</strong></span> 
     </span>
    </p>
   </div>
   <div class='ocr_carea' id='block_1_114' title="bbox 2011 5106 3585 5182">
    <p class='ocr_par' dir='ltr' id='par_1_114' title="bbox 2011 5106 3585 5182">
     <span class='ocr_line' id='line_1_114' title="bbox 2011 5106 3585 5182; baseline 0.002 -21"><span class='ocrx_word' id='word_1_910' title='bbox 2011 5121 2071 5161; x_wconf 91' lang='lat' dir='ltr'><strong>ea</strong></span> <span class='ocrx_word' id='word_1_911' title='bbox 2094 5122 2301 5171; x_wconf 89' lang='lat' dir='ltr'><strong>carens,</strong></span> <span class='ocrx_word' id='word_1_912' title='bbox 2330 5107 2381 5160; x_wconf 92' lang='lat' dir='ltr'><strong>in</strong></span> <span class='ocrx_word' id='word_1_913' title='bbox 2406 5106 2561 5176; x_wconf 90' lang='lat' dir='ltr'><strong>hujus</strong></span> <span class='ocrx_word' id='word_1_914' title='bbox 2586 5123 2771 5161; x_wconf 90' lang='lat' dir='ltr'><strong>manus</strong></span> <span class='ocrx_word' id='word_1_915' title='bbox 2800 5109 2961 5163; x_wconf 91' lang='lat' dir='ltr'><strong>venit.</strong></span> <span class='ocrx_word' id='word_1_916' title='bbox 2990 5108 3105 5164; x_wconf 84' lang='lat' dir='ltr'><strong>Jam</strong></span> <span class='ocrx_word' id='word_1_917' title='bbox 3130 5109 3251 5165; x_wconf 88' lang='lat' dir='ltr'><strong>vide</strong></span> <span class='ocrx_word' id='word_1_918' title='bbox 3278 5110 3361 5164; x_wconf 92' lang='lat' dir='ltr'><strong>hic</strong></span> <span class='ocrx_word' id='word_1_919' title='bbox 3383 5152 3398 5175; x_wconf 94' lang='lat'><strong>,</strong></span> <span class='ocrx_word' id='word_1_920' title='bbox 3426 5128 3585 5182; x_wconf 90' lang='lat' dir='ltr'><strong>quam</strong></span> 
     </span>
    </p>
   </div>
   <div class='ocr_carea' id='block_1_115' title="bbox 2011 5197 3584 5270">
    <p class='ocr_par' dir='ltr' id='par_1_115' title="bbox 2011 5197 3584 5270">
     <span class='ocr_line' id='line_1_115' title="bbox 2011 5197 3584 5270; baseline 0.004 -21"><span class='ocrx_word' id='word_1_921' title='bbox 2011 5197 2236 5251; x_wconf 88' lang='lat' dir='ltr'><strong>absurda</strong></span> <span class='ocrx_word' id='word_1_922' title='bbox 2259 5207 2508 5267; x_wconf 90' lang='lat' dir='ltr'><strong>operatus</strong></span> <span class='ocrx_word' id='word_1_923' title='bbox 2536 5201 2605 5252; x_wconf 88' lang='lat' dir='ltr'><strong>sit</strong></span> <span class='ocrx_word' id='word_1_924' title='bbox 2632 5197 2843 5254; x_wconf 73' lang='lat' dir='ltr'><strong>invidia:</strong></span> <span class='ocrx_word' id='word_1_925' title='bbox 2871 5201 3106 5255; x_wconf 89' lang='lat' dir='ltr'><strong>morbus.</strong></span> <span class='ocrx_word' id='word_1_926' title='bbox 3135 5201 3416 5270; x_wconf 88' lang='lat' dir='ltr'><strong>Postquam</strong></span> <span class='ocrx_word' id='word_1_927' title='bbox 3443 5202 3584 5256; x_wconf 91' lang='lat' dir='ltr'><strong>enim</strong></span> 
     </span>
    </p>
   </div>
   <div class='ocr_carea' id='block_1_116' title="bbox 2012 5286 3587 5360">
    <p class='ocr_par' dir='ltr' id='par_1_116' title="bbox 2012 5286 3587 5360">
     <span class='ocr_line' id='line_1_116' title="bbox 2012 5286 3587 5360; baseline 0.002 -20"><span class='ocrx_word' id='word_1_928' title='bbox 2012 5301 2110 5341; x_wconf 89' lang='lat' dir='ltr'><strong>rex</strong></span> <span class='ocrx_word' id='word_1_929' title='bbox 2139 5286 2270 5340; x_wconf 89' lang='lat' dir='ltr'><strong>vidit</strong></span> <span class='ocrx_word' id='word_1_930' title='bbox 2305 5286 2507 5354; x_wconf 89' lang='lat' dir='ltr'><strong>justum</strong></span> <span class='ocrx_word' id='word_1_931' title='bbox 2552 5286 2690 5341; x_wconf 92' lang='lat' dir='ltr'><strong>hunc</strong></span> <span class='ocrx_word' id='word_1_932' title='bbox 2720 5298 2860 5342; x_wconf 90' lang='lat' dir='ltr'><strong>tanta</strong></span> <span class='ocrx_word' id='word_1_933' title='bbox 2898 5289 3062 5360; x_wconf 89' lang='lat' dir='ltr'><strong>gloria</strong></span> <span class='ocrx_word' id='word_1_934' title='bbox 3101 5290 3378 5351; x_wconf 90' lang='lat' dir='ltr'><strong>celebrari,</strong></span> <span class='ocrx_word' id='word_1_935' title='bbox 3410 5299 3463 5343; x_wconf 88' lang='lat' dir='ltr'><strong>et</strong></span> <span class='ocrx_word' id='word_1_936' title='bbox 3494 5292 3587 5343; x_wconf 90' lang='lat' dir='ltr'><strong>tri-</strong></span> 
     </span>
    </p>
   </div>
   <div class='ocr_carea' id='block_1_117' title="bbox 2014 5377 3582 5446">
    <p class='ocr_par' dir='ltr' id='par_1_117' title="bbox 2014 5377 3582 5446">
     <span class='ocr_line' id='line_1_117' title="bbox 2014 5377 3582 5446; baseline 0.003 -17"><span class='ocrx_word' id='word_1_937' title='bbox 2014 5377 2292 5446; x_wconf 88' lang='lat' dir='ltr'><strong>pudiantes</strong></span> <span class='ocrx_word' id='word_1_938' title='bbox 2316 5378 2545 5433; x_wconf 90' lang='lat' dir='ltr'><strong>clamare</strong></span> <span class='ocrx_word' id='word_1_939' title='bbox 2576 5396 2592 5435; x_wconf 91' lang='lat'><strong>:</strong></span> <span class='ocrx_word' id='word_1_940' title='bbox 2635 5377 2761 5432; x_wconf 79' lang='lat' dir='ltr'><strong>Vicit</strong></span> <span class='ocrx_word' id='word_1_941' title='bbox 2788 5380 2919 5435; x_wconf 83' lang='lat' dir='ltr'><strong>Sat&#39;tl</strong></span> <span class='ocrx_word' id='word_1_942' title='bbox 2951 5381 3003 5435; x_wconf 86' lang='lat' dir='ltr'><strong>in</strong></span> <span class='ocrx_word' id='word_1_943' title='bbox 3032 5381 3268 5445; x_wconf 75' lang='lat' dir='ltr'><strong>millibus,</strong></span> <span class='ocrx_word' id='word_1_944' title='bbox 3299 5378 3463 5432; x_wconf 82' lang='lat' dir='ltr'><strong>David</strong></span> <span class='ocrx_word' id='word_1_945' title='bbox 3487 5398 3582 5433; x_wconf 87' lang='lat' dir='ltr'><strong>au-</strong></span> 
     </span>
    </p>
   </div>
   <div class='ocr_carea' id='block_1_118' title="bbox 2014 5467 3587 5542">
    <p class='ocr_par' dir='ltr' id='par_1_118' title="bbox 2014 5467 3587 5542">
     <span class='ocr_line' id='line_1_118' title="bbox 2014 5467 3587 5542; baseline 0.001 -21"><span class='ocrx_word' id='word_1_946' title='bbox 2014 5479 2113 5522; x_wconf 88' lang='lat' dir='ltr'><strong>tem</strong></span> <span class='ocrx_word' id='word_1_947' title='bbox 2151 5469 2205 5521; x_wconf 87' lang='lat' dir='ltr'><strong>in</strong></span> <span class='ocrx_word' id='word_1_948' title='bbox 2248 5467 2418 5522; x_wconf 84' lang='lat' dir='ltr'><strong>decem</strong></span> <span class='ocrx_word' id='word_1_949' title='bbox 2462 5467 2684 5522; x_wconf 77' lang='lat' dir='ltr'><strong>millibus</strong></span> <span class='ocrx_word' id='word_1_950' title='bbox 2731 5468 2806 5542; x_wconf 86' lang='lat' dir='ltr'><strong>(l.</strong></span> <span class='ocrx_word' id='word_1_951' title='bbox 2847 5469 2978 5539; x_wconf 88' lang='lat' dir='ltr'><strong>Reg.</strong></span> <span class='ocrx_word' id='word_1_952' title='bbox 3018 5470 3104 5525; x_wconf 82' lang='grc'><strong>18.</strong></span> <span class='ocrx_word' id='word_1_953' title='bbox 3133 5469 3188 5539; x_wconf 87' lang='lat'><strong>7)</strong></span> <span class='ocrx_word' id='word_1_954' title='bbox 3216 5486 3229 5521; x_wconf 87' lang='lat'><strong><em>:</em></strong></span> <span class='ocrx_word' id='word_1_955' title='bbox 3260 5484 3366 5522; x_wconf 89' lang='lat' dir='ltr'><strong>non</strong></span> <span class='ocrx_word' id='word_1_956' title='bbox 3394 5469 3587 5524; x_wconf 80' lang='lat' dir='ltr'><strong>ferens</strong></span> 
     </span>
    </p>
   </div>
   <div class='ocr_carea' id='block_1_119' title="bbox 2010 5552 3584 5633">
    <p class='ocr_par' dir='ltr' id='par_1_119' title="bbox 2010 5552 3584 5633">
     <span class='ocr_line' id='line_1_119' title="bbox 2010 5552 3584 5633; baseline 0.002 -21"><span class='ocrx_word' id='word_1_957' title='bbox 2010 5574 2163 5629; x_wconf 60' lang='lat' dir='ltr'><strong>sequo</strong></span> <span class='ocrx_word' id='word_1_958' title='bbox 2189 5557 2369 5615; x_wconf 90' lang='lat' dir='ltr'><strong>animo</strong></span> <span class='ocrx_word' id='word_1_959' title='bbox 2394 5575 2512 5628; x_wconf 65' lang='lat' dir='ltr'><strong>quae</strong></span> <span class='ocrx_word' id='word_1_960' title='bbox 2539 5560 2607 5614; x_wconf 92' lang='lat' dir='ltr'><strong>de</strong></span> <span class='ocrx_word' id='word_1_961' title='bbox 2644 5559 2744 5615; x_wconf 91' lang='lat' dir='ltr'><strong>hoc</strong></span> <span class='ocrx_word' id='word_1_962' title='bbox 2767 5560 3075 5615; x_wconf 89' lang='lat' dir='ltr'><strong>dicebantur</strong></span> <span class='ocrx_word' id='word_1_963' title='bbox 3097 5552 3357 5633; x_wconf 72' lang='lat' dir='ltr'><strong>(quamvis</strong></span> <span class='ocrx_word' id='word_1_964' title='bbox 3395 5575 3584 5615; x_wconf 86' lang='lat' dir='ltr'><strong>secun-</strong></span> 
     </span>
    </p>
   </div>
   <div class='ocr_carea' id='block_1_120' title="bbox 2009 5650 3582 5721">
    <p class='ocr_par' dir='ltr' id='par_1_120' title="bbox 2009 5650 3582 5721">
     <span class='ocr_line' id='line_1_120' title="bbox 2009 5650 3582 5721; baseline 0.001 -18"><span class='ocrx_word' id='word_1_965' title='bbox 2009 5650 2135 5704; x_wconf 91' lang='lat' dir='ltr'><strong>dum</strong></span> <span class='ocrx_word' id='word_1_966' title='bbox 2169 5651 2427 5705; x_wconf 88' lang='lat' dir='ltr'><strong>rationem</strong></span> <span class='ocrx_word' id='word_1_967' title='bbox 2464 5651 2661 5720; x_wconf 91' lang='lat' dir='ltr'><strong>justam</strong></span> <span class='ocrx_word' id='word_1_968' title='bbox 2691 5652 2740 5706; x_wconf 91' lang='lat' dir='ltr'><strong>ei</strong></span> <span class='ocrx_word' id='word_1_969' title='bbox 2777 5651 2944 5721; x_wconf 86' lang='lat' dir='ltr'><strong>magis</strong></span> <span class='ocrx_word' id='word_1_970' title='bbox 2974 5651 3262 5706; x_wconf 89' lang='lat' dir='ltr'><strong>tribuerant</strong></span> <span class='ocrx_word' id='word_1_971' title='bbox 3290 5667 3447 5721; x_wconf 90' lang='lat' dir='ltr'><strong>quam</strong></span> <span class='ocrx_word' id='word_1_972' title='bbox 3478 5651 3582 5705; x_wconf 59' lang='lat' dir='ltr'><strong>Da-</strong></span> 
     </span>
    </p>
   </div>
   <div class='ocr_carea' id='block_1_121' title="bbox 2016 5742 3587 5813">
    <p class='ocr_par' dir='ltr' id='par_1_121' title="bbox 2016 5742 3587 5813">
     <span class='ocr_line' id='line_1_121' title="bbox 2016 5742 3587 5813; baseline 0 -17"><span class='ocrx_word' id='word_1_973' title='bbox 2016 5745 2124 5809; x_wconf 79' lang='lat' dir='ltr'><strong>vid)</strong></span> <span class='ocrx_word' id='word_1_974' title='bbox 2150 5787 2162 5809; x_wconf 91' lang='lat'><strong>,</strong></span> <span class='ocrx_word' id='word_1_975' title='bbox 2196 5744 2363 5798; x_wconf 87' lang='lat' dir='ltr'><strong>victus</strong></span> <span class='ocrx_word' id='word_1_976' title='bbox 2389 5742 2584 5798; x_wconf 88' lang='lat' dir='ltr'><strong>invidia</strong></span> <span class='ocrx_word' id='word_1_977' title='bbox 2611 5742 2935 5800; x_wconf 86' lang='lat' dir='ltr'><strong>benefactori</strong></span> <span class='ocrx_word' id='word_1_978' title='bbox 2980 5744 3175 5800; x_wconf 87' lang='lat' dir='ltr'><strong>malum</strong></span> <span class='ocrx_word' id='word_1_979' title='bbox 3214 5742 3488 5813; x_wconf 84' lang='lat' dir='ltr'><strong>rependit;</strong></span> <span class='ocrx_word' id='word_1_980' title='bbox 3533 5752 3587 5797; x_wconf 91' lang='lat' dir='ltr'><strong>et</strong></span> 
     </span>
    </p>
   </div>
  </div>
