4150 6276
538 337 641 394 427

535 465 694 519 quem
722 446 999 519 oportebat
1026 453 1085 501 ut
1116 442 1434 501 salvatorem
1462 452 1516 498 et
1534 442 1928 498 benefactorem
1954 454 2118 510 agno-

536 554 707 605 scere,
726 547 844 595 eum
860 538 1154 593 interficere
1166 537 1453 606 quaerebat.
1476 536 1520 590 0
1534 534 1797 605 ingentem
1821 533 2077 587 insaniam
2099 534 2114 587 l

536 652 569 685 υ
595 633 827 704 Stuporis
870 628 1317 700 magnitudinem!
1370 628 1501 681 Eum
1544 626 1633 695 qui
1667 625 1828 679 vitam
1869 624 1969 679 sibi
2005 640 2119 679 ser-

540 735 687 777 101111
710 765 725 788 ,
752 733 806 777 et
831 736 1040 775 omnem
1075 732 1231 774 suum
1263 718 1553 772 exercitum
1578 718 1645 770 ab
1673 717 1982 785 alienigena:
2007 715 2115 770 Go-

541 816 671 867 liath
695 813 871 866 furore
898 812 1233 874 liberaverat,
1262 818 1319 862 ut
1343 809 1549 861 hostem
1570 818 1874 877 suspectum
1906 806 2110 873 habuit,

545 914 593 959 et
642 906 920 957 immemor
967 898 1252 963 beneficii,
1303 899 1371 952 ab
1419 897 1697 952 allectioue
1754 896 2115 949 vincebatur:

544 994 630 1047 sed
666 1002 844 1048 mente
888 1007 985 1046 sua
1014 990 1393 1045 obtenebratus
1419 990 1486 1042 ab
1527 989 1725 1042 invidia
1746 1028 1760 1052 ,
1795 988 2010 1056 perinde
2034 996 2117 1041 at-

540 1098 641 1151 que
682 1083 749 1134 ab
777 1081 1034 1137 ebrietate
1060 1079 1286 1149 quadam
1310 1119 1329 1146 ,
1374 1078 1764 1135 benefactorem
1812 1087 1870 1133 ut
1910 1078 2118 1132 hostem

537 1171 834 1240 spectabat.

610 1264 662 1315 4.
694 1260 907 1314 Invidia:
934 1259 1136 1313 morbus
1152 1258 1465 1312 describitur.
1507 1256 1718 1313 Moralis
1755 1261 2032 1313 exhortatio
2051 1259 2121 1312 ad

545 1350 841 1422 fugiendum
874 1348 1137 1403 invidiam.
1180 1347 1393 1403 Damon
1424 1350 1613 1401 homini
1650 1350 1920 1420 subjectus.
1947 1378 2017 1390 —
2043 1349 2119 1404 lla

539 1443 681 1494 enim
721 1455 781 1493 se
816 1438 1011 1493 habere
1052 1438 1187 1492 solet
1230 1438 1384 1507 hujus
1413 1438 1709 1493 all‘ectionis
1734 1440 1931 1492 malitia
1963 1457 1977 1492 ε
2010 1441 2115 1508 pri-

542 1546 688 1584 mum
710 1532 1002 1602 corrumpit
1020 1547 1140 1587 eum
1165 1546 1197 1584 a
1221 1546 1326 1601 quo
1347 1542 1647 1601 generatur.
1678 1531 1740 1584 Et
1769 1531 2117 1601 quemadmo-

540 1622 667 1677 dum
708 1624 905 1677 vermis
948 1623 1099 1693 quia
1140 1624 1281 1692 ligno
1320 1622 1664 1691 producitur,
1705 1622 1903 1691 lignum
1949 1624 2120 1691 primo

540 1711 806 1766 consumit
843 1728 860 1767 :
902 1712 971 1766 ita
1011 1724 1065 1767 et
1110 1711 1305 1765 invidia
1352 1712 1493 1765 illam
1536 1712 1704 1780 primo
1741 1712 1973 1764 animam
1999 1726 2120 1765 cor-

541 1802 790 1872 rumpita
817 1818 918 1871 qua
957 1811 1078 1856 nata
1115 1811 1233 1865 est,
1279 1802 1403 1856 etei
1428 1802 1511 1855 cui
1548 1801 1815 1855 invidetur
1841 1804 1994 1869 plane
2032 1803 2119 1855 di-

540 1907 692 1947 versa
719 1909 875 1963 quam
891 1892 1004 1947 vult
1023 1892 1195 1947 all'ert.
1220 1892 1296 1946 Ne
1318 1892 1475 1961 igitur
1496 1893 1698 1960 respice
1720 1892 1783 1945 ad
1806 1893 2119 1962 principium

542 2000 724 2041 eorum
774 1985 966 2055 quibus
1007 1983 1303 2049 invidetur,
1352 1984 1444 2039 sed
1488 1984 1554 2039 ad
1597 1983 1754 2039 finem
1786 1985 2025 2054 respice,
2065 1993 2119 2040 et

542 2075 776 2139 attende,
809 2076 930 2145 quia
959 2076 1158 2130 malitia
1180 2075 1523 2130 invidentium
1547 2117 1563 2141 ,
1590 2090 1683 2132 eos
1703 2076 1891 2147 quibus
1921 2077 2121 2133 invidet

540 2165 794 2219 clariores
831 2165 1012 2219 eflicit.
1068 2164 1197 2218 Nam
1231 2165 1263 2218 ii
1303 2165 1496 2235 quibus
1542 2166 1808 2220 invidetur
1849 2167 2117 2221 subsidia-

541 2256 675 2308 rium
714 2255 909 2309 habent
949 2256 1041 2309 Dei
1072 2256 1364 2321 auxilium,
1405 2264 1461 2310 et
1494 2257 1661 2325 gratia
1705 2256 1950 2310 fruuntur
1983 2275 1997 2311 :
2028 2257 2117 2324 qui

540 2355 715 2399 autem
760 2346 994 2412 invidet,
1024 2347 1190 2416 gratia
1216 2348 1493 2415 spoliatur,
1534 2356 1589 2400 et
1620 2346 1774 2401 facile
1799 2349 2029 2402 vincitur
2050 2348 2118 2402 ab

540 2438 786 2491 omnibus
811 2454 824 2487 :
855 2447 909 2490 et
932 2445 1088 2492 antea
1118 2453 1147 2491 a
1178 2438 1288 2491 suis
1313 2438 1621 2501 atl'ectibus,
1650 2455 1811 2509 quam
1842 2440 1909 2495 ab
1936 2450 2117 2496 exter-

541 2525 625 2577 nis
652 2523 892 2578 hostibus
936 2524 1209 2579 inl‘estatus
1229 2567 1245 2591 ,
1294 2526 1443 2595 quasi
1471 2529 1800 2583 consumitur
1822 2570 1839 2596 ,
1872 2539 1927 2584 et
1968 2531 2119 2600 quasi

540 2614 761 2668 occultis
790 2614 1016 2667 maxillis
1043 2613 1359 2676 devoratur,
1394 2626 1448 2670 et
1473 2616 1816 2685 absumptus,
1855 2628 1909 2672 ut
1939 2621 2005 2673 ita
2033 2620 2118 2673 di-

540 2718 695 2768 cam,
742 2704 1118 2772 submergitur.
1167 2704 1296 2769 Quae
1335 2720 1456 2757 cum
1502 2706 1653 2759 nobis
1691 2717 1961 2776 comperta
1990 2710 2116 2773 sint,

540 2791 784 2856 obsecro,
815 2792 1073 2860 fugiamus
1100 2794 1268 2847 morbi
1298 2792 1454 2863 hujus
1475 2794 1747 2860 damnum,
1771 2807 1824 2851 ct
1848 2799 1970 2853 totis
1994 2799 2123 2854 viri-

543 2881 643 2935 bus
668 2882 735 2935 ab
754 2881 1030 2936 animabus
1059 2884 1253 2937 nostris
1282 2884 1638 2940 elimiuemus.
1665 2887 2116 2944 Perniciosissima

540 2973 682 3027 enim
709 2982 791 3027 est
820 2974 1055 3028 omnium
1086 2970 1424 3030 all'ectionum
1451 3016 1466 3040 ,
1521 2988 1867 3049 nostramque
1893 2980 2118 3035 salutem

540 3063 864 3132 corrumpit,
892 3073 1076 3133 utpote
1103 3065 1299 3119 diaboli
1329 3067 1617 3121 inventum.
1646 3068 1930 3138 Propterea
1957 3080 2011 3126 et
2030 3086 2118 3125 sa-

541 3154 691 3224 piens
727 3154 940 3223 quidam
984 3155 1192 3210 dicebat
1234 3173 1249 3213 :
1290 3155 1490 3209 Invidia
1535 3168 1702 3211 autem
1749 3160 1937 3213 diaboli
1985 3178 2119 3217 mors

542 3245 743 3298 intravit
780 3246 832 3297 in
869 3246 1110 3299 mundum
1151 3247 1307 3318 (Sap.
1332 3249 1384 3301 2.
1415 3250 1528 3314 24).
1576 3248 1710 3315 Quid
1752 3262 1833 3305 est
1856 3294 1869 3313 ,
1917 3250 2120 3306 Invidia

541 3335 731 3389 diaboli
754 3352 887 3389 mors
914 3336 1116 3389 intravit
1141 3338 1192 3389 in
1211 3339 1493 3392 mundum?
1516 3340 1646 3393 Nam
1680 3352 1955 3410 postquam
1983 3345 2117 3400 mala

544 3426 658 3480 haec
686 3425 853 3479 bestia
889 3425 1113 3494 primum
1156 3427 1423 3482 hominem
1447 3430 1575 3483 vidit
1606 3431 1956 3486 immortalem
1982 3474 1995 3498 ,
2028 3451 2121 3502 per

544 3528 694 3568 suam
746 3514 1121 3582 malignitatem
1160 3516 1225 3570 ad
1267 3521 1738 3587 transgressionem
1770 3524 1999 3578 mandati
2041 3526 2119 3577 iu-

544 3607 728 3671 duxit,
762 3622 853 3675 per
881 3623 1038 3677 quam
1064 3606 1186 3662 fecit
1218 3617 1277 3662 ut
1306 3610 1462 3663 morti
1494 3609 1642 3664 fieret
1667 3613 1944 3667 obnoxius.
1979 3616 2118 3670 luvi-

543 3695 629 3750 dia
667 3695 824 3765 igitur
862 3696 1228 3765 deeiriitionem
1268 3680 1484 3768 operata
1514 3709 1629 3766 est,
1659 3701 1902 3770 deceptio
1933 3704 2118 3759 iuobe-

544 3785 831 3847 dientiam,
890 3785 1243 3842 iuobedientia
1298 3798 1544 3843 mortem.
1605 3790 1891 3861 Propterea
1942 3795 2115 3850 dicit:

546 3877 745 3932 Invidia
765 3889 930 3932 autem
959 3880 1145 3933 diaboli
1166 3898 1299 3934 mors
1325 3883 1530 3936 intravit
1554 3883 1607 3936 in
1636 3887 1895 3939 mundum.
1930 3887 2115 3941 Vidisd

544 3982 796 4040 quantum
839 3972 1134 4027 affectionis
1176 3971 1333 4040 hujus
1381 3974 1668 4029 damnum?
1719 3976 2118 4033 immortalitate

546 4063 859 4117 honoratum
887 4064 1164 4117 mortalem
1194 4064 1333 4116 fecit.
1385 4063 1576 4117 \‘erum
1626 4066 1869 4119 inimicus
1906 4070 2117 4137 quidem

546 4164 742 4208 nostra:
779 4154 997 4218 salutis,
1037 4170 1131 4208 sua
1178 4154 1401 4217 invidia,
1449 4165 1504 4208 ut
1553 4160 1751 4224 primus
1795 4159 1984 4224 homo,
2029 4161 2119 4230 qui

546 4242 858 4295 immortalis
887 4252 998 4296 erat
1016 4286 1029 4304 ,
1077 4244 1143 4297 ad
1184 4254 1406 4297 mortem
1434 4247 1876 4302 condemnaretur
1899 4252 2074 4307 effecit
2101 4270 2118 4312 :

548 4333 850 4386 misericors
886 4340 1059 4386 autem
1104 4333 1464 4403 sollicitusque
1511 4350 1608 4405 pro
1643 4339 1796 4392 nobis
1842 4340 2116 4410 Dominus,

548 4437 644 4490 per
675 4430 895 4475 mortem
922 4437 1066 4475 suam
1108 4423 1294 4476 iterum
1328 4425 1775 4483 immortalitatem
1818 4430 1975 4485 nobis
2013 4433 2119 4486 lar-

546 4512 685 4582 gitus
711 4519 813 4565 est.
843 4509 993 4565 Unde
1021 4521 1072 4565 et
1098 4513 1297 4580 majora
1321 4532 1476 4583 quam
1501 4518 1776 4574 amisimus
1798 4522 2115 4579 invenimus.

542 4602 799 4659 Paradiso
823 4602 977 4673 ejecit
1004 4604 1089 4660 ille
1111 4647 1125 4671 ,
1156 4605 1241 4660 hic
1268 4606 1319 4660 in
1344 4608 1532 4661 ca-lum
1565 4610 1765 4665 induxit
1796 4629 1809 4667 :
1836 4613 1924 4669 ille
1948 4627 2120 4672 morte

543 4697 887 4752 condemnari
928 4714 1023 4754 nos
1052 4701 1286 4765 curavit,
1342 4703 1425 4756 hic
1471 4703 1916 4761 immortalitatem
1965 4710 2119 4764 nobis

544 4788 764 4859 largitus
782 4798 865 4845 est
896 4807 909 4843 :
940 4791 1027 4845 ille
1053 4791 1278 4861 paradisi
1298 4794 1498 4848 deliciis
1522 4796 1768 4863 privavit,
1795 4797 1879 4852 11ἴο
1896 4814 2116 4868 regnum

544 4879 795 4932 caelorum
844 4880 995 4933 nobis
1043 4884 1377 4951 praaparavit.
1412 4882 1599 4937 Vidisti
1629 4886 1878 4939 solertem
1910 4887 2117 4944 Domini

544 4969 617 5021 tui
669 4970 1025 5038 sapientiam?
1080 4981 1132 5026 et
1171 4974 1438 5042 quomodo
1482 4989 1543 5028 ea
1575 4991 1692 5045 qua:
1734 4992 1825 5044 per
1870 4979 2116 5035 invidiam

541 5060 733 5113 diaboli
763 5071 947 5114 contra
973 5062 1192 5116 salutem
1221 5076 1453 5120 nostram
1503 5066 1638 5121 facta
1680 5078 1801 5121 sunt
1820 5110 1833 5134 ,
1886 5068 1936 5122 in
1963 5083 2120 5139 caput

543 5152 682 5205 illius
708 5151 1009 5205 convertit?
1054 5151 1166 5207 Non
1193 5157 1331 5209 enim
1364 5159 1534 5212 solum
1582 5175 1677 5212 nos
1719 5160 2007 5229 majoribus
2033 5163 2116 5216 di-

537 5253 730 5311 gnatus
750 5252 850 5308 est,
892 5243 986 5299 sed
1018 5253 1070 5299 et
1098 5245 1239 5299 11111111
1271 5248 1439 5315 ipsum
1474 5250 1626 5303 nobis
1657 5252 1883 5319 subjecit
1908 5252 2113 5321 dicens,

544 5337 667 5391 Ecce
695 5335 813 5389 dedi
853 5336 987 5390 vobis
1021 5345 1307 5406 potestatem
1334 5338 1566 5391 calcandi
1592 5358 1742 5407 super
1777 5355 2028 5411 serpentes
2067 5355 2115 5399 et

542 5429 827 5483 truroiones
854 5426 1001 5494 (Luc.
1033 5428 1115 5483 l0.
1152 5428 1261 5499 19).
1290 5429 1516 5484 Proinde
1535 5430 1647 5484 haec
1672 5434 1850 5487 omnia
1876 5435 2113 5505 cogitan-

533 5529 613 5569 tes
641 5558 656 5580 ,
698 5528 750 5571 et
777 5519 1026 5573 invidiam
1064 5535 1126 5573 ex
1152 5520 1429 5574 animabus
1467 5523 1662 5575 nostris
1702 5522 2027 5594 cffugemus,
2060 5534 2114 5580 et

530 5609 846 5662 Studeamus
875 5618 930 5662 ut
951 5609 1177 5663 divinam
1210 5610 1361 5664 nobis
1401 5610 1821 5666 benevolentiam
1859 5616 2109 5670 concilieo

534 5714 681 5757 mus.
715 5700 838 5755 llzcc
856 5702 996 5756 enim
1019 5714 1194 5757 nostra
1225 5710 1489 5758 armatura
1505 5704 1695 5774 solida,
1718 5714 1771 5762 et
1792 5705 2107 5779 inexpugna-

1249 330 1311 389 S.
1346 330 1625 391 JOANNIS
1658 324 2129 387 CHRYSOSTOMI
2166 326 2479 383 ARCHIEP.
2518 328 3052 389 CONSTANTINOP.

3691 343 3799 397 4'28

2224 438 2382 506 bilis,
2430 440 2511 494 lae
2548 451 2743 497 nostra:
2790 445 3037 500 maxima:
3080 444 3354 503 facultates
3393 463 3411 500 :
3444 464 3537 517 per
3576 449 3712 507 hanc
3747 464 3802 509 et

2224 527 2429 593 lsmael,
2455 534 2697 598 quamvis
2721 533 3030 589 adolescens
3053 576 3068 599 ,
3095 546 3152 591 et
3169 537 3221 590 in
3248 538 3531 594 solitudine
3554 581 3567 601 ,
3592 557 3803 596 rerum-

2222 633 2324 686 que
2343 619 2579 673 omnium
2605 620 2777 691 inopia
2799 638 3016 679 versans
3037 664 3053 689 ,
3079 625 3259 679 statim
3276 628 3449 681 crevit
3467 667 3483 692 ,
3520 640 3574 683 et
3595 631 3645 683 in
3665 647 3800 700 gen-

2224 716 2331 763 tem
2371 724 2615 779 magnam
2639 713 2806 768 factus
2832 723 2915 770 est
2944 732 2959 773 :
2988 715 3109 785 quia
3145 716 3236 771 20.
3266 716 3401 772 Deus
3429 730 3569 786 erat,
3608 721 3795 791 inquit,

2221 813 2335 851 cum
2361 815 2533 868 puero.
2581 800 2717 857 Hinc
2750 803 2898 859 enim
2942 813 3084 859 totus
3126 822 3304 862 sermo
3346 818 3527 863 noster
3549 826 3801 880 egreSsus

2222 898 2326 944 est.
2358 890 2717 959 Despiciamus
2738 892 2894 961 igitur
2913 934 2929 959 ,
2960 910 3082 959 oro,
3108 900 3409 966 priesentia,
3435 900 3804 959 desideremus

2224 979 2398 1036 futura
2429 999 2443 1037 :
2469 985 2693 1053 gratiam
2722 985 2813 1039 Dei
2840 988 3085 1043 omnibus
3113 990 3455 1058 przeferamus
3475 1033 3491 1060 ,
3522 1005 3575 1048 et
3602 1011 3695 1063 per
3724 998 3803 1050 vi-

2226 1082 2333 1127 tam
2374 1076 2627 1143 Optimam
2668 1077 2889 1133 multam
2918 1078 3166 1134 fiduciam
3192 1082 3344 1137 nobis
3373 1095 3528 1155 antea
3566 1101 3796 1155 reposta-
3866 1096 3871 1099 ‘

2223 1180 2342 1218 mus
2374 1183 2386 1219 :
2423 1176 2477 1220 ut
2504 1178 2557 1220 et
2592 1176 2909 1235 prmsentem
2932 1172 3093 1225 vitam
3119 1172 3251 1225 citra
3279 1189 3569 1230 maerorem
3601 1179 3795 1233 transi-

2221 1266 2407 1321 gamus
2425 1293 2441 1319 ,
2471 1262 2525 1308 et
2561 1253 2739 1329 futura
2763 1254 2902 1311 bona
2922 1272 3310 1329 consequamur
3330 1301 3346 1326 ,
3376 1264 3540 1331 gratia
3571 1274 3626 1319 et
3651 1265 3802 1320 beni-

2221 1345 2421 1412 gnitate
2462 1343 2672 1399 Domini
2716 1348 2881 1401 nostri
2916 1347 3043 1403 Jesu
3082 1348 3317 1417 Christi,
3359 1353 3445 1407 cui
3476 1368 3597 1407 cum
3639 1354 3797 1410 Patre

2222 1433 2379 1487 simul
2405 1443 2459 1488 et
2485 1434 2682 1504 Spiritu
2705 1446 2891 1493 sancto
2918 1439 2988 1492 sit
3023 1440 3187 1509 gloria
3204 1481 3220 1506 ,
3255 1441 3537 1511 imperium
3558 1485 3573 1508 ,
3603 1443 3792 1511 honor,

2222 1538 2364 1578 nunc
2387 1532 2441 1580 et
2466 1538 2698 1596 semper,
2720 1528 2843 1582 etin
2871 1529 3065 1584 saecula
3094 1531 3432 1589 saeculorum.
3461 1535 3653 1590 Amen.

2749 1662 3021 1719 HOMILIA
3063 1665 3266 1722 XLVII.

2224 1763 2293 1819 Et
2321 1766 2508 1835 factum
2534 1778 2605 1824 est
2648 1781 2759 1841 post
2782 1773 2928 1826 verba
2959 1775 3063 1827 hac
3083 1816 3096 1837 ,
3126 1775 3264 1832 Deus
3290 1782 3510 1835 tentabat
3537 1781 3790 1837 Abraham

2803 1863 2971 1935 (Gen.
2998 1866 3209 1939 22.1.)

2294 1969 2345 2023 1.
2381 1969 2569 2038 Ingens
2612 1971 2814 2029 lucrum
2838 2016 2853 2040 ,
2894 1978 3209 2049 grandiaque
3240 1981 3517 2039 thesaurus
3541 1985 3592 2040 in
3622 1987 3797 2044 verbis

2222 2074 2341 2129 qua:
2365 2059 2524 2115 hodie
2544 2062 2709 2129 lecta,
2743 2069 2946 2121 tametsi
2981 2085 3143 2136 pauca
3169 2072 3306 2136 sint,
3336 2073 3522 2129 latent.
3554 2077 3631 2130 Eo
3652 2079 3793 2131 enim

2222 2151 2382 2205 modo
2407 2168 2465 2207 se
2488 2153 2682 2209 habent
2706 2156 2880 2210 divina
2910 2159 3141 2229 eloquia,
3161 2170 3219 2215 ut
3239 2163 3431 2219 multas
3454 2166 3665 2221 divitias
3687 2184 3793 2224 non

2223 2242 2275 2295 in
2308 2244 2639 2301 multitudine
2666 2249 2968 2317 verborum,
3001 2252 3092 2306 sed
3125 2255 3174 2307 iu
3205 2255 3461 2314 brevitate
3488 2275 3792 2316 sermoaum

2221 2334 2547 2389 contineant.
2579 2339 2688 2407 Age
2714 2339 2869 2407 igitur
2892 2342 3228 2410 exploremus
3251 2360 3310 2400 ea
3341 2362 3459 2416 quae
3488 2348 3626 2405 dicta
3651 2362 3793 2417 sunt,

2221 2433 2275 2478 et
2297 2424 2564 2479 hodiernae
2587 2427 2826 2483 lectionis
2850 2433 2951 2485 vim
2974 2434 3254 2504 diligenter
3278 2436 3631 2492 addiscamus.
3663 2440 3794 2494 Nam

2222 2514 2299 2568 sic
2329 2516 2518 2569 iterum
2545 2519 2774 2575 sciemus
2799 2535 2855 2575 et
2884 2523 3192 2590 patriarcha:
3220 2528 3487 2593 copiosam
3515 2530 3761 2585 virtutem
3779 2571 3795 2595 ,

2222 2614 2274 2660 et
2304 2606 2392 2661 Dei
2414 2608 2756 2663 excellentem
2784 2612 3138 2668 clementiam.
3163 2617 3213 2670 1.
3256 2615 3322 2670 Et
3360 2618 3548 2686 factum
3577 2630 3679 2685 est,
3714 2620 3797 2673 iu-

2221 2698 2354 2766 quit,
2384 2709 2493 2767 post
2520 2701 2667 2753 verba
2687 2702 2811 2768 haec,
2841 2701 2978 2758 Deus
2999 2709 3217 2760 tentabat
3236 2708 3482 2762 Abraham
3513 2709 3659 2780 (Cap.
3680 2712 3794 2781 22).

2220 2787 2355 2852 Quid
2384 2788 2484 2841 sibi
2512 2790 2693 2844 volunt
2729 2791 2843 2847 haec
2871 2795 3027 2849 verba
3046 2837 3061 2861 ,
3093 2794 3160 2849 Et
3188 2797 3377 2866 factum
3414 2809 3483 2853 est
3505 2809 3619 2868 post
3641 2802 3797 2855 verba

2222 2875 2349 2942 hwc,
2374 2877 2591 2931 tentabat
2624 2879 2757 2935 Deus
2786 2881 3083 2937 Abraham?
3108 2884 3417 2955 Considera,
3440 2888 3680 2953 obsecro,
3712 2890 3799 2942 di-

2220 2967 2396 3021 vinam
2424 2967 2769 3038 Scripturam,
2799 2974 3066 3042 quomodo
3091 2976 3242 3030 nobis
3264 2976 3393 3045 justi
3418 2978 3661 3033 virtutem
3688 2979 3794 3048 jam

2223 3058 2350 3112 velit
2372 3058 2638 3127 detegere.
2668 3062 2731 3114 Et
2759 3063 2879 3131 quia
2908 3074 3181 3119 narratura
3210 3073 3310 3130 est,
3339 3069 3605 3135 quomodo
3627 3068 3798 3122 Abra-

2222 3148 2345 3204 ham
2375 3166 2405 3204 a
2438 3151 2546 3206 Deo
2576 3161 2804 3207 tentatus
2832 3156 2928 3221 sit,
2962 3156 3106 3224 prius
3136 3156 3245 3209 vult
3273 3166 3330 3210 111
3366 3156 3632 3213 discamus
3662 3168 3795 3213 tem-

2223 3255 2321 3310 pus
2341 3282 2353 3303 ,
2384 3257 2487 3310 quo
2519 3240 2631 3295 hare
2667 3242 2977 3311 patriarchae
3018 3255 3278 3314 pnecepta
3318 3256 3442 3299 sunt
3464 3288 3479 3312 ,
3510 3257 3562 3301 et
3587 3248 3798 3317 quando

2216 3332 2397 3396 jussus
2424 3342 2504 3386 est
2532 3333 2725 3388 offerre
2753 3333 2986 3389 lsaacum
3010 3376 3025 3402 ,
3053 3349 3110 3389 ut
3139 3338 3278 3390 scias
3304 3353 3545 3407 magnam
3574 3340 3797 3407 patriar-

2220 3422 2334 3477 cha:
2355 3423 2726 3492 obedientiam,
2751 3434 2805 3479 et
2823 3428 3092 3496 quomodo
3116 3428 3205 3481 Dei
3221 3427 3382 3495 jussis
3405 3428 3531 3483 nihil
3556 3429 3796 3499 przeferri

2224 3528 2408 3582 passus
2435 3514 2521 3568 sit.
2547 3514 2682 3582 Quid
2712 3515 2870 3585 igitur
2890 3526 2990 3581 est,
3014 3515 3228 3570 Factum
3244 3527 3314 3571 est
3338 3528 3503 3571 autem
3523 3530 3631 3589 post
3653 3520 3800 3572 verba

2222 3604 2327 3656 11ωο
2343 3604 2368 3657 ?
2387 3603 2644 3669 Quoniam
2669 3616 2941 3675 postquam
2964 3618 3115 3660 natus
3135 3616 3216 3660 est
3246 3607 3405 3671 lsaac,
3434 3609 3643 3677 quando
3668 3610 3798 3663 vidit

2222 3694 2380 3748 Sarra
2427 3696 2701 3750 lsmaelem
2741 3698 2894 3750 simul
2926 3698 3123 3750 versari
3157 3712 3276 3751 cum
3306 3697 3451 3752 lsaac
3474 3741 3488 3763 ,
3519 3699 3656 3752 sicut
3685 3701 3795 3753 heri

2220 3787 2373 3841 vobis
2401 3786 2631 3841 diximus
2654 3828 2667 3851 ,
2710 3787 2811 3843 hoc
2852 3805 2993 3858 aegre
3031 3791 3206 3845 ferens
3230 3832 3244 3855 ,
3273 3791 3480 3845 dicebat
3524 3794 3749 3845 Abrahae

2222 3877 2368 3947 Ejice
2393 3880 2629 3933 ancillam
2655 3891 2701 3934 et
2722 3881 2885 3949 ﬁlium
2913 3884 3020 3951 ejus
3050 3897 3069 3934 :
3094 3898 3192 3934 non
3221 3883 3351 3934 enim
3374 3884 3467 3936 erit
3493 3883 3632 3936 lieres
3662 3883 3800 3949 ﬁlius

2221 3970 2422 4023 ancilla
2443 3987 2556 4023 cum
2583 3972 2688 4038 filio
2718 3988 2827 4024 meo
2854 3974 2871 4039 (
2898 3970 3027 4026 Gen.
3056 3971 3291 4041 21.10);
3324 3987 3553 4041 cumque
3580 3971 3681 4026 hoc
3708 3989 3801 4042 pa-

2223 4062 2468 4115 triarcha:
2503 4062 2691 4115 durum
2723 4061 2989 4116 videretur
3009 4101 3025 4125 ,
3054 4062 3237 4117 volens
3269 4077 3391 4117 eum
3434 4063 3570 4117 Deus
3605 4077 3798 4118 conso-

2224 4153 2342 4220 lari,
2370 4155 2442 4207 ait
2471 4172 2482 4206 :
2517 4154 2653 4208 Audi
2681 4153 2894 4208 Sarram
2926 4170 3144 4209 uxorem
3179 4165 3343 4222 tuam,
3372 4165 3427 4211 et
3454 4156 3534 4211 fac
3562 4156 3701 4226 quod
3730 4159 3799 4211 ab

2222 4261 2284 4301 ea
2314 4246 2513 4299 dictum
2545 4255 2625 4299 est
2659 4262 2672 4297 :
2706 4259 2876 4314 neque
2901 4245 3140 4299 videatur
3168 4246 3258 4300 tibi
3286 4246 3474 4300 durum
3502 4287 3516 4310 ,
3544 4247 3684 4316 quod
3715 4246 3799 4301 di-

2223 4345 2364 4389 ctum
2392 4344 2474 4389 est
2494 4333 2561 4389 de
2590 4349 2754 4403 puero
2778 4345 2830 4389 et
2855 4334 2921 4388 de
2947 4336 3156 4390 ancilla.
3185 4335 3252 4389 In
3274 4335 3424 4390 Isaac
3446 4336 3579 4389 enim
3604 4336 3802 4389 vocabi-

2223 4437 2305 4479 tur
2334 4426 2419 4479 tibi
2445 4442 2610 4479 semen
2639 4430 2656 4497 (
2686 4424 2764 4481 Ib.
2797 4443 2845 4480 v.
2878 4426 3009 4499 12),
3040 4439 3095 4484 01
3119 4428 3267 4482 11111111
3291 4443 3501 4498 quoque
3529 4428 3716 4482 faciam
3748 4430 3798 4483 in

2223 4526 2430 4587 gentem
2456 4532 2698 4586 magnam
2722 4557 2738 4582 ,
2769 4518 2889 4585 quia
2918 4532 3099 4573 semen
3131 4528 3275 4571 tuum
3302 4526 3401 4571 est.
3434 4516 3500 4571 Et
3523 4518 3695 4571 omnis
3727 4517 3802 4573 illi

2223 4624 2252 4661 a
2284 4609 2391 4662 Deo
2429 4608 2561 4663 facta
2598 4610 2882 4679 promissio
2908 4625 2974 4665 eo
3005 4610 3282 4677 tendebat,
3324 4620 3380 4664 ut
3422 4610 3530 4664 nati
3559 4625 3627 4664 ex
3658 4611 3802 4665 lsaac

2222 4700 2275 4756 in
2306 4716 2550 4771 magnum
2586 4703 2837 4773 pepulum
2879 4711 3313 4773 propagarentur.
3344 4700 3475 4757 Cum
3505 4716 3632 4772 ergo
3659 4701 3799 4757 bona

2224 4792 2523 4862 hujusmodi
2554 4808 2650 4861 spe
2677 4794 2910 4847 aleretur
2931 4794 3126 4861 justus,
3152 4801 3273 4862 post
3296 4802 3467 4847 tantas
3486 4802 3539 4849 et
3559 4804 3663 4848 tam
3691 4792 3799 4848 fre-

2222 4894 2443 4952 quentes
2469 4899 2732 4938 aerumnas
2760 4893 2814 4937 et
2844 4885 3179 4949 tentationes,
3203 4898 3385 4967 earum
3412 4894 3624 4953 accepta
3653 4899 3800 4939 mer-

2221 4975 2370 5040 cede,
2400 4984 2453 5029 et
2482 4975 2532 5028 in
2563 4983 2673 5027 tuto
2700 4973 2912 5028 demum
2939 4973 3241 5039 collocatus,
3275 4990 3383 5043 prze
3401 4974 3568 5029 oculis
3600 4974 3801 5029 habens

2221 5065 2321 5119 sibi
2352 5079 2720 5119 successurum
2754 5064 3026 5129 heredem,
3055 5079 3241 5119 secure
3265 5065 3483 5134 agebat,
3515 5065 3799 5118 maximam

2221 5157 2344 5212 inde
2366 5157 2660 5225 percipiens
2684 5156 3121 5210 consolationem.
3154 5154 3350 5209 Verum
3378 5158 3463 5225 qui
3490 5156 3801 5210 abscondita

2219 5248 2459 5301 cordium
2492 5248 2673 5310 novit,
2704 5248 2886 5302 volens
2915 5247 3066 5301 nobis
3088 5247 3218 5315 justi
3247 5246 3404 5316 hujus
3431 5250 3678 5302 virtutem
3708 5248 3798 5301 de-

2222 5349 2402 5410 tegere
2425 5381 2439 5401 ,
2469 5350 2525 5394 et
2564 5356 2810 5409 magnum
2839 5356 3076 5396 amorem
3102 5356 3258 5410 quem
3286 5356 3409 5410 erga
3448 5354 3508 5394 se
3545 5340 3799 5408 gerebat,

2218 5441 2337 5500 post
2380 5440 2456 5484 tot
2501 5432 2877 5500 promissioues
2919 5441 2973 5486 et
3016 5432 3152 5486 hanc
3197 5446 3406 5500 quoque
3448 5447 3565 5499 qua:
3613 5445 3802 5484 recens

2217 5523 2352 5578 facta
2379 5536 2513 5589 erat,
2543 5536 2595 5578 et
2615 5525 2766 5595 cujus
2791 5524 3099 5579 memoriam
3127 5526 3300 5578 adhuc
3329 5526 3533 5578 firmam
3567 5524 3799 5587 tenebat,

2215 5632 2335 5672 cum
2359 5618 2466 5687 jam
2496 5617 2824 5672 adolesceret
2854 5617 3015 5680 lsaac,
3053 5628 3104 5670 et
3136 5618 3186 5671 in
3217 5618 3332 5686 ipso
3357 5618 3528 5671 mtatis
3558 5616 3687 5669 flore
3717 5630 3800 5668 es-

2218 5720 2319 5777 set,
2342 5718 2710 5779 cresceretque
2731 5719 2895 5778 patris
2920 5723 3043 5777 erga
3074 5707 3218 5762 illum
3244 5706 3479 5775 dilectio,
3504 5718 3621 5777 post
3642 5706 3798 5761 verba
