4150 6276
246 308 347 361 όῖἹ

244 425 406 491 γέτην
444 422 553 484 τοῖς
581 421 836 484 ἐναντίοις
866 420 1055 474 λοιπὸν
1082 421 1355 491 ἠμείϐετο,
1396 428 1490 477 καὶ
1521 424 1579 476 ὃν
1606 422 1774 491 ἐχρῆν
1805 437 1906 473 σω-

1334 309 1399 364 IN
1438 308 1593 364 CAP.
1643 306 1782 362 XXII
1822 302 2069 360 GENES.
2113 306 2347 364 IIOMIL.
2389 307 2593 363 XLVII.

3563 310 3668 365 ιεε

2022 421 2393 494 ’Υπερίδωμεν
2432 421 2546 483 οὖν.
2577 421 2897 494 παρακαλῶ,
2929 421 3039 476 τῶν
3085 422 3388 493 παρόντων,
3419 426 3665 493 ποθήσω-

242 507 387 576 τῆρα
430 508 525 560 καὶ
572 506 867 577 εὐεργέτην
896 508 1313 577 ἐπιγράφεσθαι,
1349 509 1538 562 τοῦτον
1574 508 1780 561 ἀνελεῖν
1813 508 1909 558 ἐπ-
2011 526 2111 577 μεν
2142 511 2209 563 τά
2238 511 2522 578 μέλλοντα,
2555 510 2652 579 τὴν
2686 509 2897 562 εὔνοιαν
2922 509 3022 579 τὴν
3049 509 3201 578 παρά
3233 494 3333 562 106
3359 508 3491 562 Θεοῦ
3528 511 3664 563 πάν-

243 594 533 663 εχείρει.“Ὡ
563 595 754 663 μανίας
782 593 1083 664 ὑπερϐολήί
1123 593 1168 647 ὣ
1210 595 1594 665 παραπληξίας
1624 593 1903 651 ἐπίτασιςί

2007 612 2117 648 των
2148 597 2526 667 προτιμῶμεν,
2554 597 2647 649 καὶ
2679 596 2764 649 διά
2784 597 2882 665 τῆς
2907 595 3131 665 ἀρίστης
3152 595 3424 659 πολιτείας
3453 596 3665 659 ἑαυτοῖς

244 678 346 730 Τὸν
366 679 463 749 τήν
487 678 631 749 ζωήν
654 679 802 749 αὐτῷ
828 682 1211 750 χαρισάμενον,
1240 682 1332 734 καὶ
1360 682 1537 735 πάντα
1566 680 1657 731 τὸν
1681 677 1907 748 στρατὸν
1924 739 1949 753 _
1990 682 2207 751 πολλὴν
2231 682 2667 753 προαποθώμεθα
2692 682 2788 751 τὴν
2820 682 3152 753 παρρησίαν,
3180 682 3264 734 ἵνα
3286 682 3380 735 xal
3401 681 3492 735 τὸν
3519 698 3663 751 παρ-

242 765 411 818 αὐτοῦ
438 763 877 835 ἐλευθερώσαντα
903 767 998 837 τῆς
1024 765 1118 819 τοῦ
1146 766 1439 835 ἀλλοφύλου
1468 766 1683 836 μανίας,
1717 763 1906 816 τοῦτον
1929 763 1948 770 ⁷
2001 765 2131 817 όντα
2159 765 2272 834 βίον
2309 766 2529 829 ἀλύπως
2555 767 2799 820 διανύσαι
2831 766 3164 836 δυνηθῶμεν,
3194 767 3288 818 καὶ
3309 765 3417 819 τῶν
3444 766 3664 837 μελλόν-

242 851 317 914 ὼς
348 851 601 922 πολέμιον
630 851 814 904 λονπδν
843 853 1119 924 ὑφωρᾶτο,
1156 853 1251 904 καὶ
1296 853 1416 905 οὐδέ
1464 850 1681 913 ἔναυλος
1709 844 1842 902 οὐσα
1869 849 1903 918 ή

242 936 527 1007 εὐεργεσία
567 937 904 1008 περιεγίνετο
936 939 1029 991 τοῦ
1064 939 1285 1002 πάθους,
1328 938 1463 992 άλλά
1505 937 1752 1006 καθάπερ
1800 934 1903 987 ὑπὸ

246 1022 418 1093 μέθης
444 1023 608 1087 τινὸς,
630 1023 734 1077 ὑπὸ
767 1022 859 1077 τοῦ
894 1023 1086 1093 φθόνου
1118 1024 1406 1088 σκοτωθεὶς
1432 1025 1523 1078 τὸν
1547 1024 1645 1095 τῆς
1668 1022 1904 1084 διανοίας

241 1107 519 1178 λογισμὸν,
553 1110 643 1163 τὸν
674 1112 966 1182 εὐεργέτην
991 1111 1066 1176 ὡς
1095 1112 1347 1182 πολέμιον
1375 1110 1541 1182 ἐώρα.

309 1192 371 1249 ε’.
409 1195 657 1251 Τοιοῦτον
707 1197 816 1267 γάρ
842 1200 875 1269 ή
906 1199 1073 1251 κακία
1104 1198 1198 1252 τοῦ
1234 1198 1438 1261 πάθους
1462 1198 1651 1250 τούτου
1675 1211 1693 1230 ο
1754 1194 1901 1267 αὐτῷ

239 1280 501 1353 πρότερον
547 1283 863 1352 λυμαίνεται
895 1284 974 1354 τῷ
1010 1285 1167 1338 τοῦτο
1201 1285 1460 1338 τίκτοντι.
1505 1285 1617 1337 Kal
1650 1282 1901 1353 καθάπερ

243 1365 456 1435 σκώληξ
476 1366 582 1422 ὑπὸ
598 1368 692 1422 τοῦ
724 1368 882 1433 ξύλου
902 1372 1214 1442 τικτόμενος
1231 1371 1362 1424 αὐτὸ
1383 1371 1644 1442 πρότερον
1664 1368 1726 1422 τὸ
1747 1368 1899 1434 ξύλον

240 1453 620 1508 καταναλίσκει
638 1472 652 1487 °
690 1457 833 1510 οὑτω
857 1459 952 1510 καὶ
977 1458 1007 1509 6
1032 1458 1222 1528 φθόνος
1254 1459 1469 1529 ἐκείνην
1499 1457 1762 1528 πρότερον
1786 1456 1900 1509 δια-

240 1533 448 1606 φθείρει
479 1539 575 1610 τήν
612 1542 877 1595 τεκοῦσαν
919 1544 1080 1598 αὐτὸν
1125 1545 1322 1618 ψυχήν,
1351 1546 1444 1597 καὶ
1494 1544 1555 1597 τὸ
1592 1542 1831 1597 ἐναντίον
1861 1542 1894 1613 ή

242 1620 488 1689 βούλεται
512 1627 601 1681 τὸν
636 1628 995 1699 φθονούμενον
1026 1631 1311 1702 διατίθησι.
1351 1629 1498 1702 [472]
1523 1630 1615 1701 Μὴ
1658 1629 1767 1701 γάρ
1807 1646 1897 1699 μοι

235 1708 303 1760 τά
338 1712 596 1783 προοίμια
626 1715 928 1771 σκόπειέπί
956 1718 1063 1771 τῶν
1091 1719 1491 1789 φθονουμένων,
1520 1718 1655 1772 ἀλλά
1677 1718 1811 1788 πρὸς
1834 1717 1895 1770 τὸ

234 1793 388 1857 τέλος
411 1798 608 1868 ἀφόρα,
644 1802 738 1855 καὶ
777 1804 945 1856 ἐννόει
976 1804 1056 1856 ὅτι
1083 1804 1220 1874 αὐτή
1250 1806 1284 1876 ή
1310 1805 1475 1858 κακία
1503 1804 1612 1857 τῶν
1640 1803 1894 1874 φθονούν-

236 1898 342 1935 των
372 1887 451 1947 εἰς
484 1887 704 1955 μείζονα
745 1891 1097 1961 περιφάνειαν
1143 1894 1266 1960 ἄγει
1312 1893 1439 1957 τοὺς
1481 1891 1891 1960 φθονουμένους.

239 1970 303 2020 Ol
334 1970 433 2039 μὲν
462 1971 570 2041 γάρ
604 1975 809 2028 καὶτὸν
831 1977 964 2030 Θεὸν
990 1977 1303 2045 ἐφέλκονται
1330 1980 1411 2041 εἰς
1442 1978 1774 2047 συμμαχίαν,
1799 1978 1893 2031 καὶ

232 2054 334 2123 τῆς
370 2056 575 2112 ἄνωθεν
614 2060 947 2117 ἀπολαύουσι
996 2066 1199 2134 ῥοπῆς·
1242 2067 1270 2118 6
1315 2065 1371 2117 δέ
1417 2064 1620 2133 ταύτης
1666 2064 1889 2134 ἔρημος.

237 2144 400 2195 πᾶσιν
435 2146 844 2219 εὐεπιχείρητος
874 2151 1104 2218 γίνεται,
1132 2152 1225 2205 καὶ
1256 2151 1362 2221 πρὸ
1383 2152 1490 2205 τῶν
1517 2150 1713 2215 ἐξωθεν
1738 2152 1896 2204 πολε-

237 2229 374 2295 μίων
416 2232 506 2284 ὑπ’
537 2234 700 2288 αὐτοῦ
736 2236 830 2288 τοῦ
868 2235 1073 2298 πάθους
1119 2235 1569 2307 πολιορκούμενος
1613 2238 1892 2307 μονονουχὶ

232 2318 809 2387 καταναλίσκεται,καὶ
841 2320 1027 2392 ὥσπερ
1055 2320 1269 2393 ἀδήλοις
1293 2321 1511 2391 γνάθοις
1537 2322 1891 2393 κατεσθιόμε-

231 2415 339 2465 νος,
368 2400 509 2454 οὑτω
539 2404 1299 2477 δαπανώμενος,ὑπο6ρύχιος,
1333 2407 1408 2471 ὡς
1440 2409 1634 2470 εἰπεῖν,
1660 2408 1885 2477 γίνεται.

234 2488 413 2560 Ὅπερ
456 2486 652 2552 εἰδότες
705 2491 1014 2561 φεύγωμεν,
1064 2492 1396 2561 παρακαλῶ,
1444 2492 1543 2562 τὴν
1578 2492 1756 2565 λύμην
1791 2495 1887 2550 τοῦ

234 2577 458 2640 πάθους,
482 2579 574 2632 xal
595 2575 741 2651 πάσῃ
759 2577 986 2649 δυνάμει
1013 2575 1339 2650 ἐξορίζωμεν
1368 2576 1527 2632 τοῦτο
1556 2580 1653 2650 τῆς
1680 2580 1889 2640 ἐαυτῶν

230 2660 428 2730 ψυχῆς.
456 2664 678 2717 Πάντων
701 2666 809 2737 γάρ
836 2666 945 2719 τῶν
979 2666 1161 2721 παθῶν
1188 2663 1344 2722 τοῦτο
1374 2666 1889 2740 ὀλεθριώτερον,καὶ

226 2748 363 2817 αὐτῇ
399 2748 550 2817 ήμῶν
581 2753 646 2821 τῇ
671 2751 913 2823 σωτηρίᾳ
950 2752 1338 2825 λυμαινόμενον
1362 2773 1376 2787 ο
1396 2754 1491 2808 τοῦ
1518 2755 1627 2826 γάρ
1651 2755 1887 2827 πονηροῦ

220 2834 466 2888 διαϐόλου
486 2836 632 2890 ἐστὶν
652 2837 783 2908 εὑρη
793 2857 888 2909 μα.
922 2841 999 2893 Δι’
1018 2840 1047 2893 6
1062 2840 1155 2895 καί
1180 2859 1262 2905 τις
1283 2843 1445 2911 σοφὸς
1464 2843 1618 2911 ἐλεγε
1634 2861 1650 2875 ο
1685 2845 1890 2907 Φθόνφ

224 2918 338 2991 [δὲ]
385 2921 663 2978 διαϐόλου
712 2924 966 2992 θάνατος
1020 2927 1304 2995 εἰσῆλθεν
1358 2930 1445 2992 εις
1489 2928 1597 2981 τόν
1635 2929 1884 2997 κόσμον.

224 3008 290 3061 Τί
324 3010 474 3061 ἐστι·
511 3010 713 3076 Φθόνῳ
753 3011 823 3063 δὲ
865 3012 1146 3067 διαϐόλου
1178 3012 1424 3080 θάνατος
1472 3013 1755 3082 εἰσῆλθεν
1800 3016 1889 3081 εἰς

222 3095 331 3147 τὸν
353 3098 584 3165 κόσμον
600 3112 619 3160 ;
658 3098 877 3170 Ἐπειδὴ
912 3098 1017 3171 γάρ
1045 3096 1152 3153 εἶδε
1178 3100 1238 3152 τὸ
1264 3101 1495 3171 πονηρὸν
1526 3099 1682 3152 τοῦτο
1702 3100 1887 3170 θηρίον

221 3182 487 3236 ἀθάνατον
514 3186 802 3254 γενόμενον
832 3186 922 3239 τὸν
952 3186 1393 3257 πρωτόπλαστον,
1429 3186 1517 3238 διά
1549 3186 1647 3256 τῆς
1682 3186 1887 3251 οἰκείας

223 3270 487 3340 πονηρίας
528 3270 623 3333 εἰς.
640 3270 737 3340 τήν
783 3272 880 3341 τῆς
925 3272 1144 3343 ἐντολῆς
1192 3274 1474 3344 παρακοήν
1503 3274 1661 3327 αὐτὸν
1692 3274 1882 3343 ῆγαγε,

220 3356 318 3409 καὶ
345 3356 412 3408 δι’
437 3355 650 3424 ἐκείνης
680 3356 772 3409 τοῦ
810 3356 1035 3410 θανάτου
1062 3358 1158 3428 τὴν
1184 3360 1451 3429 τιμωρίαν
1480 3360 1884 3430 παρεσκεύασεν

219 3442 385 3496 αὑτὸν
415 3442 841 3497 ἐπισπάσασθαι.
860 3444 918 3495 '0
950 3443 1140 3511 φθόνος
1171 3445 1347 3497 τοίνυν
1382 3444 1480 3514 τήν
1518 3446 1734 3517 ἀπάτην
1774 3449 1885 3519 εἰρ-

140 3562 163 3575 .
216 3530 444 3597 γάσατο,
465 3530 497 3598 ή
522 3530 703 3599 ἀπάτη
734 3528 833 3599 τήν
858 3530 1211 3600 παρακοὴν,ή
1245 3533 1494 3603 παρακοὴ
1515 3532 1607 3585 τὸν
1634 3532 1880 3590 θάνατον.

215 3616 317 3669 Διὰ
340 3614 495 3667 τοῦτό
519 3630 652 3683 φησι
670 3629 686 3644 ’
716 3614 919 3681 Φθόνῳ
941 3613 1054 3685 [δὲ]
1085 3616 1369 3669 διαϐόλου
1396 3616 1651 3682 θάνατος
1675 3616 1884 3686 εἰσῆλ-

216 3705 324 3756 θεν
366 3705 452 3765 εἰς
480 3701 589 3755 τὸν
618 3702 868 3770 κόσμον.
904 3699 1059 3765 Εἶδες
1102 3703 1241 3774 πόση
1270 3704 1365 3757 τοῦ
1395 3705 1599 3768 πάθους
1630 3708 1663 3773 ή
1696 3706 1880 3777 λύμη;

214 3789 323 3840 Τὸν
355 3785 620 3857 ἀθανασίᾳ
647 3786 946 3857 τιμηθέντα
978 3787 1192 3857 θανάτῳ
1221 3789 1536 3843 ὑποκεῖσθαι
1563 3792 1880 3862 πεποίηκεν.

228 3875 371 3927 Ἀλλ’
393 3875 421 3926 6
455 3873 553 3943 μέν
587 3873 778 3943 ἐχθρὸς
800 3875 898 3944 τῆς
925 3875 1200 3946 ἡμετέρας
1246 3876 1537 3946 σωτηρίας,
1563 3878 1654 3930 τὸν
1685 3879 1883 3933 οίκεῖον

213 3961 409 4031 φθόνον
442 3960 688 4029 κινήσας,
714 3959 842 4013 ὄντα
870 3959 1138 4014 ἀθάνατον
1180 3962 1271 4015 τὸν
1317 3963 1735 4033 πρωτόπλαστον
1784 3966 1882 4018 θα-

212 4052 363 4115 νάτῳ
390 4046 851 4115 καταδικασθῆναι
881 4049 1180 4118 πεποίηκεν
1200 4050 1258 4101 '6
1281 4049 1338 4102 δὲ
1368 4050 1616 4120 κηδεμὼν
1641 4052 1734 4105 καὶ
1765 4052 1882 4122 φιλ-

212 4136 501 4204 ἅνθρωπος
527 4132 801 4203 Δεσπότης
851 4134 939 4188 διὰ
968 4135 1060 4188 τοῦ
1100 4134 1330 4189 θανάτου
1370 4136 1463 4190 τοῦ
1488 4137 1689 4191 οἰκείου
1720 4139 1880 4192 πάλιν

211 4223 318 4290 τὴν
350 4220 645 4275 ἀθανασίαν
675 4222 807 4291 ήμίν
844 4219 1155 4291 ἐχαρίσατο,
1185 4223 1278 4275 καὶ
1309 4220 1532 4292 μείζονα
1561 4216 1636 4277 ὧν
1662 4224 1880 4278 άπωλέ-

211 4325 390 4379 σαμεν
434 4307 694 4379 εὕραμεν.
730 4308 1063 4379 Παραδείσου
1116 4310 1324 4372 ἐκεῖνος
1372 4308 1628 4380 ἐξήγαγε.
1659 4312 1752 4364 καὶ
1801 4313 1881 4376 εἰς

210 4395 307 4448 τὸν
357 4393 583 4465 οὐρανὸν
630 4386 784 4457 οὗτος
832 4394 1077 4464 ἀνήγαγε
1101 4410 1115 4423 ’
1161 4394 1375 4465 θανάτῳ
1420 4397 1880 4467 καταδικασθῆναι

212 4482 421 4543 ἐκεῖνος
457 4480 746 4550 πεποίηκε,
770 4479 866 4532 καὶ
901 4479 1001 4551 τήν
1026 4479 1323 4533 ἀθανασίαν
1361 4483 1491 4551 ήμῖν
1516 4475 1672 4547 οὗτος
1698 4484 1881 4555 ἐχαρί-

213 4584 378 4621 σατο·
408 4566 507 4635 τῆς
541 4568 599 4619 ἐν
632 4565 945 4636 παραδείσῳ
983 4566 1194 4635 τρυφῆς
1236 4567 1605 4637 ἀπεστέρησεν
1651 4570 1876 4635 ἐκεῖνος,

211 4656 307 4709 καὶ
336 4653 608 4724 βασιλείαν
641 4655 773 4723 ἡμῖν
801 4651 1043 4723 οὐρανῶν
1074 4652 1392 4726 εὐτρέπισεν
1413 4648 1583 4718 οὗτος.
1614 4650 1763 4719 Εἶδες
1784 4657 1878 4709 τοῦ

211 4741 485 4794 Δεσπότου
529 4756 622 4792 σου
659 4738 721 4792 τὸ
764 4738 1090 4809 εὐμήχανον,
1136 4740 1232 4793 καὶ
1273 4740 1421 4804 ὅπως
1463 4740 1533 4793 τὰ
1582 4740 1732 4811 παρά
1781 4741 1879 4811 τῆς

212 4827 511 4898 βασκανίας
534 4825 673 4879 ὅπλα
696 4824 789 4878 τοῦ
820 4824 1063 4878 διαϐόλου
1098 4825 1240 4879 κατά
1275 4826 1373 4894 τῆς
1403 4827 1674 4898 ἡμετέρας
1707 4844 1881 4896 σωτη-

215 4914 337 4984 ρίας
369 4912 727 4981 γεγενημένα,
751 4911 943 4964 ἐκεῖνα
986 4911 1125 4965 αὐτά
1170 4911 1523 4982 περιέτρεψεν
1552 4913 1631 4975 εἰς
1658 4911 1755 4983 τὴν
1786 4912 1880 4965 αὐ-

210 5000 304 5053 τοῦ
351 4998 624 5069 κεφαλήν;
671 4999 745 5051 υὺ
788 4998 949 5067 μόνον
994 4999 1102 5069 γάρ
1133 5000 1276 5069 ἡμᾶς
1326 4999 1585 5069 μειζόνων
1628 4998 1877 5069 ήξίωσεν,

211 5081 349 5136 ἀλλά
374 5084 469 5136 καὶ
498 5084 703 5136 ἐκεῖνον
729 5085 863 5154 ήμῖν
893 5084 1205 5155 ὑποχείριον
1234 5085 1452 5148 έδωκεν,
1479 5084 1647 5141 εἰπών
1669 5102 1682 5116 ο
1732 5085 1878 5141 ’ἰδοὺ

212 5168 442 5222 δέδωκα
498 5168 642 5238 ὑμῖν
682 5169 974 5233 ἐξουσίαν
1022 5171 1232 5225 πατεῖν
1278 5170 1477 5225 ἐπάνω
1524 5171 1717 5239 ὄφεων
1777 5172 1877 5227 καὶ

211 5256 538 5323 σκορπίων.
574 5254 757 5308 Ταῦτα
811 5257 992 5310 τοίνυν
1037 5257 1251 5311 ἅπαντα
1296 5258 1633 5328 λογιζόμενοι
1665 5260 1758 5312 καὶ
1786 5259 1878 5313 16v

215 5342 406 5411 φθόνον
449 5342 549 5410 τῆς
591 5342 798 5395 ἑαυτῶν
824 5342 1005 5412 ψυχῆς
1041 5342 1387 5414 ἐξορίζωμεν,
1419 5344 1512 5397 καὶ
1543 5345 1641 5415 τήν
1667 5345 1878 5399 εὔνοιαν

212 5430 309 5499 τὴν
357 5428 509 5500 παρά
554 5427 649 5483 τοῦ
697 5428 832 5482 Θεοῦ
877 5429 1254 5500 ἐπισπώμεθα.
1288 5431 1458 5483 Τοῦτο
1494 5432 1602 5502 γὰρ
1633 5433 1787 5503 ήμῶν
1818 5435 1879 5488 16

213 5516 370 5569 ὅπλον
410 5517 469 5570 τὸ
511 5516 951 5585 άκαταγὼνιστον
975 5530 989 5545 ·
1026 5521 1183 5570 τοῦτο
1212 5517 1368 5587 ήμῶν
1401 5518 1434 5588 ἡ
1463 5518 1690 5590 μεγίστη
1721 5535 1877 5589 περι-

215 5605 381 5659 ουσία.
419 5604 517 5657 Διά
546 5602 706 5659 τοῦτο
734 5604 826 5658 καὶ
852 5606 880 5658 6
917 5604 1159 5675 Ίσμαὴλ,
1195 5606 1367 5657 καίτοι
1398 5604 1515 5668 νέος
1548 5606 1642 5658 καὶ
1667 5610 1722 5659 ἐν
1750 5607 1866 5677 ἐρηυ

218 5692 313 5761 μίᾳ
342 5690 418 5744 ὢν
440 5692 535 5744 καὶ
565 5691 735 5762 πολλῇ
765 5692 990 5763 ἀπορίᾳ,
1021 5692 1213 5762 ἀθρόον
1245 5693 1475 5762 ηὐξήθη,
1505 5695 1599 5748 καὶ
1620 5695 1701 5757 εἰς
1722 5694 1873 5758 ἔθνος

219 5776 357 5843 μέγα
399 5778 699 5830 ἐπέδωκεν·
746 5778 931 5847 ἐπειδὴ
970 5779 1031 5831 '0
1077 5780 1220 5845 Θεὸς
1259 5776 1360 5849 ἦν,
1397 5782 1548 5852 φησὶ,
1572 5783 1723 5849 μετὰ
1760 5783 1869 5837 τοῦ

219 5863 471 5918 παιδίου.
489 5862 767 5918 Ἐντεῦθεν
797 5864 905 5931 γάρ
931 5866 1062 5933 ἡμῖν
1106 5868 1135 5919 6
1176 5866 1331 5935 λόγος
1360 5867 1500 5934 ἄπας
1525 5868 1861 5938 ἐξεκυλίσθη.

1994 866 2111 902 ,των
2158 849 2378 918 ἀγαθῶν
2424 851 2784 921 ἐπιτύχωμεν,
2822 852 3002 920 χάριτι
3038 853 3132 904 καὶ
3166 851 3539 923 φιλανθρωπίᾳ
3562 850 3659 906 τοῦ

2004 934 2155 1006 [475]
2194 936 2395 1006 Κυρίου
2423 936 2581 1006 ήμῶν
2639 936 2811 1005 Ἰησοῦ
2846 936 3100 1008 Χριστοῦ,
3154 939 3272 1008 μεθ’
3296 931 3356 991 06
3382 937 3458 1008 τῷ
3487 938 3658 1008 Πατρέ

2003 1023 2117 1091 ἅμα
2137 1021 2214 1091 τῷ
2236 1023 2374 1093 ἀγίῳ
2396 1023 2669 1092 Πνεύματι
2692 1023 2839 1087 δόξα,
2870 1025 3089 1094 κράτος,
3116 1024 3269 1096 τιμή,
3299 1025 3394 1080 νῦν
3423 1024 3520 1080 καὶ
3547 1024 3656 1090 ἀεὶ,

1996 1106 2095 1158 καὶ
2120 1107 2205 1168 εἰς
2233 1108 2358 1171 τοὺς
2385 1107 2585 1173 αἰῶνας
2615 1109 2725 1163 τῶν
2746 1108 2974 1163 αἰώνων.
2992 1111 3180 1183 Ἀμήν.

2617 1197 2859 1249 ΟΜΙΔΙΛ
2896 1198 3027 1251 ΜΖ¹.

1996 1278 2108 1333 Καὶ
2128 1278 2367 1348 ἐγένετο
2389 1289 2539 1349 μετὰ
2558 1282 2630 1335 τὰ
2643 1282 2881 1404 ςέμῇξι
2903 1280 3168 1367 ταῦτα,“ό
3189 1283 3330 1348 Θεὸς
3356 1282 3652 1353 έκείραζει

2620 1367 2650 1403 ε
2854 1366 3029 1404 οααιι.

2620 1351 2726 1404 τὸν
2765 1350 3029 1420 Ἁϐραάμ.

2067 1440 2137 1487 a'.
2171 1432 2313 1487 Πολὺ
2341 1434 2449 1489 τῶν
2474 1437 2708 1507 σήμερον
2736 1438 2867 1507 ήμῐν
2888 1436 3333 1506 ἀναγνωσθέντων
3348 1436 3417 1491 16
3443 1437 3651 1508 κέρδος,

1997 1518 2092 1572 καὶ
2124 1521 2327 1588 ἀφατος
2354 1524 2383 1576 6
2421 1522 2689 1594 θησαυρὸς
2721 1526 2750 1578 6
2774 1526 2892 1587 τοῖς
2926 1524 3149 1595 βραχέσι
3180 1524 3389 1587 τούτοις
3414 1526 3653 1595 ῥήμασιν

1996 1607 2459 1678 ἐγκεκρυμμένος.
2491 1608 2723 1663 Τοιαῦτα
2747 1610 2854 1681 γάρ
2883 1611 2949 1665 τά
2976 1610 3093 1664 θεῖα
3126 1609 3312 1679 λόγια·
3343 1610 3443 1663 οὐκ
3478 1612 3535 1662 ἐν
3576 1610 3653 1682 τῷ

1996 1693 2187 1764 πλήθει
2236 1696 2345 1749 τῶν
2387 1696 2667 1767 ῥημάτων,
2706 1698 2822 1753 ἀλλ’
2847 1699 2907 1751 ἐν
2943 1700 3008 1769 τῇ
3042 1698 3303 1768 συντομία
3331 1696 3440 1751 τῶν
3480 1697 3653 1766 λόγων

1994 1778 2163 1833 πολὺν
2184 1782 2601 1852 ἐναποκείμενον
2615 1784 2728 1855 ἔχει
2744 1784 2837 1838 τὸν
2859 1782 3103 1838 πλοῦτον.
3121 1783 3255 1853 ⁴Ιιέρε
3278 1779 3391 1846 οὑν,
3414 1782 3652 1838 ἀναπτύ-

1993 1865 2174 1935 ξωμεν
2217 1868 2284 1922 τὰ
2337 1870 2623 1940 εἰρημένα,
2669 1871 2763 1924 καὶ
2810 1870 3212 1941 καταμάθωμεν
3256 1870 3500 1941 ἀκριόῶς
3541 1870 3651 1924 τῶν

1994 1952 2232 2022 σήμερον
2270 1955 2721 2023 ἀναγνωσθέντων
2748 1956 2845 2028 τὴν
2875 1956 3119 2027 δύναμιν.
3152 1954 3310 2010 Οὑτω
3338 1956 3447 2027 γὰρ
3489 1957 3651 2011 πάλιν

1986 2037 2254 2105 εἰσόμεθα
2284 2040 2379 2094 καὶ
2409 2039 2502 2093 τοῦ
2532 2041 2870 2113 πατριάρχου
2914 2042 3014 2113 τὴν
3060 2040 3259 2111 πολλὴν
3309 2040 3528 2111 ἀρετὴν,
3554 2043 3651 2097 καὶ

1991 2123 2083 2176 τοῦ
2110 2124 2244 2178 Θεοῦ
2270 2126 2367 2196 τὴν
2394 2126 2832 2197 ὑπερϐάλλουσαν
2862 2125 3284 2198 φιλανθρωπίαν.
3313 2127 3423 2180 Καὶ
3450 2127 3647 2197 ἐγένε-

1990 2226 2078 2265 το.
2106 2212 2258 2280 φησὶ,
2274 2214 2432 2281 ,μετὰ
2456 2214 2527 2267 τὰ
2538 2213 2777 2282 ῥήματα
2802 2213 3007 2277 ταῦτα,
3026 2216 3058 2267 ό
3089 2213 3231 2279 Θεὸς
3256 2212 3516 2281 ἐπείραζε
3541 2214 3649 2271 τὸν

1988 2295 2265 2366 Ἀϐραάμ.
2300 2298 2364 2351 Τί
2394 2298 2641 2368 βούλεται
2676 2301 2831 2354 ταυτὶ
2860 2298 2932 2353 τά
2970 2301 3189 2371 ῥήματα
3209 2342 3222 2363 ,
3260 2302 3367 2354 Kal
3412 2299 3648 2370 ἐγένετο

1976 2382 2134 2449 μετὰ
2160 2383 2233 2437 τὰ
2246 2382 2484 2452 ῥήματα
2500 2384 2703 2449 ταῦτα,
2726 2387 2760 2439 ό
2781 2385 2926 2451 Θεὸς
2941 2384 3203 2454 ἐπείραζεν
3230 2385 3335 2439 τὸν
3366 2386 3607 2457 Ἀϐραάμ
3623 2426 3641 2451 ,

1984 2467 2186 2523 Σκόπει
2219 2487 2308 2539 μοι
2336 2470 2432 2541 τήν
2461 2470 2611 2523 θείαν
2652 2471 2893 2542 Γραφὴν,
2917 2471 3031 2534 πῶς
3052 2472 3297 2525 ἐντεῦθεν
3334 2472 3433 2542 ήδη
3461 2473 3646 2543 βούλεο

1987 2568 2075 2608 ται
2108 2554 2411 2623 ἐκκαλύψαι
2435 2557 2565 2625 ήμῖν
2593 2556 2685 2610 τοῦ
2716 2556 2921 2610 δικαίου
2945 2558 3044 2626 τήν
3082 2558 3300 2627 ἀρετήν.
3329 2558 3438 2612 Καὶ
3455 2560 3643 2631 ἐπειδὴ

1988 2640 2171 2711 μέλλει
2196 2640 2499 2712 διηγεῖσθαι
2527 2642 2625 2711 τὴν
2648 2646 2841 2713 πεῖραν
2867 2643 2965 2714 τὴν
2985 2646 3133 2715 παρά
3160 2644 3253 2697 τοῦ
3277 2644 3409 2698 Θεοῦ
3445 2648 3645 2714 ἐπαγο-

1989 2727 2157 2796 μένην
2186 2726 2265 2797 τῷ
2302 2726 2571 2798 ’Δεραάμ,
2594 2728 2859 2799 πρότερον
2886 2731 3027 2800 ήμᾶς
3055 2728 3304 2799 βούλεται
3327 2731 3417 2785 τὸν
3454 2733 3643 2804 καιρὸν

1984 2814 2214 2878 διδάξαι,
2262 2814 2382 2866 καθ’
2405 2815 2464 2867 όν
2508 2814 2679 2869 ταῦτα
2709 2816 2739 2868 6
2769 2817 3115 2886 πατριάρχης
3156 2819 3498 2880 ἐπετάττετο,
3549 2820 3645 2873 καὶ

1985 2901 2116 2954 πότε
2164 2900 2255 2953 τὸν
2288 2901 2472 2954 Ἰσαάκ
2515 2902 2822 2969 ἀνενεγκεῖν
2863 2900 3163 2968 ἐκελεύετο,
3196 2904 3281 2956 ἵνα
3327 2904 3503 2977 μάθῃς
3547 2905 3643 2977 τὴν

1985 2986 2185 3058 πολλὴν
2211 2986 2304 3041 τοῦ
2331 2988 2669 3059 πατριάρχου
2700 2986 2964 3058 ὑπακοὴν,
2994 2989 3088 3042 καὶ
3115 2989 3260 3053 ὅπως
3282 2990 3389 3042 τῶν
3415 2990 3493 3061 τῷ
3525 2990 3641 3062 Θεῷ

1983 3073 2281 3128 δοκούντων
2322 3074 2471 3127 οὐδὲν
2492 3075 2765 3145 προτιμᾷν
2784 3072 3060 3145 ¹Ινινέοχετο.
3086 3074 3150 3126 Τί
3179 3070 3271 3129 οῦν
3308 3076 3474 3141 ἐστιν,
3493 3078 3643 3147 Ἐγέ-

1982 3175 2119 3215 νετο
2152 3158 2220 3213 δὲ
2242 3160 2394 3229 μετὰ
2436 3162 2509 3215 τὰ
2544 3159 2784 3229 ῥήματα
2830 3159 3053 3224 ταῦτα;
3095 3161 3309 3233 Ἐπειδὴ
3351 3163 3457 3233 γὰρ
3506 3164 3643 3233 μετὰ

1984 3248 2078 3303 τὸν
2127 3247 2223 3301 τοῦ
2264 3247 2450 3304 Ἰσαὰκ
2498 3248 2690 3312 τόκον,
2722 3249 2888 3319 ήνίκα
2930 3248 3193 3303 ἐθεάσατο
3240 3252 3273 3321 ή
3326 3251 3510 3323 Σάρρα
3551 3252 3642 3305 τὸν

1997 3335 2218 3407 ἰσμαήλ
2256 3336 2822 3407 συναναστρεφόμενον
2857 3335 2934 3406 τῷ
2972 3336 3155 3390 Ἰσαάκ
3176 3376 3192 3400 ,
3231 3337 3481 3409 καθάπερ
3516 3338 3642 3409 χθὲς

1983 3423 2122 3494 πρὸς
2183 3423 2325 3492 ὑμᾶς
2379 3422 2750 3494 διελέχθημεν,
2788 3422 3158 3492 δυσχεράνασά
3207 3423 3343 3492 πρὸς
3398 3424 3553 3479 τοῦτο
3605 3429 3641 3495 ή

1982 3509 2169 3582 Σάρρα
2204 3509 2356 3578 ἔλεγε
2392 3509 2526 3579 πρὸς
2562 3508 2653 3562 τὸν
2689 3507 2970 3579 ’Δύραάμο
3004 3510 3262 3563 Ἔκϐαλε
3300 3508 3413 3577 τὴν
3449 3510 3643 3563 παιδί-

1981 3610 2148 3665 σκην
2177 3595 2274 3651 καί
2305 3595 2411 3650 τὸν
2436 3596 2571 3651 υἱὸν
2604 3594 2825 3663 αὑτῆς’
2855 3597 2928 3650 οὺ
2957 3595 3066 3665 γὰρ
3089 3595 3176 3665 μὴ
3208 3598 3638 3667 κληρονομήσῃ

1982 3685 2017 3736 ὁ
2052 3684 2183 3750 υίὸς
2219 3682 2328 3751 τῆς
2367 3682 2688 3748 παιδίσκης
2736 3684 2887 3751 μετὰ
2934 3682 3041 3736 τοῦ
3092 3682 3224 3736 υἰοῦ
3269 3699 3423 3751 μον
3465 3684 3638 3755 ἐφάνη

1980 3770 2037 3822 δὲ
2088 3771 2246 3823 τοῦτο
2300 3770 2531 3839 σκληρὸν
2566 3769 2646 3839 τῷ
2682 3770 3026 3841 πατριάρχῃ,
3066 3768 3383 3839 βουλόμενος
3430 3771 3459 3822 6
3507 3771 3639 3835 Θεὸς

1982 3855 2472 3928 παραμυθήσασθαι
2507 3855 2598 3908 τὸν
2634 3855 2859 3920 δίκαιον,
2897 3855 3089 3925 φησίν·
3125 3854 3457 3909 ’Υπάκουσον
3493 3857 3638 3927 Σάῤ-

1985 3945 2085 4013 ῥας
2121 3941 2223 4012 τῆς
2259 3940 2514 4010 γυναικός
2555 3957 2671 4005 σου,
2698 3941 2790 3994 καὶ
2819 3940 2960 3993 ποίει
2986 3941 3047 3993 τὸ
3074 3941 3201 4011 παρ’
3221 3941 3390 4009 αὐτῆς
3414 3941 3602 4013 λεχθέν
3620 3957 3639 3976 ⁸

1982 4029 2076 4082 καὶ
2113 4029 2188 4100 μὴ
2229 4028 2461 4098 σκληρόν
2480 4044 2564 4081 σοι
2595 4025 2868 4097 φαινέσθω
2903 4026 2964 4079 τὸ
2999 4027 3127 4099 περὶ
3161 4026 3255 4081 τοῦ
3297 4028 3508 4082 παιδίου
3546 4029 3641 4083 καὶ

1979 4115 2080 4185 τῆς
2123 4115 2431 4186 παιδίσκης.
2470 4116 2572 4169 Ἑν
2606 4113 2717 4184 γὰρ
2756 4111 2836 4178 τῷ
2871 4114 3075 4167 Ἰσαὰκ
3125 4114 3491 4184 κληθήσεταί
3537 4130 3640 4170 σοι

1966 4203 2235 4273 σπέρμα,
2272 4203 2367 4257 καὶ
2402 4203 2590 4257 τοῦτον
2625 4202 2684 4255 δέ
2722 4202 2929 4273 ποιήσω
2967 4203 3045 4265 είς
3081 4201 3230 4264 ἔθνος
3269 4202 3428 4273 μέγα,
3451 4202 3640 4275 ἐπειδὴ

1982 4292 2201 4363 σπέρμα
2238 4290 2327 4343 σόν
2364 4291 2499 4343 ἐστι.
2546 4290 2654 4343 Kal
2692 4290 2840 4343 πᾶσα
2877 4291 2910 4360 ή
2949 4288 3239 4359 ὑπόσχεσις
3273 4289 3423 4359 αὐτῷ
3472 4292 3565 4344 καὶ
3600 4292 3638 4362 ή

1981 4377 2134 4448 παρά
2168 4375 2262 4429 106
2296 4375 2434 4429 Θεοῦ
2471 4374 2768 4443 ἐπαγγελία
2790 4375 2926 4446 αῦτη
2955 4370 3043 4446 ἦν,
3064 4374 3205 4429 ὥστε
3235 4378 3315 4440 εἰς
3342 4377 3475 4430 πολὺ
3504 4377 3639 4447 πλῆ-

1980 4463 2072 4525 θος
2101 4461 2434 4516 ἐκτείνεσθαι
2463 4463 2588 4526 τοὺς
2621 4464 2685 4515 ἐκ
2715 4462 2809 4515 τοῦ
2838 4462 3019 4516 Ἰσαάκ
3053 4462 3339 4532 τεχθέντας
3354 4464 3403 4516 ιι.
3423 4463 3639 4536 Ἐπειδὴ

1977 4548 2201 4611 ταύταις
2236 4550 2356 4611 ταῖς
2394 4547 2571 4600 ἐλπίσι
2607 4548 2939 4618 τρεφόμενος
2974 4550 3003 4602 6
3038 4548 3242 4612 δίκαιος
3274 4549 3516 4610 διετέλει.
3542 4553 3639 4604 καὶ

1978 4633 2054 4697 ὡς
2088 4632 2197 4685 τῶν
2231 4630 2497 4685 τοσούτων
2552 4632 2647 4684 καὶ
2692 4631 3005 4702 ἐπαλλήλων
3042 4631 3273 4701 θλίψεων
3310 4634 3405 4686 καὶ
3442 4651 3607 4704 πειρα

1980 4718 2134 4789 σμῶν
2170 4717 2268 4783 τάς
2306 4717 2539 4788 ἀμοιϐάς
2575 4718 2959 4787 κομισάμενος,
3001 4717 3093 4769 καὶ
3132 4719 3189 4769 ἐν
3226 4719 3490 4789 ἀσφαλείᾳ
3527 4719 3608 4772 λοι

1978 4807 2079 4859 πὸν
2128 4805 2363 4874 γεγονὼς
2387 4844 2403 4869 ,
2451 4805 2546 4858 καὶ
2600 4804 2742 4875 ὁρῶν
2790 4805 2849 4857 ἐν
2897 4804 3191 4874 ὀφθαλμοῖς
3240 4804 3331 4856 τὸν
3379 4804 3636 4875 μέλλοντα

1976 4891 2314 4962 διαδέχεσθαι
2356 4890 2520 4944 αὑτοῦ
2562 4890 2654 4943 τὸν
2696 4889 2915 4961 κλῆρον,
2956 4889 3096 4942 οὕτω
3145 4890 3279 4960 μετὰ
3311 4891 3490 4954 ἁδείας
3512 4894 3638 4946 καθ·

1978 4981 2243 5050 ειστήκει,
2280 4977 2541 5048 μεγίστην
2568 4975 2812 5029 ἐντεῦθεν
2849 4977 3199 5047 παραμυθίαν
3235 4977 3633 5049 καρπούμενος.

1990 5065 2130 5118 Ἀλλ’
2167 5066 2197 5117 6
2220 5064 2289 5117 τά
2320 5064 2606 5134 ἀπόρρητα
2641 5063 2742 5132 τῆς
2767 5062 3002 5127 διανοίας
3039 5064 3421 5135 ἐπιστάμενος,
3450 5065 3635 5135 βουλό·

1985 5167 2145 5222 μενος
2172 5152 2305 5221 ήμῖν
2336 5148 2640 5219 ἐκκαλύψαι
2673 5148 2767 5202 τοῦ
2801 5149 3007 5203 δικαίου
3046 5150 3144 5221 τὴν
3182 5152 3403 5224 ἀρετήν,
3432 5151 3635 5206 καὶτὸν

1978 5238 2144 5291 πολὺν
2173 5237 2354 5300 πόθον,
2373 5236 2433 5289 δν
2452 5238 2580 5308 περὶ
2602 5237 2762 5290 αὐτὸν
2778 5237 3139 5301 ἐπεδείκνυτο,
3162 5239 3298 5307 μετά
3321 5240 3416 5301 τάς
3441 5238 3635 5303 τοσαύ-

1976 5344 2072 5388 τας
2092 5325 2430 5395 ὑποσχέσεις,
2463 5326 2558 5378 καὶ
2585 5325 2786 5395 ταύτην
2797 5324 2894 5396 τὴν
2917 5325 3225 5396 πρόσφατον
3241 5326 3630 5396 γεγενημένην,

1978 5414 2074 5467 καὶ
2112 5407 2182 5484 ἦς
2230 5412 2332 5483 τὴν
2380 5413 2602 5483 μνήμην
2649 5412 2869 5466 ἔναυλον
2905 5408 3049 5483 εἶχεν
3092 5411 3260 5484 [474],
3307 5414 3396 5466 ὅτε
3446 5411 3631 5467 λοιπὸν

2040 5573 2066 5602 ⁸
2081 5570 2340 5633 Ἐπείραζε,
2359 5568 2655 5627 mm
2676 5570 2821 5633 eum!
2848 5567 2968 5616 infra
2989 5569 3039 5633 in
3061 5568 3201 5626 Man,
3222 5568 3271 5614 in
3299 5567 3430 5633 ευ..
3452 5581 3500 5615 ιιι
3515 5580 3626 5633 Δοιιι-

1978 5629 2435 5691 ηἰὴιιμιυεόωυὶηο
2458 5644 2593 5688 mss,
2626 5638 2697 5691 uti
2722 5630 2852 5676 nulla
2880 5630 3026 5687 possit
3060 5640 3168 5691 esse;
3209 5630 3371 5691 meum
3394 5629 3625 5691 syspicio,

1983 5686 2271 5753 certumque
2293 5690 2369 5753 siti
2382 5693 2446 5740 ila
2460 5686 2643 5751 legkse
2653 5686 3143 5753 Εἰιτθξςυειοιιιυιηᾼι
3155 5686 3202 5753 in
3224 5686 3630 5737 ρόὶιίοηίδυετῶν

1982 5752 2050 5805 ο¹
2068 5749 2253 5815 ἰθείῐὶιιξ
2272 5749 2745 5815 incipere-17.1mm“:
2895 5749 3039 5796 Alex.
3067 5750 3291 5815 ἐπείραζε.

2041 5814 2071 5855 δ
2093 5810 2637 5884 Ανόόίάἱωυεξτεχθέντας
2657 5823 2688 5860 e
2713 5810 2858 5861 Cois].
2890 5817 2940 5861 et
2964 5824 3115 5874 marg.
3142 5810 3285 5863 smn.
3311 5811 3394 5872 qui
3418 5812 3468 5860 in
3490 5814 3628 5859 textu

1973 5876 2289 5939 τικτομένους,
2317 5874 2396 5922 καὶ
2416 5874 2619 5927 ταύταις.
