2075 3138
254 159 308 186 ΙΞΘ

255 216 285 241 ἐν
298 213 391 250 ἡλικίᾳ
405 213 516 248 γέγονεν
533 214 547 240 ό
568 213 670 246 Ὶσαάκ,
684 214 731 240 καὶ
755 214 783 240 ἐν
806 214 879 249 αὒτῷ
893 215 932 250 τῷ
943 214 1018 242 ἄνθει
1033 215 1085 250 τῆς

255 257 563 295 η).ικίαςέτύγχανε.καὶ
591 256 636 282 τὸν
658 256 740 283 πόθον
753 256 800 283 τοῦ
827 257 929 293 πατρὸς
949 258 994 284 τὸν
1021 258 1085 292 περὶ

255 301 336 327 αὑτὸν
345 298 380 336 ἦν
394 300 457 326 ἰδεῖν
472 299 661 333 αὐξανόμενον,
672 299 732 325 τότε
748 299 816 334 μετὰ
829 300 864 326 τὰ
876 301 985 335 ῥήματα
997 300 1085 327 ταῦτα

256 343 305 376 τῆς
316 341 489 376 ἐπαγγελίας,
502 342 547 368 καὶ
558 341 625 375 μετὰ
640 341 670 367 τδ
686 342 783 374 εἰπεῖν,
798 342 838 368 ὅτι
858 343 906 368 Ἐν
919 342 1000 374 αὐτῷ
1012 344 1085 376 κλη-

256 385 381 418 θήσεται
406 393 455 411 σοι
471 384 600 417 σπέρμα,
616 384 664 410 καὶ
689 384 769 415 αὐτὸς
791 384 866 411 ἔσται
885 393 932 411 σου
952 385 1082 420 διάδοχος·

256 428 335 455 Μετὰ
349 427 384 454 τὰ
393 427 511 461 ῥήματα
521 427 614 453 ταῦτα
628 427 644 453 ὁ
658 426 730 460 Θεὸς
741 427 873 460 ἐπείραζε
884 427 937 454 τὸν
951 427 1082 462 Ἁϐραάμ.

255 470 289 496 τί
317 471 400 502 ἐστιν,
421 468 607 503 Ἐπείραζεν;
631 470 686 504 Οὐχ
703 470 741 501 ὼς
768 470 847 501 αὐτὸς
875 470 988 504 ἀγνοῶν,
1017 470 1085 497 ἀλλά

252 512 393 546 -προσῆγεν
408 511 482 546 αὐτῷ
498 512 548 546 τὴν
566 512 673 547 πεῖραν,
695 512 737 538 ῐνα
753 512 801 538 καὶ
825 513 848 537 οί
865 512 925 538 τότε
939 512 1083 547 παρόντες,

255 554 304 581 καὶ
314 555 338 580 οί
349 554 379 586 ἐξ
397 554 501 581 ἐκείνου
528 554 608 589 μέχρι
624 554 670 580 τοῦ
692 554 825 589 παρόντος
841 555 1021 581 παιδεύωνται
1038 554 1084 581 τὸν

255 597 336 624 αὑτὸν
352 597 432 624 πόθον
443 597 483 632 τῷ
494 597 660 633 πατριάρχῃ,
675 598 722 624 καὶ
732 597 782 633 τὴν
799 597 921 632 ὑπακοὴν
935 598 1085 624 ἐπιδείκνυ-

254 640 319 667 ’σθαι
345 641 410 675 περὶ
431 641 466 667 τὰ
485 640 533 666 τοῦ
550 640 686 666 Δεσπότου
711 641 919 675 προστάγματα.
937 641 991 677 Κᾳί
1009 639 1083 674 εἶπε,

257 683 334 718 φησι,
356 685 430 718 πρὸς
447 684 553 710 αὐτόν·
574 683 712 717 Ἀϐραὰμ,
729 683 866 718 Ἀϐραάμ.
883 683 914 710 '0
934 684 967 710 δὲ
985 682 1082 710 εἶπεν·

252 726 340 753 -Ἰδοὺ
354 726 420 760 ἐγώ.
435 726 467 752 Τί
485 726 608 761 βούλεται
627 727 642 752 ό
661 725 712 752 τοῦ
729 726 860 761 ὀνόματος
872 726 1083 761 διπλασιασμόςς

256 770 314 804 Τῆς
326 770 425 804 πολλῆς
441 770 547 801 εὐνοίας
566 770 615 804 τῆς
631 770 695 805 περὶ
710 770 756 796 τὸν
777 770 946 805 πατριάρχην
974 769 1085 805 σημεῖόν

257 813 325 845 ἐστι,
341 813 387 839 καὶ
397 813 499 840 ἐδείκνυ
511 813 585 848 αὐτῷ
605 814 652 839 καὶ
665 813 709 839 διὰ
726 815 776 848 τῆς
790 813 921 848 κλήσεως,
937 813 978 839 ὅτι
992 812 1083 847 μέλλει

255 863 284 881 τι
310 855 364 882 τῶν
389 856 545 890 ἀναγκαίων
569 856 642 891 αὐτῷ
667 856 828 883 ἐπιτάττειν.
865 855 1083 891 Παρασκευάζων

252 898 345 925 τοίνυν
360 899 439 925 αὐτὸν
457 900 590 925 συντεῖναι
605 900 700 926 ἑαυτὸν
725 899 773 925 καὶ
798 898 866 934 μετά
879 899 993 935 σπουδῆς
1002 906 1083 933 προσ-

259 941 330 974 έχειν
347 942 403 973 τοῖς
432 942 497 978 παρ’
508 942 590 969 αὐτοῦ
604 942 819 977 λεγομένοις,τῷ
832 942 1021 977 διπλασιασμῷ
1034 942 1084 977 τῆς

255 985 379 1020 κλήσεως
400 986 543 1020 ἐχρήσατο,
565 985 611 1012 καί
635 993 727 1020 φησιν’
747 985 879 1020 Ἀϐραὰμ,
902 985 1037 1019 Ἀϐραάμ.
1053 985 1084 1011 '0

255 1026 290 1053 δὲ
296 1025 388 1054 εἶπεν·
401 1028 479 1055 Ἰδοὺ
489 1027 555 1062 ἐγώ.
571 1028 625 1055 Καὶ
640 1028 719 1055 εἶπε·
732 1027 809 1055 Λάϐε
822 1027 875 1054 τὸν
882 1027 949 1054 υἱόν
959 1035 1017 1054 σου
1028 1027 1082 1054 τὸν

255 1070 419 1104 ἀγαπητὸν,
438 1071 474 1097 ὃν
486 1070 658 1106 ἠγάπησας,
669 1071 723 1097 τὸν
742 1071 851 1104 Ἰσαὰκ,
859 1071 907 1098 καί
926 1071 1082 1105 πορεύθητι

250 1114 298 1147 ἐίς
312 1114 368 1148 τὴν
381 1114 441 1150 γῆν
453 1115 510 1148 τὴν
535 1115 676 1150 ὑψηλὴν,
705 1114 755 1141 καί
773 1115 916 1149 ἀνένεγκε
932 1115 1027 1141 αὐτὸν
1040 1115 1083 1147 εις

256 1157 465 1191 ὀλοκάρπωσιν
485 1158 532 1191 ἐφ’
552 1157 589 1183 ἓν
613 1156 674 1183 τῶν
690 1157 792 1190 ὀρέων,
809 1154 853 1183 ὦν
866 1157 905 1183 ἄν
922 1165 971 1183 σοι
998 1156 1080 1184 ειπω.

253 1200 351 1234 Μέγας
364 1201 378 1226 ὁ
390 1199 470 1233 ὄγκος
485 1200 532 1226 τοῦ
545 1200 740 1234 ἐπιτάγματος,
756 1200 804 1226 καὶ
810 1199 971 1234 ὑπερόαῖνον
981 1200 1085 1234 ἀνθρω-

256 1244 337 1279 πίνην
353 1242 433 1277 φύσιν
443 1243 474 1269 τὸ
488 1244 612 1279 πρᾶγμα.
627 1242 704 1269 Λάϐε
720 1243 774 1269 τὸν
785 1243 851 1269 υἱόν
866 1250 924 1269 σου
942 1243 995 1269 τὸν
1009 1243 1081 1275 ἀγα-

255 1286 366 1320 πητὸν,
382 1286 418 1313 ὃν
433 1286 604 1320 ἠγάπησας,
618 1286 671 1313 τὸν
690 1285 799 1313 Ἰσαάκ.
815 1286 885 1322 Ὅρα
910 1285 969 1317 πῶς
982 1286 1016 1312 δι’
1032 1286 1082 1312 αὒ-

255 1329 309 1355 τῶν
323 1329 376 1355 τῶν
389 1330 518 1365 ῥημάτων
537 1329 645 1364 μείζονα
659 1329 708 1364 τὴν
720 1329 811 1365 πυράν
832 1329 955 1362 ἀνάπτει,
970 1329 1017 1356 καὶ
1033 1329 1083 1365 τὴν

255 1372 370 1406 κάμινον
399 1372 449 1406 τῆς
471 1372 661 1408 φιλοστοργίας
684 1371 731 1399 τοῦ
763 1372 878 1404 δικαίου,
902 1373 935 1407 ἢν
953 1372 1017 1407 περὶ
1038 1372 1083 1398 τὸν

262 1414 355 1442 Ἰσαὰκ
365 1415 504 1451 ἐκέκτητο,
521 1416 697 1451 σφοδρότερον
707 1416 845 1451 διεγείρει.
857 1415 934 1442 Λάϐε
951 1415 1004 1441 τὸν
1015 1415 1083 1442 υίόν

256 1466 315 1486 σου
323 1458 376 1485 τὸν
383 1458 545 1493 ἀγαπητὸν,
556 1458 592 1485 ὃν
602 1458 772 1492 ἠγάπησας,
779 1458 832 1485 τὸν
838 1457 1083 1485 ’1σαὰκ.’Ἐκαστον

257 1501 318 1528 καθ’
330 1501 410 1527 ἐαυτδ
431 1501 521 1527 ίκανδν
544 1501 703 1528 καθικέσθαι
729 1502 778 1536 τῆς
802 1501 848 1528 τοῦ
863 1501 965 1527 δικαίου
985 1500 1083 1536 ψυχῆς.

257 1545 294 1571 υὺ
307 1544 360 1579 γὰρ
377 1544 469 1575 ἁπλῶς
484 1541 553 1577 εἶπε,
567 1544 623 1571 Τὸν
641 1543 751 1576 Ἰσαὰκ,
766 1544 833 1571 ἀλλά
847 1544 1009 1579 προσέθηκε,
1029 1544 1083 1570 Τὸν

257 1588 323 1614 υιόν
335 1594 404 1618 σου,
425 1587 455 1613 ὃν
474 1587 549 1622 παρὰ
577 1588 666 1614 πᾶσαν
684 1587 846 1622 προσδοκίαν
862 1588 980 1622 ἐκτήσω,
993 1588 1041 1614 καὶ
1053 1588 1082 1614 ἐν

256 1630 331 1664 αὐτῷ
343 1630 382 1665 τῷ
396 1631 469 1665 γήρα
484 1631 557 1665 σχεῖν
569 1629 712 1665 ἡδυνήθης,
731 1631 785 1657 Τὸν
798 1631 963 1664 ἀγαπητὸν,
978 1630 1024 1657 τὸν
1034 1638 1083 1656 πε-

259 1673 402 1708 ριπόθητόν
417 1681 473 1704 σου,
487 1673 516 1699 δν
533 1673 748 1708 μεθ’ὑπερὸολῆς
763 1674 882 1708 ἀγαπᾷς,
902 1673 955 1700 τὸν
974 1673 1082 1706 Ἰσαὰκ,

257 1717 287 1742 ὃν
299 1716 421 1751 διάδοχον
432 1716 503 1748 ἕξειν
519 1715 682 1752 προσδοκᾷς,
712 1716 743 1748 ἐξ
759 1713 789 1743 οὗ
802 1717 848 1743 καὶ
863 1717 893 1743 τὸ
910 1717 1020 1753 σπέρμα
1037 1726 1084 1744 σου

258 1758 387 1792 αὔξεσθαι
403 1759 618 1794 ἐπηγγειλάμην,
636 1760 682 1786 καὶ
693 1759 819 1786 τοσοῦτον
834 1759 972 1793 αὔξεσθαι,
987 1761 1024 1792 ὡς
1043 1761 1082 1796 τῷ

258 1803 354 1838 πλήθει
370 1802 425 1829 τῶν
438 1802 555 1838 ἄστρων,
569 1803 616 1829 καὶ
637 1804 670 1838 τῇ
687 1802 771 1838 ἄμμῳ
788 1804 821 1838 τῇ
839 1803 915 1839 παρά
941 1805 971 1830 τὸ
997 1805 1085 1839 χεῖλος

258 1847 309 1882 τῆς
325 1846 462 1880 θαλάσσης
476 1845 647 1881 ἐξισωθῆναι.
667 1845 766 1873 Τοῦτον
781 1844 827 1873 οὖν
840 1846 921 1874 αὑτὸν
934 1847 1020 1879 Λάϐε,
1034 1849 1082 1875 καί

258 1890 416 1923 πορεύθητι
427 1891 470 1922 εις
491 1889 548 1923 τὴν
569 1889 627 1924 γῆν
646 1889 703 1923 τὴν
722 1890 857 1924 ὑψηλὴν,
878 1890 928 1917 καί
943 1890 1085 1925 ἀνένεγκε

259 1934 351 1960 αὐτὸν
359 1933 424 1960 ἐκεῖ
430 1935 473 1966 εὶς
486 1934 693 1960 ὁλοκαύτωσιν
703 1933 747 1967 ἐφ’
761 1933 795 1960 ἓν
810 1933 868 1960 τῶν
879 1933 972 1967 ὁρέων
985 1931 1029 1961 ὧν
1045 1934 1085 1961 ἄν

248 1977 402 2003 ’σοιειπω.
432 1976 576 2011 Θαυμάσαι
601 1984 645 2011 μοι
670 1975 769 2006 ἔπεισι.
792 1976 849 2007 πῶς
863 1977 911 2003 καὶ
928 1976 976 2011 τὴν
1001 1978 1085 2012 ἀκοὴν

258 2019 374 2053 ἦνεγκεν
387 2019 402 2045 ὁ
416 2018 529 2050 δίκαιος.
546 2017 646 2044 Τοῦτον
667 2017 722 2053 γὰρ
740 2018 831 2048 αὐτὸν.
857 2018 933 2052 φησὶ,
953 2018 998 2044 τὸν
1014 2018 1085 2046 οὕτω

259 2068 301 2085 σοι
317 2059 506 2094 περιπόθητον,
522 2059 653 2092 ἀνένεγκέ
679 2067 724 2093 μοι
750 2060 790 2090 είς
803 2058 984 2086 ὁλοκαύτωσιν
1000 2061 1042 2094 ἐφ’
1056 2061 1084 2088 ἒν

259 2100 313 2125 τῶν
329 2100 425 2134 ὁρέων.
447 2100 479 2125 Τί
493 2097 538 2126 οὖν
553 2100 568 2125 ό
581 2099 683 2130 δίκαιος
697 2108 704 2131 ;
731 2099 790 2125 Ούκ
802 2099 939 2134 ἐταράχθη
952 2100 997 2126 τὸν
1009 2100 1084 2135 λογι-

260 2140 339 2175 σμὸν,
360 2140 390 2165 οὺ
416 2140 548 2174 συνεχύθη
562 2140 612 2174 τὴν
632 2139 760 2169 διάνοιαν.
773 2139 823 2165 οὐκ
836 2140 959 2175 ἠπόρησε
974 2141 1042 2175 πρὸς
1054 2142 1085 2167 τὸ

247 2181 335 2213 ξένον
348 2180 394 2206 τοῦ
409 2181 603 2215 ἐπιτάγματος,
621 2180 670 2206 οὐκ
695 2180 846 2215 ἐνενόησεν,
868 2181 918 2207 οὐκ
944 2180 1084 2215 ἐλογίσατο

259 2222 328 2257 πρὸς
338 2220 479 2252 ἑαυτόν-Τί
485 2221 579 2254 τοῦτο;
591 2222 604 2248 ό
620 2221 695 2257 παρὰ
708 2223 796 2248 πᾶσαν
804 2222 967 2257 προσδοκίαν
974 2224 1083 2258 σπέρμα

258 2263 450 2298 χαρισάμενος,
466 2264 480 2289 ό
492 2263 535 2289 διά
550 2262 598 2298 τὴν
611 2263 713 2290 οίκείαν
741 2263 945 2298 φιλανθρωπίαν
965 2264 1014 2299 τὴν
1031 2266 1083 2300 μή-

259 2312 328 2339 τραν
356 2304 405 2338 τῆς
431 2304 538 2339 Σάρῤας
567 2304 738 2340 ζωογονήσας
764 2304 958 2340 νεκρωθεῖσαν,
989 2305 1082 2331 λοιπδν

259 2345 330 2380 μετά
344 2345 374 2372 τὸ
384 2345 669 2381 γαλακτοτροφηθῆναι
695 2346 742 2373 καὶ
757 2345 917 2380 αὐξηθῆναι,
931 2346 978 2373 καὶ
991 2346 1083 2374 λοιπὸν

258 2388 293 2413 ἐν.
306 2386 399 2421 ἡλικίᾳ
411 2386 546 2420 γενέσθαι,
573 2387 708 2421 σφαγῆναι
731 2386 762 2412 τὸ
787 2385 882 2420 τεχθέν
906 2395 951 2420 μοι
965 2386 1082 2419 κελεύει,

258 2428 306 2455 καὶ
319 2428 358 2459 είς
371 2428 550 2454 ὁλοκαύτωσιν
561 2428 745 2463 ἀνενεχθῆναν
760 2428 774 2453 ὸ
790 2427 841 2462 πρὸ
853 2426 972 2461 βραχέως
989 2428 1082 2460 εἰπὼν,

265 2469 316 2495 Ἐν
333 2468 412 2500 αὐτῷ
432 2469 615 2501 κληθήσεται
628 2478 676 2495 σοι
693 2469 820 2503 σπέρμα,
839 2468 886 2494 νῦν
914 2469 947 2495 τά
975 2469 1084 2496 ἐναντία

257 2508 413 2540 ἐπιτάττει;
428 2509 483 2534 Καὶ
497 2509 555 2540 πῶς
571 2509 603 2535 ἂν
616 2510 655 2541 είς
680 2510 760 2545 ἔργον
774 2509 876 2542 ἐξέλθοι
891 2510 956 2536 ποτέ
970 2510 1005 2535 τὰ
1020 2511 1082 2545 παρ’

257 2549 339 2576 αὐτοῦ
350 2549 566 2582 ἐπαγγελθέντα;
582 2550 656 2586 [4'15]
669 2551 729 2581 Πῶς
745 2551 798 2586 γὰρ
820 2547 875 2577 οἷόν
893 2559 923 2577 τε
938 2551 987 2586 τῆς
1006 2551 1083 2587 ῥίζης

258 2588 460 2623 ἐκτεμνομένης
474 2589 535 2620 τοὺς
549 2588 661 2621 κλάδους
677 2590 777 2624 φυῆναι
791 2598 866 2622 ποτε,
883 2590 900 2625 ἢ
914 2590 961 2616 τοῦ
974 2590 1082 2626 δένδρου

244 2629 456 2664 ’ἐκκοπτομένου
473 2629 519 2656 τὸν
537 2630 641 2664 καρπὸν
656 2631 809 2665 ἐνεχθῆναι,
825 2630 842 2666 ἢ
859 2631 910 2666 τῆς
933 2631 1024 2666 πηγῆς
1037 2631 1083 2666 ξη-

257 2668 401 2706 ρανθείσης
414 2669 554 2702 ποταμοὺς
567 2669 728 2704 ἀναδοθῆναι
739 2677 746 2702 ;
761 2670 839 2697 Κατά
854 2671 904 2706 μέν
917 2671 965 2706 τὴν
980 2671 1083 2706 ἀνθρω-

257 2708 337 2742 πίνην
348 2707 507 2734 ἀκολουθίαν
533 2708 618 2735 ταῦτα
638 2708 764 2742 γενέσθαι
782 2709 934 2745 ἀμήχανον·
959 2709 1026 2736 Θεοῦ
1054 2710 1083 2736 δέ

257 2746 432 2784 βουληθέντος
448 2747 537 2774 πάντα
554 2747 680 2782 γενέσθαι
700 2747 821 2774 δυνατόν.

292 2790 325 2825 β’.
352 2789 433 2816 Ἀλλὰ
449 2789 550 2816 τούτων
558 2790 607 2826 μὲν
612 2790 689 2817 οὐδὲν
699 2790 841 2824 ἐλογίσατο
854 2791 869 2816 ό
880 2790 984 2821 δίκαιος
994 2786 1081 2821 οὗτος.

255 2829 324 2857 ἀλλά
332 2827 456 2864 καθάπερ
464 2829 611 2864 εὐγνώμων
618 2829 736 2865 οἰκέτης,
749 2830 837 2857 πάντα
847 2829 975 2864 λογισμὸν
983 2829 1083 2865 ἀνθρώ-

256 2877 333 2896 πινον
361 2868 574 2903 παρωσάμενος,
590 2870 649 2902 ἐνὸς
665 2870 744 2905 μάνου
759 2870 873 2903 ἐγίνετο,
887 2870 933 2897 τοῦ
948 2870 978 2896 τὸ
992 2870 1083 2897 ἐπιτα-

255 2908 319 2944 χθὲν
332 2907 372 2937 εἰς
385 2906 465 2941 ιργον
487 2908 612 2942 ἀγαγεῖν,
628 2911 675 2936 καὶ
701 2909 795 2945 ὥσπερ
810 2909 887 2939 ἐκτὸς
902 2907 1019 2943 γεγονὼς
1033 2910 1082 2944 τῆς

255 2945 427 2981 ἀνθρωπείας
440 2945 557 2979 φύσεως,
575 2949 622 2975 καὶ
635 2950 724 2976 πᾶσαν
737 2948 907 2983 συμπάθειαν
926 2947 973 2974 καὶ
982 2955 1080 2982 πατρι-

643 156 671 184 S.
692 156 832 185 JOANNIS
851 156 1269 186 CIIRYSOSTOMI'ARCIIIEP.
1289 160 1563 190 CONSTANTINOP.

1914 163 1974 190 57:0

1134 216 1184 250 κὴν
1201 217 1390 252 φιλοστοργίαν
1403 218 1532 254 δευτέραν
1558 219 1731 255 ἡγησάμενος
1751 219 1806 246 ¹τῶν
1828 219 1875 247 τοῦ
1896 220 1971 246 θεοῦ

1132 257 1361 292 προσταγμάτων,
1377 258 1423 283 ἐπὶ
1435 258 1485 293 τὴν
1499 258 1672 293 ἐκπλήρωσιν
1686 258 1809 285 ἔσπευδε.
1825 259 1879 285 Καὶ
1893 259 1972 286 dra-

1133 296 1219 328 στὰς,
1247 297 1338 331 φησὶν,
1360 297 1485 331 Ἀϐραὰμ
1508 298 1541 324 τὸ
1558 297 1643 330 πρωῒ,
1671 297 1802 328 ἐπέσαξε
1820 297 1877 331 τὴν
1894 298 1971 324 ὄνον

1132 335 1236 361 αὐτοῦ.
1262 335 1412 369 Παρέλαϐε
1436 336 1471 362 δὲ
1493 336 1558 369 μεθ’
1575 336 1682 363 ἑαυτοῦ
1706 336 1760 362 δύο
1789 336 1898 369 παῖδας
1916 336 1970 363 καὶ

1140 374 1241 400 Ἰσαὰκ
1259 373 1311 400 τὸν
1327 374 1393 400 υὶὸν
1406 375 1509 401 αὐτοῦ·
1531 375 1578 401 καί
1601 374 1714 408 σχίσας
1734 375 1812 406 ξύλα
1824 376 1868 408 είς
1891 376 1966 402 ὀλο-

1132 411 1287 445 κάρπωσιν
1298 412 1431 445 ἀναστὰς
1445 413 1600 446 ἐπορεύθη,
1611 413 1659 439 καὶ
1675 411 1767 446 ἦλθεν
1784 413 1833 439 ἐπί
1850 413 1903 440 τὸν
1918 414 1970 439 τό·

1134 457 1202 482 πον,
1216 450 1252 476 ὃν
1262 448 1347 477 εἷπεν
1360 451 1464 483 αὺτῷό
1480 452 1560 484 Θεὸς,
1580 451 1616 485 τῇ
1631 451 1725 485 ἡμέρᾳ
1740 451 1778 486 τῇ
1798 452 1970 486 τρίτῃ.”ορα

1133 489 1178 515 τὸν
1192 489 1379 525 φιλάνθρωπον
1386 491 1539 525 Δεσπότην,
1557 490 1614 522 πῶς
1626 491 1672 517 καὶ
1691 492 1719 517 ἐν
1742 491 1780 526 τῷ
1802 491 1969 526 διαστήματι

1135 527 1274 562 βασανίζει
1300 529 1347 555 τοῦ
1374 529 1478 555 δικαίου
1504 529 1553 564 τὴν
1579 530 1691 564 ἀρετήν.
1714 530 1856 564 Ἐννόησον
1876 530 1969 556 δὲκαὶ

1133 566 1178 593 τὸν
1194 567 1296 593 δίκαιον
1306 567 1331 594 τί
1346 568 1418 599 είκδς
1434 566 1468 603 ἦν
1483 569 1627 603 ὑπομένειν
1642 570 1701 600 ταῖς
1712 570 1798 604 τρισὶν
1812 569 1930 604 ἡμέραις
1938 575 1968 602 ι,

1133 605 1214 631 αὑτὸν
1236 606 1296 632 καθ’
1316 606 1411 632 ἑαυτὸν
1433 607 1481 642 μὲν
1512 607 1738 642 ἀναλογιζόμενον
1757 608 1787 634 τὸ
1813 608 1968 642 ἐπίταγμα,

1133 644 1181 670 καὶ
1203 644 1244 670 ὅτι
1259 644 1339 676 αὐτὸς
1356 645 1448 679 μέλλει
1458 646 1518 676 ταῖς
1532 645 1646 677 οἰκείαις
1660 646 1738 681 χερσὶ
1758 646 1805 672 τὸν
1828 646 1900 672 οὕτω
1914 654 1970 671 πο-

1134 681 1263 717 θούμενον
1277 684 1389 717 σφάζειν
1410 685 1468 711 υίὸν
1489 684 1699 719 ἐνθυμούμενον,
1716 685 1803 711 οὐδενὶ
1813 684 1842 711 δέ
1854 684 1885 711 τδ
1897 685 1970 719 πρᾶ-

1134 729 1193 756 γμα
1210 722 1389 749 κοινώσασθαι
1404 723 1510 758 ἔχοντα·
1526 725 1572 750 καὶ
1587 724 1779 758 καταπλάγηθι
1789 724 1838 758 τὴν
1852 722 1968 757 γνώμην

1133 760 1215 787 αὑτοῦ
1229 761 1278 796 τὴν
1293 761 1415 795 φιλόθεον
1437 763 1483 788 καὶ
1502 763 1552 797 τὴν
1574 763 1689 788 σύνεσιν.
1706 762 1819 796 Ἒπειδὴ
1841 762 1894 796 γὰρ
1906 762 1967 796 ᾔδει

1132 799 1162 825 τὸ
1177 799 1291 833 μέγεθος
1305 799 1352 826 τοῦ
1370 801 1565 835 ἐπιτάγματος,
1581 801 1667 826 οὐδενὶ
1683 801 1750 831 ὅλως
1763 801 1842 827 τοῦτο
1866 803 1966 835 γνώρι-

1134 846 1183 872 μον
1199 840 1279 868 ποιεῖ,
1293 838 1353 864 οὔτε
1366 841 1420 869 τοῖς
1435 840 1539 870 παισὶν,
1564 839 1624 865 οὔτε
1638 839 1711 873 αὑτῴ
1724 838 1763 874 τῷ
1780 839 1881 870 Ἰσαὰκ,
1897 839 1967 866 ἀλλὰ

1134 877 1213 911 μόνος
1229 876 1291 903 καθ’
1318 877 1413 903 ἐαυτὸν
1432 878 1477 904 τὸν
1500 878 1594 911 ἀγῶνα
1618 878 1711 904 τοῦτον
1732 878 1889 913 ἠγωνίζετο,
1917 879 1967 904 καὶ

1132 914 1257 950 καθάπερ
1282 915 1388 950 ἀδάμας
1413 924 1455 947 τις
1474 916 1561 947 οὕτως
1574 915 1794 951 ἀκαταγώνιστος
1807 916 1897 951 ἔμενε,
1913 917 1965 951 τὴν

1132 953 1257 988 ἀνδρείαν
1277 955 1331 981 τῶν
1345 955 1481 990 λογισμῶν
1498 956 1731 990 ἐπιδεικνύμενος,
1748 955 1809 981 οὐδὲ
1824 955 1966 990 πολυπρα-

1132 992 1251 1027 γμονῶν,
1263 993 1321 1019 ἀλλ’
1335 993 1418 1020 είκων
1436 994 1505 1027 μετά
1519 995 1616 1021 πολλοῦ
1627 994 1673 1021 τοῦ
1688 995 1770 1020 πόθου
1785 993 1823 1028 τῷ
1836 996 1883 1020 τοῦ
1895 994 1965 1020 Θεοῦ

1132 1030 1256 1066 νεύματι.
1273 1032 1327 1058 Καὶ
1343 1033 1436 1067 ἐπειδὴ
1452 1034 1517 1068 περὶ
1529 1034 1575 1060 τὸν
1587 1034 1668 1060 τόπον
1683 1034 1809 1068 ἔφθασεν.
1828 1033 1965 1060 Ἀναϐλέ-

1132 1072 1202 1104 ψας,
1224 1072 1316 1107 φησὶν,
1337 1073 1459 1106 Ἀϐραὰμ
1472 1073 1535 1106 τοῖς
1548 1073 1712 1107 ὀφθαλμοῖς
1721 1072 1823 1105 αὐτοῦ,
1835 1071 1895 1100 εἶδε
1909 1073 1966 1099 τὸν

1132 1111 1224 1136 τόπον
1255 1112 1415 1145 μακρόθεν,
1450 1112 1500 1138 καί
1535 1111 1600 1139 εἶπε
1630 1112 1691 1146 τοῖς
1717 1112 1823 1138 παισίν
1849 1111 1942 1138 αὐτοῦ
1955 1120 1962 1127 ·

1131 1150 1278 1176 Καθίσατε
1299 1150 1393 1178 αὐτοῦ
1418 1151 1493 1185 μετὰ
1520 1151 1575 1185 τῆς
1599 1151 1682 1178 ὄνου.
1701 1151 1772 1186 Ὅρα
1789 1150 1833 1177 καὶ
1847 1149 1964 1176 ἐνταῦθα

1130 1187 1178 1215 τοῦ
1201 1188 1305 1216 δικαίου
1338 1189 1385 1225 τὴν
1413 1190 1510 1225 πολλὴν
1543 1190 1659 1217 σύνεσιν·
1688 1189 1735 1217 καὶ
1775 1189 1836 1220 τοὺς
1866 1189 1964 1219 παῖδας

1131 1227 1221 1254 λαθεῖν
1249 1228 1383 1262 ἐϐούλετο,
1410 1229 1454 1256 διὰ
1483 1229 1592 1256 πάντων
1620 1229 1726 1260 δεικνὺς
1753 1229 1794 1255 ὅτι
1816 1227 1883 1263 μετά
1897 1236 1964 1262 προ-

1132 1266 1231 1299 θυμίας
1242 1267 1355 1301 ζεούσης
1370 1268 1417 1294 καὶ
1438 1268 1632 1303 ἐπιτεταμένου
1648 1268 1730 1294 πόθου
1745 1265 1865 1302 πληροῦν
1883 1266 1963 1292 ἐϐού-

1131 1306 1192 1333 λετο
1203 1307 1235 1333 τὸ
1248 1307 1287 1342 τῷ
1300 1307 1360 1342 Θεῷ
1373 1307 1478 1334 δοκοῦν.
1501 1306 1607 1342 Ἐπειδὴ
1619 1307 1672 1342 γάρ
1685 1307 1751 1341 ᾔδει,
1760 1306 1801 1332 ὃτι
1811 1306 1903 1332 καινὸν
1913 1308 1964 1332 καὶ

1133 1345 1285 1380 παράδοξον
1312 1344 1357 1381 ἦν,
1376 1346 1467 1372 καὶού
1491 1347 1623 1381 πρότερον
1638 1346 1682 1379 ὑφ’
1697 1345 1793 1380 ἐτέρου
1807 1344 1918 1379 γεγονὸς
1931 1345 1964 1371 τὸ

1133 1384 1197 1420 παρ’
1213 1384 1296 1411 αὐτοῦ
1312 1385 1409 1419 μέλλον
1433 1385 1565 1419 γίνεσθαι,
1581 1385 1695 1420 κρύπτει
1708 1385 1771 1415 τοὺς
1792 1384 1888 1415 παῖδας
1911 1385 1959 1410 καὶ

1134 1423 1288 1449 καταλιπὼν
1308 1424 1405 1455 αὐτοὺς
1433 1424 1502 1459 μετὰ
1523 1425 1573 1459 τῆς
1592 1424 1669 1455 δνου,
1693 1423 1784 1458 φησίν·
1812 1423 1962 1449 Ἐνταῦθα

1130 1462 1318 1495 ἀναμείνατε,
1333 1462 1390 1497 ἐγὼ
1404 1462 1438 1489 δὲ
1464 1463 1514 1490 καί
1534 1463 1566 1490 τὸ
1582 1462 1738 1497 παιδάριον
1751 1462 1964 1496 διελευσόμεθα

1132 1500 1186 1533 ἓως
1197 1498 1265 1532 ὧδε,
1288 1501 1337 1528 καί
1360 1502 1631 1535 προσκυνήσαντες
1653 1502 1869 1536 ἀνακάμψιψεν
1888 1501 1964 1534 πρὸς

1132 1539 1219 1573 ὑμᾶς.
1238 1541 1295 1567 Οὺκ
1324 1541 1401 1572 εἰδὼς
1423 1542 1463 1568 ὅτι
1482 1541 1561 1568 τοῦτο
1576 1541 1661 1574 ἐσται,
1677 1541 1691 1567 ὃ
1705 1541 1805 1575 ἔλεγεν,
1819 1540 1885 1567 ἀλλά
1899 1549 1965 1575 προ-

1133 1580 1265 1614 εφήτευσε
1281 1579 1344 1614 μὲν,
1360 1580 1426 1611 ἴσως
1438 1580 1516 1606 τοῦτο
1529 1580 1746 1614 ἀγνοῶν.Ἔλεγε
1760 1580 1788 1606 δέ
1803 1581 1858 1611 τοῖς
1872 1579 1963 1609 παισὶ,

1132 1618 1202 1652 τάχα
1217 1618 1358 1649 ἐξαπατῶν
1373 1619 1470 1650 αὐτοὺς
1497 1618 1545 1645 καὶ
1567 1619 1785 1653 παρασκευάζων
1807 1618 1898 1644 αὐτόθι
1914 1618 1965 1651 μέ-

1132 1665 1207 1683 νειν-
1230 1657 1276 1683 καὶ
1299 1657 1390 1683 λοιπὸν
1412 1655 1446 1692 ἦν
1474 1658 1488 1684 ὁ
1512 1658 1683 1694 πατριάρχης
1708 1656 1777 1694 μετῇ
1797 1657 1842 1684 τοῦ
1857 1657 1963 1688 παιδός.

1135 1696 1241 1722 Ἐλαὸε
1255 1695 1289 1721 δὲ
1307 1695 1428 1729 Ἀϐραὰμ
1444 1696 1479 1723 τὰ
1493 1696 1571 1728 ξύλα
1589 1697 1644 1731 τῆς
1660 1696 1901 1730 όλοκαρπώσεως,
1913 1696 1964 1722 καί

1132 1734 1279 1768 ἐπέθηκεν
1296 1734 1394 1761 Ἰσαὰκ
1405 1734 1446 1767 τῷ
1458 1735 1511 1768 υἱῷ
1524 1736 1626 1763 αὑτοῦ.
1644 1737 1751 1763 Ἐλαόε
1763 1736 1797 1762 δὲ
1811 1736 1887 1770 μετὰ
1902 1735 1964 1769 κεῖ-

1129 1782 1187 1807 ρας
1201 1774 1233 1800 τὸ
1246 1771 1306 1807 πῦρ
1317 1774 1365 1800 καὶ
1384 1774 1441 1807 τὴν
1457 1774 1617 1809 μάκαιραν,
1644 1776 1693 1802 καί
1716 1776 1922 1809 ἐπορεύθησαν
1934 1776 1964 1801 ol

1133 1813 1187 1839 δύο
1200 1812 1308 1846 ᾶμα.Ὧ
1319 1812 1408 1847 ψυχῆς
1421 1813 1546 1848 ἀνδρείαί
1562 1814 1585 1840 ὣ
1609 1816 1780 1849 φρονήματος
1795 1813 1962 1849 στερῤότηςί

1140 1853 1292 1886 Ἐπέθηκε,
1306 1853 1382 1887 φησὶ,
1398 1852 1437 1885 τῷ
1459 1852 1563 1880 Ἰσαὰκ
1581 1854 1618 1881 τὰ
1626 1854 1704 1886 ξύλα
1723 1854 1777 1887 τῆς
1794 1853 1964 1886 όλοκαραὼ-

1134 1899 1220 1923 σεωςυ
1235 1891 1314 1922 αὐτὸς
1329 1891 1356 1917 δὲ
1380 1891 1430 1926 τὴν
1460 1892 1595 1926 μάχαιραν
1614 1893 1662 1919 καὶ
1683 1893 1713 1919 τὸ
1731 1893 1786 1927 πῦρ
1808 1892 1898 1921 ἔλαϐε.
1914 1893 1963 1918 καὶ

1134 1929 1293 1966 ἐπορεύοντο
1308 1931 1331 1955 oi
1355 1931 1400 1956 δύο
1422 1932 1488 1965 ἅμα.
1506 1932 1594 1962 Ποίοις
1609 1932 1754 1965 ὀφθαλμοῖς
1770 1930 1841 1966 ἐώρα
1856 1931 1885 1957 τὺ
1899 1939 1962 1957 παι-

1133 1969 1187 1995 δίον
1200 1970 1234 1995 τά
1248 1969 1311 2000 ξύλα
1326 1970 1530 2004 ἐπιφερόμενον,
1545 1970 1618 2005 [476]
1634 1968 1672 2001 οἷς
1689 1970 1799 2004 ἔμελλεν
1809 1970 1890 1996 αὑτὸν
1901 1970 1962 2004 μετ’

1133 2009 1163 2034 οὺ
1178 2008 1244 2034 πολὺ
1259 2009 1380 2035 ἐπιθύειν
1394 2009 1426 2041 ι²;
1446 2009 1504 2040 πῶς
1518 2010 1534 2044 ὴ
1550 2009 1609 2044 χείρ
1631 2010 1721 2045 φέρειν
1739 2009 1853 2044 ἠδύνατο
1861 2010 1892 2035 τὸ
1905 2009 1962 2044 πῦρ

1134 2048 1180 2073 καὶ
1193 2047 1243 2081 τὴν
1264 2047 1415 2082 μάχαιραν;
1434 2048 1519 2082 Καὶή
1537 2048 1585 2082 μὲν
1607 2049 1665 2083 χεὶρ
1690 2048 1838 2083 ἐπεφέρετο
1857 2048 1887 2074 τὸ
1902 2047 1960 2082 πῦρ

1133 2086 1163 2111 τὸ
1176 2086 1312 2120 αἰσθητὸν,
1327 2086 1357 2112 τὺ
1384 2086 1412 2111 δὲ
1427 2085 1532 2112 ἔνδοθεν
1547 2087 1603 2121 πῦρ
1617 2087 1782 2121 κατέερλεγεν
1808 2086 1892 2113 αὐτοῦ
1909 2088 1958 2121 τὴν

1133 2124 1260 2156 διάνοιαν,
1281 2125 1328 2150 καὶ
1353 2124 1473 2151 ἐδαπάνα
1490 2126 1536 2152 τὸν
1557 2126 1696 2160 λογισμὸν,
1722 2125 1814 2152 πεῖθον
1828 2126 1907 2160 νικᾷν
1921 2124 1961 2159 τῷ

1133 2163 1202 2198 πρὸς
1214 2163 1259 2189 τὸν
1274 2163 1340 2189 Θεὸν
1355 2163 1439 2198 πόθῳ,
1454 2164 1501 2189 καὶ
1517 2165 1725 2199 παρασκευάζον
1736 2164 1901 2198 λογίζεσθαι,
1917 2164 1960 2190 ὅτι

1133 2204 1147 2229 ό
1160 2203 1210 2238 ἠδη
1228 2202 1378 2237 παρασχὼν
1403 2203 1449 2228 καὶ
1472 2203 1541 2238 ὑπὲρ
1563 2204 1643 2237 φύσιν
1667 2204 1840 2239 ἀνθρωπίνην
1854 2203 1961 2238 πατέρα

1133 2241 1260 2276 γενέσθαι
1276 2242 1486 2276 παρασκευάσας
1501 2242 1644 2277 δυνήσεται
1658 2243 1705 2269 καὶ
1718 2243 1765 2269 νῦν
1778 2242 1812 2269 τὰ
1829 2241 1958 2277 ὑπερϐαίη

1133 2290 1212 2308 νοντα
1225 2281 1271 2307 τὸν
1285 2281 1454 2315 ἀνθρώπινον
1476 2281 1604 2315 λογισμὸν
1621 2282 1799 2316 ἐργάσασθαι.
1820 2281 1888 2308 Ἀλλ’
1908 2281 1960 2315 ὅρα

1134 2329 1179 2356 μοι
1194 2320 1286 2347 λοιπὸν
1301 2320 1354 2356 πρὸ
1380 2320 1426 2347 τοῦ
1453 2320 1580 2355 αἰσθητοῦ
1596 2321 1681 2355 πυρὸς
1696 2321 1744 2355 τὴν
1771 2320 1875 2347 ἔνδοθεν
1889 2320 1959 2346 κατὰ

1134 2359 1231 2395 μικρὸν
1245 2359 1430 2394 ἐξαπτομένην
1445 2359 1557 2394 κάμινον
1572 2359 1618 2385 καὶ
1632 2359 1781 2393 φλέγουσαν
1794 2358 1840 2386 τοῦ
1854 2359 1958 2385 δικαίου

1132 2399 1180 2434 τὴν
1192 2399 1289 2435 ψυχήν.
1301 2396 1374 2425 Είπε
1388 2398 1432 2429 δὲ.
1448 2399 1540 2433 φησὶν,
1560 2398 1657 2425 Ἰσαὰκ
1672 2398 1745 2431 πρὸς
1766 2397 1889 2431 Ἀϐραὰμ
1906 2398 1960 2424 τὸν

1133 2438 1243 2472 πατέρα
1263 2437 1366 2465 αὑτοῦ·
1396 2437 1500 2471 Πάτερ.
1522 2437 1622 2464 Ἱκανὸν
1635 2437 1666 2463 τὸ
1680 2437 1755 2472 ῥῆμα
1768 2437 1823 2464 τῶν
1839 2437 1960 2471 σπλάγχ-

1132 2486 1185 2504 νων
1201 2477 1289 2504 αὐτῶν
1302 2476 1348 2503 τοῦ
1356 2477 1461 2503 δικαίου
1469 2477 1651 2511 καθάψασθαι.
1660 2477 1691 2503 '0
1702 2476 1735 2502 δὲ
1748 2475 1827 2503 εἶπε·
1841 2477 1871 2503 Τί
1882 2477 1958 2508 ἐστι,

1133 2518 1256 2547 τέκνον;
1270 2516 1379 2551 Πατέρα
1390 2516 1481 2547 καλεῖς
1494 2516 1539 2542 τὸν
1555 2516 1623 2551 μετά
1640 2515 1737 2551 μικρὸν
1749 2515 1850 2542 ἄπαιδα
1864 2515 1960 2550 ἐσόμε-

1132 2564 1186 2587 νον,
1196 2554 1273 2589 κάγὼ
1283 2555 1376 2581 τέκνον
1386 2555 1580 2590 προσαγορεύω
1590 2555 1635 2581 τὸν
1643 2554 1701 2589 μετ’
1710 2554 1741 2580 οὐ
1750 2554 1816 2581 πολὺ
1831 2553 1959 2589 μέλλοντα

1132 2595 1178 2620 ἐπὶ
1187 2594 1232 2620 τὸν
1248 2594 1337 2629 βωμὸν
1351 2594 1464 2625 ἀνιέναι,
1479 2595 1526 2620 καὶ
1539 2594 1568 2620 ὃν
1578 2594 1637 2625 ταῖς
1648 2593 1762 2625 οίκείαις
1775 2593 1854 2628 χερσὶ
1869 2592 1959 2628 μέλλω

1133 2634 1253 2668 σφάζειν.
1270 2632 1360 2660 Είταδ
1375 2635 1440 2665 παῖς
1462 2640 1561 2668 φησιν’
1592 2632 1664 2660 Ἰδοὺ
1685 2632 1719 2659 τὸ
1743 2631 1804 2665 :tﬁp
1829 2632 1957 2668 ἐπιφέρῃ,

1132 2672 1210 2706 κάγὼ
1223 2672 1258 2699 τὰ
1269 2672 1363 2704 ξύλαι
1385 2672 1436 2699 ποῦ
1459 2672 1516 2698 ἐστι
1537 2672 1566 2698 τὸ
1580 2672 1654 2707 θῦμα
1670 2671 1700 2697 τὸ
1716 2670 1810 2706 μέλλον
1825 2670 1958 2706 προσάγε-

1132 2711 1207 2744 σθαι;
1220 2710 1282 2738 Ποῦ
1294 2711 1360 2737 ἔστι
1372 2711 1404 2737 τὸ
1413 2712 1560 2745 πρόϐατον
1570 2711 1603 2737 τὸ
1611 2712 1654 2743 είς
1666 2710 1722 2743 τὴν
1733 2709 1957 2743 ὀλοκάρπωιν;

1138 2750 1236 2778 Ἐννόει
1251 2758 1296 2785 μοι
1323 2749 1438 2776 ἐνταῦθα
1465 2749 1511 2776 τοῦ
1535 2749 1638 2777 δικαίου
1666 2749 1716 2784 τὴν
1744 2748 1875 2783 βάσανοντ
1898 2748 1957 2781 πῶς

1135 2789 1230 2825 ήνεγκε
1243 2789 1292 2824 τὴν
1305 2789 1400 2823 ἀκοὴν,
1416 2789 1475 2820 πῶς
1489 2789 1582 2824 ῐσχυσε
1601 2787 1800 2824 ἀποκρίνασθαι
1818 2786 1857 2822 τῷ
1871 2787 1956 2818 παιδὶ,

1163 2834 1174 2848 ⁸
1188 2831 1262 2863 Savjl.
1277 2834 1303 2855 el
1312 2832 1408 2862 quidam
1417 2839 1474 2856 mm.
1489 2831 1532 2863 δρα
1542 2832 1592 2859 πῶς
1600 2832 1639 2855 καὶ
1651 2831 1675 2855 ἐν
1684 2831 1719 2862 τῷ
1729 2830 1870 2863 διαστήματι
1882 2831 1957 2863 βασα-

1135 2862 1191 2890 νίζει
1203 2861 1246 2886 τοῦ
1257 2861 1348 2886 δικαίου
1356 2863 1400 2890 τὴν
1409 2863 1494 2893 ἀρετὴν
1503 2861 1517 2886 ὃ
1530 2863 1688 2893 φιλάνθρωπος
1697 2861 1824 2889 Δεσπότης.
1833 2861 1958 2893 Ἐννόησον

1135 2893 1180 2924 γὰρ
1189 2893 1212 2916 τί
1226 2893 1338 2924 ὗπέμενεν
1350 2893 1374 2916 έν
1385 2890 1447 2924 τρισὶ
1457 2890 1516 2924 νυξὶν
1525 2890 1539 2916 ό
1550 2890 1638 2920 δίκαιος
1649 2892 1744 2922 ἐκεῖνος,
1754 2894 1779 2916 el
1791 2895 1879 2916 calet:
1889 2890 1956 2916 limi-

1136 2923 1193 2948 liter
1204 2923 1301 2953 paulum
1313 2928 1409 2947 mverso
1421 2923 1516 2946 ordine.

1165 2952 1178 2972 b
1190 2953 1301 2982 Quinque
1312 2960 1367 2976 mss.
1379 2953 1429 2983 μετ’
1439 2953 1466 2976 οὐ
1477 2953 1536 2977 πολὺ
1548 2953 1671 2980 ἐπιθήσειν.
