4150 6276
289 336 395 390 hi9

287 447 657 517 promissionis
694 455 747 501 et
780 455 1054 515 postquam
1082 443 1214 498 dixit
1246 462 1258 497 :
1294 442 1359 496 In
1384 444 1474 496 illo
1502 440 1757 495 vocabitur
1780 440 1869 494 tibi

284 553 453 591 semen
476 576 491 600 ,
534 547 588 591 et
632 534 720 589 ille
755 534 856 588 erit
899 547 1175 588 successor
1200 541 1319 586 tuus
1348 551 1359 585 :
1395 532 1516 585 Post
1538 532 1687 585 verba
1717 531 1824 583 haec
1849 570 1865 594 ,

285 628 507 682 tentabat
526 626 665 681 Deus
694 625 971 679 Abraham.
996 624 1131 691 Quid
1159 632 1260 688 est,
1289 623 1535 677 Tentabat
1554 623 1578 676 ?
1594 623 1706 677 Non
1728 622 1868 691 quod

289 723 401 786 ipse
428 720 724 789 ignoraret,
762 718 1050 777 tentatioue
1077 715 1220 769 illum
1252 714 1524 782 probavit,
1551 714 1645 768 sed
1674 723 1731 767 ut
1756 723 1808 768 et
1836 714 1868 767 ii

289 810 375 876 qui
399 817 525 863 tunc
543 816 715 871 erant,
738 817 792 860 et
809 804 897 875 qui
920 805 987 858 ab
1002 820 1068 859 eo
1090 813 1328 872 tempore
1351 818 1517 873 usque
1540 803 1607 857 ad
1635 817 1870 872 pnesens

288 901 450 955 tuturi
494 908 657 964 sunt,
700 898 841 952 istud
878 898 1050 965 ipsum
1097 894 1411 965 patriarchae
1454 893 1777 949 desiderium
1818 903 1872 947 et

287 991 644 1045 obedientiam
689 989 740 1043 in
776 988 1057 1059 praeceptis
1083 986 1366 1041 dominicis
1392 1000 1501 1052 prae
1526 999 1587 1040 se
1615 984 1757 1040 ferre
1785 984 1869 1038 di-

289 1092 462 1137 scant.
498 1081 563 1136 Et
592 1081 742 1146 dixit,
766 1081 968 1150 inquit,
997 1080 1066 1132 ad
1084 1076 1204 1132 cuni
1221 1094 1241 1132 :
1271 1077 1524 1130 Abraham
1548 1118 1562 1139 ,
1595 1076 1867 1131 Abraham.

290 1174 354 1225 At
397 1174 484 1227 ille
521 1172 649 1227 dixit
674 1188 695 1227 :
724 1172 857 1226 Ecce
883 1187 994 1241 ego.
1026 1169 1162 1237 Quid
1189 1170 1290 1225 sibi
1318 1171 1429 1223 vult
1455 1169 1602 1224 verbi
1627 1168 1871 1237 duplica-

291 1265 367 1318 tio
386 1264 411 1318 ?
440 1265 645 1334 Magna:
664 1262 1046 1319 benevolentia:
1066 1277 1191 1330 erga
1218 1260 1571 1328 patriarcham
1592 1274 1875 1329 argumen-

294 1366 403 1409 tum
433 1366 534 1419 est,
565 1364 619 1410 et
642 1354 971 1409 monstrabat
993 1352 1349 1408 ei‘vocatione
1371 1350 1508 1420 ipsa,
1540 1365 1601 1405 se
1624 1365 1872 1419 magnum

292 1447 487 1515 aliquid
513 1455 899 1517 praecepturum
924 1458 1063 1499 esse.
1087 1443 1157 1498 Ut
1184 1443 1343 1512 igitur
1368 1442 1511 1494 illum
1534 1439 1872 1494 attentiorem

295 1536 561 1602 redderet,
590 1537 916 1590 vocationem
947 1533 1248 1604 geminabat
1266 1573 1281 1598 ,
1311 1540 1368 1587 et
1392 1531 1526 1587 dixit
1553 1548 1566 1585 :
1595 1530 1871 1591 Abraham,

295 1627 566 1679 Abraham.
596 1624 700 1679 Ille
715 1634 882 1679 autem
905 1625 1033 1678 dixit
1057 1640 1076 1677 :
1105 1623 1236 1677 Ecce
1272 1639 1384 1691 ego.
1405 1621 1460 1677 2.
1486 1621 1551 1675 Et
1574 1620 1702 1674 dixit
1726 1638 1741 1674 :
1772 1619 1874 1673 Ac-

294 1715 406 1785 cipe
424 1716 585 1783 ﬁlium
608 1725 748 1768 tuum
777 1715 1034 1777 dilectum,
1057 1729 1202 1783 quem
1222 1712 1463 1774 dilexisti,
1487 1710 1658 1776 Isaac,
1679 1721 1727 1764 et
1751 1711 1878 1765 vade

293 1805 346 1857 in
377 1814 560 1858 terram
594 1806 839 1858 excelsam
861 1845 875 1867 ,
906 1814 951 1857 et
975 1802 1103 1869 offer
1128 1820 1242 1857 eum
1270 1804 1324 1856 in
1350 1803 1701 1857 holocaustum
1722 1818 1878 1871 super

294 1909 450 1945 unum
478 1895 719 1947 montium
741 1934 757 1961 ,
798 1911 942 1961 quem
982 1894 1071 1948 tibi
1113 1894 1306 1947 dixero.
1348 1893 1592 1962 Magnum
1625 1891 1876 1962 prmeepti

294 1981 523 2049 pondus,
553 1990 607 2037 et
635 1997 721 2038 res
751 1983 1040 2038 humanam
1069 1982 1448 2037 transcendens
1477 1989 1743 2035 naturam.
1776 1981 1877 2034 Ac-

293 2072 404 2141 cipe
431 2074 593 2141 ﬁliunt
612 2083 754 2128 tuum
781 2074 1022 2129 dilectum
1043 2114 1056 2138 ,
1083 2091 1229 2144 quem
1251 2073 1476 2126 dilexisti
1497 2114 1512 2139 ,
1537 2072 1706 2125 Isaac.
1742 2072 1879 2128 Vide

294 2162 564 2230 quomodo
601 2178 699 2231 per
725 2164 886 2217 verba
926 2163 1025 2217 ista
1067 2162 1321 2230 majorem
1352 2176 1536 2230 rogum
1565 2161 1875 2226 succendit,

294 2261 349 2304 et
375 2251 645 2307 fornacem
670 2252 887 2315 amoris,
918 2266 1023 2320 quo
1046 2251 1219 2319 justus
1248 2250 1299 2304 in
1328 2250 1473 2304 Isaac
1498 2250 1718 2304 aﬂ'ectus
1739 2260 1876 2316 erat,

296 2341 664 2395 vehementius
678 2343 898 2395 excitat.
918 2342 1101 2410 Accipe
1119 2340 1281 2409 ﬁlium
1298 2350 1437 2394 tuum
1459 2340 1713 2403 dilectum,
1732 2356 1878 2409 quem

297 2432 539 2498 dilexisti,
573 2430 739 2485 Isaac.
774 2432 1195 2501 Unumquodque
1218 2432 1437 2485 verbum
1466 2448 1559 2499 per
1582 2446 1640 2485 se
1666 2430 1878 2485 sufﬁce-

298 2530 383 2575 ret
400 2522 466 2575 ad
489 2523 823 2576 sauciandam
845 2523 1074 2576 animam
1091 2522 1239 2591 justi.
1263 2521 1376 2575 Non
1398 2520 1541 2576 enim
1562 2521 1878 2590 simpliciter

296 2612 450 2675 dixit,
479 2611 629 2665 Isaac
647 2654 662 2678 ,
691 2613 781 2666 sed
820 2611 1042 2677 addidit,
1073 2611 1265 2664 Filium
1290 2621 1432 2664 tuum
1455 2653 1472 2677 ,
1497 2627 1652 2681 quem
1686 2620 1878 2681 praeter

296 2716 508 2756 omnem
529 2702 977 2770 exspectationem
998 2702 1297 2769 suscepisti,
1318 2712 1371 2755 et
1388 2703 1439 2755 in
1462 2702 1574 2771 ipsa
1597 2709 1877 2757 senectute

298 2791 495 2846 habere
514 2791 749 2860 potuisti,
778 2791 1049 2855 Dilectum,
1078 2791 1484 2846 desiderabilem
1516 2801 1685 2858 tuum,
1716 2807 1875 2860 quem

296 2891 403 2936 tam
446 2883 729 2937 immodice
767 2882 941 2951 diligis
961 2922 977 2946 ,
1010 2881 1248 2937 lsaacum
1271 2923 1287 2947 ,
1318 2897 1476 2951 quem
1506 2897 1873 2937 successurum

297 2973 391 3027 tibi
418 2982 717 3042 exspectas,
740 2988 805 3027 ex
831 2988 936 3041 quo
959 2982 1014 3027 et
1042 2987 1222 3026 semen
1248 2980 1395 3025 tuum
1422 2971 1875 3041 multiplicandum

290 3064 551 3132 promisi,
580 3072 637 3117 et
666 3063 717 3116 in
749 3071 951 3115 tantum
989 3062 1443 3131 multiplicandum
1472 3103 1489 3129 ,
1519 3072 1576 3115 ut
1602 3063 1875 3116 stellarum

296 3156 616 3211 multitudini
644 3166 700 3211 et
736 3172 914 3212 arenae
950 3173 1069 3227 quae
1093 3158 1239 3227 juxta
1279 3157 1403 3213 litus
1430 3157 1594 3212 maris
1620 3164 1706 3211 est
1731 3155 1879 3210 adre.

294 3255 505 3316 quetur.
528 3246 677 3301 Illum
714 3248 882 3316 ipsum
910 3248 1112 3318 Accipe,
1135 3257 1180 3301 et
1198 3247 1391 3301 vadsin
1409 3256 1590 3301 terram
1607 3246 1876 3310 excelsam,

294 3349 341 3394 et
369 3339 498 3406 o/Ter
529 3356 644 3393 eum
668 3342 737 3393 ibi
763 3341 817 3393 in
852 3341 1196 3394 holocaustum
1223 3355 1376 3408 super
1406 3355 1562 3392 unum
1591 3338 1833 3392 montium
1859 3379 1875 3404 ,

294 3449 437 3501 quem
467 3433 556 3485 tibi
580 3433 765 3486 dicam.
796 3432 1057 3487 Adtnirari
1088 3431 1230 3486 subit
1253 3430 1522 3501 quomodo
1555 3431 1668 3484 haec
1704 3431 1875 3500 justus

293 3510 508 3578 auribus
535 3522 673 3577 ferre
698 3523 945 3592 potuerit.
973 3523 1123 3576 Illum
1151 3522 1295 3576 enim
1322 3522 1514 3590 ipsum,
1547 3521 1736 3591 inquit,
1763 3529 1871 3574 tam

294 3615 701 3670 desiderabilem
745 3615 834 3669 tibi
862 3656 876 3677 ,
914 3613 1048 3669 οσον
1076 3615 1208 3669 mihi
1238 3614 1288 3667 in
1321 3614 1684 3667 holocaustum
1710 3626 1877 3679 super

295 3723 459 3761 unum
488 3708 766 3760 montium.
795 3705 932 3773 Quid
962 3706 1123 3776 igitur
1141 3705 1354 3775 justus?
1380 3704 1494 3759 Non
1525 3703 1766 3758 turbatus
1793 3710 1875 3757 est

295 3796 492 3861 animo,
524 3812 630 3851 non
658 3798 908 3852 confusus
933 3806 1016 3851 est
1036 3805 1234 3861 mente,
1265 3810 1372 3849 non
1400 3794 1623 3850 consilio
1648 3794 1871 3848 destitu-

295 3895 383 3940 tus
401 3887 572 3942 estad
599 3896 704 3941 tam
731 3886 1051 3957 stupendum
1082 3893 1425 3955 prteceptum,
1453 3900 1559 3938 non
1586 3882 1872 3952 cogitabat,

295 3991 403 4031 non
444 3978 853 4032 ratiocinabatur
886 3991 1069 4032 secum
1099 3994 1111 4030 :
1140 3975 1276 4041 Quid
1322 3976 1423 4029 hoc
1460 3984 1542 4028 est
1564 3974 1588 4026 ἲ
1613 3975 1700 4042 qui
1748 3974 1875 4028 mibi

295 4077 491 4136 prmter
530 4083 742 4121 omnem
784 4067 1233 4136 exspectationem
1274 4065 1475 4135 prolem
1514 4064 1732 4134 largitus
1757 4073 1871 4131 est,

294 4159 384 4227 qui
413 4170 628 4228 propter
656 4159 1036 4229 benignitatem
1062 4173 1211 4213 suam
1234 4166 1531 4213 emortuam
1557 4158 1732 4213 Sarrae
1760 4157 1873 4211 vul-

282 4265 414 4302 vam
443 4250 769 4319 generationi
802 4248 1043 4303 idoneam
1070 4248 1222 4315 fecit,
1254 4263 1394 4302 nunc
1421 4257 1696 4318 postquam
1723 4247 1874 4302 abla-

293 4351 465 4396 ctatus
493 4352 576 4396 est
600 4341 739 4395 illius
764 4351 818 4395 et
844 4341 1009 4395 crevit
1028 4381 1044 4406 ,
1072 4349 1128 4394 et
1156 4340 1207 4393 in
1236 4340 1369 4394 ﬂore
1393 4340 1565 4394 aetatis
1592 4349 1704 4405 est,
1732 4340 1871 4394 hunc

293 4431 464 4485 occidi
493 4441 546 4485 et
586 4432 635 4485 in
669 4433 1035 4485 holocaustum
1075 4429 1253 4483 oﬂ‘erri
1282 4431 1518 4498 praecipit
1548 4447 1562 4483 :
1594 4430 1684 4499 qui
1716 4432 1871 4500 paulo

292 4532 447 4575 antea
474 4522 624 4581 dixit,
654 4520 719 4573 In
749 4522 857 4590 ipso
886 4520 1140 4573 vocabitur
1165 4520 1251 4571 tibi
1280 4535 1467 4585 semen,
1496 4537 1636 4574 nunc
1659 4530 1872 4575 contra-

291 4615 368 4667 ria
401 4612 653 4681 praecipit.
701 4613 769 4665 Et
812 4609 1081 4679 quomodo
1113 4608 1489 4679 implebantur,
1532 4626 1650 4680 qum
1695 4612 1765 4664 ab
1806 4626 1872 4669 eo

288 4713 417 4758 sunt
440 4703 698 4773 promissa
717 4702 872 4768 ‘lQuo
898 4711 1050 4770 pacto
1076 4702 1219 4756 enim
1248 4701 1359 4756 ﬂeri
1385 4710 1581 4771 potest,
1609 4712 1667 4756 ut
1694 4703 1872 4758 radice

294 4808 505 4851 exsecta
553 4794 685 4848 rami
724 4793 1027 4863 pullulent,
1071 4792 1153 4847 vel
1192 4794 1395 4847 succisa
1438 4794 1633 4848 arbore
1671 4793 1872 4848 fructus

292 4889 604 4959 proveniant
628 4927 643 4953 ,
672 4888 753 4940 vel
794 4886 941 4941 fonte
965 4886 1202 4940 arefacto
1230 4885 1371 4940 ﬂuvii
1402 4886 1695 4941 scaturiant
1719 4886 1743 4939 ἳ
1770 4885 1868 4940 Se-

296 4983 520 5037 cundum
550 4981 778 5036 hominis
799 4982 1055 5035 rationem
1079 4980 1199 5035 talia
1226 4979 1337 5035 ﬂeri
1363 4996 1467 5034 non
1491 4990 1574 5035 est
1595 4980 1869 5049 possibile;

292 5073 402 5126 Deo
428 5080 602 5125 autem
625 5072 835 5125 volente
864 5071 975 5124 fieri
1005 5080 1225 5140 possunt
1245 5072 1443 5124 omnia.

360 5162 413 5215 '2.
441 5160 705 5215 Caeterum
728 5159 915 5214 borum
946 5159 1074 5214 nihil
1099 5160 1347 5229 cogitavit
1367 5174 1548 5215 secum
1561 5160 1742 5229 justus
1759 5160 1864 5223 ille,

289 5252 382 5307 sed
400 5253 536 5307 sicut
554 5260 735 5322 gratus
758 5251 1003 5312 famulus.
1018 5253 1213 5306 omissa
1230 5252 1375 5307 omni
1394 5253 1602 5307 ratione
1616 5252 1866 5317 humana,

291 5359 450 5399 unam
481 5353 682 5397 tantum
713 5358 825 5398 rem
852 5343 1085 5404 curabat,
1114 5353 1167 5396 ut
1200 5344 1457 5412 imperata
1488 5358 1647 5413 opere
1677 5345 1867 5413 imple-

290 5444 373 5490 ret
401 5453 415 5490 :
443 5444 496 5490 et
537 5435 687 5505 quasi
724 5434 891 5488 factus
934 5433 1001 5486 ab
1041 5433 1267 5487 humana
1310 5443 1496 5487 natura
1541 5435 1745 5488 alienus
1773 5473 1786 5497 ,
1815 5443 1869 5488 et

293 5524 709 5597 postponendam
740 5523 941 5577 ducens
965 5522 1155 5576 divinis
1187 5523 1463 5592 prmceptis
1501 5538 1710 5577 omnem
1741 5522 1870 5578 aﬂ‘e-

293 5618 522 5671 ctiouem
552 5624 607 5670 et
630 5614 966 5667 dilectionem
992 5654 1007 5677 ,
1035 5612 1101 5666 ad
1129 5612 1394 5683 implenda
1424 5613 1515 5667 Dei
1542 5613 1687 5682 jussa
1715 5614 1865 5668 festi-

294 5707 458 5763 navit.
479 5707 532 5760 5.
564 5704 630 5759 Et
657 5722 771 5760 cum
799 5703 1092 5759 surrexisset
1116 5743 1131 5772 ,
1166 5704 1367 5776 inquit,
1395 5705 1649 5761 Abraham
1684 5721 1862 5774 mane,

1347 332 1409 386 ΙΝ
1442 329 1597 385 CAP.
1638 330 1799 390 XXII.
1834 333 2078 394 GENES.
2123 336 2347 395 IIOMIL.
2391 340 2597 399 XLVII.

3447 360 3553 419 I30

1975 446 2149 498 stravit
2177 449 2372 504 asinam
2406 468 2568 507 suam.
2603 454 2805 525 Accepit
2829 468 2995 516 autem
3036 478 3202 519 secum
3228 466 3361 523 duos
3381 486 3555 525 sentos

1976 545 2025 588 et
2059 535 2211 592 Isaac
2249 541 2412 608 ﬁlium
2439 560 2586 597 suum
2615 562 2636 602 :
2669 560 2716 601 et
2751 551 2919 605 scissis
2954 554 3103 624 lignis
3128 557 3179 609 in
3206 557 3554 614 holocaustum

2114 632 2443 721 surrexisset,
2468 641 2721 707 profectus
2744 651 2835 705 est,
2861 653 2908 696 et
2934 647 3062 698 venit
3086 649 3138 700 in
3174 649 3339 703 locum
3357 691 3373 715 ,
3404 668 3554 721 quem

1976 717 2105 771 dixit
2140 720 2203 812 ci
2219 720 2356 776 Deus
2377 762 2392 787 ,
2424 724 2509 778 die
2535 730 2700 783 tertio.
2724 729 2857 787 Vide
2884 734 3199 812 clemeptem
3223 717 3503 795 Dominum
3534 783 3550 808 ,

1977 808 2243 875 quomodo
2286 819 2341 865 et
2376 812 2657 869 intervallo
2700 819 2802 872 loci
2838 822 2964 888 justi
3005 808 3248 891 probavit
3275 828 3548 883 virtutem.

1976 896 2155 965 Cogita
2182 910 2358 954 autem
2383 903 2509 972 quid
2534 906 2807 973 probabile
2830 910 2900 963 sit
2929 913 3103 967 triduo
3128 914 3218 968 illo
3238 917 3554 973 sustinuisse

1972 985 2174 1070 justum
2205 988 2221 1019 ¹
2252 1003 2430 1045 secum
2468 1004 2799 1062 reputantem
2834 999 2934 1053 sibi
2964 1013 3281 1071 praeceptum
3308 1019 3429 1061 esse
3450 1046 3466 1070 ,
3496 1015 3556 1061 ut

1974 1074 2085 1130 suis
2108 1079 2350 1134 manibus
2366 1089 2470 1135 tam
2490 1082 2740 1138 dilectum
2762 1086 2928 1143 ﬁlium
2949 1090 3234 1158 occideret,
3254 1108 3425 1162 neque
3440 1111 3555 1150 rem

1978 1168 2071 1222 ulli
2101 1173 2521 1228 communicaret
2547 1183 2601 1229 et
2637 1174 2947 1245 detegeret;
2982 1188 3037 1233 et
3064 1182 3380 1252 obstupesce
3405 1186 3551 1254 pium

1978 1260 2388 1332 religiosumque
2433 1280 2497 1320 ac
2536 1266 2850 1335 prudentem
2895 1272 3056 1339 ipsius
3108 1274 3364 1329 animum.
3420 1277 3555 1343 Quia

1978 1353 2121 1406 enim
2151 1353 2352 1408 sciebat
2379 1356 2792 1425 magnitudinem
2824 1362 3092 1431 praecepti,
3111 1364 3307 1418 nemini
3336 1381 3554 1434 prorsus

1981 1443 2081 1498 hoc
2105 1445 2421 1514 signiﬁcavit
2439 1487 2452 1509 ,
2482 1463 2653 1517 neque
2679 1452 2883 1517 pueris,
2914 1467 3089 1522 neque
3118 1455 3217 1523 ipsi
3250 1456 3393 1511 Isaac
3418 1475 3433 1511 :
3459 1458 3557 1513 sed

1979 1535 2127 1588 solus
2152 1550 2331 1589 secum
2360 1551 2586 1606 agonem
2619 1540 2764 1593 illum
2794 1541 3094 1598 decertabat
3123 1586 3138 1609 ,
3167 1554 3221 1599 et
3248 1548 3395 1615 quasi
3425 1547 3556 1601 ada-

1979 1638 2095 1677 mas
2131 1624 2343 1691 quidam
2383 1627 2631 1682 manebat
2669 1628 2928 1696 invictus,
2970 1632 3134 1686 robur
3178 1636 3555 1703 cogitationum

1980 1721 2184 1767 tantum
2208 1715 2465 1770 exhibens
2484 1757 2499 1780 ,
2527 1726 2580 1770 et
2606 1732 2712 1783 non
2739 1719 2897 1773 multa
2924 1730 3192 1786 causatus,
3221 1738 3411 1793 magno
3435 1739 3556 1780 cum

1979 1804 2245 1859 desiderio
2273 1805 2671 1873 obtemperabat
2696 1810 2842 1862 nutui
2864 1809 3060 1864 divino.
3093 1812 3157 1865 Et
3184 1822 3461 1884 postquam
3487 1815 3554 1869 ad

1978 1895 2152 1951 locum
2193 1897 2343 1951 illum
2384 1900 2660 1968 pervenit,
2687 1901 2741 1953 4.
2774 1900 2999 1954 Sublatis
3021 1942 3037 1965 ,
3066 1902 3234 1972 inquit
3256 1944 3270 1968 ,
3302 1904 3559 1959 Abraham

1979 1990 2141 2043 oculis
2167 1989 2273 2043 suis
2296 1989 2420 2042 vidit
2446 1990 2611 2043 locum
2640 2008 2671 2043 a
2706 1991 2886 2061 longe,
2917 1992 2968 2046 5.
3000 2002 3045 2046 et
3076 1993 3203 2047 dixit
3241 1995 3393 2048 servis
3418 1994 3558 2048 suis:

1982 2081 2167 2136 Sedete
2198 2082 2280 2134 hic
2314 2098 2428 2135 cum
2462 2085 2626 2138 asina.
2655 2083 2790 2139 Vide
2811 2095 2865 2138 et
2896 2085 2982 2139 hic
3004 2085 3131 2153 justi
3159 2099 3401 2155 magnam
3430 2101 3558 2154 pru-

1982 2170 2214 2225 dentiam
2242 2188 2255 2224 :
2281 2172 2440 2225 etiam
2471 2172 2639 2226 servis
2664 2175 2774 2227 vult
2800 2188 2920 2228 esse
2949 2174 3191 2229 occultus
3214 2215 3229 2239 ,
3260 2190 3353 2243 per
3381 2176 3558 2229 omnia

1981 2261 2259 2315 declarans
2282 2277 2339 2315 se
2359 2277 2478 2316 cum
2510 2263 2728 2316 ferventi
2753 2263 3024 2318 alacritate
3044 2274 3098 2318 et
3124 2264 3327 2325 intento
3348 2264 3558 2319 deside-

1980 2353 2062 2406 rio
2083 2352 2304 2420 implere
2323 2353 2457 2406 velle
2477 2352 2616 2417 quod
2639 2353 2745 2407 Deo
2767 2354 3105 2422 probabatur.
3130 2353 3261 2407 Nam
3284 2354 3404 2423 quia
3426 2354 3560 2408 scie-

1983 2442 2072 2496 bat
2099 2456 2290 2496 novum
2321 2451 2374 2494 et
2406 2442 2696 2495 inauditum
2725 2457 2845 2497 esse
2880 2442 2930 2496 id
2961 2442 3099 2511 quod
3124 2443 3190 2496 ab
3219 2443 3333 2511 ipso
3357 2441 3558 2496 facien-

1980 2534 2106 2587 dum
2127 2542 2260 2595 erat,
2284 2548 2455 2601 neque
2475 2534 2542 2587 ab
2562 2534 2668 2586 ullo
2687 2548 2933 2601 umquam
2961 2532 3063 2587 tale
3083 2532 3333 2602 quiddam
3361 2531 3557 2585 factum

1981 2624 2146 2679 fuisse
2173 2636 2327 2679 antea
2351 2666 2365 2690 ,
2394 2640 2506 2678 rem
2534 2625 2707 2679 servis
2735 2625 2985 2678 occultat.
3016 2625 3079 2679 Et
3105 2624 3306 2679 relictis
3333 2624 3410 2677 eis
3434 2638 3556 2677 cum

1981 2716 2150 2780 asina,
2184 2717 2353 2785 inquit
2384 2734 2396 2769 :
2424 2715 2477 2769 5.
2511 2713 2609 2767 Hic
2627 2723 2907 2784 exspectate
2927 2730 2945 2767 :
2964 2730 3054 2784 ego
3074 2714 3207 2767 enim
3235 2723 3281 2766 et
3302 2729 3425 2782 puer
3444 2728 3557 2763 am-

1982 2806 2265 2859 bulabimus
2294 2822 2446 2873 usque
2467 2805 2610 2869 illuc,
2632 2814 2677 2858 et
2702 2821 2817 2857 cum
2839 2804 3235 2866 adoraverimus,
3260 2812 3559 2855 revertemur

1982 2899 2051 2952 ad
2078 2914 2180 2951 vos.
2219 2896 2474 2967 Ignorans
2501 2896 2730 2950 futurum
2760 2910 2879 2949 esse
2909 2894 2957 2947 id
2990 2894 3130 2962 quod
3170 2893 3379 2946 dicebat
3407 2932 3421 2957 ,
3462 2890 3558 2945 sed

1985 2986 2327 3057 proplietavit
2352 2985 2564 3055 quidem
2590 3026 2604 3048 ,
2637 2985 2884 3054 ignorans
2909 2992 3083 3037 tamen
3115 2981 3373 3034 fortassis.
3408 2979 3560 3033 Dice-

1985 3077 2073 3131 bat
2101 3085 2277 3129 autem
2309 3075 2424 3129 bxc
2447 3074 2612 3128 servis
2637 3112 2653 3137 ,
2684 3072 2819 3126 forte
2849 3081 2905 3125 ut
2932 3071 3226 3139 imponeret
3252 3069 3330 3124 eis
3350 3108 3367 3133 ,
3395 3078 3449 3123 et
3478 3068 3559 3122 fa-

1984 3175 2132 3222 ceret
2159 3174 2216 3220 ut
2254 3165 2324 3220 ibi
2366 3170 2643 3218 manentes
2669 3178 2776 3217 non
2802 3168 3150 3231 sequerentur
3177 3175 3194 3214 :
3221 3173 3284 3213 ac
3307 3158 3561 3227 deinceps

1984 3271 2104 3311 cum
2133 3268 2298 3325 puero
2322 3262 2439 3307 erat
2467 3250 2783 3320 patriarcha.
2805 3250 2858 3304 6.
2883 3248 3086 3319 Accepit
3109 3258 3275 3302 autem
3305 3247 3559 3302 Abraham

1984 3346 2124 3416 ligna
2154 3344 2452 3406 holocausti,
2483 3352 2528 3397 et
2554 3341 2791 3413 huposuit
2820 3338 2967 3393 Isaac
2996 3339 3103 3407 ﬁlio
3130 3354 3243 3391 suo.
3275 3337 3409 3390 Tulit
3431 3352 3558 3405 quo-

1980 3451 2079 3504 que
2099 3435 2152 3487 in
2172 3433 2405 3487 manibus
2426 3432 2589 3501 ignem
2615 3440 2662 3483 et
2685 3429 2931 3496 gladium,
2953 3434 2999 3480 et
3020 3433 3342 3494 perrexerunt
3365 3425 3463 3478 duo
3484 3424 3559 3478 illi

1982 3528 2154 3583 simul.
2183 3525 2229 3581 Ο
2256 3526 2446 3578 anima:
2477 3521 2833 3577 fortitudinem
2858 3521 2872 3574 l
2903 3533 2937 3573 o
2962 3517 3178 3587 spiritus
3201 3516 3552 3570 soliditatem!

1984 3621 2050 3674 Et
2075 3619 2332 3689 imposuit,
2360 3617 2550 3685 inquit,
2572 3613 2725 3668 Isaac
2740 3614 2881 3684 ligna
2899 3612 3179 3667 holocausti
3199 3625 3218 3664 :
3245 3610 3356 3677 ipse
3382 3618 3556 3661 autem

1980 3710 2213 3779 gladium
2254 3717 2309 3761 et
2348 3707 2520 3772 ignem
2556 3704 2793 3772 accepit,
2832 3712 2887 3757 et
2924 3701 3136 3754 iverunt
3173 3698 3331 3752 ambo
3374 3696 3554 3751 simul.
3644 3718 3647 3721 ι

1981 3799 2235 3868 Qualibus
2263 3797 2430 3851 oculis
2464 3794 2736 3863 spectabat
2764 3807 2982 3860 puerum
3021 3791 3159 3859 ligna
3200 3789 3507 3842 aﬂ‘erentem
3538 3827 3557 3853 ,

1983 3904 2146 3958 super
2168 3902 2288 3956 quae
2315 3900 2419 3939 non
2446 3884 2613 3937 multo
2643 3890 2761 3951 post
2790 3881 2936 3934 illum
2963 3878 3328 3933 immolaturus
3347 3879 3367 3908 ‘
3396 3885 3511 3929 erat
3534 3876 3562 3929 Υ

1982 3977 2249 4049 quomodo
2289 3990 2476 4029 manus
2515 3973 2655 4027 ferre
2695 3970 2865 4041 potuit
2905 3970 3078 4039 ignem
3105 3978 3157 4022 et
3188 3966 3465 4037 gladium?
3494 3964 3561 4019 Et

1983 4083 2172 4124 manus
2199 4066 2411 4137 quidem
2437 4063 2644 4119 ferebat
2667 4062 2839 4132 ignem
2869 4058 3198 4122 sensibilem,
3224 4056 3358 4125 ignis
3382 4066 3557 4108 autem

1980 4158 2202 4214 interior
2227 4153 2551 4211 accendebat
2587 4152 2751 4221 ipsius
2781 4157 3011 4203 mentem
3035 4188 3049 4210 ,
3077 4154 3131 4199 et
3172 4146 3429 4201 rationem
3458 4143 3556 4197 ab-

1979 4250 2240 4315 sumebat,
2268 4245 2725 4317 persuadebatque
2746 4251 2802 4296 ut
2826 4255 3007 4294 auiore
3034 4240 3085 4293 in
3113 4238 3275 4293 Deum
3299 4237 3555 4298 vinceret,

1980 4350 2035 4396 ct
2065 4341 2201 4393 hanc
2226 4337 2597 4407 cogitationem
2629 4331 2965 4393 immittebat,
2988 4329 3130 4393 eum,
3157 4327 3244 4397 qui
3266 4326 3374 4397 jam
3397 4338 3556 4394 supra

1980 4433 2262 4486 humanam
2276 4439 2515 4483 naturam
2530 4442 2587 4481 se
2604 4427 2799 4480 fecerat
2812 4438 2930 4494 esse
2945 4432 3169 4491 patrem,
3192 4421 3381 4475 iterum
3400 4431 3558 4488 posse

1978 4533 2031 4578 et
2062 4536 2199 4575 nunc
2227 4536 2345 4589 qua:
2362 4519 2643 4571 humanam
2668 4513 3125 4582 transgrediuntur
3146 4512 3402 4566 rationem
3428 4524 3558 4577 ope-

1979 4613 2105 4667 rari.
2128 4611 2390 4665 (la-terum
2418 4607 2556 4668 vide,
2573 4605 2816 4665 obsecro.
2835 4602 3085 4669 deinceps
3104 4609 3226 4654 ante
3251 4599 3554 4654 sensibilem

1981 4706 2127 4759 illum
2171 4702 2382 4771 ignem,
2428 4696 2730 4751 incendium
2773 4694 3077 4754 internum,
3123 4690 3262 4759 quod
3303 4688 3553 4757 paulatim

1979 4788 2393 4853 exardescebat,
2419 4795 2470 4842 et
2497 4783 2626 4855 justi
2653 4791 2882 4836 mentem
2913 4779 3292 4834 inﬂammabat.
3329 4777 3381 4830 7.
3413 4774 3555 4829 Dixit

1916 4878 1925 4885 ”
1979 4894 2167 4948 autem,
2192 4882 2380 4950 inquit,
2411 4877 2561 4931 Isaac
2580 4875 2647 4927 ad
2667 4873 2922 4926 Abraham
2946 4879 3136 4940 patrem
3162 4885 3309 4923 suum
3330 4884 3349 4921 :
3378 4865 3552 4919 Pater.

1978 4973 2284 5030 Sufliciebat
2335 4971 2436 5023 hoc
2479 4966 2695 5021 verbum
2747 4963 2812 5016 ad
2866 4959 3173 5015 lancinanda
3218 4958 3344 5026 justi
3398 4956 3556 5024 hujus

1976 5067 2199 5119 viscera.
2233 5060 2332 5115 Ille
2358 5071 2525 5113 autem
2563 5056 2691 5110 dixit
2722 5070 2740 5107 :
2773 5052 2909 5118 Quid
2934 5060 3027 5115 est,
3059 5051 3135 5118 ﬁli
3154 5050 3180 5104 1’
3221 5050 3430 5103 Patrem
3464 5063 3557 5098 vo-

1975 5174 2086 5222 cas,
2109 5155 2265 5224 paulo
2282 5160 2401 5222 post
2424 5151 2650 5203 futurum
2669 5145 2856 5199 orbum
2881 5160 2894 5196 :
2924 5152 2976 5197 et
3001 5157 3101 5211 ego
3132 5141 3293 5195 ﬂlium
3320 5139 3563 5210 appello,

1976 5248 2064 5318 qui
2095 5260 2200 5299 non
2231 5242 2397 5295 multo
2423 5246 2538 5308 post
2561 5252 2719 5304 super
2745 5236 2910 5288 altare
2936 5246 3253 5291 ascensurus
3280 5241 3393 5293 est,
3423 5229 3558 5281 meis

1974 5335 2294 5394 occidendus
2318 5331 2581 5386 manibus.
2611 5326 2806 5382 Deinde
2832 5339 2962 5394 puer
2990 5323 3159 5392 inquit
3187 5338 3200 5374 :
3232 5318 3364 5374 Ecce
3388 5319 3556 5386 ignem

1974 5428 2166 5492 aﬂ‘ers,
2198 5435 2247 5479 et
2273 5437 2372 5494 ego
2410 5422 2585 5491 ligna;
2606 5417 2694 5473 ubi
2731 5427 2815 5472 est
2849 5415 3021 5471 hostia
3061 5408 3425 5466 immolanda?
3456 5406 3553 5464 Ubi

2036 5589 2074 5652 ί,
2091 5582 2306 5652 savtl._gt
2327 5578 2519 5652 quidam
2551 5584 2662 5652 uss.
2681 5572 2929 5652 _§__Cogila
2947 5569 3075 5620 enim
3104 5575 3281 5632 quanta
3304 5579 3555 5631 perpessus

1971 5647 2033 5702 sil
2047 5647 2209 5710 justus
2231 5641 2311 5694 ille
2333 5641 2460 5690 intra
2483 5647 2578 5710 tres
2608 5643 2783 5710 noctes.

2036 5690 2069 5742 s"
2078 5690 2308 5769 ’ᾧῖῇᾇέ
2331 5712 2459 5762 μεθ’
2830 5706 2935 5759 pro,
2960 5690 3309 5743 ismnolaturus.
