4150 6276
595 322 695 379 ιδι

588 447 658 491 est
681 438 785 492 otiis
804 438 872 493 ad
898 438 1243 495 holocaustum
1262 442 1289 494 2
1311 441 1619 513 Considera,
1647 446 1892 509 obsecro,
1919 447 2005 503 hic
2026 450 2153 517 justi

588 525 684 581 viri
702 527 1014 596 cruciatum,
1034 531 1300 599 quomodo
1320 532 1435 586 tulit
1449 533 1682 597 auribus,
1704 536 1970 604 quomodo
1992 538 2160 606 potuit

588 617 910 684 respondere
937 634 1123 689 puero,
1150 621 1412 688 quomodo
1438 638 1542 676 non
1565 634 1644 677 est
1672 625 1925 681 confusus
1951 635 2155 690 meme,

588 705 859 772 quomodo
884 707 991 761 lilio
1016 709 1280 763 occultare
1308 710 1473 777 potuit
1499 712 1549 765 id
1579 714 1719 781 quod
1741 712 1972 768 futurum
2003 725 2119 769 erat
2142 730 2155 768 :

588 793 682 846 sed
716 795 884 863 inquit
908 809 1168 862 generoso
1204 798 1389 865 spiritu
1429 808 1483 852 et
1523 799 1643 854 forti
1682 802 1854 855 anima
1887 821 1898 854 :
1929 803 1983 857 8.
2024 803 2160 856 Deus

588 884 770 938 videbit
786 886 1075 956 sibimetipsi
1102 903 1239 942 ovem
1264 891 1332 942 ad
1354 891 1715 957 holocaustum,
1743 894 1978 961 ﬁli.Vide
1996 898 2153 948 etiam

591 972 674 1028 hic
701 989 806 1042 quo
830 985 984 1043 pacto
1010 976 1223 1045 ignarus
1259 979 1489 1033 insinuat
1532 982 1718 1035 iterum
1749 984 1887 1050 quod
1929 986 2157 1037 futurum

588 1071 719 1115 erat.
756 1062 1037 1119 Videbatur
1064 1067 1204 1120 enim
1234 1081 1327 1133 per
1352 1082 1661 1135 responsum
1691 1071 1836 1123 Isaac
1860 1071 2157 1137 decepisse,

587 1151 681 1206 sed
711 1153 782 1207 illi
813 1154 1025 1223 quidem
1062 1157 1239 1211 verbis
1264 1158 1472 1212 interim
1503 1162 1762 1228 persuasit
1794 1178 1808 1214 :
1842 1162 1954 1229 ipse
1982 1172 2159 1216 autem

589 1243 844 1312 majorem
888 1248 1288 1317 gravioremque
1334 1250 1575 1304 dolorem
1619 1254 1863 1320 pertulit,
1904 1255 2064 1308 verba
2107 1257 2159 1310 in

587 1332 763 1386 anima
785 1349 1024 1399 versans,
1041 1347 1094 1390 et
1111 1339 1345 1405 cogitans
1369 1339 1512 1406 pueri
1535 1339 1845 1409 elegantiam
1861 1353 2158 1410 externam,

597 1420 967 1491 internamque
993 1423 1431 1491 pulchritudinem
1460 1467 1474 1489 ,
1502 1427 1884 1494 obedientiam,
1915 1434 2159 1499 gratiam,

588 1510 759 1565 aetatis
786 1509 992 1568 florem.
1022 1513 1076 1567 9.
1108 1512 1328 1584 Cumque
1359 1516 1483 1570 irent
1513 1519 1658 1571 ambo
1676 1557 1693 1585 ,
1730 1532 1964 1575 verterunt
1990 1524 2057 1576 ad
2085 1524 2163 1577 lo-

587 1616 700 1652 cum
722 1600 785 1653 de
804 1617 899 1669 quo
914 1603 1040 1657 dixit
1061 1605 1107 1657 ei
1126 1603 1280 1661 Deus.
1304 1605 1592 1673 Venerunt,
1618 1610 1802 1678 inquit,
1824 1612 1893 1664 ad
1925 1624 2159 1667 montem

588 1689 894 1755 excelsum,
942 1706 1101 1759 quem
1139 1693 1341 1748 scilicet
1373 1695 1422 1749 ei
1469 1697 1721 1751 Dominus
1764 1699 2018 1754 indicarat
2049 1719 2064 1755 :
2094 1702 2162 1756 Et

589 1781 856 1847 tcdificaoit
885 1782 952 1835 ibi
976 1782 1232 1836 Abraham
1261 1785 1441 1841 altare.
1476 1787 1669 1842 lterum
1698 1788 2014 1858 obstupesco
2032 1792 2162 1860 justi

578 1869 946 1926 fortitudinem
976 1911 992 1935 ,
1047 1873 1312 1941 quomodo
1360 1878 1590 1943 potuerit
1629 1887 1903 1934 exstruere
1950 1882 2115 1940 altare
2143 1921 2160 1947 ,

585 1959 851 2025 quomodo
887 1961 1148 2028 valuerit,
1191 1964 1455 2032 quomodo
1494 1981 1603 2021 non
1640 1967 1898 2025 defecerit
1928 1986 2035 2038 prae
2064 1988 2172 2029 an-.

583 2049 774 2114 gustia,
806 2050 898 2104 sed
928 2061 980 2104 et
1009 2053 1175 2107 altare
1201 2056 1561 2122 tedilicaverit,
1590 2069 1644 2114 et
1669 2060 1979 2128 imposuerit
2000 2062 2162 2132 ligna.

588 2137 653 2190 Et
689 2141 899 2208 ligatum
937 2141 1103 2209 filium
1142 2161 1289 2197 suum
1329 2144 1485 2200 Isaac
1518 2149 1755 2216 imposuit
1797 2167 1946 2219 super
1978 2152 2160 2207 altare.

585 2230 674 2283 i0.
720 2229 786 2283 Et
820 2232 1041 2285 extendit
1075 2232 1330 2287 Abraham
1369 2252 1575 2290 manum
1614 2255 1794 2304 suam,
1829 2250 1883 2293 ut
1919 2242 2165 2310 acciperet

586 2319 835 2388 gladium,
858 2332 904 2372 et
928 2322 1174 2376 occideret
1204 2325 1368 2390 ﬁlium
1391 2341 1559 2379 suum.

655 2432 709 2483 5.
742 2431 1015 2483 Abrahami
1053 2435 1294 2502 fortitudo
1331 2446 1376 2488 et
1406 2434 1576 2489 Isaaci
1610 2438 1941 2509 obsequentia.
1976 2471 2052 2485 -
2090 2443 2167 2498 Ne

584 2518 771 2571 leviter
810 2534 1276 2587 praetercurramus
1297 2565 1312 2587 ,
1342 2525 1555 2591 dilecti,
1582 2544 1701 2596 qua:
1719 2530 1857 2584 dicta
1886 2542 2040 2586 sunt:
2073 2535 2166 2587 sed

582 2609 978 2664 consideremus
1002 2614 1262 2679 quomodo
1290 2628 1392 2667 n0u
1419 2617 1638 2671 avolarit
1660 2633 1688 2671 a
1714 2634 1935 2688 corpore
1957 2625 2129 2677 anima
2148 2668 2162 2691 ,

583 2700 851 2766 quomodo
876 2702 1103 2767 potuerit
1121 2704 1228 2756 suis
1252 2706 1493 2758 manibus
1516 2707 1794 2777 colligare,
1824 2721 1879 2764 et
1897 2712 2049 2782 lignis
2072 2717 2170 2770 im-

585 2804 783 2855 ponere
823 2801 926 2843 tam
955 2792 1205 2846 dilectum
1230 2834 1247 2859 ,
1282 2804 1385 2848 tam
1415 2798 1694 2852 amabilem
1732 2803 2076 2872 unigenitum.
2103 2806 2168 2859 Et

583 2880 802 2932 extendit
834 2920 851 2945 ,
896 2881 1102 2949 inquit,
1141 2882 1394 2937 Abraham
1430 2903 1632 2941 manum
1655 2907 1799 2944 suam
1827 2933 1842 2955 ,
1898 2906 1951 2946 ut
1975 2898 2169 2966 arxipe-

582 2978 656 3021 ret
676 2966 901 3038 gladium
930 2971 998 3022 ad
1022 2971 1347 3026 occidendum
1373 2975 1534 3041 [ilium
1565 2993 1729 3032 suum.
1777 2979 1822 3035 Ο
1866 2983 2166 3053 religioSatn

581 3058 831 3114 animam!
864 3075 896 3113 ο
926 3059 1112 3114 fortem
1161 3067 1409 3118 mentem!
1460 3080 1493 3118 ο
1547 3066 1810 3136 ingentem
1849 3078 2105 3130 amorem!
2137 3091 2170 3130 ο

580 3153 841 3207 rationem
889 3155 1187 3208 vincentem
1250 3156 1531 3211 humanam
1602 3165 1860 3217 naturam!
1927 3166 2166 3237 Accepit,

581 3241 784 3310 inquit,
807 3244 1037 3313 gladium
1055 3287 1070 3311 ,
1089 3257 1144 3298 ut
1160 3240 1399 3302 occideret
1424 3251 1583 3317 ﬁlium
1599 3269 1747 3306 suum
1795 3256 1981 3310 Utrum
2006 3261 2172 3329 magis

580 3332 813 3386 admirer
847 3344 901 3387 et
930 3335 1301 3403 obstupescam
1345 3379 1359 3402 ,
1390 3340 1647 3396 fortemne
1675 3344 1919 3412 spiritum
1951 3352 2174 3414 patriar-

580 3424 730 3487 chas,
766 3439 833 3477 an
874 3427 1018 3493 pueri
1066 3427 1460 3484 obedientiam?
1499 3434 1638 3501 quod
1671 3450 1840 3504 neque
1886 3438 2083 3494 l‘t'lllCla
2112 3457 2173 3497 us

586 3527 665 3568 est
691 3554 705 3579 ,
736 3530 906 3585 neque
944 3520 1139 3571 factum
1160 3534 1301 3588 argre
1327 3524 1441 3575 tulit
1462 3563 1474 3582 .
1508 3525 1599 3578 sed
1631 3528 1784 3579 cessit
1810 3537 1863 3580 et
1894 3530 2171 3601 obtempe-

584 3607 723 3659 ravit
771 3607 834 3660 iis
873 3623 993 3677 quas
1025 3624 1054 3660 a
1086 3620 1234 3677 patre
1261 3609 1393 3665 facta
1422 3623 1577 3679 sunt,
1606 3625 1659 3669 et
1693 3617 1827 3672 sicut
1856 3634 2021 3687 agnus
2050 3638 2170 3675 cum

582 3697 799 3752 silentio
829 3714 989 3767 super
1016 3700 1186 3754 altare
1215 3702 1454 3756 accubuit
1476 3745 1491 3767 ,
1514 3716 1833 3774 exspectans
1860 3712 2022 3777 patris
2045 3710 2175 3765 dex-

585 3788 797 3842 teram?
824 3789 1015 3844 Verum
1043 3792 1128 3845 ubi
1157 3793 1242 3847 illa
1274 3794 1356 3864 pia
1389 3810 1539 3848 mens
1586 3812 1676 3849 sua
1707 3799 1881 3852 omnia
1922 3814 2173 3856 consum-

588 3879 752 3930 mavit
804 3890 857 3932 et
884 3880 1010 3933 nihil
1035 3882 1350 3937 intermisit:
1378 3887 1665 3941 ostendens
1685 3887 1853 3941 honus
1886 3889 2134 3944 Dominus
2153 3932 2170 3957 ,

587 3981 647 4019 se
674 3982 778 4021 non
808 3971 973 4023 occidi
1018 3986 1267 4040 puerum,
1294 3973 1386 4026 sed
1429 3978 1602 4042 potius
1642 3977 1767 4043 justi
1801 3988 2045 4035 vu-tutem
2088 3982 2175 4036 de-

585 4060 686 4127 tegi
717 4060 984 4115 volentem
1005 4104 1019 4125 ,
1049 4063 1162 4117 haec
1188 4065 1477 4134 imperasse
1501 4084 1513 4117 :
1540 4080 1796 4122 eoronato
1823 4070 1966 4137 justo
1994 4073 2063 4126 ob
2084 4090 2176 4124 vo-

586 4151 841 4202 luntatem
888 4166 1073 4216 suam,
1124 4162 1179 4208 et
1220 4165 1433 4222 accepta
1479 4168 1844 4211 consummata
1895 4160 2061 4213 hostia
2110 4180 2174 4217 ex

591 4249 767 4293 mente
796 4240 1106 4307 patriarcha:
1125 4282 1140 4306 ,
1171 4258 1311 4297 nunc
1338 4259 1487 4298 suam
1515 4246 1748 4300 declarat
1776 4249 2171 4319 benignitatem.

587 4328 673 4381 ΙΙ.
710 4326 775 4382 Ει
795 4333 1115 4384 vocaviteum
1139 4373 1153 4395 ,
1180 4322 1347 4402 inquit
1369 4376 1384 4399 ,
1426 4338 1631 4404 angelus
1671 4337 1876 4393 Domini
1912 4342 1975 4394 de
2009 4344 2133 4396 ccclo
2155 4386 2171 4410 ,

585 4419 838 4489 dixitque,
862 4420 1134 4487 Abraham,
1159 4424 1429 4478 Abraham.
1463 4426 1592 4481 Nam
1610 4431 1727 4498 quia
1751 4431 1959 4487 videbat
1980 4434 2171 4500 justum

583 4505 692 4574 jam
728 4511 1020 4564 accinctum
1052 4520 1108 4567 et
1130 4523 1365 4582 paratum
1387 4516 1452 4568 ad
1502 4517 1944 4587 immolationem,
1993 4535 2045 4577 et
2083 4541 2177 4577 vo-

588 4598 783 4653 lentem
816 4601 1038 4671 implere
1067 4605 1368 4660 mandatum
1395 4607 1624 4673 Domini,
1654 4610 1848 4665 idcirco
1880 4623 2030 4668 vocat
2051 4632 2170 4668 eum

582 4691 650 4743 de
675 4692 835 4757 carlo,
876 4703 929 4747 et
955 4694 1119 4749 dicit:
1149 4697 1445 4764 Abraham,
1489 4701 1775 4755 Abraham.
1829 4704 1969 4758 Bene
1998 4716 2053 4760 et
2087 4707 2173 4762 hic

580 4785 937 4854 geminatione
965 4803 1091 4842 usus
1110 4798 1223 4853 est,
1259 4801 1312 4843 ut
1340 4801 1616 4859 superaret
1644 4793 1894 4861 impetum
1934 4797 2094 4863 justi,
2120 4811 2172 4856 ct

583 4880 728 4945 quasi
758 4894 851 4945 per
882 4893 1067 4933 vocem
1113 4881 1436 4936 detineretur
1469 4882 1594 4949 justi
1623 4883 1868 4949 dextera,
1907 4886 2013 4953 jam
2060 4898 2173 4943 ten-

581 4967 714 5019 dens
730 4966 794 5019 ad
819 4970 963 5034 pueri
991 4970 1211 5024 cmdem.
1240 4969 1304 5023 Et
1326 4972 1452 5024 dixit
1482 4971 1652 5026 :Ecce
1673 4989 1782 5043 ego.
1808 4975 1893 5028 12.
1922 4975 1986 5029 Et
2006 4978 2168 5034 dixit:

584 5054 892 5124 Ncinjicias
930 5074 1132 5110 manum
1174 5069 1311 5112 tuam
1333 5062 1386 5113 in
1426 5079 1662 5129 puerum,
1707 5080 1862 5133 neque
1900 5068 2058 5136 {arias
2096 5068 2170 5123 illi

582 5148 875 5217 quidquam.
904 5147 1055 5201 Nunc
1082 5150 1214 5202 enim
1236 5154 1443 5221 cognovi
1461 5156 1582 5222 quia
1608 5156 1750 5207 times
1793 5154 1949 5209 Deum
1995 5167 2047 5210 tu
2066 5199 2080 5219 ,
2126 5170 2172 5212 et

584 5256 682 5291 non
713 5239 975 5307 pepercisti
1003 5237 1111 5306 ﬁlio
1131 5249 1215 5292 tuo
1244 5240 1423 5294 dilecto
1470 5254 1671 5311 propter
1696 5261 1794 5298 me.
1829 5244 1912 5298 Ne
1934 5246 2168 5316 injicias,

584 5332 781 5399 inquit,
831 5346 1036 5383 manum
1059 5338 1195 5382 tuum
1241 5330 1293 5383 in
1321 5347 1547 5399 puerum.
1575 5332 1691 5387 Non
1724 5333 1823 5388 hoc
1864 5337 2086 5405 praecepi
2116 5346 2172 5390 ut

582 5435 718 5491 aptis
761 5420 1061 5489 perliciatur
1080 5460 1094 5481 ,
1123 5434 1292 5490 neque
1320 5420 1440 5474 volo
1464 5432 1520 5475 ut
1544 5424 1816 5478 occidatur
1844 5425 1978 5478 filius
2006 5436 2127 5479 tuus
2155 5445 2168 5481 :

584 5512 676 5566 sed
708 5521 764 5564 ut
792 5510 1088 5566 obedientia
1116 5520 1198 5564 tua
1230 5512 1502 5566 manifesta
1533 5514 1601 5567 sit
1620 5516 1882 5570 omnibus.
1918 5515 2076 5585 Igitur
2105 5532 2170 5570 ne

586 5604 772 5656 foveris
801 5604 849 5658 ei
890 5604 1197 5675 quidquam.
1230 5604 1518 5659 Contentus
1544 5624 1660 5662 sum
1694 5608 1959 5662 voluntate
1989 5620 2095 5672 tua,
2118 5617 2172 5663 et

588 5708 652 5748 et
679 5696 777 5748 hac
800 5705 848 5749 te
874 5709 1074 5761 corona
1103 5705 1155 5750 et
1177 5696 1424 5765 prmdico.
1458 5696 1606 5753 Nunc
1634 5702 1773 5753 enim
1799 5699 2021 5768 cognovi
2048 5700 2166 5769 quia

1332 330 1390 387 S.
1427 331 1706 388 JOANNIS
1742 334 2214 392 CllitYSOSTOMI
2254 340 2563 398 ARCIIIEP.
2606 345 3139 406 CONSTANTINOP.

3746 360 3862 414 ιῐιε

2267 453 2420 507 times
2448 455 2608 509 Deum
2642 467 2713 511 tu.
2740 458 2870 515 Vide
2889 461 3154 527 quomodo
3181 461 3450 519 humiliter
3473 479 3531 518 se
3551 476 3745 522 nostra:
3773 471 3860 524 in-

2265 542 2498 599 firmitati
2524 547 2623 600 hoc
2643 549 2804 602 verbo
2831 560 3165 619 attemperat.
3193 552 3329 619 Quid
3350 555 3529 622 igitur?
3550 558 3862 625 ignorabat-

2266 650 2331 688 ue
2356 646 2479 689 ante
2506 637 2606 691 hoc
2629 639 2755 706 justi
2783 641 3029 694 virtutem
3048 684 3062 705 ,
3088 654 3140 697 et
3170 657 3310 697 nunc
3342 649 3589 713 cognovit
3612 651 3857 705 omnium

2269 725 2557 779 Dominus?
2581 727 2694 781 Non
2717 728 2844 788 hoc.
2874 730 3070 797 inquit,
3097 731 3388 801 significat,
3416 735 3553 803 quod
3581 751 3721 792 nunc
3743 739 3861 807 ipse

2264 816 2587 883 cognoverit.
2613 820 2717 872 Sed
2737 820 2859 888 quid
2886 820 3062 875 dicere
3082 823 3234 875 vult?
3258 822 3431 889 ch,
3457 825 3659 894 inquit,
3680 831 3858 883 omni-

2267 903 2363 957 bus
2398 906 2710 973 declarasti,
2738 910 3003 978 quomodo
3044 911 3250 965 sincero
3278 912 3469 968 timore
3499 915 3664 970 Deum
3689 919 3853 972 colas.

2266 992 2393 1046 Nam
2424 1010 2523 1063 ego
2551 1011 2800 1050 noveram
2843 997 3093 1052 famulum
3119 1015 3295 1053 meum
3320 1017 3333 1054 :
3363 1017 3481 1071 quae
3508 1015 3680 1058 autem
3718 1022 3859 1060 nunc

2265 1096 2295 1133 a
2327 1092 2378 1136 te
2404 1081 2537 1136 facta
2556 1094 2679 1138 sunt
2703 1087 2958 1140 doctrina:
2984 1090 3202 1143 materia
3227 1100 3351 1144 sunt
3370 1102 3477 1146 tam
3506 1097 3856 1163 pnrsentibus

2266 1187 2423 1241 quam
2451 1172 2660 1229 futuris.
2690 1176 2880 1230 Notum
2909 1181 3048 1232 enim
3079 1179 3250 1234 fecisti
3270 1197 3414 1237 nunc
3441 1185 3686 1241 omnibus
3714 1195 3767 1242 te
3793 1189 3859 1241 ti-

2267 1278 2414 1317 mere
2430 1264 2591 1318 Deum
2611 1306 2626 1329 ,
2653 1274 2709 1321 et
2722 1281 2909 1321 curare
2932 1279 2987 1321 ut
3009 1269 3252 1323 mandata
3271 1270 3386 1340 ejus
3405 1286 3568 1341 opere
3593 1273 3816 1343 impleas
3840 1293 3856 1329 :

2271 1350 2336 1404 Et
2355 1369 2454 1406 non
2470 1354 2731 1423 pepercisti
2751 1356 2858 1423 ﬁlio
2878 1365 2963 1409 tuo
2986 1356 3167 1411 dilecto
3191 1369 3487 1427 proptermc
3504 1376 3525 1416 :
3548 1361 3622 1416 illi
3640 1363 3730 1432 qui
3748 1374 3858 1418 tam

2266 1440 2491 1496 dilectus
2519 1453 2634 1507 est,
2666 1459 2823 1512 quem
2866 1454 2972 1499 tam
3000 1445 3248 1501 ardenter
3286 1463 3469 1517 amas,
3523 1467 3628 1504 non
3670 1466 3864 1520 peper-

2266 1531 2382 1585 cisti
2406 1541 2622 1601 propter
2640 1548 2726 1586 me
2743 1574 2759 1599 ,
2784 1545 2995 1602 propter
3013 1535 3318 1591 mandatum
3339 1547 3393 1592 et
3414 1538 3619 1605 jussum
3644 1556 3818 1595 meum
3840 1558 3858 1595 :

2266 1621 2361 1675 sed
2388 1623 2662 1690 praetulisti
2692 1624 2993 1678 mandatum
3024 1640 3199 1680 meum
3241 1625 3352 1681 lilio
3375 1635 3490 1682 tuo.
3530 1629 3757 1684 Proinde
3801 1639 3861 1685 et

2268 1711 2432 1766 lilium
2461 1721 2607 1767 tuum
2634 1713 2835 1783 accipe.
2867 1714 3090 1785 Propter
3116 1716 3217 1770 hoc
3256 1718 3397 1771 enim
3430 1719 3693 1786 pollicitus
3740 1735 3859 1776 sum

2267 1800 2383 1856 fore
2412 1812 2469 1856 ut
2488 1817 2671 1857 semen
2691 1813 2835 1856 tuum
2860 1805 3236 1860 ostenderetur
3254 1823 3266 1859 :
3286 1807 3562 1861 redimitus
3584 1823 3711 1878 ergo
3730 1810 3861 1863 ohe-

2267 1892 2483 1948 dientia:
2521 1903 2625 1949 tua:
2648 1909 2843 1949 corona
2862 1936 2880 1961 ,
2907 1895 3017 1952 abi.
3049 1896 3157 1967 Ego
3179 1897 3322 1952 enim
3349 1898 3675 1956 voluntatem
3698 1916 3860 1955 coro-

2270 2000 2399 2039 nare
2417 1984 2598 2049 soleo,
2625 1994 2680 2041 et
2716 1996 2933 2057 promer
2963 1999 3191 2043 mentem
3220 1991 3433 2060 pramia
3462 1992 3660 2062 largiri.
3685 1991 3861 2061 Opere

2268 2074 2409 2128 enim
2430 2075 2632 2145 impleri
2652 2092 2746 2144 par
2770 2085 2853 2131 est
2874 2093 2935 2131 ea
2962 2092 3083 2146 quae
3121 2091 3152 2129 a
3186 2088 3239 2134 te
3278 2081 3424 2135 dicta
3448 2091 3571 2136 sunt
3609 2090 3666 2135 et
3691 2084 3860 2136 servis

2271 2164 2375 2219 tuis
2418 2174 2473 2219 et
2515 2166 2694 2220 Isaac:
2726 2166 2830 2221 illis
2862 2167 3003 2221 enim
3033 2168 3353 2236 promisisti,
3400 2169 3527 2225 Cum
3575 2172 3869 2225 adornaui-

2270 2273 2414 2319 mus,
2461 2258 2731 2311 redibimus
2760 2273 2779 2311 :
2816 2272 2944 2313 ecce
2988 2257 3089 2311 hoc
3126 2273 3265 2313 nunc
3300 2260 3432 2324 erit;
3464 2269 3520 2315 et
3561 2276 3723 2328 pIIL‘I'O
3774 2278 3855 2314 ro-

2269 2359 2446 2417 gante,
2479 2348 2575 2403 Ubi
2604 2350 2708 2403 ouis
2731 2359 2802 2403 est
2828 2350 2896 2402 ad
2924 2348 3267 2403 holocaustum
3288 2349 3316 2401 Ρ
3341 2349 3477 2403 Deus
3515 2351 3694 2404 videbit
3736 2352 3857 2404 sibi-

2271 2440 2471 2507 metipsi
2514 2455 2651 2493 ovem
2676 2439 2745 2493 ad
2788 2439 3132 2493 holocaustum
3154 2480 3169 2504 ,
3195 2439 3397 2493 dixisti.
3440 2440 3577 2493 Ecce
3625 2455 3743 2494 cum
3772 2457 3857 2495 re-

2277 2530 2515 2598 spexeris
2535 2571 2551 2595 ,
2584 2530 2751 2599 inquit
2775 2568 2791 2595 ,
2823 2528 2990 2584 oculis
3007 2570 3023 2593 ,
3050 2530 3172 2583 vide
3195 2530 3497 2592 prmdictam
3517 2545 3547 2583 a
3575 2539 3625 2585 te
3666 2546 3819 2584 ovem
3839 2574 3857 2598 ,

2272 2635 2430 2688 quam
2452 2621 2654 2674 scilicet
2688 2636 2784 2690 pro
2812 2635 2980 2689 puero
3021 2620 3362 2675 sacriﬁcabis.
3414 2622 3494 2676 ιδ.
3531 2621 3599 2677 Ut
3643 2625 3867 2691 respexit

2272 2726 2438 2765 autem
2465 2712 2622 2764 oculis
2648 2711 2769 2764 vidit
2791 2726 2811 2764 :
2835 2720 2879 2764 et
2911 2727 3021 2765 ecce
3041 2713 3171 2765 aries
3196 2727 3328 2765 unus
3342 2712 3651 2766 detinebatur
3695 2711 3857 2764 corni-

2272 2803 2362 2856 bus
2382 2804 2436 2856 in
2463 2803 2665 2856 arbusto
2690 2802 2868 2857 Sabec.
2897 2802 2960 2856 Et
2979 2802 3065 2856 ivit
3089 2803 3342 2855 Abraham
3360 2843 3376 2867 ,
3415 2812 3461 2856 et
3496 2802 3684 2872 accepit
3727 2802 3858 2853 aria-

2274 2908 2402 2961 tem,
2431 2906 2480 2950 et
2508 2895 2687 2949 obtulit
2710 2896 2855 2950 illum
2879 2897 2931 2950 in
2960 2897 3307 2949 holocaustum
3333 2912 3425 2962 pro
3444 2894 3595 2948 Isaac
3614 2896 3720 2962 ﬁlio
3744 2912 3861 2947 suo-

2275 2979 2393 3033 Vidi
2424 2980 2720 3048 religiosam
2751 2989 2893 3032 tuam
2939 2987 3201 3045 mentem,
3234 2978 3436 3047 inquit,
3474 2993 3599 3033 ecce
3645 2978 3693 3031 id
3719 2980 3859 3045 quod

2275 3071 2421 3138 prius
2444 3069 2620 3123 dixisti
2662 3084 2861 3137 puero,
2893 3069 2997 3123 hoc
3039 3069 3132 3122 tibi
3163 3070 3470 3138 praeparavi.
3527 3068 3592 3123 Et
3638 3070 3858 3135 accepit,

2271 3160 2476 3228 inquit,
2504 3171 2549 3213 et
2577 3161 2756 3213 obtulit
2798 3161 2851 3214 in
2880 3161 3225 3213 holocaustum
3254 3176 3345 3229 pro
3392 3159 3542 3213 Isaac
3588 3160 3695 3227 ﬁlio
3743 3176 3857 3214 suo.

2277 3250 2463 3304 Vidisti
2495 3251 2584 3304 Dei
2611 3250 2981 3304 clementiam?
3010 3249 3075 3304 Et
3098 3251 3410 3304 sacrilicium
3438 3260 3860 3304 censummatum

2273 3350 2391 3405 est,
2425 3353 2479 3395 et
2520 3340 2814 3411 patriarcha
2865 3341 3165 3409 religimam
3219 3355 3368 3394 suam
3398 3351 3631 3395 mentem
3678 3341 3860 3393 decla-

2275 3435 2442 3498 ravit,
2469 3444 2523 3487 et
2570 3448 2597 3485 a
2650 3434 2920 3488 voluntate
2965 3448 3216 3488 coronam
3255 3435 3580 3504 repertavit:
3610 3446 3665 3490 et
3716 3435 3860 3489 Isaac

2275 3536 2494 3593 accepto
2513 3566 2528 3588 ,
2552 3525 2706 3579 rediit
2732 3541 2852 3579 cum
2884 3526 3177 3579 innumeris
3202 3525 3436 3580 coronis.

2350 3615 2676 3682 Sacriﬁcium
2727 3615 2943 3668 Abrahat
2986 3617 3154 3684 ﬁgura
3181 3616 3363 3669 crucis.
3394 3645 3466 3655 —
3504 3615 3628 3670 Ilmc
3678 3625 3856 3669 autem

2278 3705 2455 3758 omnia
2506 3706 2671 3773 ﬁgura
2718 3705 2931 3760 fuerunt
2972 3707 3167 3760 crucis.
3198 3707 3481 3775 Propterea
3533 3720 3583 3761 et
3615 3709 3860 3762 Christus

2278 3796 2475 3851 Judzeis
2516 3797 2725 3852 dicebat
2758 3814 2773 3851 :
2804 3799 3057 3853 Abraham
3101 3808 3243 3867 pater
3277 3812 3434 3853 voster
3463 3802 3725 3853 exsultauit
3745 3841 3759 3863 ,
3801 3812 3856 3855 ut

2280 3888 2465 3941 rideret
2488 3887 2618 3940 diem
2642 3897 2912 3952 meum;et
2936 3889 3089 3952 uidit,
3141 3899 3185 3942 et
3210 3891 3408 3959 gavisus
3465 3900 3535 3944 est
3589 3890 3765 3959 (Joan.
3798 3892 3853 3944 8.

2279 3977 2392 4045 56).
2449 3977 2725 4042 Quomodo
2773 3977 2931 4040 vidit,
2983 3978 3070 4045 qui
3128 3986 3203 4029 tot
3229 3980 3384 4032 anuis
3412 3981 3718 4046 praecessit?
3750 3981 3858 4033 l’er

2283 4067 2525 4136 ﬁguram,
2558 4082 2651 4135 per
2680 4067 2942 4120 umbram.
2971 4065 3120 4122 Sicut
3147 4068 3291 4119 eiiim
3322 4068 3406 4122 hic
3427 4070 3541 4122 ovis
3567 4071 3741 4122 oblata
3772 4079 3857 4124 est

2282 4175 2379 4227 pro
2399 4160 2563 4224 Isaac,
2581 4160 2654 4213 ita
2674 4169 2727 4214 et
2744 4159 3013 4214 rationalis
3028 4174 3195 4226 agnus
3208 4160 3505 4214 oblatusest
3521 4178 3614 4229 pro
3635 4162 3851 4215 mundo.

2281 4249 2566 4317 Oportebat
2587 4247 2727 4301 enim
2752 4249 2802 4301 in
2832 4249 3015 4302 umbra
3043 4249 3271 4303 describi
3291 4261 3345 4304 et
3371 4252 3673 4320 prtesignari
3697 4261 3856 4305 antea

2280 4340 2577 4394 veritatem.
2624 4338 2755 4392 Vide
2796 4354 3064 4408 namque,
3106 4340 3347 4404 obsecro,
3378 4342 3674 4405 carissime,
3722 4358 3855 4411 quu-

2281 4429 2440 4483 modo
2466 4427 2642 4480 omnia
2670 4442 2763 4496 per
2783 4428 3022 4481 umbram
3052 4429 3378 4496 pricligurata
3415 4441 3537 4483 sunt
3569 4448 3582 4481 :
3613 4432 3855 4498 unigeni-

2281 4532 2365 4576 tus
2420 4523 2568 4587 illic,
2618 4534 2673 4578 et
2728 4525 3029 4594 unigenitus
3078 4527 3162 4580 hic
3233 4529 3343 4595 (a);
3387 4526 3612 4581 dilectus
3660 4528 3765 4580 illic
3802 4538 3855 4582 et

2278 4630 2580 4684 germanus,
2616 4616 2843 4671 dilectus
2884 4627 2937 4672 et
2975 4619 3058 4671 hic
3097 4632 3160 4671 ac
3198 4634 3504 4686 germanus.
3565 4618 3663 4671 Hic
3711 4621 3853 4673 enim

2278 4715 2350 4759 est
2404 4704 2573 4759 Filius
2598 4724 2734 4760 meus
2786 4708 3104 4773 dilectus,iu
3130 4725 3227 4777 quo
3264 4709 3387 4761 mihi
3416 4709 3535 4762 bene
3575 4709 3855 4777 complucui

2280 4796 2493 4867 (Matth.
2543 4796 2741 4868 5.17).
2792 4799 2837 4853 A
2890 4810 3038 4865 patre
3068 4799 3154 4852 ille
3195 4800 3245 4851 in
3314 4799 3677 4853 holocaustum
3726 4798 3846 4850 olfe-

2280 4887 2531 4951 rebalnr,
2586 4895 2641 4941 et
2698 4890 2838 4941 hunc
2883 4888 3037 4941 Pater
3098 4888 3328 4941 tradidit.
3384 4888 3451 4942 Et
3510 4889 3609 4942 hoc
3663 4890 3855 4940 clamat

2280 4978 2473 5032 Paulus
2505 4979 2685 5032 dicens
2717 4997 2729 5031 :
2774 4978 2875 5045 Qui
2928 4980 3131 5048 proprio
3163 4979 3297 5032 Filio
3327 4995 3418 5032 suo
3451 4996 3551 5031 non
3598 4980 3813 5047 pepercit
3836 5019 3852 5043 ,

2277 5071 2365 5123 sed
2404 5086 2495 5137 pro
2538 5071 2677 5122 nobis
2720 5071 2950 5123 omnibus
2978 5072 3183 5123 tradidit
3229 5071 3372 5123 illum
3398 5085 3418 5123 :
3454 5070 3702 5138 quomodo
3754 5086 3854 5121 mn

2279 5171 2323 5213 et
2345 5177 2457 5213 cum
2476 5160 2566 5213 illo
2593 5161 2760 5213 omnia
2785 5161 2925 5214 nobis
2952 5161 3161 5214 daturus
3184 5169 3255 5213 est
3282 5160 3456 5228 (Rom.
3479 5161 3530 5213 8.
3553 5160 3642 5228 52)
3666 5159 3687 5211 ?
3710 5158 3853 5211 lluc-

2280 5266 2447 5319 usque
2484 5251 2701 5314 umbra;
2744 5263 2925 5319 postea
2969 5267 3143 5304 rerum
3184 5252 3378 5303 veritas
3405 5248 3559 5316 longe
3585 5249 3854 5301 excellen-

2260 5342 2381 5393 atior
2428 5351 2770 5395 monstratur.
2804 5343 2984 5410 Agnus
3013 5342 3154 5395 enim
3181 5341 3269 5395 hic
3306 5339 3576 5393 rationalis
3614 5353 3708 5407 pro
3740 5348 3852 5391 toto

2278 5431 2474 5485 mundo
2498 5433 2706 5487 oblatus
2733 5442 2816 5487 est
2836 5474 2849 5495 ,
2891 5443 3056 5487 totum
3096 5434 3276 5487 orbem
3304 5444 3563 5486 terrarum
3610 5430 3850 5497 purilica-

2338 5586 2410 5649 (τι)
2444 5588 2568 5659 Huic
2582 5585 2690 5636 loco
2720 5587 2995 5659 conferatur
3016 5588 3170 5659 oratio
3191 5588 3271 5659 _de_
3293 5588 3440 5658 beato
3462 5585 3741 5659 sbrahimo.
3768 5597 3848 5659 su-

2276 5646 2511 5760 prali'mq.
2540 5655 2590 5702 ll,
2615 5662 2726 5710 qua:
2759 5647 2952 5697 humilia
2983 5651 3036 5698 in
3067 5648 3230 5698 multis
3262 5650 3370 5696 huic
3397 5657 3575 5696 nostra:
3596 5647 3747 5694 amnis
3764 5646 3849 5693 de-

2274 5724 2363 5771 μιν
2384 5724 2476 5760 ιριιι
2497 5719 2622 5759 etut.
