4150 6276
417 301 519 360 ιεδ

418 415 522 474 vit;
553 408 637 464 hic
668 407 909 462 homines
938 403 1004 459 ah
1039 416 1222 458 errore
1250 400 1510 464 liberavit,
1543 405 1598 451 et
1626 394 1690 449 ad
1719 393 1994 447 veritatem

421 502 662 564 reduxit;
697 499 784 553 bic
830 507 1023 551 terram
1054 493 1241 548 caelum
1280 491 1406 546 fecit
1428 532 1443 555 ,
1472 505 1577 544 non
1617 488 1999 543 elementorum

422 591 696 645 immutata
737 597 948 653 natura,
994 585 1087 640 sed
1114 583 1519 639 conversatione
1544 579 1742 635 caelesti
1769 575 2003 632 homini-

425 665 524 736 bus
548 695 709 750 super
739 689 936 734 terram
966 676 1279 747 degentibus
1306 674 1485 728 allata.
1515 672 1618 726 Per
1646 670 1790 724 hunc
1824 665 2002 721 omnis

423 774 724 827 daemonum
754 770 931 825 cultus
955 770 1161 823 solutus
1186 775 1305 830 est;
1338 782 1433 835 per
1452 765 1592 819 hunc
1620 762 1813 817 factum
1843 768 1925 815 est
1948 767 2007 813 ut

425 879 531 918 non
562 862 850 916 adorentur
873 860 1078 929 lapides
1104 868 1156 915 et
1201 859 1342 928 ligna
1368 857 1437 912 ab
1464 855 1802 910 hominibus:
1832 860 1886 907 et
1915 849 2005 920 qtti

427 954 634 1008 ratione
663 952 1008 1021 prmditisunt
1032 961 1155 1004 ante
1184 946 1511 1003 insensibilia
1554 960 1659 999 non
1685 941 1967 1013 procidunt
1986 979 2002 1005 ,

425 1043 521 1098 sed
535 1042 708 1105 omnis
723 1042 1031 1103 abiiterror,
1064 1050 1116 1094 et
1136 1040 1373 1093 veritatis
1392 1038 1483 1092 lux
1500 1036 1683 1092 orbem
1703 1032 2003 1087 illustravit.

497 1132 551 1188 4.
589 1132 777 1187 Vidisti
803 1131 1042 1186 veritatis
1066 1128 1467 1186 excellentiam?
1514 1125 1691 1181 vidisti
1718 1122 1844 1194 quid
1890 1138 2009 1175 unt-

429 1223 521 1278 bra
545 1262 563 1289 ,
594 1222 719 1291 quid
745 1221 982 1276 veritas?
1020 1221 1107 1275 14.
1158 1219 1221 1274 Et
1246 1220 1467 1284 vocavit,
1497 1216 1669 1286 inquit
1690 1256 1705 1281 ,
1753 1212 2008 1267 Abraham

430 1329 611 1366 nomen
638 1313 736 1366 loci
776 1313 914 1366 illius
936 1352 953 1377 ,
986 1310 1236 1364 Dominus
1261 1309 1384 1363 vidit
1408 1324 1426 1363 :
1451 1318 1503 1362 ut
1544 1309 1713 1360 dicant
1734 1306 1883 1360 hodie
1906 1345 1920 1370 ,
1954 1305 2008 1357 in

429 1413 597 1456 monte
637 1401 883 1456 Dominus
906 1403 1039 1455 visus
1080 1410 1171 1455 est.
1202 1400 1483 1469 Videjusti
1523 1399 1826 1467 religiosam
1856 1413 2009 1451 men-

431 1505 535 1547 tem
557 1536 573 1561 ,
604 1493 873 1563 quomodo
899 1494 1091 1561 ubique
1117 1507 1182 1546 ex
1214 1491 1277 1547 iis
1302 1506 1420 1561 quae
1449 1489 1750 1545 acciderant
1777 1487 2011 1557 appella-

431 1586 604 1641 tiones
643 1585 773 1640 locis
800 1585 1045 1654 imponit.
1074 1583 1443 1639 Visitationem
1466 1582 1608 1639 enim
1630 1597 1661 1636 a
1687 1582 1796 1636 Deo
1816 1577 2008 1635 factam

432 1675 614 1729 volens
661 1676 810 1744 quasi
855 1676 907 1728 iu
952 1674 1199 1730 columna
1231 1689 1369 1729 aerea
1416 1673 1716 1742 insculpere
1756 1674 1872 1726 loco
1916 1685 2013 1741 per

431 1766 877 1834 appellationem,
931 1764 1134 1819 Vocavit
1183 1782 1365 1819 nomen
1415 1764 1545 1829 loci,
1576 1764 1823 1818 Dominus
1867 1762 2008 1815 vidit.

428 1856 737 1910 Sufﬁciebat
761 1856 971 1926 quidem
998 1856 1145 1925 justo
1168 1870 1266 1926 pro
1292 1855 1512 1925 prmmio
1532 1895 1546 1918 ,
1573 1839 1726 1922 quod.
1750 1854 1900 1906 vivus
1928 1866 2009 1905 re.

428 1948 569 2001 tliret
619 1947 882 2013 lsaac,et
907 1947 1047 2017 quod
1103 1947 1325 2002 meritus
1376 1955 1523 2000 esset
1573 1944 1718 1999 illam
1757 1942 2013 1998 eximiam

432 2039 641 2095 laudem
663 2081 678 2105 ,
724 2056 919 2109 nempe
946 2039 1086 2110 quod
1110 2039 1237 2093 dicit
1261 2054 1275 2092 :
1306 2036 1460 2091 Nunc
1490 2037 1696 2108 cognovi
1719 2035 1850 2105 quod
1873 2036 2014 2086 times

435 2124 597 2182 Deum
626 2141 678 2183 tu
709 2145 728 2183 :
753 2139 1116 2184 verumtamen
1144 2128 1191 2183 is
1211 2127 1301 2197 qui
1330 2126 1486 2180 donis
1504 2134 1713 2180 certare
1741 2124 1923 2193 cupit,
1961 2132 2016 2178 et

432 2219 705 2274 beneﬁciis
728 2235 944 2288 semper
977 2220 1140 2273 vincit
1163 2228 1400 2274 mentem
1442 2226 1680 2272 nostram
1700 2258 1717 2284 ,
1740 2217 1865 2285 justi
1895 2216 2014 2270 ani-

435 2326 580 2363 mum
632 2310 794 2365 variis
835 2318 1064 2364 exornat
1109 2309 1379 2380 prtemiis,
1432 2318 1486 2363 et
1510 2307 1679 2377 inquit
1712 2309 1900 2362 iterum
1947 2305 2014 2360 ad

439 2400 583 2451 iilntn
607 2415 620 2451 :
652 2399 737 2454 15.
760 2397 828 2451 Et
854 2399 1040 2453 vocavit
1066 2400 1275 2469 angelus
1294 2397 1501 2451 Domini
1521 2397 1775 2450 Abraham
1798 2396 2015 2450 secundo

439 2491 501 2542 de
527 2490 670 2555 ccelo,
698 2488 870 2543 dicens
899 2506 917 2543 :
944 2489 1030 2544 16.
1057 2489 1161 2543 Per
1186 2490 1530 2559 memetipsum
1546 2489 1742 2557 iuravi,
1770 2488 1889 2542 dicit
1910 2488 2015 2541 Do-

438 2582 619 2645 minus,
650 2598 706 2635 eo
745 2581 881 2652 quod
907 2582 1067 2651 fecisti
1120 2581 1320 2634 verbum
1355 2582 1447 2634 hoc
1468 2622 1482 2646 ,
1535 2591 1581 2634 et
1610 2597 1711 2634 non
1749 2580 2015 2651 pepercisti

436 2673 544 2740 ﬁlio
590 2682 674 2726 tuo
701 2672 882 2726 dilecto
934 2684 1137 2743 propter
1161 2679 1239 2727 me
1262 2712 1277 2739 ,
1313 2672 1400 2727 17.
1459 2674 1681 2743 profecto
1723 2672 2014 2727 benedicens

435 2763 723 2817 benedicam
747 2773 796 2816 te
814 2803 831 2828 ,
854 2774 900 2817 et
930 2764 1270 2835 multiplicans
1303 2765 1647 2833 multiplicabo
1676 2781 1841 2819 semen
1872 2775 2014 2819 tuum

431 2853 565 2905 sicut
603 2854 774 2908 stellas
798 2853 943 2917 celi,
974 2863 1020 2907 et
1049 2855 1174 2907 sicut
1227 2872 1431 2908 arenam
1477 2871 1591 2925 qua?
1636 2865 1705 2909 est
1747 2856 1798 2907 in
1852 2855 2016 2908 littore

437 2942 590 2993 maris
614 2958 631 3004 ;
656 2952 703 2994 et
728 2941 997 2995 hereditate
1025 2943 1293 3010 possidebit
1317 2959 1481 2997 semen
1508 2952 1650 2996 tuum
1676 2944 1895 2997 civitates
1918 2944 2013 2997 Ito-

436 3033 606 3091 stium,
650 3032 734 3086 18.
768 3043 814 3086 et
836 3034 887 3086 in
925 3035 1112 3087 semine
1146 3044 1228 3087 tuo
1257 3033 1608 3088 benedicentur
1637 3050 1807 3088 omnes
1845 3043 2014 3104 gentes

436 3132 598 3187 teme,
627 3140 686 3177 eo
714 3124 848 3193 quod
875 3126 1062 3180 audisti
1090 3141 1256 3179 vocent
1290 3143 1470 3180 meam.
1499 3126 1632 3195 Quia
1655 3167 1670 3193 ,
1691 3127 1878 3196 inquit,
1910 3127 2012 3181 im-

436 3215 645 3280 plevisti
688 3225 1009 3287 przcccptum
1055 3234 1230 3273 meum
1252 3260 1267 3282 ,
1296 3227 1350 3273 et
1377 3227 1516 3273 tuam
1545 3219 1899 3274 obedientiam
1923 3234 2016 3289 per

435 3307 614 3360 omnia
659 3306 973 3373 declarasti,
1006 3319 1282 3378 propterea
1310 3309 1432 3364 audi
1462 3327 1475 3363 :
1518 3305 1623 3364 Per
1669 3310 2015 3379 memetipsum

438 3396 635 3458 iuravi,
684 3397 804 3449 dicit
833 3397 1095 3453 Dominus.
1128 3398 1260 3455 Vide
1292 3399 1559 3470 quomodo
1600 3401 1651 3455 in
1682 3416 1928 3456 sermone
1954 3417 2015 3457 se

434 3488 676 3541 demittat
717 3489 969 3543 Dominus
1002 3508 1014 3544 :
1060 3489 1163 3544 Per
1188 3493 1563 3562 memetipsum,
1594 3489 1791 3561 inquit,
1824 3492 2010 3561 iuravi,

436 3587 493 3631 ut
516 3579 751 3634 conﬁdas
800 3583 1019 3635 omnino
1069 3592 1322 3638 eventura
1370 3583 1463 3638 tibi
1511 3600 1628 3654 quae
1677 3598 1707 3639 a
1757 3600 1843 3640 me
1872 3585 2013 3640 dicta

436 3681 582 3725 sunt.
614 3671 1054 3742 Quandoquidem
1097 3675 1240 3729 enim
1283 3689 1406 3729 cum
1448 3673 1689 3729 homines
1736 3676 2013 3747 promissis

435 3759 729 3829 iuramenta
758 3760 987 3827 addunt,
1018 3771 1143 3816 tunc
1160 3762 1483 3817 stabiliorem
1499 3764 1757 3833 accipiunt
1788 3765 2013 3832 promis-

434 3858 641 3905 sionem
688 3851 721 3904 ii
750 3852 940 3920 quibus
971 3851 1299 3922 promittitur
1325 3871 1338 3904 :
1370 3862 1655 3921 eaprOpter
1679 3863 1733 3907 et
1760 3854 2011 3909 Dominus

437 3938 666 3996 humana
711 3959 839 3997 usus
881 3942 1266 3997 consuetudine
1294 3943 1462 4012 inquit
1492 3962 1505 3998 :
1536 3943 1638 3997 Per
1668 3945 2012 4016 memetipsum

437 4025 600 4082 iuravi
623 4070 637 4094 ,
686 4048 744 4084 eo
797 4031 933 4101 quod
970 4032 1125 4101 fecisti
1153 4037 1355 4086 verbum
1383 4034 1514 4100 hoc,
1543 4042 1586 4088 et
1616 4051 1718 4087 non
1747 4033 2013 4105 pepercisti

436 4126 543 4193 ﬁlio
564 4136 649 4179 tuo
670 4124 849 4179 dilecto
880 4136 1082 4197 propter
1118 4144 1215 4181 me.
1256 4125 1543 4182 Considera
1564 4168 1579 4193 ,
1610 4128 1865 4195 obsecro,
1896 4129 2008 4183 cle-

435 4219 688 4271 mentiam
746 4214 975 4272 Domini.
1025 4215 1146 4271 Non
1196 4220 1486 4288 perperciin
1528 4220 1637 4288 ﬁlio
1684 4229 1769 4273 tuo
1824 4220 2005 4277 dilecto

435 4317 639 4376 propter
662 4323 758 4361 me.
781 4309 1028 4362 Attamen
1050 4323 1226 4363 vivum
1248 4309 1421 4379 ipsum
1449 4310 1671 4365 reducit.
1699 4308 1816 4365 Non
1845 4327 2009 4375 evenv

435 4409 546 4453 tum
572 4399 856 4468 respicias,
897 4396 1118 4465 dilecte,
1175 4398 1269 4454 sed
1312 4402 1637 4456 voluntatem
1683 4411 1738 4456 et
1775 4411 2010 4458 mentem

434 4486 608 4552 disce,
660 4503 765 4557 qua
803 4488 920 4543 sine
966 4489 1074 4543 ullo
1116 4489 1391 4542 ratiocinio
1438 4490 1687 4545 mandata
1735 4492 2006 4561 implebat.

434 4581 703 4647 Quantum
731 4579 873 4633 enim
907 4578 974 4633 ad
1003 4579 1328 4632 voluntatem
1375 4581 1594 4647 attinet,
1642 4591 2011 4637 cruentaverat

435 4669 680 4722 dextram
702 4668 1020 4737 patriarcha,
1052 4676 1109 4723 et
1135 4683 1230 4738 per
1250 4667 1514 4724 cervicem
1541 4671 1689 4739 pueri
1721 4672 2012 4728 immiserat

434 4758 690 4828 gladium,
719 4756 1115 4827 perfectumque
1140 4757 1402 4811 obtulerat
1420 4758 1738 4815 sacriﬁcium
1771 4779 1782 4812 :
1812 4762 2011 4816 idcirco

437 4848 714 4914 Dominus,
746 4850 896 4919 quasi
923 4850 1180 4904 sacriﬁcio
1200 4864 1258 4904 re
1281 4850 1396 4919 ipsa
1426 4861 1813 4917 consummato,
1832 4852 2012 4909 laudat

431 4941 634 5011 justum
654 4982 673 5008 ,
699 4949 753 4995 et
776 4941 941 4996 dicit:
977 4938 1096 4996 Non
1128 4944 1389 5014 pepercisti
1409 4944 1517 5013 lilio
1559 4955 1643 5000 tuo
1669 4946 1855 5001 dilecto
1889 4965 2010 5017 pro-

438 5042 546 5100 pter
603 5048 699 5084 me.
726 5031 806 5086 Tu
847 5032 1061 5102 quidem
1107 5047 1210 5086 non
1252 5034 1527 5103 pepercisti
1573 5042 1793 5106 propter
1833 5052 2012 5093 meum

438 5120 777 5185 mandatum;
810 5135 910 5190 ego
935 5132 1110 5176 autem
1136 5123 1347 5191 peperci
1365 5132 1578 5193 propter
1598 5133 1741 5180 tuam
1759 5125 2013 5184 obedien-

439 5215 585 5266 tiam.
616 5211 837 5281 Propter
858 5213 994 5266 hanc
1016 5222 1159 5266 tuam
1185 5212 1541 5272 obedientiam
1564 5223 1616 5269 te
1641 5232 2009 5285 remunerans,

438 5302 740 5359 Benedicam
780 5312 854 5369 te,
908 5312 956 5357 et
1009 5303 1348 5372 multiplicans
1376 5303 1717 5374 multiplicabo
1764 5316 1831 5362 te.
1879 5307 2013 5364 Vide

440 5396 764 5449 cumulatam
789 5393 1209 5449 benedictionem
1244 5411 1259 5449 :
1284 5395 1385 5449 hoc
1407 5404 1490 5451 est
1514 5413 1529 5450 :
1558 5398 1801 5467 Amplius
1827 5399 2011 5454 multi-

444 5487 651 5557 plicabo
682 5504 863 5543 semen
893 5496 1063 5543 tuum.
1096 5486 1191 5543 llic
1238 5488 1378 5543 enim
1409 5490 1497 5559 qui
1545 5503 1639 5559 per
1685 5492 2009 5548 voluntatem

440 5588 586 5633 tuam
613 5579 822 5633 occisus
841 5588 945 5645 est,
972 5579 1023 5632 in
1053 5585 1253 5634 tantam
1292 5579 1677 5637 multitudinem
1708 5584 2015 5655 propagabit

445 5684 627 5726 semen
672 5680 817 5725 tuum
840 5711 854 5738 ,
884 5678 941 5726 ut
977 5670 1143 5726 stellis
1172 5679 1224 5725 et
1252 5684 1428 5726 arenae
1478 5671 1859 5743 aquuandum
1905 5679 2012 5745 sit,

1389 286 1453 342 1N
1493 282 1645 340 CAP.
1691 275 1870 333 XXIII.
1913 268 2160 329 GENES.
2200 266 2426 324 IIOMIL.
2469 261 2700 321 XLVIII.

3580 241 3682 295 4ῗί

2111 383 2182 438 Et
2210 400 2381 437 onmes
2406 391 2575 452 gentes
2623 380 2673 431 in
2699 373 2884 430 semine
2912 379 2998 425 tuo
3026 361 3401 423 benedicenda:
3453 360 3586 424 sint,
3629 374 3685 408 co

2110 476 2243 545 quod
2272 475 2458 527 audisti
2481 487 2649 526 vocent
2694 483 2872 521 nteant.
2925 464 3048 517 llzec
3092 457 3306 520 omnia,
3362 454 3565 524 inquit,
3598 450 3688 503 tibi

2112 570 2163 621 in
2191 565 2503 621 obedientizc
2521 571 2679 615 tantm
2706 554 3005 613 mercedem
3036 549 3281 606 aderunt.
3451 611 3478 633 .

2184 657 2399 711 Moralis
2425 652 2811 721 exltortatio.—
2838 648 3049 718 Ergone
3094 642 3319 714 plurima
3362 636 3516 721 nobis
3553 634 3689 689 bona

2113 749 2164 803 id
2196 720 2475 810 conciliat,
2526 743 2669 814 quod
2705 740 2985 797 obedimus
3022 738 3131 791 Deo
3157 742 3212 787 et
3257 718 3537 802 prmceptis
3577 726 3691 792 ejus

2111 841 2573 907 obtemperamus,
2629 844 2682 889 et
2716 828 2867 886 sicut
2914 825 3212 899 patriarcha
3255 823 3377 887 ille,
3429 818 3694 874 curiosius

2114 944 2219 985 non
2265 927 2609 997 inquirimus,
2644 937 2807 993 quare
2857 921 2978 975 talia
3013 918 3080 973 ab
3112 931 3178 972 eo
3224 915 3482 983 imperata
3531 910 3637 963 sint
3675 923 3689 959 :

2111 1021 2204 1076 sed
2249 1027 2306 1073 nt
2333 1018 2465 1090 grati
2496 1015 2633 1070 servi
2678 1014 2957 1087 implemus
2999 1008 3245 1064 mandata
3270 1046 3285 1071 ,
3324 1004 3692 1068 rationemque

2113 1129 2297 1170 eorum
2341 1089 2689 1180 relinquimus
2735 1103 2993 1160 Domino?
3033 1101 3086 1155 Si
3130 1100 3289 1168 igitur
3328 1096 3405 1150 sic
3441 1089 3688 1147 docueri-

2113 1222 2232 1262 mus
2293 1203 2679 1272 nosmetipsos,
2731 1196 3021 1269 poterimus
3054 1203 3109 1247 et
3150 1189 3391 1245 eamdem
3438 1183 3688 1240 obedien-

2114 1298 2239 1352 tiam
2262 1295 2535 1358 exhibere,
2557 1305 2713 1362 quam
2736 1289 2910 1358 justus
2935 1285 3022 1338 ille
3041 1326 3055 1347 ,
3089 1280 3410 1344 easdemque
3436 1272 3689 1341 consequi

2113 1403 2356 1444 coronas.
2380 1384 2656 1454 Quomodo
2675 1392 2851 1436 autem
2879 1373 3223 1432 obedicmus?
3244 1373 3298 1427 Si
3320 1370 3562 1424 mandata
3576 1367 3689 1435 ejus

2113 1495 2276 1550 opere
2316 1474 2802 1547 adimpleverimus.
2835 1469 2953 1524 Non
2981 1467 3114 1522 enim
3154 1463 3442 1525 auditores,
3486 1458 3687 1528 inquit,

2114 1548 2237 1642 legis
2264 1567 2698 1640 justiﬁcabuntur,
2739 1563 2826 1617 sed
2865 1565 3079 1632 factores
3109 1552 3285 1628 (Rom.
3329 1553 3383 1607 2.
3416 1548 3525 1621 1⁸5).
3559 1548 3690 1642 Qum

2100 1641 2255 1720 enim
2285 1662 2484 1717 utilitas
2500 1703 2514 1726 ,
2537 1660 2583 1715 si
2611 1655 2847 1729 quotidie
2867 1652 3164 1714 audiamus,
3192 1656 3247 1702 et
3266 1659 3427 1717 opera
3450 1641 3691 1712 negliga-

2114 1755 2265 1809 mus?
2296 1752 2417 1807 Ideo
2444 1766 2559 1815 oro,
2587 1757 2646 1804 ut
2671 1746 2736 1802 ad
2763 1744 2962 1823 agenda
2980 1755 3139 1811 opera
3166 1739 3302 1794 bona
3347 1734 3689 1791 festinemus;

2119 1860 2290 1916 neque
2315 1844 2456 1899 enim
2478 1842 2632 1896 aliter
2657 1840 2880 1893 salutem
2901 1832 3151 1901 consequi
3181 1840 3462 1900 possumus
3492 1842 3505 1877 :
3540 1831 3597 1877 ut
3639 1830 3693 1875 et

2116 1913 2333 2008 peccata
2363 1941 2542 1989 nostra
2585 1931 2899 1991 abluamus,
2938 1936 2991 1980 et
3035 1921 3315 1978 clementia
3368 1917 3575 1972 Domini
3604 1913 3690 1968 di-

2116 2007 2206 2098 gni
2236 2026 2544 2088 ltaheamur,
2571 2021 2737 2091 gratia
2763 2029 2815 2073 et
2843 2012 3269 2073 miserationibus
3288 2007 3495 2065 Domini
3526 2018 3689 2060 nostri

2115 2097 2240 2173 .Iesu
2282 2114 2512 2179 Christi,
2564 2127 2686 2166 cum
2723 2123 2829 2179 quo
2882 2108 3020 2161 Patri
3070 2114 3123 2160 et
3151 2111 3333 2159 sancto
3381 2097 3693 2167 viviﬁcoquo

2119 2207 2340 2279 Spiritui
2370 2206 2441 2259 sit
2462 2203 2627 2274 gloria
2652 2243 2668 2268 ,
2697 2216 2837 2256 nunc
2859 2210 2913 2255 et
2937 2211 3168 2266 semper,
3200 2202 3253 2250 et
3281 2193 3332 2247 in
3360 2189 3555 2247 smcula
3584 2204 3686 2243 sae-

2121 2298 2380 2354 culorum.
2412 2298 2601 2349 Amen.

2622 2360 2899 2416 HOMILIA
2948 2353 3180 2413 XLVIII.

2121 2456 2504 2527 Responderunt
2536 2462 2702 2509 autem
2731 2450 2824 2520 ﬁlii
2848 2449 2972 2505 Chet
3004 2448 3072 2501 ad
3107 2445 3361 2501 Abraham
3387 2485 3400 2507 ,
3445 2452 3492 2497 et
3534 2442 3688 2497 diua

2187 2563 2344 2607 runt:
2376 2549 2482 2604 Rea:
2507 2565 2539 2602 a
2577 2546 2684 2601 Deo
2719 2563 2769 2599 es
2802 2554 2854 2598 tu
2896 2545 2949 2597 in
2974 2541 3136 2603 nobis,
3164 2540 3216 2593 in
3250 2537 3416 2594 electis
3445 2537 3686 2607 sepulcris

2188 2647 2370 2703 nostris
2396 2640 2550 2714 sepeli
2578 2650 2829 2695 mortuum
2856 2648 2995 2692 tuum
3021 2633 3170 2707 (Gen.
3199 2631 3291 2687 εδ.
3323 2631 3376 2687 5.
3408 2629 3488 2701 6).

2190 2762 2242 2815 t.
2277 2757 2493 2813 Vidistis
2524 2755 2636 2811 heri
2657 2794 2673 2820 ,
2694 2752 2871 2809 dilecti
2896 2794 2911 2817 ,
2942 2745 3256 2820 patriarcha:
3287 2743 3642 2799 fortitudinem
3675 2759 3687 2793 :

2118 2852 2322 2905 vidistis
2362 2850 2593 2903 animam
2647 2844 2924 2900 adamante
2975 2838 3312 2902 solidioretn,
3376 2833 3683 2904 quomodo,

2116 2948 2370 3011 quantum
2398 2938 2449 2992 in
2483 2937 2598 3006 ipso
2612 2944 2744 2999 erat,
2774 2932 2844 2988 ob
2873 2944 3117 3000 magnam
3145 2927 3197 2981 in
3220 2922 3385 2980 Deum
3411 2925 3688 2978 caritatem

2117 3029 2366 3085 Sacerdos
2398 3027 2489 3081 filii
2516 3026 2686 3081 factus
2711 3030 2794 3077 est
2813 3064 2828 3089 ,
2865 3028 2919 3075 et
2948 3017 3219 3089 proposito
3245 3013 3457 3085 quidem
3497 3026 3691 3065 cruen-

2118 3123 2247 3176 tavit
2270 3119 2530 3182 dextram,
2553 3113 2978 3181 sacriﬁciumque
3006 3108 3230 3166 obtulit:
3254 3121 3347 3177 per
3372 3103 3690 3159 ineffabilem

2116 3220 2292 3265 autem
2324 3205 2742 3263 misericordiam
2781 3201 2874 3259 Dei
2900 3200 3048 3256 salvo
3089 3209 3143 3253 ct
3177 3213 3307 3253 sano
3339 3196 3445 3250 ﬁlio
3481 3210 3578 3252 suo
3605 3209 3692 3248 re-

2116 3309 2273 3371 cepto
2310 3299 2501 3363 rediit,
2534 3305 2589 3352 et
2631 3303 2847 3367 propter
2887 3292 3209 3346 voluntatem
3245 3286 3564 3358 praedicatus
3610 3295 3693 3339 est

2115 3406 2416 3462 coronaque
2461 3387 2655 3459 fulgida
2705 3383 3012 3445 redimitus,
3057 3390 3111 3436 et
3157 3393 3422 3433 summum
3465 3391 3689 3446 agonem

2115 3483 2336 3539 certavit
2355 3524 2368 3547 ,
2392 3497 2454 3536 ac
2490 3495 2585 3550 per
2612 3478 2790 3532 omnia
2827 3477 3071 3546 pietatem
3100 3472 3291 3526 mentis
3315 3484 3427 3525 sua:
3449 3467 3691 3523 declara-

2115 3577 2208 3631 vit.
2238 3575 2523 3629 Videamus
2553 3581 2605 3628 et
2630 3571 2788 3626 hodie
2816 3578 3061 3639 quantam
3083 3566 3255 3636 justus
3278 3564 3365 3618 ille
3394 3561 3482 3615 ﬁlii
3509 3576 3690 3615 curant

2116 3668 2376 3724 habuerit.
2416 3666 2546 3721 Nam
2569 3677 2849 3735 poStquam
2870 3676 2899 3715 a
2930 3659 3189 3715 sacriﬁcio
3227 3654 3319 3711 illo
3348 3670 3486 3709 novo
3514 3662 3568 3709 et
3594 3652 3689 3705 ad-

2116 3758 2343 3814 mirabili
2370 3755 2561 3819 rediit,
2591 3755 2798 3823 excepit
2822 3768 2944 3807 eum
2993 3752 3165 3806 Sarra:
3202 3748 3375 3801 luctus
3403 3763 3416 3798 :
3448 3759 3569 3798 cum
3598 3757 3692 3796 au-

2116 3857 2221 3903 tem
2241 3847 2482 3917 petiisset
2500 3859 2528 3897 a
2548 3844 2667 3899 ﬁliis
2682 3842 2817 3897 Chet
2835 3839 3223 3911 possessionem
3244 3834 3494 3905 sepulcri,
3511 3841 3691 3899 empto

2114 3942 2233 3997 loco
2253 3980 2268 4005 ,
2298 3937 2545 4007 deposuit
2589 3945 2875 4000 mortuam,
2905 3942 2960 3988 et
2998 3932 3099 3985 hoc
3136 3928 3450 3999 principium
3481 3939 3692 3995 posses-

2113 4030 2279 4086 sionis
2347 4028 2507 4083 habet
2562 4022 2859 4096 patriarcha
2919 4022 3105 4076 mortis
3156 4018 3330 4091 Sarrae
3383 4016 3686 4072 occasione.

2111 4120 2411 4197 Monstrans
2436 4117 2574 4173 enim
2603 4114 2754 4171 nobis
2771 4113 3039 4183 Scriptura
3066 4108 3241 4165 divina
3264 4107 3392 4180 justi
3415 4108 3687 4169 virtutem,

2111 4226 2338 4280 eumque
2367 4211 2503 4263 sicut
2545 4207 2885 4278 peregrinum
2925 4213 2981 4259 et
3009 4202 3265 4256 advenam
3299 4208 3408 4253 toto
3452 4204 3689 4265 tempore

2110 4304 2274 4361 fuisse
2292 4346 2305 4369 ,
2330 4303 2431 4358 hoc
2458 4316 2670 4374 quoque
2696 4298 3049 4370 signiﬁcavit,
3082 4305 3140 4351 ut
3160 4294 3425 4350 discamus
3450 4307 3572 4347 eum
3598 4295 3687 4360 qui

2112 4404 2259 4450 tanto
2285 4408 2519 4462 superno
2564 4391 2813 4461 praesidio
2840 4389 3135 4453 fruebatur,
3157 4394 3214 4443 et
3239 4386 3317 4441 sic
3361 4383 3582 4438 illustris
3608 4381 3689 4435 fa-

2111 4495 2226 4540 ctus
2261 4496 2418 4553 atque
2461 4482 2513 4537 in
2566 4490 2764 4537 tantam
2817 4473 3206 4535 multitudinem
3262 4473 3487 4529 diffusus
3533 4479 3687 4535 erat,

2114 4577 2383 4646 proprium
2407 4573 2706 4644 sepulcrum
2734 4586 2838 4625 non
2859 4566 3158 4639 possedisse
3176 4606 3192 4631 ,
3214 4566 3351 4621 sicut
3375 4577 3514 4619 nunc
3537 4561 3688 4616 multi

2113 4668 2346 4733 faciunt,
2372 4680 2528 4736 agros
2552 4673 2607 4719 et
2631 4662 2818 4725 villas,
2861 4658 3223 4726 inﬁnitamque
3251 4654 3408 4708 aliam
3437 4651 3687 4707 substan-

2114 4762 2262 4825 tiam,
2285 4757 2560 4829 possidere
2585 4754 2878 4809 studentes.
2906 4751 3078 4805 Multis
3116 4749 3257 4805 enim
3299 4746 3460 4803 animi
3490 4745 3689 4800 divitiis

2113 4849 2404 4914 fruebatur,
2435 4857 2489 4904 et
2525 4847 2593 4902 de
2640 4844 2759 4900 aliis
2785 4859 2891 4899 non
2936 4850 3051 4897 erat
3079 4841 3285 4896 anxius.
3339 4838 3572 4894 Audiant
3598 4837 3688 4907 qui

2113 4952 2334 5013 repente
2381 4950 2435 4995 et
2463 4940 2513 4994 in
2545 4953 2649 4993 uno
2683 4934 2937 5005 temporis
2966 4940 3236 4990 momento
3263 4930 3497 4990 omnium
3547 4929 3687 4985 bona

2113 5034 2436 5094 corradunt,
2478 5037 2533 5084 et
2581 5028 2807 5097 ubique,
2848 5034 2905 5079 ut
2956 5026 3027 5078 ita
3072 5022 3279 5088 dicam,
3312 5021 3547 5076 avaritia:
3578 5034 3687 5074 suat

2113 5120 2598 5193 Concupiscentiam
2658 5117 2986 5181 extendunt,
3041 5115 3417 5183 imitenturque
3464 5112 3687 5181 patriar-

2114 5216 2268 5273 cbatn
2295 5256 2313 5283 ,
2343 5215 2435 5285 qui
2460 5230 2526 5268 ne
2550 5212 2761 5283 quidem
2810 5209 2992 5265 habuit
3035 5209 3213 5265 locum
3264 5208 3315 5261 in
3361 5220 3465 5283 quo
3511 5204 3684 5259 Sarra:

2115 5308 2401 5363 collocaret
2425 5304 2707 5376 reliquias,
2739 5301 2833 5358 sed
2879 5310 3004 5361 tunc
3048 5299 3275 5371 primum
3299 5338 3315 5364 ,
3365 5294 3577 5365 quando
3621 5294 3684 5351 ab

2118 5402 2227 5472 ipsa
2251 5398 2568 5453 necessitate
2592 5395 2897 5465 compulsus
2923 5402 3035 5457 est,
3076 5391 3205 5447 emit
3242 5402 3425 5459 agrum
3455 5397 3511 5443 et
3558 5401 3673 5456 spe-

2116 5494 2325 5550 Iuncam
2351 5505 2381 5544 a
2407 5489 2526 5549 filiis
2551 5488 2707 5543 Chet.
2733 5486 2863 5543 Nam
2891 5484 3032 5556 quod
3059 5481 3363 5553 spectabilis
3381 5487 3526 5536 esset
3544 5479 3685 5550 apud

2090 5582 2471 5646 Cbananaaos,
2527 5578 2648 5633 audi
2696 5578 2831 5633 ﬁlios
2874 5575 3010 5630 Chet
3057 5573 3123 5629 ad
3175 5588 3298 5629 eum
3325 5573 3596 5635 dicentes,
3628 5570 3683 5625 6.

2120 5675 2229 5730 Rea;
2257 5692 2287 5727 a
2317 5671 2419 5727 Deo
2448 5688 2497 5726 es
2526 5681 2578 5725 tu
2605 5671 2655 5725 in
2708 5667 2847 5723 nobis
2863 5707 2880 5737 ,
2909 5667 2960 5721 in
2989 5666 3154 5723 electis
3208 5667 3454 5737 sepulcris
3487 5668 3682 5721 nostris
