4150 6276
415 228 516 285 435

414 344 568 414 ςνρειὲ
596 351 850 398 mortuum
877 350 1056 396 tuum:
1084 341 1255 395 nullus
1291 342 1421 395 enim
1450 348 1675 393 nostrum
1719 335 1993 407 prohibebit

414 437 699 506 sepulcrum
748 449 897 489 suum
939 450 971 486 a
1003 442 1050 486 te
1075 430 1229 501 (Cap.
1259 431 1374 499 25).
1404 429 1668 484 Cmterutn
1693 428 1816 483 vide
1864 440 1997 497 quo-

415 529 576 584 modo
592 528 766 598 justus
792 526 1042 596 operibus
1061 524 1171 580 suis
1191 523 1379 591 doceat
1400 522 1522 576 illos
1546 535 1726 575 veram
1760 517 1998 590 philoso-

417 620 627 690 phiam,
671 628 726 674 et
781 632 885 673 non
931 616 1076 687 prius
1123 614 1251 670 velit
1270 615 1515 682 accipere
1556 621 1996 674 monumentum,

416 728 573 782 quam
619 711 819 782 justum
848 710 1151 765 dinumeret
1200 708 1449 778 pretium.
1504 706 1636 760 Nam
1690 705 1816 759 licet
1865 717 1996 767 vos,

417 803 619 874 inquit,
669 801 738 855 ita
769 800 1012 856 benevoli
1053 814 1178 869 erga
1215 813 1303 853 me
1340 797 1502 852 sitis:
1533 808 1583 851 at
1609 811 1710 866 ego
1759 810 1863 851 non
1908 810 2002 865 pa-

420 896 543 961 tiar,
573 894 673 949 nisi
718 893 865 964 prius
886 892 1125 948 debitum
1153 891 1384 963 pretium
1410 889 1754 959 dependerim
1773 887 1840 957 (υ.
1872 887 1997 957 15);

415 994 471 1039 et
499 985 577 1038 sic
597 983 854 1054 accipiam
879 982 1200 1052 sepulcrum.
1236 981 1305 1052 Et
1326 988 1601 1036 numerata
1623 1021 1637 1045 ,
1672 978 1875 1047 inquit,
1904 992 2001 1048 pe-

415 1075 567 1130 cunia
589 1073 787 1144 accepit
818 1082 1254 1127 monumentum:
1308 1072 1394 1131 l9.
1463 1070 1530 1125 Et
1549 1070 1771 1141 sepelivit
1789 1068 2003 1124 Sarram

417 1181 624 1220 uxorem
646 1182 792 1220 suam
819 1167 871 1219 in
893 1165 1133 1233 spelunca
1161 1164 1273 1235 agri
1291 1162 1505 1233 duplici,
1532 1178 1644 1233 qua
1666 1172 1739 1215 est
1762 1179 1788 1216 ι
1802 1162 2005 1232 regione

420 1256 671 1312 Mambre.
702 1257 769 1311 Et
815 1257 905 1327 qui
932 1266 1039 1310 tam
1069 1255 1248 1310 clarus
1273 1262 1328 1309 et
1372 1253 1678 1324 spectabilis
1720 1262 1864 1319 erat,
1912 1252 2001 1322 qui

420 1357 617 1401 tantam
646 1346 787 1416 apud
815 1347 979 1401 Deum
1008 1344 1210 1401 habens
1235 1343 1480 1399 ﬁduciam
1503 1384 1519 1411 ,
1546 1352 1602 1398 et
1637 1343 1776 1412 apud
1818 1356 2005 1399 omnes

421 1440 533 1494 fere
558 1438 647 1508 qui
697 1439 767 1493 ibi
811 1439 1039 1509 agebant
1088 1437 1143 1492 in
1173 1444 1321 1492 tanto
1348 1435 1552 1491 honore
1590 1444 1735 1503 erat,
1767 1445 1825 1491 ut
1869 1444 1925 1490 et
1972 1449 2002 1489 a

425 1532 545 1587 ﬁliis
575 1530 709 1586 Chet
762 1546 856 1585 rex
888 1532 1272 1598 nominaretur,
1325 1543 1499 1599 neque
1537 1528 1817 1598 vestigium
1856 1527 2007 1598 pedis

421 1624 744 1695 possidebat.
774 1625 1061 1693 Propterea
1085 1631 1139 1678 et
1178 1623 1362 1678 beatus
1394 1622 1592 1677 Paulus
1612 1621 1862 1676 virtutem
1878 1620 2007 1690 justi

422 1715 719 1785 praedicans
746 1724 801 1771 et
828 1714 1068 1770 scribens
1094 1713 1303 1770 dicebat
1335 1731 1349 1768 :
1382 1712 1483 1767 Per
1518 1714 1671 1782 fidem
1712 1712 2007 1784 peregrinus

425 1809 521 1875 fuit
546 1808 802 1861 Abraham
838 1808 893 1861 in
936 1817 1069 1861 terra
1099 1807 1444 1876 promissionis
1472 1806 1621 1860 veluti
1655 1806 1822 1859 aliena
1843 1846 1857 1869 ,
1893 1820 2009 1858 cum

424 1900 476 1952 in
515 1898 848 1953 tabernaculis
877 1899 1146 1953 habitasset
1166 1914 1280 1951 cum
1311 1897 1460 1953 Isaac
1490 1908 1536 1951 et
1559 1896 1718 1951 Jacob
1746 1896 2008 1950 coheredi-

424 1993 514 2046 bus
538 1992 758 2063 ejusdem
779 1992 1124 2063 promissionis
1152 1991 1333 2063 (Hebr.
1363 1993 1448 2046 tl.
1471 1993 1549 2061 9).
1580 1991 1779 2045 Deinde
1807 1990 2011 2045 docens

426 2099 522 2138 nos
546 2125 561 2151 ,
590 2083 855 2153 quomodo
876 2083 978 2139 tide
1008 2085 1322 2154 peregrinus
1366 2081 1559 2151 fuerit,
1597 2082 1868 2138 subdidit:
1903 2081 2010 2136 Ex-

423 2176 677 2245 spectabat
697 2178 828 2232 enim
874 2178 1136 2251 halyntem
1172 2176 1504 2248 fundamenta
1540 2176 1787 2230 civitatem
1811 2216 1825 2237 ,
1864 2175 2011 2244 cujus

428 2266 601 2337 opifex
624 2276 669 2320 et
694 2267 924 2321 conditor
961 2277 1034 2321 est
1063 2268 1202 2321 Deus
1230 2266 1393 2339 (Ibid.
1420 2283 1467 2320 υ.
1503 2267 1613 2335 10).
1638 2266 1744 2335 Spe
1764 2309 1778 2332 ,
1804 2266 2010 2336 inquit,

428 2357 728 2413 futurorum
768 2357 1098 2427 despiciebat
1148 2359 1468 2427 praesentia;
1517 2367 1571 2412 et
1616 2357 2015 2426 exspectatione

428 2448 691 2523 majorum
714 2448 1000 2513 bonorum,
1020 2448 1195 2502 minus
1217 2448 1436 2503 curabat
1451 2463 1512 2502 ea
1540 2463 1660 2519 qua:
1681 2448 1734 2502 in
1765 2448 2014 2518 przcsenti

430 2543 538 2598 vita
580 2552 746 2598 sunt:
780 2552 938 2613 atque
978 2542 1094 2598 hmc
1121 2550 1245 2596 ante
1287 2544 1488 2613 legem,
1518 2552 1571 2598 et
1598 2551 1724 2597 ante
1766 2540 2013 2613 gratiam.

430 2637 651 2706 Qualem
674 2637 830 2707 igitur
859 2635 1171 2691 habebimus
1201 2651 1299 2691 nos
1322 2635 1739 2702 excusationem,
1771 2634 1877 2702 dic,
1896 2650 2014 2700 oro,

432 2730 524 2799 qui
555 2738 674 2799 post
700 2738 779 2783 tot
807 2729 1246 2798 pollicitationes,
1276 2737 1331 2784 et
1361 2728 1743 2798 promissiones
1773 2727 2015 2783 ineil'abi-

434 2821 565 2875 lium
606 2821 865 2875 bonorum
890 2862 906 2887 ,
952 2820 1218 2875 inhiamus
1266 2821 1650 2891 prementibus,
1698 2830 1751 2876 et
1790 2821 2018 2877 emimus

435 2927 627 2983 agros,
671 2922 726 2967 et
756 2912 950 2982 ubique
970 2912 1097 2967 clari
1123 2928 1243 2968 esse
1272 2913 1549 2968 studemus
1569 2957 1584 2981 ,
1614 2914 2019 2984 colligimusque

436 3005 551 3087 haec
590 3006 765 3060 omnia
813 3021 907 3075 per
950 3007 1222 3061 avaritiam
1280 3015 1335 3062 et
1376 3009 1658 3077 rapinam?
1710 3020 1767 3065 et
1796 3009 1850 3065 id
1877 3010 2019 3078 quod

435 3096 621 3151 beatus
672 3096 929 3167 propheta
975 3113 1098 3153 cum
1140 3099 1373 3154 lamenta
1424 3099 1676 3157 dicebat:
1718 3100 1809 3156 Va:
1844 3102 1907 3155 iis
1934 3102 2022 3173 qui

433 3190 743 3261 conjungunt
765 3189 969 3244 domum
995 3191 1199 3256 domui,
1226 3200 1273 3244 et
1311 3208 1489 3262 agrum
1516 3209 1638 3263 agro
1660 3194 1929 3263 copulant,
1968 3201 2023 3246 ut

438 3279 561 3349 quid
591 3297 622 3333 a
646 3280 881 3349 proximo
911 3282 1143 3351 auferam
1170 3279 1319 3351 (Isai.
1353 3281 1407 3336 5.
1446 3282 1499 3341 8)
1532 3300 1545 3336 :
1578 3282 1679 3337 hoc
1715 3296 1812 3337 nos
1849 3283 2025 3351 operi-

438 3372 537 3424 bus
563 3370 883 3438 implemus?
911 3371 1103 3425 Annon
1134 3372 1372 3441 quotidie
1387 3372 1629 3427 videmus
1655 3373 1811 3442 diripi
1838 3373 2021 3428 vidua-

439 3479 555 3516 rum
589 3462 725 3517 bona
746 3504 761 3528 ,
804 3463 1020 3532 spoliari
1046 3464 1314 3533 orphanos
1334 3507 1349 3531 ,
1383 3464 1621 3519 infirmos
1649 3479 1677 3518 a
1714 3463 2022 3521 fortioribus

438 3554 710 3623 opprimi?
740 3553 936 3609 Verum
982 3554 1154 3624 iustus
1175 3554 1265 3610 ille
1311 3571 1646 3627 nequaquam
1676 3557 1789 3620 sic,
1835 3557 1930 3612 sed
1969 3567 2024 3614 et

440 3646 742 3715 sepulcrum
788 3661 971 3702 emere
994 3662 1113 3701 cum
1167 3648 1359 3714 voluit,
1393 3649 1642 3719 quoniam
1683 3648 1815 3705 vidit
1859 3664 1953 3705 eos
1992 3666 2021 3704 a

440 3738 633 3807 quibus
661 3738 811 3807 petiit
832 3737 961 3794 dare
987 3740 1264 3809 volentes,
1298 3757 1402 3796 non
1434 3742 1579 3812 prius
1599 3742 1835 3812 accepit,
1865 3758 2023 3814 quam

437 3830 639 3899 justum
670 3830 1016 3901 dependisset
1043 3834 1293 3904 pretium.
1322 3834 1448 3889 llaec
1488 3836 1666 3906 itaque
1692 3843 1872 3891 mente
1898 3851 2024 3892 ver-

442 3931 625 3977 santes
648 3964 662 3986 ,
686 3921 900 3990 dilecti,
926 3939 1024 3980 nos
1050 3926 1140 3995 qui
1171 3925 1271 3979 sub
1289 3926 1489 3996 gratia,
1531 3942 1652 3981 eum
1677 3928 1764 3998 qui
1794 3935 1919 3983 ante
1949 3929 2028 3983 le-

444 4029 563 4081 gem
616 4014 927 4070 imitemur:
983 4024 1038 4070 et
1086 4031 1152 4071 ne
1181 4017 1347 4071 multa
1391 4018 1697 4087 possidendi
1740 4019 2028 4090 cupiditate

446 4105 656 4158 accensi
677 4146 692 4171 ,
725 4106 983 4174 majorem
1014 4116 1063 4159 et
1090 4108 1387 4175 graviorem
1438 4109 1831 4163 accumulemus
1851 4110 2028 4179 ignem

451 4195 967 4263 inexstinguibilem,
1009 4207 1062 4251 et
1090 4195 1359 4250 ﬂammam
1393 4197 1800 4252 intolerabilem.
1830 4199 2027 4254 Audie-

449 4300 569 4339 mus
593 4286 763 4351 enim,
795 4285 838 4339 si
870 4286 920 4339 iu
950 4285 1251 4355 hujusmodi
1282 4288 1466 4357 rapina
1498 4295 1552 4342 et
1571 4288 1788 4342 avaritia
1819 4304 2030 4344 manse-

454 4375 645 4442 rimus,
678 4391 736 4430 ea
765 4392 883 4447 qum
904 4377 1042 4431 dicta
1065 4384 1188 4431 sunt
1213 4377 1362 4432 diviti
1392 4377 1501 4433 illi:
1533 4377 1735 4447 Stulte,
1762 4381 1860 4433 ista
1886 4392 2033 4436 nocte

448 4467 537 4520 abs
564 4478 611 4521 te
640 4468 861 4521 animam
891 4478 1028 4522 tuam
1066 4479 1287 4538 repetent
1315 4485 1333 4524 :
1356 4487 1470 4537 qute
1506 4482 1671 4525 autem
1695 4474 1996 4544 prwparasti
2011 4514 2027 4539 ,

449 4563 598 4633 cujus
623 4573 769 4618 erunt
810 4562 959 4636 (Luc.
992 4563 1076 4619 i2.
1105 4562 1240 4636 20)?
1285 4563 1462 4631 Quare
1484 4605 1500 4630 ,
1545 4564 1631 4619 die
1659 4563 1787 4619 mihi
1810 4607 1825 4630 ,
1857 4575 2033 4619 tanto-

451 4670 578 4724 pere
616 4654 778 4710 sudes
802 4695 817 4720 ,
851 4664 909 4709 ut
933 4656 1153 4727 colligas
1183 4671 1244 4712 ea
1272 4672 1390 4727 quae.
1419 4669 1527 4710 non
1565 4656 1733 4709 multo
1759 4663 1877 4724 post
1909 4655 2033 4709 hinc

452 4745 792 4816 abripiendus
817 4789 832 4813 ,
861 4747 947 4802 hic
997 4747 1266 4818 relinques
1288 4787 1303 4811 ,
1335 4762 1398 4801 ex
1426 4748 1507 4803 eis
1544 4760 1651 4801 non
1699 4746 1871 4801 solum
1900 4745 2033 4805 nihil

455 4840 701 4893 utilitatis
727 4840 1004 4910 percipere
1049 4840 1265 4907 valens,
1307 4838 1400 4895 sed
1428 4848 1479 4894 et
1506 4854 1641 4894 onus
1691 4848 2031 4909 peccatorum

454 4931 507 4983 in
558 4928 799 4983 humeris
842 4930 1071 5000 propriis
1126 4929 1347 4995 ferens,
1393 4939 1448 4985 et
1494 4917 1663 4985 in'utili
1722 4929 2032 4998 poenitentia

458 5018 688 5076 ductus?
710 5019 839 5075 Nam
861 5037 922 5075 ea
948 5038 1067 5091 qua:
1096 5037 1124 5075 a
1150 5031 1200 5076 te
1226 5037 1321 5092 per
1341 5024 1615 5077 avaritiam
1641 5022 1863 5082 collecta
1886 5031 2030 5097 sunt,

458 5116 510 5167 iu
542 5112 769 5168 hostium
794 5127 936 5183 aa’pe
964 5111 1248 5167 devenient
1289 5128 1511 5180 manus,
1543 5124 1596 5168 tu
1624 5125 1800 5170 autem
1844 5130 1943 5186 pro
1969 5115 2035 5170 iis

456 5207 716 5262 rationem
742 5215 797 5260 et
822 5218 1033 5275 ptenam
1056 5202 1227 5258 dabis.
1265 5204 1487 5271 Quautm
1516 5205 1675 5276 igitur
1702 5214 1781 5261 est
1811 5206 2033 5261 demen-

458 5301 545 5353 tiae
568 5298 687 5352 aliis
719 5296 961 5352 laborare
981 5338 996 5365 ,
1023 5303 1077 5350 et
1104 5304 1156 5349 te
1190 5306 1469 5365 pmpterea
1501 5310 1715 5366 prunam
1758 5296 1922 5351 dare?

527 5390 584 5446 2.
614 5388 745 5445 Esto
768 5397 969 5455 autem,
1002 5388 1255 5443 hactenus
1283 5387 1351 5441 ita
1378 5387 1705 5457 negligenter
1725 5402 1822 5441 nos
1848 5402 2032 5457 gesse—

450 5484 618 5538 rimus
638 5526 653 5550 ,
683 5499 822 5540 nunc
843 5484 1033 5538 saltem
1054 5481 1176 5553 quid
1202 5496 1335 5552 opus
1366 5478 1502 5535 farto
1530 5478 1600 5534 sit
1628 5478 1992 5535 consultemus
2016 5497 2032 5547 ;

450 5587 504 5630 et
533 5593 638 5631 non
661 5587 862 5631 tantum
889 5592 1105 5649 Operam
1135 5576 1354 5642 demus,
1383 5584 1439 5629 ut
1469 5574 1621 5629 nobis
1642 5588 1770 5645 opes
1794 5572 2035 5641 afﬂuant,
2054 5557 2066 5568 ’

452 5668 547 5723 sed
579 5680 629 5723 ut
671 5679 723 5723 et
748 5670 967 5738 justitia:
996 5684 1241 5738 magnam
1272 5670 1530 5723 rationem
1572 5677 1625 5721 et
1666 5680 1847 5720 curam
1888 5680 2039 5735 gera-

1144 225 1201 282 S.
1240 223 1513 281 JOANNIS
1550 215 2018 279 CHRYSOSTOMI
2057 214 2372 274 ARCIHEP.
2414 217 2944 276 CONSTANTINOP.

3583 227 3690 283 ‘36

2110 352 2246 393 mus.
2286 337 2469 409 Neque
2511 339 2652 395 enim
2691 355 2779 397 res
2818 350 3013 397 nostra:
3064 342 3221 413 hujus
3261 344 3385 400 vitae
3429 343 3692 402 limitibus

2108 431 2523 502 circumscripta:
2564 441 2725 498 sunt,
2759 448 2932 505 neque
2953 450 3167 505 semper
3194 435 3249 489 in
3278 436 3449 490 aliena
3472 438 3695 507 regione

2108 521 2349 578 erimus:
2381 523 2475 578 sed
2520 539 2627 593 non
2679 528 2850 580 multo
2888 535 3006 595 post
3039 527 3089 580 iu
3121 528 3392 597 propriam
3428 526 3699 582 remeabi-

2109 629 2227 668 mus
2257 615 2503 683 patriam.
2535 615 2724 671 Omnia
2759 617 2919 687 igitur
2954 617 3241 685 faciamus,
3287 633 3355 672 ne
3399 618 3506 673 illic
3532 617 3688 689 egeni

2107 707 2271 763 simus
2297 707 2482 763 futuri.
2511 708 2642 764 Nam
2664 725 2782 779 quae
2801 710 3019 775 utilitas,
3048 711 3100 765 in
3122 711 3291 766 aliena
3306 711 3525 781 regione
3550 711 3693 766 mul-

2111 809 2191 854 tas
2220 799 2431 855 divitias
2459 801 2780 872 relinquere,
2814 803 2866 855 in
2897 804 3108 871 propria
3134 810 3335 867 autem,
3363 810 3419 857 et
3440 802 3493 856 in
3520 803 3689 873 patria

2108 894 2426 950 necessariis
2445 909 2628 949 carere
2648 895 2671 948 ?
2688 895 2873 965 itaque
2892 908 3009 959 oro,
3034 894 3349 950 festinemus
3372 894 3499 949 dum
3518 895 3693 950 adhuc

2110 990 2316 1053 tempus
2351 995 2452 1049 est,
2502 993 2559 1039 ut
2601 984 2728 1040 illuc
2762 985 3144 1039 transieramus
3179 986 3339 1039 etiam
3370 1000 3487 1054 quae
3516 986 3566 1038 in
3595 985 3695 1039 hac

2108 1076 2278 1131 aliena
2309 1075 2583 1131 habemus.
2630 1075 2919 1131 Enimvero
2940 1076 3064 1131 licet
3085 1076 3316 1131 multum
3358 1076 3499 1131 inter
3523 1091 3581 1131 se
3608 1077 3690 1131 di-

2111 1176 2274 1235 stent,
2315 1167 2487 1223 facilis
2516 1178 2695 1225 tamen
2721 1179 2805 1225 est
2829 1171 3172 1225 transvectio.
3212 1169 3314 1238 Qui
3349 1170 3491 1225 enim
3513 1181 3694 1226 nostra

2110 1274 2176 1315 eo
2205 1259 2528 1315 transferant
2548 1300 2562 1324 ,
2595 1260 2765 1329 parati
2791 1268 2947 1326 sunt,
2988 1269 3043 1315 et
3066 1275 3255 1315 secure
3279 1260 3405 1315 illuc
3432 1271 3692 1331 pergunt,

2112 1361 2267 1421 atque
2306 1352 2361 1405 in
2393 1351 2645 1405 thesauro
2669 1349 3067 1420 indeprmdabili
3097 1365 3159 1404 ea
3188 1360 3495 1419 reponunt,
3544 1366 3695 1419 qua:-

2112 1458 2337 1512 cumque
2368 1456 2462 1511 per
2486 1442 2699 1496 illorum
2743 1456 2932 1495 manus
2977 1441 3301 1509 preemittere
3348 1441 3694 1510 potuerimus.

2115 1535 2410 1605 Pauperum
2452 1535 2597 1589 enim
2643 1548 2830 1589 manus
2858 1534 2908 1587 in
2948 1532 3180 1588 cmlestia
3210 1533 3570 1602 promptuaria
3594 1533 3698 1588 sibi

2115 1627 2304 1681 collata
2343 1626 2482 1680 dona
2524 1633 2703 1680 nostra
2742 1633 3023 1694 reponunt.
3052 1623 3315 1692 Quoniam
3356 1624 3515 1694 igitur
3551 1634 3697 1679 tanta

2116 1727 2169 1773 et
2205 1717 2427 1772 facilitas
2464 1727 2518 1771 et
2537 1716 2797 1771 securitas
2834 1725 2936 1781 est,
2969 1730 3136 1785 quare
3174 1731 3481 1782 moramur,
3512 1724 3565 1770 et
3591 1732 3697 1770 non

2115 1810 2256 1865 omni
2287 1810 2463 1865 studio
2487 1810 2591 1866 hoc
2618 1810 2869 1875 facimus,
2903 1819 2959 1864 ut
2989 1810 3057 1865 ibi
3089 1825 3150 1865 ea
3195 1810 3562 1875 inveniamus,
3603 1810 3692 1863 ubi

2117 1905 2193 1959 eis
2218 1904 2447 1959 maxime
2472 1919 2607 1973 opus
2631 1903 2770 1958 erit?
2792 1903 3075 1973 Propterea
3104 1904 3400 1973 patriarcha
3423 1904 3519 1959 ille
3541 1904 3692 1975 quasi

2116 1998 2342 2053 alienam
2370 1996 2625 2051 inhabitat
2651 1996 3024 2061 Chananazam,
3053 1996 3176 2065 quia
3197 1996 3337 2049 illam
3362 1995 3699 2065 Exspectabat

2117 2089 2393 2153 civitatem,
2424 2088 2571 2157 cujus
2599 2089 2770 2157 opifex
2794 2096 2839 2141 et
2864 2086 3093 2139 conditor
3118 2095 3189 2140 est
3217 2085 3353 2140 Deus
3382 2084 3581 2158 (Hebr.
3606 2087 3692 2140 ii.

2120 2179 2241 2247 10).
2268 2179 2323 2235 Si
2354 2180 2512 2250 igitur
2541 2178 2863 2234 voluerimus
2886 2176 3087 2246 justum
3114 2176 3255 2231 hunc
3276 2176 3493 2244 imitari,
3521 2185 3578 2232 et
3601 2190 3701 2232 nos

2122 2270 2175 2325 in
2200 2271 2340 2324 illam
2367 2283 2744 2335 occurremus,
2785 2276 2839 2323 et
2880 2268 2932 2321 in
2976 2267 3152 2322 sinum
3176 2266 3493 2338 patriarcha:
3518 2267 3702 2322 venie~

2121 2377 2258 2418 mus.
2289 2361 2521 2433 Operum
2551 2361 2692 2416 enim
2721 2360 3029 2415 communio
3066 2359 3223 2413 etiam
3266 2358 3531 2415 l‘ruitionis
3557 2373 3702 2414 com-

2122 2455 2428 2510 munionem
2457 2462 2695 2524 praestat.
2745 2451 2943 2506 Verum
2988 2452 3033 2506 si
3061 2451 3265 2521 placet,
3310 2451 3591 2506 redeamus
3638 2451 3704 2506 ad

2123 2545 2388 2601 sermonis
2416 2544 2610 2600 seriem
2637 2583 2653 2608 ,
2699 2554 2751 2598 et
2794 2542 3066 2598 videamus
3097 2550 3217 2611 post
3260 2541 3435 2597 Sarra:
3477 2551 3705 2597 mortem

2124 2647 2374 2709 quantam
2411 2635 2584 2705 justus
2609 2650 2789 2690 curam
2814 2634 2921 2704 agit
2950 2633 3042 2688 lilii
3066 2675 3081 2699 ,
3130 2633 3294 2688 Isaaci
3335 2633 3475 2688 dico.
3509 2632 3706 2687 Audia-

2126 2746 2242 2785 mus
2258 2730 2415 2801 igitur
2433 2730 2666 2783 divinam
2694 2712 3022 2798 Scripturam
3044 2726 3198 2781 nobis
3220 2734 3545 2780 narrantem.
3569 2725 3620 2779 i.
3644 2724 3707 2777 Et

2124 2823 2379 2876 Abraham
2404 2830 2510 2875 erat
2535 2836 2686 2875 senes:
2704 2862 2717 2885 ,
2746 2829 3005 2892 provectus
3034 2819 3223 2873 diebus.
3256 2817 3321 2871 Et
3346 2816 3597 2871 Dominus
3626 2819 3708 2871 be-

2128 2917 2317 2972 nedixit
2342 2915 2597 2969 Abraham
2621 2930 2708 2984 per
2727 2914 2898 2967 omnia
2925 2911 3085 2981 (Cap.
3114 2910 3186 2965 24
3206 2912 3243 2978 ).
3268 2909 3443 2977 Quare
3469 2908 3582 2963 haec
3610 2925 3707 2963 nn.-

2130 3010 2211 3065 bis
2239 3007 2527 3079 assignavit
2564 3005 2879 3076 Scriptura?
2925 3004 3057 3071 Quia
3087 3002 3384 3074 patriarcha
3430 3003 3713 3074 diligenter

2128 3110 2412 3156 curaturus
2450 3107 2566 3155 erat
2604 3107 2659 3153 ut
2690 3112 2882 3167 sponsa
2932 3096 3113 3151 ls:uaco
3155 3093 3541 3158 adduceretur,
3590 3092 3709 3145 ideo

2130 3191 2281 3247 nobis
2304 3190 2420 3261 ejus
2447 3199 2657 3245 aetatem
2701 3187 3004 3256 assignavit.
3045 3183 3265 3252 Quando
3294 3182 3435 3238 enim
3458 3225 3473 3249 ,
3501 3182 3709 3251 inquit,

2131 3284 2195 3339 ad
2223 3292 2518 3339 extremam
2547 3289 2874 3336 senectutem
2905 3277 3170 3347 pervenit,
3201 3276 3385 3331 volens
3412 3273 3653 3327 lsaacum
3681 3289 3711 3325 a

2131 3376 2552 3431 Chananmorum
2582 3370 2897 3442 cognatione
2935 3376 3178 3423 avertere
3201 3408 3215 3433 ,
3250 3374 3307 3420 ut
3332 3381 3398 3419 ne
3427 3365 3547 3418 inde
3576 3379 3713 3417 uxo-

2132 3482 2246 3524 rem
2278 3467 2533 3529 duceret,
2578 3471 2768 3517 vocato
2790 3504 2804 3527 ,
2853 3460 3059 3531 inquit,
3101 3458 3295 3512 famulo
3325 3456 3670 3528 prudentiore
3692 3498 3712 3537 ,

2134 3556 2471 3615 commendat
2495 3556 2543 3611 ei
2574 3555 2841 3624 negotium
2887 3552 2990 3606 hoc
3014 3593 3027 3617 ,
3070 3558 3121 3605 et
3148 3549 3275 3604 dicit
3305 3569 3317 3603 :
3345 3548 3400 3603 2.
3437 3547 3577 3601 Pone
3605 3563 3715 3600 ma-

2136 3667 2256 3705 num
2294 3658 2429 3703 tuam
2465 3646 2632 3701 subter
2652 3649 2817 3717 femur
2842 3660 3024 3697 meum.
3071 3641 3270 3712 Lingua
3314 3640 3495 3696 Graeca
3521 3638 3714 3705 habet,

2135 3744 2300 3798 subter
2325 3745 2489 3815 femur
2509 3757 2673 3795 meum
2701 3740 2767 3811 (α
2792 3740 2810 3810 )
2836 3750 2850 3792 :
2882 3737 3135 3793 Hebraica
3162 3748 3288 3789 vero
3306 3775 3321 3798 ,
3353 3732 3541 3788 Subter
3578 3732 3713 3785 lum-

2136 3837 2273 3890 bum.
2306 3834 2375 3890 Et
2398 3849 2561 3904 quare
2590 3833 2668 3888 sic
2692 3831 2858 3886 dicit?
2877 3830 2990 3884 Mos
3016 3829 3101 3882 ille
3127 3834 3367 3881 veterum
3390 3833 3525 3879 erat.
3548 3823 3716 3878 Aliter

2138 3937 2311 3982 autem
2342 3925 2575 3991 dixeris,
2620 3924 2745 3994 quia
2786 3922 2909 3976 hinc
2954 3917 3265 3990 principium
3306 3913 3526 3984 originis
3570 3912 3716 3966 Isaac

2137 4020 2380 4074 duxerat.
2412 4017 2482 4073 Et
2507 4026 2563 4071 ut
2587 4016 2760 4071 discas
2789 4013 2890 4068 hoc
2920 4020 3045 4066 tunc
3076 4011 3128 4063 in
3154 4023 3301 4063 more
3328 4005 3511 4071 fuisse,
3540 4004 3715 4061 anim-

2138 4112 2354 4167 adverte
2395 4110 2541 4164 illum
2572 4109 2837 4177 imperare
2885 4111 2943 4157 ut
2978 4115 3192 4156 manum
3230 4100 3320 4153 ille
3358 4113 3425 4154 eo
3470 4097 3590 4151 loco
3625 4111 3719 4165 po-

2134 4214 2250 4268 nat,
2282 4213 2336 4258 et
2367 4201 2546 4256 statim
2572 4199 2862 4268 adjuugere
2891 4213 2904 4249 :
2932 4194 2985 4248 3.
3026 4192 3092 4245 Et
3119 4191 3365 4262 adjurabo
3386 4231 3400 4254 ,
3440 4188 3644 4259 inquit,
3673 4200 3719 4239 te

2140 4314 2230 4369 per
2251 4295 2525 4350 Dominum
2545 4290 2709 4346 Deum
2735 4288 2846 4342 ειειὶ
2866 4296 2909 4341 et
2932 4285 3092 4338 Deum
3118 4293 3281 4338 terrai.
3304 4281 3435 4335 Vide
3451 4278 3719 4350 quomodo

2139 4392 2297 4446 docet
2334 4385 2587 4442 famulum
2627 4381 2694 4436 ad
2721 4376 3149 4450 cognoscendum
3181 4374 3546 4428 universorum
3572 4369 3718 4424 Cou-

2140 4484 2389 4539 ditorem.
2443 4476 2575 4531 Nam
2616 4473 2702 4544 qui
2733 4471 2905 4538 dixit,
2938 4469 3099 4523 Deum
3135 4465 3247 4520 caeli
3271 4471 3315 4517 et
3346 4463 3505 4515 [leum
3540 4469 3717 4525 teme,

2138 4589 2353 4632 omnem
2381 4578 2679 4627 creaturam
2708 4561 3131 4634 comprehendit.
3164 4559 3230 4614 Et
3255 4555 3395 4628 quod
3424 4553 3551 4608 illud
3574 4554 3723 4621 jura-

2141 4677 2379 4724 meutum
2409 4662 2561 4720 erat?
2597 4658 2665 4715 Ut
2694 4674 2794 4713 non
2823 4654 3043 4724 accipias
3072 4666 3279 4705 uxorem
3298 4648 3403 4717 filio
3433 4661 3540 4699 meo
3571 4642 3722 4697 Isaac

2140 4762 2204 4814 de
2222 4758 2423 4830 ﬁliabus
2451 4754 2872 4809 Chananaeorum,
2898 4746 3028 4798 inter
3054 4758 3179 4813 quos
3204 4757 3294 4810 ego
3320 4739 3489 4792 habito
3509 4754 3528 4791 :
3559 4739 3614 4791 4.
3634 4737 3721 4789 sed

2141 4853 2196 4907 in
2217 4861 2398 4905 terram
2420 4861 2604 4908 meam,
2632 4842 2687 4895 in
2705 4856 2804 4911 qua
2832 4845 2979 4891 natus
2998 4850 3132 4900 sum,
3152 4832 3267 4899 ibis,
3298 4840 3345 4884 et
3369 4830 3436 4882 ad
3456 4829 3719 4899 cognatio-

2203 5038 2275 5102 (α)
2310 5038 2362 5087 1η
2395 5035 2610 5102 Hebraeo
2632 5032 2822 5102 legitur
2840 5028 3126 5102 asumma,
3153 5026 3304 5102 .quod
3326 5024 3557 5102 (vertitur
3576 5022 3721 5102 ,msub

2136 5087 2322 5165 femore
2372 5110 2495 5165 meo.
2539 5098 2627 5165 At_
2656 5087 2897 5165 Diodorum
2935 5087 3211 5165 Tarsensis;
3234 5090 3284 5136 in
3324 5087 3559 5165 Cratenisi
3590 5087 3723 5165 Τὲές

2276 5147 2634 5226 τξιν-Σῦρον-ιιᾳὶ
2662 5159 2751 5226 ’τὸν
2796 5153 3018 5226 Ἑϐραῖον
3054 5152 3329 5226 ιιξῂρςξξτως,
3348 5150 3471 5226 ἔχεις(
3510 5147 3725 5226 τὸη⁸

2250 5223 2386 5285 χεῖρά
2409 5209 2707 5285 σὸυᾼέπὶᾲτὸν
2730 5209 3011 5285 μηρόνξιυυς
3044 5209 3254 5285 ἆξςλξβῑς
3274 5209 3401 5285 ptine);
3418 5210 3473 5257 τὸ
3486 5209 3724 5285 3595016-

2138 5272 2218 5335 vdv
2244 5272 2443 5348 gpyavov
2468 5297 2478 5307 '
2496 5283 2667 5348 instar)
2695 5272 3094 5348 fﬁci'ataidoxﬁ‘cjt
3128 5276 3318 5348 εὐλογίᾳ
3345 5274 3410 5348 1o
3420 5272 3726 5348 lagbatvsabat

2140 5332 2223 5396 is:
2248 5332 2580 5403 τέλὶηθύνεσθαι.
2614 5332 2823 5401 Quidam
2848 5332 3015 5389 dicunt
3038 5340 3224 5401 Syrum
3248 5332 3305 5387 'et
3339 5332 3602 5403 Hebraeum
3633 5343 3728 5379 non

2143 5393 2221 5459 ita
2257 5393 2705 5470 liabere,_nempe,
2752 5416 2881 5470 pone
2922 5393 3127 5470 manus}!
3161 5406 3313 5470 tuam.
3347 5393 3728 5470 superat-amur

2144 5458 2309 5533 incum
2352 5485 2364 5518 ε
2410 5458 2528 5527 θέαν
2562 5458 2717 5533 subet
2753 5458 2921 5533 ipsum
2957 5461 3244 5533 ,ιποιίηουω
3300 5458 3723 5533 ίοξὲτὲωέἒηὲἓῆἓετ

2143 5517 2371 5597 suam
2408 5517 2729 5597 ειιεέεδδίξνιὶε
2742 5517 3021 5597 έξὲηεάωξο
3059 5522 3125 5571 αα
3155 5519 3541 5597 οῐθξεβξιαέξῒτξέἐ
3562 5517 3729 5597 'n'ﬂff':

2146 5576 2721 5657 plicand'um'specﬁtaba’t.’
2742 5576 2956 5657 Vulgata
2981 5593 3145 5657 tamen
3183 5584 3350 5657 habet,
3382 5579 3542 5631 subter
3569 5576 3729 5640 femur

2146 5646 2325 5715 'meum,
2351 5646 2499 5717 atque
2529 5656 2595 5703 ita
2619 5657 2817 5700 vertere
2840 5646 3009 5698 scient
3043 5646 3415 5697 llebraizantes.
