4150 6276
457 338 558 390 ιδτ

468 445 620 514 Εἶδες
639 449 738 520 τὴν
770 451 986 520 ἐντολὴν
1008 449 1100 503 τοῦ
1129 451 1464 522 πατριάρχου
1496 449 1594 520 τὴν
1619 449 1756 519 πρὸς
1787 447 1878 501 τὸν
1905 444 2121 512 οἰκέτην

463 537 792 606 γενομένηνς
817 539 906 607 Μὴ
937 536 1120 601 ἁπλῶς
1159 537 1268 608 γὰρ
1319 537 1688 609 παραδράμῃς
1725 536 1794 588 τὰ
1821 531 2084 603 εἰρημένα
2105 567 2123 594 9

465 623 578 674 ἀλλ’
603 622 852 691 ἐννόησον
875 623 968 675 τδν
997 621 1198 676 σκοπὸν
1226 623 1320 675 τοῦ
1345 622 1576 686 δικαίου,
1611 622 1706 674 καὶ
1729 620 1945 688 λόγισαι
1966 619 2119 680 ὅπως

461 709 526 760 τὸ
571 709 798 764 παλαιὸν
845 709 1122 764 ἐποιοῦντο
1175 710 1431 780 σπουδὴν,
1484 709 1546 761 οὐ
1591 707 1900 779 χρημάτων·
1927 703 2122 776 ἐπιζη-

467 797 686 859 τοῦντες
717 797 1054 868 περιουσίαν,
1086 797 1147 851 οὐ
1185 797 1352 851 πολὺν
1385 795 1632 858 πλοῦτον,
1657 797 1752 848 καὶ
1777 792 2085 865 ἀνδράποδα
2103 830 2120 855 ,

463 883 556 934 καὶ
585 882 789 952 πλέθρα
813 885 914 954 γῆς
936 883 1070 937 τόσα
1099 885 1193 937 καὶ
1228 884 1364 937 τόσα
1383 924 1399 947 ,
1439 883 1500 936 οὐ
1531 883 1627 935 τοῦ
1657 881 1853 948 ἔξωθεν
1890 879 2120 943 κάλλους

459 967 562 1037 τήν
597 969 898 1039 εὐμορφίαν
917 1009 932 1034 ,
965 970 1102 1023 ἀλλὰ
1141 970 1240 1040 τῆς
1281 971 1458 1039 ψυχῆς
1485 969 1544 1022 rb
1571 969 1766 1032 κάλλος
1797 967 2116 1036 ἐπεζήτουν,

460 1056 554 1106 καὶ
601 1055 820 1126 τρόπων
865 1057 1166 1126 εὐγένειαν.
1209 1057 1428 1128 Ἐπειδὴ
1475 1057 1584 1129 γὰρ
1626 1052 1734 1110 εἶδε
1778 1055 1885 1108 τῶν
1939 1057 1996 1108 ἐν
2049 1055 2116 1123 τῇ

459 1141 736 1212 Χαναναία
779 1142 1070 1196 οἰκούντων
1115 1144 1214 1214 τὴν
1264 1143 1556 1215 πονηρίαν,
1607 1143 1764 1206 εἰδὼς
1806 1143 1928 1195 ὅσον
1969 1139 2118 1193 ἐστὶν

457 1227 658 1293 ἀγαθὸν
683 1228 984 1298 ὁμότροπον
1017 1230 1160 1299 ἔχειν
1186 1229 1438 1298 σύζκδγον,
1462 1229 1800 1284 διατάττεται
1819 1227 1897 1298 τῷ
1925 1226 2077 1280 παιδὶ
2097 1265 2114 1288 ,

457 1313 550 1365 καὶ
579 1315 740 1384 ὅρκον
770 1315 1123 1387 προστίθησιν
1143 1357 1158 1380 ,
1195 1317 1334 1370 ὥστε
1365 1318 1428 1370 ἐκ
1459 1316 1559 1385 τῆς
1590 1316 1910 1385 συγγενείας
1945 1313 2110 1366 αὐτοῦ

459 1399 763 1467 ἀγαγέσθαι
805 1400 883 1471 τῷ
923 1403 1107 1456 Ἰσαάκ
1147 1406 1380 1471 γυναῖκα
1406 1419 1420 1434 ο
1445 1405 1540 1456 καὶ
1581 1401 1704 1456 οὐτε
1743 1400 1804 1454 rb
1841 1401 2114 1469 διάστημα

454 1483 562 1538 τῶν
594 1487 795 1552 τόπων,
819 1486 944 1542 οὐτε
973 1490 1030 1541 αἱ
1060 1489 1216 1544 ἄλλαι
1248 1489 1527 1543 δυσκολίαι
1557 1487 1914 1559 ὀκνηρότερον
1952 1487 2112 1539 αὐτὸν

455 1569 587 1640 περί
611 1571 768 1626 τοῦτο
796 1575 1154 1646 πεποιήκασιν
1180 1591 1193 1606 ·
1235 1575 1350 1628 ἀλλ’
1384 1574 1538 1637 εἰδὼς
1575 1574 1670 1626 τοῦ
1699 1574 2016 1642 πράγματος
2051 1571 2114 1624 τδ

454 1659 771 1726 ἀναγκαῖον,
809 1663 986 1715 πᾶσαν
1022 1664 1254 1717 ποιεῖται
1279 1662 1376 1734 τὴν
1406 1659 1660 1731 σπουδὴν,
1681 1661 1774 1722 καὶ
1793 1659 2112 1714 ἀποστέλλει

453 1743 543 1796 τὸν
567 1745 803 1817 οἰκέτην.
847 1748 986 1801 Ἀλλ’
1015 1750 1044 1801 6
1074 1748 1172 1820 μὲν
1198 1749 1536 1820 πατριάρχης
1561 1747 1984 1818 ἐπιμελούμενος
2013 1747 2111 1816 τῆς

452 1831 596 1883 κατὰ
637 1832 812 1904 ψυχὴν
849 1834 1072 1905 ἀρετῆς,
1126 1835 1220 1888 καὶ
1269 1833 1486 1904 φεύγων
1535 1834 1644 1888 τῶν
1689 1834 1965 1904 ἐγχωρίων
2011 1833 2108 1904 τὴν

451 1917 740 1987 πονηρίαν,
775 1919 934 1973 τοῦτο
961 1923 1106 1974 ποιεῖ
1125 1937 1140 1952 ·
1187 1921 1237 1974 οἰ
1278 1920 1334 1974 δέ
1359 1920 1454 1974 νῦν
1485 1921 1721 1983 ἅπαντες
1751 1921 1850 1972 οὐκ
1879 1920 1943 1973 ἄν
1978 1937 2108 1972 ποτε

451 2001 771 2073 ἀνάσχοιντο
811 2003 1050 2058 τοιοῦτόν
1090 2022 1143 2058 τι
1183 2006 1429 2077 ἐννοῆσαι
1472 2023 1487 2036 ·
1524 2005 1662 2060 ἀλλά
1689 2005 1794 2060 κᾶν
1835 2005 2041 2076 μυρίων

450 2087 638 2140 κακῶν
665 2089 984 2160 ,ἀνάμεστος
1007 2131 1022 2155 ,
1057 2090 1115 2144 ἓν
1150 2092 1308 2160 μόνον
1341 2091 1692 2164 ἐπιζητοῦσι,
1735 2091 1844 2144 τῶν
1889 2093 2107 2162 χρημά-

447 2192 555 2231 των
578 2177 676 2248 τὴν
711 2181 1025 2249 περιουσίαν
1045 2219 1060 2242 ,
1096 2182 1190 2234 καὶ
1219 2181 1396 2234 πάντα
1419 2183 1488 2232 τὰ
1507 2181 1642 2234 ἀλλα
1669 2179 1898 2250 δεύτερα
1925 2180 2109 2244 αὐτοῖς

443 2263 800 2334 νενόμισται,
857 2267 958 2319 οὐκ
1015 2266 1213 2330 εἰδότες
1283 2268 1366 2320 ὅτι
1418 2265 1642 2338 γνώμης
1709 2265 2108 2337 διεφθαρμένης

441 2351 645 2422 οὐσης,
695 2353 800 2408 κᾶν
842 2355 1048 2424 ἀφατος
1092 2357 1326 2428 ἐπιρρέῃ
1368 2355 1628 2418 πλοῦτος,
1665 2354 1858 2408 θᾶττόν
1898 2371 1980 2416 τις
2025 2355 2106 2417 εἰς

447 2441 682 2510 ἐσχάτην
723 2441 912 2496 πενίαν
949 2442 1068 2512 ἥξει
1087 2481 1102 2506 ,
1147 2443 1243 2496 καὶ
1272 2443 1422 2496 οὐδὲν
1465 2443 1653 2509 ὄφελος
1698 2441 1850 2495 ἐσται
1877 2441 1978 2511 τῆς
2009 2459 2107 2493 πε·

449 2528 726 2591 ριουσίας,
770 2530 872 2583 οὐκ
911 2528 1077 2600 οὔσης
1115 2530 1212 2597 τῆς
1249 2531 1552 2600 οἰκονομεῖν
1589 2530 1762 2583 ταῦτα
1801 2527 2105 2598 δυναμένης

439 2613 667 2678 δεόντως
691 2616 889 2689 ψυχῆς.

515 2699 580 2767 γ’.
626 2701 764 2753 Ἀλλ’
791 2704 820 2757 6
847 2703 946 2774 μέν
997 2704 1344 2774 πατριάρχης
1371 2703 1646 2774 ἀρκοῦσαν
1683 2703 1760 2773 τῷ
1809 2702 1960 2755 παιδί
2005 2701 2102 2772 τὴν

439 2786 661 2857 ἐντολὴν
689 2789 1002 2860 ἐποιήσατο,
1039 2791 1136 2843 καὶ·
1161 2790 1345 2860 ὅρκοις
1374 2791 1534 2843 αὑτὸν
1557 2789 2102 2861 συνέδησεν.¹’1δωμεν

441 2871 501 2924 δὲ
529 2872 714 2927 λοιπὸν
742 2875 842 2944 τὴν
865 2875 1284 2946 εὐγνωμοσύνην
1315 2869 1408 2930 τοῦ
1438 2877 1649 2932 οἰκέτου
1673 2915 1689 2940 ,
1720 2878 1868 2940 ὅπως
1907 2874 2100 2946 ἐζήλου

441 2958 534 3012 τοῦ
587 2954 848 3015 δεσπότου
909 2962 970 3016 rb
1033 2963 1298 3033 φιλόθεον.
1366 2963 1583 3036 Ἐπειδὴ
1638 2963 1745 3034 γάρ
1801 2959 1908 3016 εἶδε
1963 2962 2101 3034 μετὰ

440 3049 639 3122 πολλῆς
686 3051 1041 3123 σφοδρότητος
1091 3051 1471 3121 ἐντελλόμενον
1535 3053 1624 3105 τὸν
1669 3051 1874 3106 δίκαιον
1897 3091 1914 3115 ,
1963 3053 2104 3121 φησί

439 3137 575 3208 πρὸς
611 3139 774 3191 αὐτόν
806 3155 820 3170 ο
877 3139 1018 3194 Ἐὰν
1061 3139 1146 3208 μὴ
1171 3141 1467 3207 ,βούληται
1491 3141 1528 3206 ἡ
1559 3139 1711 3208 γυνὴ
1739 3139 2100 3208 πορευθῆναι

436 3225 561 3290 μετ’
590 3223 736 3290 ἐμοῦ
755 3263 770 3285 ,
793 3224 1009 3286 ,ϐούλει
1042 3223 1148 3278 τόν
1171 3225 1304 3279 υἱόν
1327 3241 1442 3278 σου
1479 3225 1838 3292 ἀποστρέψω
1869 3227 1954 3289 εἰς
1985 3223 2100 3290 τὴν

441 3308 578 3376 γῆν,
612 3309 751 3362 ὅθεν
769 3309 1026 3378 ἐξῆλθες
1055 3310 1283 3364 ἐκεῖθεν
1299 3327 1318 3373 ;
1346 3310 1460 3363 Ἵνα
1491 3310 1585 3380 μὴ,
1617 3311 1752 3379 φησί
1775 3349 1791 3372 ,
1819 3311 2099 3373 δυσκολίας

439 3395 582 3458 τινος
617 3393 1082 3465 παρεμπεσούσης
1129 3395 1404 3454 ἐκδαίνειν
1439 3395 1574 3460 δόξω
1611 3395 1709 3459 τὰς
1747 3396 1964 3460 ἐντολὰς
2001 3396 2100 3461 τὰς

443 3480 565 3544 σὰς.
587 3481 674 3534 διὰ
702 3479 860 3534 τοῦτο
891 3481 1252 3552 πυνθάνομαι,
1282 3483 1333 3536 τί
1357 3482 1464 3540 δέοι
1501 3499 1567 3552 με
1591 3481 2096 3554 παραφυλάξασοαι,

439 3569 534 3620 καὶ
558 3569 606 3620 εἰ
633 3567 864 3636 ἀρεστόν
893 3584 975 3624 σοι
1017 3568 1106 3620 τὸν
1133 3567 1278 3640 [484]
1315 3567 1494 3621 Ἰσαὰκ
1516 3570 1634 3622 ἐκεῖ
1655 3568 1926 3633 ἀπελθεῖν,
1958 3569 2097 3624 ὥστε

435 3653 670 3710 λαόόντα
693 3653 790 3725 τὴν
805 3653 1048 3725 γαμετὴν
1067 3653 1238 3717 οὕτως
1264 3655 1595 3721 ἐπανελθεῖν,
1622 3657 1669 3710 εἰ
1692 3656 1766 3728 μὴ
1789 3657 2094 3728 ἀνάσχοιτο,

407 3741 689 3814 ¹καθάπερ
734 3743 1001 3809 ἐνετείλω,
1047 3743 1164 3813 μετ’
1191 3743 1326 3816 ἐμοῦ
1357 3745 1799 3816 παραγενέσθαι;
1828 3745 1893 3798 Τί
1936 3742 2029 3798 οὖν
2069 3747 2098 3798 6

435 3831 674 3896 δίκαιος;
723 3831 1079 3903 Ἀπαγορεύει
1110 3831 1270 3886 τοῦτο
1299 3833 1446 3904 αὐτῷ
1477 3833 1568 3892 καί
1597 3851 1729 3906 φησι
1772 3850 1786 3864 ·
1827 3835 2098 3904 Πρόσεχε

435 3916 670 3984 σεαυτῷ
702 3917 788 3988 μὴ
818 3917 1212 3992 ἀποστρέψῃς
1245 3919 1349 3974 τὸν
1379 3919 1512 3974 υἱόν
1533 3937 1654 3988 μου
1678 3919 1818 3974 ἐκεῖ.
1842 3920 1916 3973 Οὐ
1940 3922 2098 3992 χρεία

439 4021 520 4059 σοι
575 4007 864 4076 γενήσεται
912 4006 1124 4071 τούτου,
1175 4007 1362 4075 φησίν.
1399 4007 1458 4060 '0
1496 4007 1605 4078 γὰρ
1643 4008 1741 4078 τήν
1767 4008 2096 4076 ἐπαγγελίαν

436 4093 572 4162 πρός
616 4109 683 4161 με
718 4092 1106 4163 ποιησάμενος,
1139 4093 1232 4145 καὶ
1265 4095 1356 4145 ἐπὶ
1396 4093 1650 4146 τοσοῦτον
1693 4094 1990 4165 αὐξηθῆναι
2034 4095 2097 4148 rb

437 4186 660 4255 σπέρμα
683 4181 847 4236 αὐτοῦ
876 4183 1242 4254 ὑποσχόμενος
1265 4221 1280 4244 ,
1305 4183 1464 4245 αὐτός
1490 4200 1571 4235 σοι
1599 4183 1689 4236 καὶ
1716 4183 1874 4236 τοῦτο
1900 4183 2094 4237 εὐοδῶ-

437 4289 539 4329 σει.
565 4269 661 4335 Μὴ
682 4269 859 4326 τοίνυν
880 4269 1268 4336 ἀποστρέψῃς
1301 4269 1406 4321 τὸν
1433 4270 1566 4322 υιόν
1587 4287 1706 4337 μου
1726 4268 1865 4322 ἐκεῖ.
1881 4270 2097 4336 Κύριος

434 4363 466 4412 ὀ
511 4355 654 4420 Θεὸς
693 4356 800 4412 τοῦ
833 4355 1091 4425 οὐρανοῦ
1126 4357 1224 4410 καὶ
1259 4359 1291 4411 ὀ
1329 4358 1472 4422 Θεὸς
1513 4357 1621 4424 τῆς
1647 4355 1780 4426 γῆς.
1809 4358 1952 4430 ’Ὀρα
1981 4358 2096 4422 πῶς

435 4447 527 4499 καί
569 4443 822 4516 ἀνωτέρω
869 4443 1048 4516 όρκῶν
1096 4444 1187 4497 τὸν
1235 4444 1435 4508 παῖδα,
1488 4443 1582 4498 τὸν
1623 4444 1950 4518 δημιουργὸν
1986 4445 2096 4500 τῶν

431 4535 569 4588 ὅλων
605 4534 767 4588 αὐτὸν
811 4531 1122 4586 ἐκπαιδεύει
1156 4549 1172 4568 ι
1206 4533 1299 4586 καὶ
1345 4532 1440 4586 νῦν
1484 4533 1692 4604 μέλλων
1736 4533 2091 4604 ἐπεύχεσθαι,

429 4624 498 4676 ri
521 4623 661 4676 αὐτά
683 4621 907 4694 ῥήματά
921 4638 1076 4692 φησι,
1098 4619 1187 4674 διὰ
1217 4619 1434 4673 πάντων
1466 4619 1734 4674 παιδεύων
1767 4620 1857 4674 τὸν
1877 4621 2093 4690 οἰκέτην

431 4714 516 4762 ἐπ’
549 4713 757 4763 ἐκεῖνον
785 4708 884 4780 τὴν
910 4707 1233 4778 πεποίθησιν
1255 4707 1466 4778 ἔχοντα,
1496 4704 1638 4762 οὕτω
1664 4705 1764 4774 τῆς
1789 4705 2093 4776 ὁδοιπορίας

429 4799 707 4866 ἅψασθαι,
751 4799 844 4850 καὶ
902 4797 1122 4869 θαρρεῖν
1156 4797 1250 4850 καὶ
1283 4796 1423 4865 ὑπὲρ
1453 4794 1546 4848 τοῦ
1586 4794 1791 4857 τέλους.
1843 4794 2092 4847 Διδάσκει

432 4887 538 4953 γάρ
576 4884 736 4938 αὐτὸν
762 4884 892 4951 ὅσης
918 4884 978 4948 ἐξ
1011 4884 1190 4956 ἀρχῆς
1229 4885 1323 4938 καὶ
1371 4885 1436 4936 ἐκ
1476 4881 1772 4959 προοιμίων
1813 4881 2093 4951 άπήλαυσε

428 4973 527 5041 τῆς
577 4969 726 5040 παρὰ
773 4969 866 5029 τοῦ
897 4969 1003 5022 τῶν
1035 4970 1174 5022 ὅλων
1216 4969 1350 5022 Θεοῦ
1393 4969 1624 5031 εὐνοίας,
1667 4969 1759 5021 καὶ
1800 4968 1881 5021 ὅτι
1934 4969 2093 5032 αὐτὸς

429 5052 580 5120 οὗτος
602 5096 617 5122 ,
663 5059 693 5110 6
718 5055 813 5109 καὶ
841 5057 905 5109 ἐκ
931 5055 1028 5125 τῆς
1061 5055 1268 5118 οἰκείας
1311 5057 1570 5126 πατρίδος
1617 5056 1960 5125 ἀναστήσας,
1997 5055 2090 5108 καὶ

433 5145 596 5220 μέχρι
633 5143 729 5196 νῦν
769 5141 837 5194 τά
879 5142 995 5194 κατ’
1019 5141 1180 5194 αὐτὸν
1229 5142 1400 5204 οὕτως
1447 5143 1808 5212 οἰκονομήσας
1833 5183 1847 5206 ,
1903 5144 1995 5196 καὶ
2033 5145 2090 5194 ἐν

428 5231 576 5302 αὐτῷ
621 5228 698 5300 τῷ
753 5230 900 5300 γήρᾳ
951 5227 1045 5280 τοῦ
1098 5229 1282 5281 Ἰσαὰκ
1338 5229 1428 5280 τὸν
1479 5230 1636 5283 τόκον
1695 5231 2089 5301 χαρισάμενος,

427 5320 590 5383 αὐτὸς
625 5317 718 5371 καὶ
751 5317 820 5370 τά
847 5315 1180 5386 προκείμενα
1215 5314 1363 5383 αὐτῷ
1401 5316 1780 5370 κατευοδώσει.
1817 5319 2030 5385 Κύριος
2059 5321 2090 5370 ὀ

431 5406 574 5472 Θεὸς
600 5446 614 5469 ,
653 5405 784 5476 φησί
806 5442 821 5468 ,
857 5403 959 5457 τοῦ
993 5401 1252 5470 οὐρανοῦ
1283 5401 1384 5455 καί
1412 5401 1520 5469 τεῆς
1551 5401 1693 5469 γῆς,
1724 5403 1790 5468 ὃς
1815 5403 1990 5468 ἔλαϐέ
2015 5421 2092 5472 με

425 5493 497 5546 ἐκ
537 5491 643 5545 τοῦ
691 5490 862 5546 οἴκου
909 5489 1012 5544 τοῦ
1063 5489 1287 5556 πατρός
1326 5506 1478 5556 μου.
1508 5488 1604 5541 καὶ
1634 5489 1702 5542 ἐκ
1731 5487 1834 5556 τῆς
1875 5487 1986 5558 γῆς
2017 5485 2092 5559 ἧς

429 5577 784 5647 ἐγεννήθην,
813 5577 996 5644 αὐτὸς
1024 5572 1203 5642 οὗτος
1232 5574 1300 5641 ὃς
1319 5573 1587 5642 ἐλάλησέ
1609 5591 1710 5643 μοι
1746 5575 1960 5644 λέγων,
1991 5576 2092 5630 Σοί

435 5666 606 5720 δώσω
635 5665 746 5732 τὴν
773 5664 886 5735 γῆν
909 5666 1130 5732 ταύτην
1158 5663 1255 5718 καί
1285 5661 1366 5727 τῷ
1387 5662 1682 5732 σπέρματί
1708 5677 1854 5726 σου,
1882 5657 2034 5726 οὗτος
2066 5665 2094 5715 6

433 5751 698 5819 τοσαύτην
728 5752 852 5820 περί
873 5752 972 5820 ἐμὲ
1001 5751 1095 5821 τήν
1123 5750 1442 5820 κηδεμονίαν
1467 5747 1889 5815 ἐπιδειξάμενος,
1912 5750 2094 5813 αὐτὸς

433 5837 760 5896 ἀποστελεῖ
803 5838 905 5889 τὸν
953 5837 1209 5906 ἀγγευῑον
1243 5836 1425 5890 αὑτοῦ
1447 5833 1788 5904 ἔμπροσθέν
1811 5851 1926 5888 σου
1947 5875 1960 5898 ,
1999 5837 2094 5888 καί

443 5924 615 5996 λήψῃ
647 5928 896 5991 γυναῖκα
947 5923 1018 5990 τῷ
1065 5923 1167 5994 vich
1191 5941 1307 5994 μου
1344 5923 1588 5976 ἐκεῖθεν.
1622 5919 1868 5992 Θαρρὦ,
1907 5923 2067 5993 φησὶν
2089 5963 2102 5990 ,

1239 337 1295 394 S.
1328 333 1610 392 JOANNIS
1646 327 2128 392 CHRYSOSTOMI
2181 327 2481 384 A-RCIIIEP
2544 330 3077 388 CONSTANTINOP.

3781 333 3882 392 538

2223 443 2378 498 ἄπιθι
2407 463 2422 477 θ
2458 447 2756 517 πέπεισμαι
2806 447 2912 517 γὰρ
2959 449 3040 501 ὅτι
3091 447 3122 500 6
3169 446 3434 517 τοσαύτην
3481 449 3614 518 περὶ
3651 451 3750 519 ἐμὲ
3779 453 3877 521 τὴν

2223 532 2538 602 εὐεργεσίαν
2571 533 3004 603 ἐπιδειξάμενος,
3053 534 3145 587 καί
3178 533 3380 604 ταύτην
3417 535 3716 604 προσθήσει
3755 543 3876 604 τα“ς

2223 619 2640 686 προλαόούσαις,
2693 621 2788 673 καὶ
2837 620 3122 674 ἀποστελεῖ
3155 621 3248 674 τὸν
3291 619 3518 689 ἄγγελον
3563 623 3726 677 αὐτοῦ
3777 625 3849 696 ἐμ

2222 708 2454 777 πρόσθεν
2493 726 2606 763 σου.
2641 710 2812 772 Αὐτός
2853 726 2936 762 σοι
2979 709 3386 779 προοδοποιήσει
3427 709 3674 774 ἅπαντα,
3711 714 3872 780 αὐτός

2223 810 2304 846 σοι
2349 795 2444 848 καὶ
2489 796 2589 866 τὴν
2637 799 2870 864 γυναῖκα
2915 795 3190 864 γνώριμον
3239 796 3496 864 ποιήσει,
3551 799 3646 851 καὶ
3691 798 3870 856 λαϐὼν

2217 872 2386 943 αὐτὴν
2417 873 2584 942 ἥξεις.
2624 874 2747 928 Ἐὰν
2773 875 2831 930 δέ
2855 874 3110 944 γένηται,
3149 871 3178 924 ὃ
3220 873 3293 944 μὴ
3329 873 3537 942 γένοιτο
3559 916 3576 940 ,
3604 878 3697 929 καὶ
3719 880 3868 932 ἀντι-

2218 952 2367 1024 τείνῃ
2391 955 2424 1022 ή
2445 953 2578 1024 γυνὴ
2599 953 2692 1007 τοῦ
2719 955 2793 1025 μὴ
2823 953 3172 1024 πορευθῆναι,
3205 953 3482 1023 ἀλλότριος
3518 955 3614 1028 ἔσῃ
3647 959 3752 1011 ἀπὸ
3769 961 3868 1030 τῆς

2219 1029 2358 1100 ἀρᾶς
2385 1030 2476 1083 τοῦ
2509 1033 2692 1102 ὅρκου.
2725 1033 2832 1104 Τὸν
2847 1031 3054 1100 μέντοι
3083 1033 3216 1086 υιόν
3235 1049 3355 1100 μου
3371 1031 3456 1100 μὴ
3485 1029 3865 1105 ἀποστρέψῃς

2214 1107 2355 1161 ἐκεῖ.
2380 1110 2501 1186 ,Οὐκ
2527 1110 2849 1180 ἀμφιϐάλλω
2880 1109 3006 1180 γὰρ,
3031 1111 3111 1162 ὅτι
3132 1109 3485 1164 κατευοδώσει
3507 1130 3564 1165 σε
3584 1126 3608 1155 ι
3639 1115 3860 1186 Κύριος.

2217 1185 2327 1240 Καὶ
2369 1185 2578 1250 δεικνὺς
2617 1189 2761 1250 ὅπως
2788 1187 3063 1241 ἐπεποίθει
3088 1191 3151 1258 τῇ
3186 1187 3278 1241 τοῦ
3313 1187 3445 1240 Θεοῦ
3477 1185 3735 1260 δυνάμει,
3756 1195 3864 1246 ἀπ-

2215 1265 2464 1336 αγορεύει
2511 1265 2588 1336 τῷ
2636 1267 2785 1320 παιδὶ
2821 1265 2913 1319 τὸν
2951 1267 3135 1318 Ἰσαὰκ
3171 1267 3346 1317 ἐκεῖσε
3380 1267 3700 1334 ἀπαγαγεῖν.
3735 1267 3865 1326 Εἶτα

2214 1342 2400 1414 ἐπειδὴ
2436 1343 2574 1413 μετά
2601 1343 2880 1414 ἀκριϐείας
2911 1343 3202 1395 διετείλατο
3231 1343 3308 1412 τῷ
3339 1344 3489 1396 παιδὶ
3513 1384 3529 1408 ,
3564 1346 3657 1397 καί
3688 1349 3864 1419 άπήλ-

2211 1419 2370 1499 λαξεν
2420 1421 2579 1475 αὐτὸν
2631 1423 2729 1492 τῆς
2775 1423 3050 1492 φροντίδος
3095 1421 3370 1499 (ἐδεδοίκει
3412 1422 3574 1492 γάρὸ
3603 1429 3732 1488 παῖς
3784 1428 3858 1499 μὴ

2211 1496 2543 1569 ἐπιορκήσας
2595 1499 2708 1570 ἁλῷ
2747 1500 2809 1553 rb
2852 1499 3186 1570 προσταχθὲν
3213 1498 3286 1568 μὴ
3329 1499 3666 1570 πληρώσας),
3706 1496 3855 1570 Θεὶςέ

2212 1580 2367 1646 φησι,
2390 1577 2506 1644 τὴν
2530 1579 2693 1646 χεῖρα
2712 1579 2898 1635 αὐτοῦ
2927 1578 3043 1632 ὑπὸ
3073 1578 3179 1630 τὸν
3202 1577 3412 1646 μηρὸν.
3439 1579 3675 1647 ὤμοσεν
3699 1583 3860 1648 αὐτῷ

2211 1655 2344 1721 περί
2380 1657 2488 1711 τοῦ
2511 1658 2780 1726 ῥήματος
2805 1658 3038 1721 τούτου,
3065 1656 3204 1718 ὥστε
3237 1655 3310 1725 μὴ
3345 1655 3432 1708 τὸν
3470 1658 3648 1712 Ἰσαάκ
3680 1660 3858 1714 ἐκεῖσε

2209 1732 2532 1802 ἀπαγαγεῖν.
2587 1733 2738 1798 Εἶδες
2781 1734 2896 1797 πῶς
2935 1735 2998 1786 ἐκ
3022 1731 3317 1803 προοιμίων
3357 1733 3553 1796 ἔδειξεν
3594 1739 3621 1789 ό
3645 1739 3858 1808 οἰκέτης

2208 1809 2306 1880 τὴν
2333 1810 2543 1866 εὔνοιαν
2571 1814 2668 1883 τὴν
2697 1813 2824 1884 περί
2849 1812 2939 1864 τὸν
2965 1811 3264 1876 δεσπότην;
3304 1811 3442 1880 Ὅρα
3473 1813 3660 1868 λοιπὸν
3695 1817 3862 1872 αὐτὸν

2208 1888 2274 1942 ἐκ
2298 1893 2396 1962 τῆς
2434 1893 2526 1944 τοῦ
2565 1893 2902 1963 πατριάρχου
2929 1889 3273 1953 διδασκαλίας
3311 1889 3503 1958 βελτίω
3541 1895 3854 1964 γινόμενον,

2207 1969 2300 2020 καὶ
2332 1970 2661 2040 μιμούμενον
2709 1968 2801 2022 τοῦ
2855 1967 3061 2022 δικαίου
3090 1967 3150 2020 rb
3183 1968 3447 2038 φιλόθεον.
3498 1972 3705 2025 Λαϐὼν
3727 1973 3854 2044 γάρ,

2209 2048 2372 2115 φησὶν
2395 2089 2409 2110 ,
2445 2051 2478 2102 ὀ
2514 2049 2651 2115 παῖς
2679 2048 2824 2102 δέκα
2855 2045 3161 2115 καμήλους
3193 2047 3288 2100 καί
3315 2048 3430 2102 ἀπὸ
3465 2049 3703 2103 πάντων
3739 2053 3857 2106 τῶν

2205 2125 2442 2192 ἀγαθῶν
2491 2127 2594 2180 τοῦ
2635 2127 2843 2194 κυρίου
2888 2124 3072 2178 αὐτοῦ
3093 2165 3107 2189 ,
3155 2124 3418 2190 ἀναστὰς
3449 2127 3732 2196 ἐπορεύθη
3767 2134 3856 2197 εἰς

2206 2200 2321 2268 τὴν
2345 2205 2806 2272 Μεσοποταμίαν
2827 2205 2913 2268 εἰς
2951 2200 3067 2268 τὴν
3095 2203 3273 2254 πόλιν
3303 2203 3534 2270 Ναχὼρ,
3575 2206 3672 2258 καί
3702 2208 3856 2260 ἐκοί-

2203 2297 2343 2349 μισε
2405 2281 2510 2348 τὰς
2566 2281 2874 2350 καμήλους
2933 2279 3047 2342 ἔξω
3114 2277 3223 2345 τῆς
3273 2281 3504 2346 πόλεως
3561 2282 3719 2350 παρὰ
3786 2287 3854 2338 τὸ

2203 2357 2388 2426 φρέαρ
2413 2359 2516 2412 τοῦ
2540 2359 2759 2422 ὓδατος
2786 2357 2851 2410 τὸ
2877 2355 3027 2423 πρὸς
3059 2355 3194 2422 ὀψὲ,
3231 2355 3412 2421 ἡνίκα
3436 2358 3854 2426 ἐκπορεύονται

2201 2439 2262 2490 αἱ
2287 2436 2694 2505 ὐδρευόμεναι.
2725 2435 2834 2488 Καὶ
2855 2435 2984 2487 εἷπε
3013 2448 3026 2461 ·
3061 2434 3236 2499 Κύριε
3262 2437 3294 2486 ό
3325 2435 3468 2500 Θεὸς
3498 2436 3603 2488 τοῦ
3643 2441 3852 2506 κυρίου

2195 2531 2316 2581 μου
2353 2513 2615 2582 Ἁϐραάμ.
2645 2514 2788 2584 Ὅρα
2807 2511 2900 2564 τοῦ
2927 2511 3134 2564 οἰκέτου
3165 2511 3261 2582 τὴν
3289 2511 3724 2584 εὐγνωμοσύνην.
3749 2517 3852 2570 Τὸν

2199 2591 2299 2660 τῆς
2321 2593 2636 2661 οἰκουμένης
2663 2590 2937 2658 Δεσπότην
2965 2589 3070 2642 ἀπὸ
3087 2589 3180 2641 τοῦ
3205 2590 3544 2661 πατριάρχου
3577 2594 3850 2664 ὀνομάζει·

2201 2670 2376 2738 Κύριε
2407 2669 2515 2740 γὰρ
2548 2673 2580 2724 ὀ
2615 2669 2778 2732 Θεὸς,
2809 2668 2961 2736 φησί,
2994 2667 3098 2720 τοῦ
3133 2669 3339 2735 κυρίου
3358 2687 3478 2736 μου
3529 2671 3798 2740 Ἀϐραὰμ,
3821 2675 3854 2725 ό

2201 2747 2464 2812 τοσαύτας
2499 2747 2624 2818 περὶ
2649 2743 2814 2799 αὐτὸν
2845 2745 3603 2815 εὐεργεσίαςἐπιδειξάμενος.
3654 2751 3760 2804 Καὶ
3795 2752 3853 2804 τί

2202 2825 2500 2892 θαυμάζεις
2528 2827 2576 2878 εί
2601 2828 2629 2878 6
2654 2825 2870 2894 οἰκέτης
2897 2824 3056 2877 αὐτὸν
3080 2823 3220 2876 οὕτω
3249 2824 3400 2877 καλεῖ
3424 2827 3554 2879 Θεὸν
3569 2827 3853 2898 Ἀδραάμε

2199 2903 2372 2966 Αὐτὸς
2408 2907 2436 2957 ό
2476 2905 2584 2957 τῶν
2615 2903 2751 2957 ὅλων
2793 2903 2925 2964 Θεὸς
2947 2902 3159 2964 δεικνὺς
3191 2903 3336 2964 ὅπως
3363 2903 3470 2955 τῶν
3509 2903 3730 2958 δικαίων
3753 2907 3854 2975 τὴν

2199 2981 2398 3052 ἀρετὴν
2421 2983 2549 3052 περί
2575 2981 2768 3034 πολλοῦ
2793 2982 3048 3044 ποιεῖται,
3079 2980 3241 3048 φησίν
3265 2997 3278 3010 ·
3317 2979 3465 3051 [485]
3504 2980 3648 3050 Ἐγώ
3675 2985 3790 3050 εἰμι
3817 2987 3855 3040 ό

2201 3059 2342 3126 Θεὸς
2387 3059 2594 3114 Ἰακὼό
2611 3059 2707 3113 καί
2737 3061 2771 3112 d
2798 3057 2940 3122 Θεὸς
2956 3055 3160 3110 Ἰσαὰκ
3179 3056 3274 3108 καί
3293 3061 3324 3110 ό
3349 3057 3491 3120 Θεὸς
3535 3058 3777 3128 Ἀϐραάμ
3800 3060 3851 3116 ι’.

2201 3136 2392 3204 Κύριε,
2423 3137 2606 3204 φησὶν,
2640 3139 2672 3189 ὁ
2705 3134 2847 3200 Θεὸς
2872 3133 2976 3188 τοῦ
3011 3135 3216 3202 κυρίου
3246 3151 3366 3202 μου
3420 3135 3663 3206 Ἀϐραὰμ
3691 3178 3706 3200 ,
3755 3140 3856 3192 εὐ-

2198 3213 2431 3267 όδωσον
2455 3214 2732 3268 ἐναντίον
2762 3230 2881 3282 μου
2917 3209 3202 3280 σήμερον,
3245 3211 3341 3264 καὶ
3386 3214 3646 3280 ποίησον
3679 3215 3855 3281 ἕλεος

2191 3289 2342 3358 μετὰ
2394 3289 2500 3343 τοῦ
2543 3291 2752 3357 κυρίου
2789 3307 2908 3359 μου
2976 3287 3260 3357 Ἀεραάμο
3310 3289 3385 3352 ὼς
3431 3291 3479 3342 εἰ
3528 3291 3856 3359 ἔλεγενεΕίς

2198 3368 2356 3438 ἔργον
2373 3369 2546 3422 ἐλθεῖν
2566 3369 2789 3439 ποίησον
2817 3368 2884 3420 τὰ
2909 3366 3132 3432 δόξαντα
3151 3367 3321 3436 αὐτῷ,
3339 3367 3434 3420 καὶ
3459 3369 3598 3422 κατά
3627 3371 3856 3442 γνώμην

2197 3447 2296 3516 τὴν
2323 3446 2486 3499 αὐτοῦ
2524 3445 2698 3499 πάντα
2729 3445 3007 3499 εὐόδωσον.
3045 3446 3310 3511 Ποίησον
3341 3444 3515 3509 ἕλεος
3559 3449 3708 3515 μετὰ
3743 3450 3852 3502 τοῦ

2197 3526 2404 3593 κυρίου
2439 3542 2558 3594 μου
2611 3522 2877 3592 Ἀϐραάμ.
2923 3523 2988 3575 Τί
3022 3526 3138 3576 ἐστι
3159 3563 3171 3579 .
3205 3523 3472 3590 Ποίησον
3499 3524 3710 3590 ἕλεος
3741 3527 3854 3594 Τὴν

2197 3604 2489 3674 ἐπιθυμίαν
2535 3602 2698 3656 αὐτοῦ
2751 3603 3054 3672 πλήρωσον.
3108 3599 3239 3656 Εἶτά
3291 3618 3454 3670 φησιν
3489 3616 3502 3630 ·
3552 3603 3708 3659 Ἰδοὺ
3739 3604 3858 3673 ἐγὼ

2194 3681 2422 3749 ἕστηκα
2445 3680 2543 3734 ἐπὶ
2577 3680 2685 3747 τῆς
2717 3679 2919 3750 πηγῆς
2948 3680 3052 3734 τοῦ
3077 3680 3313 3745 ὕδατος,
3341 3683 3402 3734 al
3439 3681 3507 3732 δὲ
3543 3683 3856 3750 θυγατέρες

2195 3759 2314 3813 τῶν
2353 3760 2680 3813 οἰκούντων
2711 3759 2829 3825 τὴν
2864 3759 3047 3812 πόλιν
3083 3759 3508 3826 ἐκπορεύονται
3551 3760 3857 3826 ἀντλῆσαι

2195 3837 2370 3904 ὕδωρ.
2407 3837 2520 3891 Καὶ
2549 3837 2720 3890 ἐσται
2751 3837 2791 3905 ἠ
2825 3835 3116 3906 παρθένος
3135 3877 3150 3900 ,
3185 3831 3224 3908 ᾗ
3251 3836 3327 3892 ἂν
3377 3837 3490 3905 ἐγὼ
3519 3837 3855 3904 εῖπω,ἐπίο

2195 3920 2406 3970 κλινον
2441 3915 2556 3984 τὴν
2583 3917 2796 3984 ὑδρίαν
2823 3933 2938 3969 σου
2966 3916 3066 3970 ἵνα
3096 3917 3230 3979 πίω,
3260 3915 3356 3968 καί
3388 3916 3530 3984 εἴπῃ
3552 3933 3654 3984 μοι
3678 3957 3693 3980 ,
3725 3919 3852 3983 Ille,

2195 3993 2294 4046 καὶ
2337 3995 2440 4060 τὰς
2487 3993 2797 4062 καμήλους
2847 4009 2963 4047 σου
3012 3991 3211 4057 ποτιῶ,
3249 3993 3359 4059 ἕως
3391 3993 3470 4047 ἂν
3507 3994 3855 4049 παύσωνται

2193 4063 2384 4125 nam
2426 4071 2731 4135 πίνουσαι,
2775 4072 3000 4137 ταύτην
3037 4070 3370 4140 ἡτοίμασας
3409 4070 3488 4136 τῷ
3523 4070 3691 4126 παιδί
3733 4087 3853 4127 σου

2207 4149 2434 4206 Ἰσαὰκ.
2457 4148 2554 4201 καί
2577 4149 2646 4201 ἐν
2678 4149 2868 4214 τούτῳ
2895 4145 3212 4218 γνώσομαι,
3249 4148 3336 4202 ὅτι
3363 4149 3655 4215 ἐποίησας
3681 4148 3854 4216 ἕλεος

2195 4225 2274 4291 τῷ
2297 4227 2477 4293 κυρίῳ
2515 4243 2635 4295 μου
2673 4223 3102 4297 Ἀὅραάμ.⁶’ορα
3129 4226 3221 4279 τοῦ
3251 4226 3461 4279 οἰκέτου
3490 4227 3586 4296 τὴν
3615 4227 3850 4282 σύνεσιν.

2206 4303 2420 4375 Ἐπειδὴ
2453 4305 2561 4376 γάρ
2590 4304 2702 4374 ᾔδει
2725 4304 2820 4357 τοῦ
2855 4307 3189 4376 πατριάρχου
3216 4305 3274 4358 rb
3305 4305 3606 4374 φιλόξενον,
3645 4307 3738 4360 καὶ
3769 4308 3855 4360 ὅτι

2191 4382 2290 4454 τὴν
2336 4382 2504 4452 κόρην
2550 4383 2648 4452 τήν
2689 4383 2806 4434 ἐκεῖ
2854 4382 3150 4452 μέλλουσαν
3201 4382 3506 4449 ἀπάγεσθαι
3553 4383 3858 4453 ὁμότροπον

2192 4457 2332 4514 εἶναι
2379 4462 2644 4531 προσήκει
2702 4459 2781 4530 τῷ
2831 4459 3052 4530 δικαίῳ,
3111 4459 3264 4513 οὐδὲν
3313 4459 3500 4530 ἕτερον
3551 4463 3856 4532 τεκμήριον

2193 4540 2458 4607 ἐπιζητεῖ,
2493 4539 2605 4592 ἀλλ’
2629 4539 2736 4592 ἀπὸ
2757 4539 2854 4608 τῆς
2875 4539 3100 4608 γνώμης
3126 4537 3222 4606 τὴν
3251 4531 3551 4606 φιλοξενίαν
3577 4531 3858 4609 χαρακτη-

2195 4617 2341 4687 plut.
2373 4616 2616 4687 βούλεται
2645 4617 2744 4686 τῆς
2776 4617 2965 4686 κόρης,
2996 4616 3086 4676 καί
3118 4632 3280 4686 φησιν
3305 4631 3320 4644 ⁸
3363 4615 3488 4668 Ἐὰν
3527 4615 3658 4684 ἐμοῦ
3691 4618 3852 4687 αἰτή-

2195 4711 2386 4758 σαντος
2425 4697 2553 4767 παρ’
2596 4695 2766 4766 αὐτῆς
2801 4694 2862 4746 τὸ
2905 4693 3071 4764 ὕδωρ,
3115 4692 3362 4768 ἐπικλίνῃ
3393 4709 3481 4761 μοι
3509 4691 3606 4764 τὴν
3633 4693 3854 4763 ὑδρίαν,

2193 4772 2388 4843 καὶμὴ
2422 4772 2580 4842 μόνον
2607 4771 2668 4830 τὺ
2710 4771 2929 4840 αἰτηθὲν
2979 4773 3208 4842 ποιήσῃ,
3249 4769 3383 4821 ἀλλὰ
3425 4769 3517 4823 καὶ
3561 4769 3659 4840 τὴν
3697 4769 3858 4838 δαψί-

2191 4850 2338 4905 λειαν
2356 4853 2454 4922 τῆς
2469 4851 2674 4914 οἰκείας
2696 4849 2918 4920 γνώμης
2943 4849 3292 4924 ἐπιδείξηται,
3322 4849 3415 4900 καὶ
3432 4847 3579 4919 εἴπῃ,
3611 4850 3715 4904 Καὶ
3737 4853 3860 4914 ταῖς

2193 4929 2458 5000 καμήλοις
2509 4946 2603 4982 σου
2647 4927 3067 4998 ἐφυδρεύσομαι,
3118 4927 3392 4996 ἀρκοῦσαν
3431 4927 3704 4993 ἀπόδειξιν
3745 4945 3856 4981 πα·-

2194 5010 2352 5080 ρέσχε
2395 5009 2483 5061 διά
2532 5009 2632 5077 τῆς
2678 5007 2770 5060 τοῦ
2815 5008 3005 5070 ὓδατος
3049 5007 3291 5078 παροχῆς
3331 5007 3430 5076 τῆς
3475 5006 3585 5058 τῶν
3639 5007 3858 5078 τρόπων

2190 5087 2506 5152 ἐπιεικείας.

2259 5167 2320 5220 δ’.
2340 5167 2617 5235 Ἐννόησον
2645 5166 2752 5236 γάρ
2775 5182 2883 5235 μοι,
2911 5165 3180 5235 ἀγαπητὴ
3197 5164 3320 5218 ὅσον
3345 5159 3412 5234 ἦν
3438 5165 3604 5237 κόρην
3642 5163 3860 5236 ἁπαλὴν

2193 5246 2558 5316 ὑδρευομένην
2590 5246 2652 5298 οὐ
2691 5245 2848 5314 μόνον
2881 5246 2953 5314 μὴ
2983 5243 3274 5297 ἀνανεῦσαι
3306 5243 3442 5311 πρὸς
3470 5246 3569 5314 τὴν
3601 5245 3816 5310 αἴτησιν
3839 5285 3856 5310 ,

2193 5325 2325 5382 ἀλλά
2345 5326 2438 5377 καὶ
2461 5324 2704 5378 καθεῖναι
2723 5325 2823 5392 τὴν
2850 5321 3036 5394 ὑδρίαν
3060 5322 3167 5376 ἀπὸ
3189 5321 3296 5378 τῶν
3319 5320 3484 5390 ὤμων
3508 5361 3522 5384 ,
3555 5322 3646 5376 καὶ
3676 5339 3859 5392 παρα-

2197 5407 2345 5474 σχεῖν
2373 5404 2747 5475 ἐμφορηθῆναι
2767 5402 2845 5471 τῷ
2871 5401 3128 5462 αἰτοῦντι,
3157 5401 3248 5452 καὶ
3272 5399 3441 5453 ταῦτα
3467 5399 3601 5470 ξένῳ
3625 5400 3738 5452 δντι
3760 5400 3861 5451 καὶ

2193 5485 2488 5555 οὐδαμόθεν
2513 5485 2772 5554 γνωρίμῳ
2791 5499 2803 5512 ·
2828 5485 2920 5536 καὶ
2951 5485 3011 5537 οὐ
3048 5483 3206 5553 μόνον
3237 5481 3433 5552 τούτῳ,
3465 5482 3599 5534 ἀλλά
3619 5483 3712 5534 καί
3735 5484 3860 5552 ταῖς

2197 5565 2459 5636 καμήλοις
2483 5566 2721 5628 ἁπάσαις
2751 5563 3128 5633 ὑδρεύσασθαι,
3155 5561 3249 5620 καί¹
3275 5561 3441 5628 δεῖξαι
3465 5561 3550 5614 διὰ
3576 5561 3683 5614 τῶν
3711 5577 3860 5628 γινο-

2202 5647 2376 5716 μένων
2403 5645 2500 5714 τῆς
2529 5646 2586 5697 ἐν
2621 5647 2686 5714 τῇ
2723 5643 2866 5714 ψυχῇ
2904 5642 3181 5710 εὐγενείας
3218 5640 3285 5693 τά
3329 5643 3621 5712 τεκμήρια.
3659 5641 3728 5692 Ἦ
3755 5640 3862 5694 οὐκ

2266 5749 2290 5777 ⁸
2329 5747 2477 5795 Savil.
2501 5751 2555 5794 et
2572 5751 2781 5806 quatuor
2801 5759 2914 5794 mss.
2941 5763 3035 5794 σοι.
3061 5745 3232 5793 Morel.
3256 5761 3328 5792 σε.

2267 5806 2296 5845 ι’
2323 5807 2402 5856 Sic
2425 5807 2620 5854 Inverso
2641 5807 2808 5855 ordine
2838 5809 3014 5868 legitur
3039 5805 3183 5854 etiam
3209 5805 3254 5868 in
3277 5810 3385 5853 μεν.
3409 5811 3461 5868 ειΔ
3491 5807 3538 5852 in
3563 5817 3673 5853 mss.
3693 5803 3860 5868 Inter.

2211 5881 2327 5930 pres
2348 5868 2694 5930 velus_|egissqz
2737 5865 2944 5930 {idem—1:,
2990 5869 3142 5930 ut._est
3165 5867 3407 5930 hodieque
3451 5865 3498 5930 in
3541 5869 3634 5930 (ira
3651 5877 3705 5912 ευ
3731 5865 3860 5924 ων)

2215 5925 2438 5991 'Yngata.
2471 5925 2598 5978 Delia
2621 5927 2879 5989 Abraham,
2906 5929 3026 5978 Dcus
3051 5927 3208 5988 Isaac,
3239 5935 3282 5980 ct
3315 5927 3436 5978 Deus
3457 5925 3622 5976 Jac-ob.
