4150 6276
451 256 544 312 m
1430 240 1492 301 IN
1529 240 1677 298 car.
1719 206 1909 292 xxiv.
1949 233 2191 290 cenes.
2233 232 2467 291 HOMIL.
2509 232 2737 289 XLVIII.

445 386 561 424 nem
601 382 762 421 nteant
785 406 803 434 ,
843 373 889 419 et
923 361 1041 417 inde
1069 358 1282 430 accipies
1306 372 1513 413 uxorem
1560 354 1668 421 ﬁlio
1701 366 1811 404 meo
1855 347 2025 402 Isaac.

448 457 640 515 Vidisti
666 454 972 511 mandatum
999 449 1337 523 patriarcbte,
1364 444 1504 517 quod
1529 442 1726 497 famulo
1748 438 1936 496 dedit?
1964 439 2033 490 At

450 566 518 605 ne
565 545 921 619 perfunctorie
948 552 1233 614 praetereas
1260 539 1434 604 dicta,
1474 534 1570 591 sed
1602 533 1774 604 cogita
1800 537 2033 585 mentem

448 651 503 695 et
532 638 859 711 propositum
884 635 1045 706 justi,
1076 641 1130 689 et
1157 629 1372 687 attende
1400 624 1667 697 quomodo
1695 631 1902 678 veteres
1925 634 2033 674 non

450 731 765 801 «inserebant
802 726 1149 782 substantiam
1192 720 1411 777 multam
1433 760 1449 785 ,
1496 732 1603 772 non
1639 713 1848 769 divitias
1870 751 1887 778 ,
1925 724 2033 765 non

451 835 656 886 servos,
689 834 794 873 non
822 825 900 872 tot
925 826 978 872 et
1003 823 1079 870 tot
1098 812 1284 883 jugera
1313 808 1446 878 agri,
1474 822 1579 861 non
1603 815 1839 860 externae
1862 816 2033 856 venu-

454 912 603 968 statis
633 910 856 965 formam
878 949 890 969 ,
922 905 1016 962 sed
1052 904 1244 959 anima:
1273 896 1719 970 pulchritudinem
1750 901 1805 948 et
1824 906 2030 946 morum

456 1004 805 1058 nobilitatem.
850 998 981 1054 Nam
1012 996 1261 1066 quoniam
1288 989 1499 1044 videbat
1532 985 1817 1059 nequitiam
1848 996 2031 1037 eorum

450 1095 541 1164 qui
571 1094 623 1148 in
649 1092 951 1147 Chananzea
982 1083 1306 1147 habitabant,
1352 1080 1525 1135 sciens
1555 1086 1810 1146 quantum
1837 1072 2034 1125 bonum

451 1187 521 1241 sit
543 1184 823 1254 conjugem
857 1179 1055 1234 habere
1083 1175 1270 1230 iisdem
1298 1171 1536 1226 moribus
1558 1166 1829 1238 prmditam
1846 1203 1862 1227 ,
1890 1177 2032 1231 prae-

451 1276 581 1346 cipit
608 1287 786 1339 servo,
814 1279 870 1327 et
890 1270 1249 1338 juramentum
1275 1262 1512 1324 adhibet,
1544 1266 1599 1313 ut
1626 1273 1691 1313 ex
1718 1271 1813 1311 sua
1838 1267 2033 1323 cogna-

454 1343 599 1422 tione
624 1377 844 1420 uxorem
877 1360 1055 1415 lsaaco
1081 1356 1308 1411 adducat
1342 1371 1356 1407 :
1385 1366 1557 1421 neque
1586 1346 1920 1402 intervallum
1950 1343 2031 1396 Io-

450 1472 636 1513 corum
660 1497 676 1523 ,
718 1470 889 1520 neque
924 1451 1042 1505 alia:
1068 1447 1404 1504 difficultates
1424 1456 1640 1513 segnem
1680 1454 1803 1495 eum
1848 1437 1901 1491 in
1951 1435 2032 1489 bis

451 1548 679 1604 reddunt
708 1565 720 1600 :
750 1545 843 1601 sed
872 1544 1049 1599 sciens
1074 1540 1149 1596 rei
1180 1538 1572 1600 necessitatem,
1608 1546 1820 1587 omnem
1846 1543 2029 1584 curam

454 1648 507 1694 ct
549 1638 779 1694 studium
808 1635 1055 1700 adhibet,
1087 1647 1150 1687 ac
1175 1631 1334 1686 mittit
1363 1626 1734 1682 domesticum.
1766 1622 2032 1677 Caeterum

451 1727 746 1799 patriarcha
771 1726 1018 1781 virtutem
1046 1732 1250 1778 tantum
1271 1718 1433 1775 animi
1457 1729 1721 1787 quaerens,
1753 1723 1807 1768 et
1830 1711 2029 1766 abhor-

448 1835 573 1874 rens
592 1834 622 1873 a
642 1818 935 1872 vicinorum
957 1814 1181 1877 malitia,
1205 1812 1275 1865 ita
1303 1809 1516 1880 quidem
1543 1822 1600 1861 se
1619 1804 1785 1876 gerit;
1810 1812 1866 1857 at
1891 1815 2032 1856 nunc

344 1950 347 1953 γ
443 1926 634 1966 omnes
663 1906 965 1979 hujusmodi
991 1904 1351 1961 conditionem
1377 1916 1444 1956 ne
1465 1898 1758 1969 cogitarent
1776 1894 1989 1966 quidem
2014 1910 2027 1947 :

445 2017 569 2055 nam
600 2002 702 2056 etsi
731 1999 874 2055 vitiis
901 1987 1196 2054 innumeris
1220 1994 1375 2065 plena
1402 1993 1491 2056 sit,
1521 1991 1623 2046 hoc
1651 1988 1823 2044 solum
1853 1987 2031 2055 inqui-

442 2100 588 2157 runt,
616 2099 869 2161 quantum
905 2087 1141 2142 abundet
1167 2083 1443 2154 pecuniis;
1495 2088 1687 2135 cmtera
1722 2077 1901 2132 omnia
1939 2091 2033 2146 po-

442 2185 670 2238 steriore
697 2183 816 2236 loco
843 2179 1063 2244 habent,
1095 2177 1394 2232 nescientes
1414 2190 1494 2242 se,
1525 2173 1568 2227 si
1598 2186 1751 2227 mens
1780 2185 2029 2241 perversa

442 2274 549 2336 sit,
579 2272 703 2326 licet
727 2270 1003 2325 immensae
1027 2266 1249 2321 afﬂuant
1272 2265 1469 2320 diviti-.e
1489 2305 1503 2328 ,
1537 2264 1642 2318 cito
1663 2263 1714 2317 in
1736 2271 2028 2317 extremam

446 2371 705 2418 venturos
733 2360 965 2430 inopiam
992 2376 1006 2413 :
1033 2367 1088 2413 et
1108 2356 1242 2411 nihil
1270 2354 1574 2426 profuturas
1592 2368 1742 2423 apes,
1770 2366 1891 2408 cum
1922 2366 2028 2405 non

446 2456 516 2509 sit
540 2455 611 2509 ibi
641 2467 791 2509 mens
816 2466 935 2522 quae
964 2450 1101 2505 bene
1123 2449 1239 2503 illas
1267 2448 1575 2517 dispensare
1603 2453 1781 2515 queat.

515 2546 570 2600 5.
600 2545 792 2599 Verum
833 2541 1129 2613 patriarcha
1157 2554 1316 2595 servo
1354 2546 1661 2593 accuratum
1690 2535 1840 2591 dedit
1870 2551 2026 2595 man-

443 2636 626 2690 datum
651 2676 668 2701 ,
696 2643 751 2688 et
771 2633 1086 2703 juramentis
1124 2645 1247 2684 eum
1272 2628 1575 2683 adstrinxit.
1611 2626 1897 2681 Videamus
1936 2641 2030 2679 au-

446 2736 555 2781 tem
601 2740 743 2779 nunc
772 2731 827 2779 et
853 2723 989 2777 servi
1020 2721 1367 2792 probitatem,
1398 2717 1666 2789 quomodo
1705 2717 1821 2771 heri
1861 2717 2029 2786 pieta-

443 2826 548 2872 tem
579 2815 809 2870 imitatus
826 2815 911 2867 sit.
936 2812 1066 2866 Nam
1098 2820 1374 2882 postquam
1400 2809 1532 2864 vidit
1552 2818 1657 2864 tam
1679 2809 1818 2874 serio
1829 2807 2026 2877 justum

442 2908 544 2961 sibi
600 2904 920 2976 prmeipere,
967 2902 1098 2958 dicit
1135 2903 1184 2957 ei
1219 2902 1310 2957 :5.
1340 2900 1402 2956 Si
1444 2917 1546 2954 non
1594 2900 1808 2954 voluerit
1849 2899 2030 2953 mulier

444 2998 611 3052 venire
634 3013 826 3050 mecum
845 3036 859 3061 ,
889 2995 963 3050 vis
987 2995 1152 3064 ﬁlium
1183 3004 1326 3047 tuum
1350 2994 1404 3047 in
1436 3001 1621 3047 terram
1641 3033 1656 3057 ,
1682 2992 1815 3046 unde
1851 2992 2027 3058 existi,

444 3088 720 3142 inducant?
744 3086 814 3142 Ut
840 3101 941 3151 ne,
979 3084 1180 3155 inquit,
1212 3083 1259 3137 si
1284 3082 1570 3137 dillicultas
1591 3082 1763 3151 aliqua
1798 3080 2028 3147 incidat,

442 3176 818 3248 transgrediar
838 3175 1085 3231 mandata
1129 3184 1216 3228 tua
1243 3193 1257 3227 :
1292 3188 1419 3243 rogo
1441 3214 1456 3238 ,
1485 3172 1610 3242 quid
1654 3172 1922 3241 oportebit
1945 3187 2032 3227 me

444 3267 730 3322 observare
751 3307 767 3330 ,
794 3274 848 3321 et
868 3281 1009 3320 nunc
1040 3264 1212 3334 placet
1239 3264 1333 3318 tibi
1355 3272 1410 3317 ut
1433 3262 1558 3317 illuc
1586 3261 1743 3317 abeat
1766 3260 1912 3316 lsaac
1934 3303 1949 3326 ,
1978 3271 2033 3316 et

444 3367 657 3428 accepta
683 3371 878 3428 sponsa
902 3356 1124 3420 redeat,
1147 3356 1192 3409 si
1221 3371 1324 3408 non
1354 3354 1601 3419 voluerit,
1633 3363 1695 3408 ut
1724 3352 2027 3418 mandasti,

445 3449 628 3506 venire
670 3448 911 3505 mecum?
944 3448 1081 3514 Quid
1130 3448 1289 3518 igitur
1329 3446 1543 3516 justus?
1572 3447 1804 3517 Denegat
1847 3445 1950 3501 hoc
1977 3456 2031 3501 et

444 3540 573 3595 dicit
598 3559 613 3594 :
637 3539 671 3594 6
695 3538 906 3593 Attende
933 3538 1044 3603 tibi;
1074 3554 1136 3592 ne
1160 3538 1345 3592 educas
1366 3538 1531 3607 ﬁlium
1556 3554 1721 3591 meum
1748 3537 1889 3592 illuc.
1912 3537 2029 3592 Non

444 3632 547 3687 erit
574 3632 665 3686 tibi
688 3630 787 3686 hac
808 3647 866 3685 re
889 3645 1045 3700 Opus.
1060 3630 1159 3696 Qui
1189 3630 1333 3685 enim
1357 3629 1484 3684 mihi
1510 3629 1611 3684 hoc
1638 3629 1903 3700 pollicitus
1924 3638 2025 3697 est,

443 3732 500 3777 et
542 3723 787 3793 promisit
819 3735 1004 3778 semen
1050 3721 1166 3791 ejus
1207 3721 1279 3775 ita
1331 3719 1818 3789 multiplicandum,
1868 3722 2028 3775 etiam

444 3813 653 3869 curabit
701 3812 803 3867 hoc
828 3820 884 3865 ut
913 3825 1167 3881 prospere
1204 3810 1475 3864 succedat.
1507 3808 1591 3863 Ne
1628 3811 1788 3879 igitur
1810 3808 2032 3863 abducas

445 3902 569 3957 illuc
613 3903 779 3971 [ilium
829 3917 1014 3955 meum.
1052 3902 1105 3953 7.
1156 3898 1409 3955 Dominus
1458 3899 1599 3954 Deus
1647 3902 1758 3955 ειειὲ
1803 3910 1851 3955 et
1894 3900 2033 3956 Deus

448 4004 613 4047 terrae.
666 3991 798 4046 Vide
852 3989 1121 4060 quomodo
1165 3989 1413 4059 superius
1463 4004 1677 4044 servum
1729 3990 1983 4061 adjurans
2015 4033 2028 4056 ,

447 4083 621 4152 ipsum
650 4081 720 4136 de
740 4080 979 4137 omnium
1001 4079 1289 4134 Conditore
1313 4078 1543 4133 instituit
1573 4095 1587 4132 :
1612 4087 1823 4134 etnnnc
1850 4096 2033 4148 preca-

447 4183 597 4227 turus
626 4173 847 4237 iterum,
878 4170 1065 4225 eadem
1096 4168 1259 4224 verba
1302 4167 1433 4223 dicit
1460 4184 1475 4223 :
1501 4184 1595 4239 per
1614 4169 1793 4224 omnia
1816 4184 2029 4224 servum

442 4264 676 4328 docens,
724 4270 780 4315 ut
827 4261 1015 4316 fiducia
1066 4261 1116 4315 in
1162 4274 1284 4315 eum
1331 4260 1517 4329 plenus
1553 4260 1656 4314 iter
1696 4261 1948 4331 arripiat,
1980 4271 2033 4315 et

444 4354 513 4409 de
559 4352 700 4408 bono
747 4352 822 4406 rei
885 4352 1029 4406 exitu
1079 4350 1215 4406 bene
1254 4358 1452 4420 speret.
1498 4349 1663 4404 Docet
1708 4350 1851 4405 enim
1910 4367 2031 4406 eum

446 4453 699 4515 quantam
725 4445 853 4498 olim
879 4444 947 4497 ab
974 4444 1126 4497 initio
1154 4442 1577 4497 benevolentiam
1604 4443 1694 4497 Dei
1726 4442 1987 4498 invenerit
2014 4485 2030 4511 ,

444 4546 499 4590 et
522 4552 645 4591 eum
676 4537 766 4606 qui
795 4552 825 4590 a
847 4535 1009 4590 domo
1032 4543 1250 4604 paterna
1270 4547 1328 4588 se
1347 4534 1666 4600 evocaverit,
1697 4546 1747 4590 et
1776 4552 1943 4605 usque
1966 4537 2034 4591 ad

452 4629 554 4683 hoc
597 4638 806 4698 tempus
847 4628 917 4681 ita
956 4626 1366 4697 gubernaverit,
1395 4626 1610 4696 jamque
1638 4629 1689 4682 in
1719 4637 1822 4683 tam
1840 4645 2031 4698 prove-

449 4727 534 4772 cta
580 4727 794 4781 senecta
832 4717 980 4783 lsaac
1010 4716 1254 4782 dederit,
1289 4732 1542 4785 prospera
1581 4718 1740 4771 etiam
1772 4736 1890 4789 qua:
1934 4720 2032 4774 ad-

451 4811 555 4865 huc
606 4811 912 4878 restabant,
956 4809 1215 4865 facturum
1257 4825 1398 4865 esse.
1446 4808 1694 4865 Dominus
1738 4811 1910 4878 Deus,
1956 4815 2036 4868 in-

448 4900 582 4971 quit,
608 4900 721 4955 cazli
736 4910 781 4956 et
807 4911 968 4967 terrm,
986 4901 1074 4974 qui
1092 4902 1362 4972 assumpsit
1383 4918 1461 4955 me
1477 4903 1540 4956 de
1554 4903 1705 4956 domo
1733 4906 1892 4973 patris
1917 4907 2032 4973 mei,

448 5004 496 5046 et
526 4992 589 5046 de
613 5002 746 5046 terra
779 4994 833 5046 in
860 5010 959 5055 qua
988 5006 1137 5048 natus
1162 5010 1314 5061 sum,
1350 4995 1437 5048 ille
1465 4995 1571 5065 ipse
1594 4996 1678 5063 qui
1702 4996 1937 5065 loquutus
1961 5009 2034 5051 est

450 5083 573 5135 mihi
601 5084 772 5137 dicens
800 5100 818 5137 :
848 5083 962 5138 Tibi
989 5083 1118 5138 dabo
1142 5093 1328 5138 terram
1357 5084 1488 5138 hanc
1512 5095 1558 5139 et
1581 5086 1759 5139 semini
1786 5094 1872 5140 tuo
1897 5103 1917 5141 .'
1944 5088 2034 5144 ille

450 5176 538 5243 qui
585 5185 783 5229 tantam
823 5190 949 5246 erga
999 5192 1086 5231 me
1123 5176 1414 5232 declaravit
1444 5177 1823 5248 benignitatem
1850 5190 1904 5236 et
1932 5196 2032 5235 cu-

452 5282 563 5321 ram
588 5309 602 5333 ,
634 5268 744 5337 ipse
793 5268 954 5320 mittet
983 5273 1215 5339 angelum
1253 5284 1401 5321 suum
1422 5277 1539 5322 ante
1582 5279 1656 5337 te,
1681 5279 1728 5323 et
1757 5270 1875 5324 inde
1898 5272 2033 5324 acci-

454 5360 561 5426 pies
586 5360 697 5427 ﬁlio
726 5376 834 5413 meo
869 5376 1097 5413 uxorem.
1127 5359 1447 5427 Conlidens,
1476 5360 1666 5430 inquit,
1695 5362 1781 5415 abi
1809 5380 1822 5416 :
1854 5371 2033 5417 certus

449 5451 588 5504 enim
637 5465 754 5505 sum
801 5467 923 5507 emn
973 5451 1059 5522 qui
1115 5452 1272 5505 tantis
1312 5467 1398 5507 me
1468 5452 1737 5509 beneficiis
1779 5454 2035 5511 hactenus

451 5550 804 5611 prosequutus
830 5553 940 5609 est,
974 5544 1239 5611 prioribus
1264 5545 1423 5598 etiam
1468 5543 1595 5598 illud
1626 5545 1951 5611 additurum,
1981 5558 2035 5602 et

452 5635 736 5695 missurum
759 5637 1005 5708 angelum
1037 5653 1189 5695 suum
1216 5647 1336 5694 ante
1368 5647 1435 5694 lc.
1469 5636 1584 5708 Ipse
1607 5677 1623 5705 ,
1654 5638 1822 5709 inquit
1845 5681 1858 5705 ,
1889 5640 2026 5694 viam

3623 249 3724 303 sse

2146 344 2241 398 tibi
2287 345 2610 414 praeparabit
2651 346 2712 399 in
2734 346 3011 412 cantibus,
3042 362 3371 421 uxoremque
3404 354 3494 410 tibi
3540 369 3719 412 notam

2140 432 2322 498 faciet,
2354 442 2411 486 ut
2438 444 2656 503 accepta
2684 450 2747 490 ea
2774 434 2877 490 huc
2903 436 3111 493 redeas.
3149 438 3301 506 Quod
3332 442 3375 495 si
3406 447 3679 517 contingat
3702 488 3718 512 ,

2141 523 2284 593 quod
2326 522 2504 589 absit,
2534 535 2591 578 ut
2639 525 2929 580 reluctatur
2960 541 3093 581 uxor
3124 530 3307 584 venire
3344 531 3473 595 huc.
3517 537 3722 592 alienus

2140 616 2247 670 eris
2267 630 2297 668 a
2326 616 2698 671 maledictione
2714 617 3021 687 juramenti.
3047 620 3098 674 8.
3120 619 3342 676 Tantum
3369 626 3532 694 ﬁlium
3560 645 3721 687 meum

2139 705 2261 759 illuc
2298 722 2361 758 ne
2382 705 2620 760 abducas.
2647 706 2858 762 Nullum
2880 710 3021 763 enim
3056 711 3183 765 mihi
3210 712 3426 769 dubium
3450 727 3560 781 est,
3594 722 3721 788 quin

2141 795 2397 852 Dominus
2417 798 2647 852 secunda
2666 798 2755 852 tibi
2774 799 3141 857 faciatomnia.
3162 804 3447 863 Declarans
3460 822 3718 879 quantum

2140 885 2333 941 divinte
2382 888 2631 956 potentiae
2684 890 2839 957 ﬁdat,
2875 893 3120 960 prohibet
3158 910 3370 952 servum
3393 941 3407 963 ,
3440 916 3508 956 ne
3555 904 3721 958 filiuni

2140 973 2232 1028 illo
2258 975 2490 1031 inducat.
2515 978 2728 1044 Postea,
2759 996 2878 1035 cum
2907 982 3191 1054 diligenter
3219 989 3522 1046 mandasset
3542 1007 3719 1057 servo,

2140 1084 2375 1139 curaque
2426 1086 2550 1125 enm
2592 1072 2909 1137 liberasset;
2938 1076 3227 1132 verebatur
3269 1082 3413 1135 enim
3444 1099 3631 1139 servus
3660 1102 3726 1140 ne

2141 1161 2393 1215 mandato
2420 1177 2524 1216 non
2566 1162 2784 1233 impleto
2806 1166 3021 1234 perjurii
3054 1183 3176 1222 reus
3218 1169 3405 1225 ﬁeret:
3438 1174 3491 1228 9.
3524 1174 3722 1236 Posito.

2140 1250 2344 1321 inquit,
2372 1269 2525 1307 manu
2553 1270 2646 1307 sua
2689 1254 2860 1309 subter
2901 1259 3081 1328 femur,
3103 1259 3297 1327 juravit
3327 1262 3370 1314 ei
3395 1280 3545 1333 super
3574 1267 3721 1320 verbo

2140 1344 2257 1411 hoc,
2289 1346 2430 1416 quod
2462 1348 2629 1402 lilium
2651 1362 2804 1403 suum
2824 1350 2950 1406 illuc
2971 1367 3077 1407 non
3105 1352 3396 1411 abduceret
3422 1357 3591 1415 lsaac.
3622 1360 3715 1415 Vi-

2138 1434 2262 1489 disti
2291 1437 2561 1505 quomodo
2592 1438 2657 1495 ab
2680 1438 2832 1495 initio
2853 1456 3040 1497 servus
3079 1442 3390 1500 indicaverit
3415 1463 3565 1504 suam
3595 1466 3720 1521 erga

2139 1523 2415 1581 dominum
2436 1527 2892 1585 benevolentiam?
2923 1532 3054 1588 Vide
3073 1550 3213 1590 nunc
3241 1538 3511 1607 quomodo
3537 1555 3599 1596 ea
3628 1556 3719 1611 pa-

2140 1617 2385 1673 triarchae
2410 1618 2650 1688 doctrina
2701 1622 2889 1676 melior
2908 1625 3173 1691 evaserit,
3204 1636 3259 1681 et
3287 1628 3522 1685 imitatus
3560 1630 3721 1686 fuerit

2132 1710 2262 1779 justi
2295 1712 2543 1780 pietatem
2590 1722 2751 1784 atque
2795 1715 3124 1786 religionem.
3159 1720 3242 1773 10.
3292 1721 3524 1791 Acceptis
3547 1723 3678 1777 enim
3703 1765 3719 1788 ,

2138 1801 2327 1869 inquit,
2352 1817 2522 1855 servus
2542 1802 2709 1857 decem
2750 1807 2955 1859 camelis
2975 1847 2990 1872 ,
3024 1818 3069 1860 et
3099 1809 3162 1862 de
3184 1810 3413 1866 omnibus
3439 1812 3579 1868 bonis
3608 1830 3723 1878 quia

2138 1892 2330 1946 domini
2354 1894 2434 1946 sui
2457 1905 2601 1948 erant
2625 1937 2640 1961 ,
2685 1901 2903 1952 surrexit
2930 1908 2976 1952 et
3018 1901 3271 1969 profectus
3297 1913 3369 1957 est
3405 1905 3460 1957 in
3486 1905 3723 1974 Mesopo-

2138 1985 2347 2039 tamiam
2370 1987 2424 2039 in
2460 1987 2714 2041 civitatem
2740 1987 2971 2055 Nachor,
3003 1992 3089 2045 Η.
3122 2001 3167 2045 et
3193 1996 3481 2050 recumbere
3496 1996 3723 2050 camelos

2138 2078 2256 2148 fecit
2284 2088 2427 2132 extra
2451 2080 2699 2133 civitatem
2712 2082 2869 2151 juxta
2884 2092 3089 2152 puteum
3109 2100 3255 2154 aqua:
3276 2087 3469 2156 vesperi
3482 2129 3497 2153 ,
3519 2089 3721 2157 quando

2137 2169 2460 2239 egrediuntur
2495 2180 2774 2241 aquaturaz.
2847 2173 2931 2227 12.
2978 2172 3047 2228 Et
3088 2177 3256 2230 dixit:
3316 2176 3533 2233 Domine
3581 2179 3720 2234 Deus

2137 2259 2329 2312 domini
2350 2261 2446 2314 mei
2484 2260 2757 2315 Abraham.
2803 2262 2938 2318 Vide
2984 2268 3125 2321 servi
3166 2268 3509 2336 probitatem.
3564 2270 3721 2326 Orbis

2137 2349 2421 2404 Dominum
2451 2365 2481 2404 a
2525 2352 2824 2420 patriarcha
2870 2355 3110 2409 nominat
3138 2374 3151 2410 :
3181 2356 3399 2412 Domine
3426 2361 3567 2415 cnim
3588 2402 3604 2425 ,
3638 2361 3719 2415 in-

2136 2441 2270 2510 quit,
2298 2440 2436 2496 Deus
2465 2442 2658 2495 domini
2687 2445 2782 2497 mei
2831 2443 3126 2511 Abraham,
3166 2448 3256 2517 qni
3299 2456 3442 2502 tanta
3487 2450 3538 2504 in
3572 2451 3720 2505 illum

2137 2534 2390 2589 beneficia
2417 2534 2714 2589 contulisti.
2745 2535 2811 2590 Et
2836 2537 2961 2606 quid
2987 2538 3194 2593 miraris
3222 2540 3266 2593 si
3297 2556 3482 2597 servus
3502 2556 3625 2597 eum
3648 2543 3721 2595 ita

2136 2635 2290 2681 vocat
2314 2627 2478 2682 Deum
2506 2626 2801 2682 Abraham?
2830 2628 2944 2696 Ipse
2969 2631 3205 2685 omnium
3238 2631 3377 2687 Deus
3420 2643 3724 2690 monstrans

2135 2718 2407 2788 quomodo
2443 2718 2711 2789 justorum
2743 2719 2991 2774 virtutem
3039 2721 3215 2790 magni
3266 2721 3460 2791 faciat,
3516 2724 3720 2794 inquit,

2138 2809 2250 2881 Ego
2299 2827 2412 2865 sum
2436 2808 2578 2865 Deus
2605 2810 2862 2864 Abraham
2891 2822 2938 2866 et
2967 2811 3107 2867 Deus
3143 2811 3296 2867 Isaac
3316 2825 3362 2868 et
3398 2815 3536 2869 Deus
3563 2815 3724 2869 Jacob

2140 2900 2334 2972 (Exod.
2382 2902 2435 2956 5.
2490 2901 2569 2970 6).
2620 2902 2686 2956 Et
2715 2901 2845 2956 dicit
2891 2902 3151 2956 :Domine
3196 2902 3337 2957 Deus
3384 2904 3575 2958 domini
3629 2906 3725 2958 mei

2136 2993 2391 3046 Abraham
2414 3035 2429 3059 ,
2474 3009 2711 3063 prospere
2738 2992 2900 3063 dirige
2927 3009 3099 3047 coram
3127 3010 3205 3047 me
3226 2994 3375 3048 hodie
3397 3035 3414 3060 ,
3447 3004 3492 3048 et
3515 2999 3599 3066 fac
3625 2998 3724 3047 mi-

2136 3082 2464 3137 sericordiam
2479 3098 2595 3135 cum
2618 3082 2821 3136 domino
2849 3098 2959 3137 meo
2982 3082 3277 3147 Abraham;
3299 3084 3449 3152 quasi
3475 3082 3678 3137 diceret
3707 3101 3720 3136 :

2138 3173 2243 3229 Fac
2272 3184 2328 3228 ut
2354 3173 2676 3244 impleantur
2704 3189 2767 3229 ea
2796 3189 2915 3243 qum
2944 3173 3032 3227 ille
3054 3174 3184 3240 vult,
3213 3181 3269 3227 et
3287 3174 3581 3228 secundum
3609 3177 3725 3243 ejus

2137 3266 2455 3321 sententiam
2507 3280 2762 3336 prospera
2810 3264 2895 3321 fac
2923 3267 3123 3321 omnia.
3171 3264 3281 3319 Fac
3325 3267 3725 3321 misericordiam

2137 3373 2252 3410 cum
2295 3357 2504 3413 domino
2531 3372 2641 3410 meo
2664 3355 2941 3409 Abraham.
2984 3354 3122 3423 Quid
3142 3364 3261 3420 est,
3296 3354 3405 3408 Fac
3434 3356 3723 3409 misericor-

2136 3447 2317 3501 diam?
2346 3445 2465 3501 Voti
2497 3455 2802 3517 compotem
2831 3461 2954 3502 eum
2999 3444 3105 3501 fac.
3136 3446 3339 3502 Deinde
3388 3446 3596 3515 inquit,
3630 3446 3718 3501 15.

2139 3537 2269 3591 Ecce
2293 3552 2385 3609 ego
2412 3544 2488 3590 sto
2536 3546 2743 3608 propter
2766 3536 2957 3606 fontem
3003 3551 3147 3606 aqua
3169 3577 3184 3601 ,
3212 3537 3335 3605 ﬁlice
3372 3547 3539 3590 autem
3582 3536 3729 3589 habi‘

2138 3630 2353 3682 tantium
2387 3629 2638 3682 civitatem
2677 3628 3001 3698 egrediuntur
3031 3636 3088 3680 ut
3116 3628 3356 3680 hauriant
3395 3643 3601 3695 aquam.
3633 3627 3719 3681 M.

2139 3720 2207 3774 Et
2223 3721 2314 3775 erit
2330 3721 2471 3789 virgo
2495 3721 2577 3774 cui
2598 3735 2688 3789 ego
2711 3721 2887 3773 dixero
2910 3717 3144 3772 :lnclina
3160 3718 3395 3788 hydriam
3421 3727 3558 3770 tuam
3585 3716 3724 3770 utbi-

2137 3811 2272 3877 bam,
2291 3819 2336 3863 et
2361 3809 2544 3862 dixerit
2561 3807 2703 3869 mihi.
2722 3807 2864 3874 Bibe,
2891 3817 2937 3861 et
2957 3804 3173 3861 camelos
3197 3818 3308 3862 tuos
3320 3808 3521 3877 potabo,
3549 3823 3728 3876 usque-

2138 3919 2235 3972 quo
2252 3901 2414 3955 bibere
2428 3915 2598 3954 onmes
2614 3908 2826 3964 cessent;
2846 3899 2991 3952 illam
3004 3900 3303 3969 praeparasti
3321 3915 3478 3969 puero
3507 3909 3593 3951 tuo
3611 3897 3636 3949 Ι
3644 3915 3729 3951 sa-

2138 4009 2230 4050 ac:
2255 4002 2302 4048 et
2330 3994 2383 4046 in
2400 3993 2493 4046 hoc
2517 4008 2837 4063 cognoscam,
2861 3992 2996 4063 quod
3019 3992 3413 4047 misericordium
3443 3993 3619 4064 feceris
3645 3991 3729 4044 do-

2139 4084 2274 4137 mino
2303 4099 2414 4137 meo
2435 4082 2710 4135 Abraham.
2743 4080 2877 4136 Vide
2906 4081 3044 4136 servi
3066 4080 3420 4150 prudentiam.
3443 4080 3576 4135 Nam
3603 4082 3726 4150 quia

2102 4203 2110 4209 ·
2140 4182 2361 4230 noverat
2394 4170 2708 4242 patriarchae
2754 4170 3199 4241 hospitalitatem,
3228 4179 3282 4226 et
3318 4171 3441 4241 quia
3469 4171 3726 4240 virginem

2140 4266 2263 4322 inde
2277 4263 2570 4321 ducendam
2587 4278 2683 4332 par
2697 4271 2811 4319 erat
2830 4262 3016 4317 iisdem
3032 4276 3153 4317 esse
3170 4262 3443 4331 praeditam
3469 4262 3727 4327 moribus,

2140 4358 2333 4428 quibus
2358 4356 2534 4426 justus
2562 4356 2650 4411 ille
2684 4373 2698 4409 :
2732 4355 2932 4408 nullam
2964 4354 3123 4409 aliam
3160 4354 3525 4422 conjecturam
3557 4352 3727 4422 inqui-

2140 4450 2238 4512 rit,
2266 4445 2361 4501 sed
2384 4446 2749 4500 characterem
2778 4445 3046 4513 virginalis
3076 4444 3237 4499 animi
3267 4458 3333 4498 ex
3367 4442 3727 4512 hoSpitalitate

2140 4538 2392 4608 colligere
2418 4536 2546 4600 vult,
2572 4545 2627 4590 et
2652 4535 2822 4604 inquit
2850 4552 2865 4589 :
2896 4535 2952 4588 Si
2979 4535 3193 4604 quando
3221 4549 3322 4603 ego
3345 4550 3535 4603 aquam
3562 4533 3629 4587 ab
3665 4548 3728 4587 ea

2143 4629 2380 4699 petivere
2403 4668 2418 4692 ,
2450 4636 2505 4681 et
2557 4626 2774 4680 inclinet
2821 4625 2948 4677 mihi
3000 4623 3241 4693 hydriam
3274 4640 3286 4675 :
3318 4633 3371 4676 ct
3418 4638 3522 4676 non
3553 4621 3727 4675 solum

2143 4719 2299 4773 faciat
2322 4717 2463 4788 quod
2495 4715 2738 4786 petierim
2760 4755 2776 4781 ,
2810 4714 2904 4768 sed
2934 4714 3093 4767 etiam
3125 4711 3417 4767 candorem
3441 4726 3505 4766 ac
3526 4712 3722 4766 libera-

2142 4815 2343 4868 litatem
2373 4814 2563 4867 mentis
2593 4825 2703 4866 sua:
2728 4808 2991 4872 declaret,
3023 4807 3272 4877 dicatque
3302 4825 3314 4859 :
3352 4807 3520 4861 Etiam
3543 4822 3726 4861 came-

2143 4906 2223 4962 los
2254 4915 2373 4961 tuos
2393 4904 2632 4976 aquabo,
2657 4917 2866 4956 morum
2888 4915 3105 4955 suorum
3135 4901 3599 4957 mansuetudinem
3638 4913 3725 4953 sa-

2145 5000 2211 5052 tis
2233 5012 2299 5052 ex
2324 5012 2475 5067 aqu-.e
2503 4994 2781 5064 largitione
2806 4991 3060 5047 ostendit.

2213 5090 2267 5144 4.
2301 5086 2698 5151 Animadverte,
2725 5086 2971 5151 obsecro,
3001 5083 3299 5149 carissime,
3332 5091 3589 5154 quantum
3616 5080 3731 5137 fue-

2145 5181 2247 5245 rit,
2284 5179 2426 5249 quod
2456 5178 2605 5248 virgo
2636 5186 2816 5231 tenera
2847 5188 3096 5247 aquatum
3139 5177 3375 5247 profecta
3409 5192 3512 5231 non
3554 5175 3727 5229 solum

2143 5270 2388 5324 annuerit
2426 5270 2543 5339 ejus
2604 5269 2879 5337 petitioni,
2928 5277 2982 5322 et
3029 5269 3334 5337 deposuerit
3374 5270 3441 5320 ab
3495 5267 3729 5319 humeris

2147 5363 2409 5435 hydriatn,
2428 5373 2479 5417 et
2500 5361 2567 5415 ad
2593 5363 2901 5417 societatem
2932 5360 3216 5430 praebuerit
3239 5358 3436 5429 petenti
3466 5356 3582 5411 viro
3611 5373 3726 5426 per-

2143 5454 2327 5523 egrino
2360 5461 2414 5508 et
2442 5468 2660 5523 prorsus
2705 5453 2884 5522 ignoto
2916 5469 2928 5504 :
2963 5461 3122 5520 atque
3162 5466 3266 5503 non
3308 5448 3481 5503 solum
3530 5448 3603 5500 illi
3633 5448 3699 5501 de

2143 5546 2302 5603 derit.
2331 5543 2422 5599 sed
2450 5553 2502 5600 ct
2523 5544 2756 5599 camelos
2788 5558 2974 5597 omnes
2999 5540 3294 5611 aqnaverit,
3322 5549 3376 5593 et
3401 5554 3493 5609 per
3520 5554 3579 5593 ca
3609 5554 3727 5605 quu-

2149 5640 2354 5695 llcbant
2400 5638 2774 5694 monstraverit
2819 5635 3010 5693 anima:
3048 5648 3158 5690 sua:
3202 5633 3600 5704 ingenuitatem.
3646 5634 3727 5683 An
