4150 6276
401 205 505 260 439

394 318 778 388 nescitis-quod
821 323 967 377 multi
996 324 1156 378 etiam
1197 328 1293 380 viri
1323 327 1585 397 denegant
1619 345 1761 399 saepe
1782 343 1970 400 peten—

400 414 540 466 tibus
569 413 729 469 talia?
754 415 820 469 Et
844 416 969 486 quid
993 417 1117 472 dico
1143 417 1213 473 de
1235 433 1370 488 aqua
1408 436 1528 489 qua:
1557 422 1862 491 praebetur?
1896 424 1980 479 ln-

402 505 609 558 terdum
637 521 757 560 cum
787 506 930 565 faces
955 517 1159 575 tenent,
1187 518 1241 563 et
1267 509 1334 564 ab
1363 511 1737 567 accedentibus
1762 525 1981 569 orantur

401 608 457 651 ut
483 599 751 668 paulisper
770 609 1101 669 exspectent,
1130 615 1238 670 quo
1264 602 1443 657 lumen
1470 604 1799 672 accendant,
1831 606 1884 660 id
1906 606 1982 660 fa-

402 702 523 741 rere
546 697 790 751 renuunt,
828 689 1037 743 tametsi
1069 689 1199 744 nihil
1231 690 1353 745 inde
1382 692 1651 747 minuatur
1677 694 1813 761 ignis
1838 736 1854 762 ,
1883 696 1982 750 etsi

404 778 668 833 innumeri
698 779 905 848 sintqui
931 780 1231 839 accendere
1250 781 1436 837 velint.
1468 781 1563 837 llic
1592 792 1772 838 autem
1794 794 1848 839 et
1872 801 1989 839 mu-

406 868 503 922 lier
523 878 577 923 et
605 870 801 939 puella,
823 870 1064 940 bydriam
1091 887 1303 942 quoque
1331 887 1492 943 super
1519 874 1767 930 humeros
1788 876 1985 943 ferens,

407 973 512 1012 non
538 958 708 1013 solum
739 974 849 1014 non
875 961 1135 1030 gravatim
1165 961 1285 1016 tulit
1326 962 1466 1031 quod
1494 963 1560 1017 ab
1586 978 1647 1018 ea
1680 973 1985 1034 peteretur:

411 1048 503 1103 sed
544 1059 597 1104 et
629 1049 746 1118 plus
772 1066 931 1120 quem
974 1053 1195 1120 petitum
1222 1062 1333 1107 erat
1378 1055 1643 1109 concessit
1674 1063 1771 1109 :et
1806 1065 1990 1124 potum

409 1140 577 1207 dedit,
612 1150 668 1195 ut
696 1141 932 1212 petebat,
962 1151 1123 1211 atque
1150 1157 1214 1196 ex
1245 1144 1420 1211 seipsa
1447 1144 1605 1198 etiam
1637 1146 1872 1200 camelos
1893 1161 1992 1215 pn-

412 1243 529 1289 tare
552 1235 786 1289 festinat.
831 1238 1104 1290 Annuerat
1130 1236 1272 1291 enim
1300 1236 1560 1307 benignus
1588 1239 1729 1294 Deus
1763 1240 1993 1310 patriar~

412 1325 529 1380 cha:
556 1326 823 1395 precibus,
842 1327 1138 1396 angeloque
1164 1341 1263 1382 suo
1290 1329 1473 1393 misso,
1493 1329 1670 1384 omnia
1699 1331 1786 1384 illa
1812 1331 1994 1401 dispo-

413 1416 522 1472 suit
550 1416 664 1471 lleri
703 1418 841 1472 sicut
866 1432 1053 1472 servus
1088 1420 1365 1487 petiverat.
1397 1419 1527 1473 Dein
1557 1428 1839 1490 postquam
1868 1422 1997 1475 vidit

416 1522 476 1561 re
504 1509 617 1577 ipsa
648 1514 835 1576 preces
863 1508 1179 1577 patriarcha:
1199 1507 1469 1575 efﬁcaces,
1498 1518 1553 1564 et
1579 1510 1809 1565 obtinuit
1834 1510 1996 1581 virgi-

426 1614 548 1652 nem
576 1613 731 1669 qnaut
758 1598 996 1669 optabat,
1027 1598 1271 1668 illiusque
1295 1599 1539 1653 eximiam
1563 1599 1693 1653 vidit
1720 1600 2000 1671 hospitali-

422 1697 618 1754 tatem,
667 1688 789 1743 vide
832 1688 960 1758 quid
1004 1688 1092 1754 lit;
1122 1688 1251 1743 dicit
1289 1688 1470 1743 enim:
1502 1687 1590 1744 20.
1636 1688 1917 1744 Festinavit
1957 1700 2003 1744 et

422 1787 680 1839 eracuavit
722 1802 905 1855 aquam
944 1785 996 1839 in
1016 1785 1220 1839 canales
1240 1826 1259 1851 ,
1287 1794 1333 1839 et
1357 1785 1574 1839 cucurrit
1594 1785 1663 1837 ad
1693 1793 1917 1853 puteum,
1947 1791 2003 1836 ut

421 1877 650 1932 hauriret
689 1893 907 1946 aquam,
930 1884 977 1930 et
1002 1877 1203 1948 aguavit
1243 1892 1415 1931 omnes
1452 1877 1670 1931 camelos
1710 1878 1839 1947 ejus.
1868 1874 2005 1931 Vide

425 1969 901 2038 locupletissimam
929 1969 1419 2038 promptitudinem.
1436 1969 1539 2025 Per
1563 1969 1666 2024 hoc
1695 1970 1835 2024 enim
1862 1967 2005 2039 quod

426 2061 522 2126 ait,
532 2058 822 2128 Festinavit,
832 2070 877 2115 et
888 2063 1140 2116 evacuabit
1152 2063 1405 2133 hydriam,
1414 2074 1460 2116 et
1470 2062 1685 2116 cucurrit
1697 2061 1765 2115 ad
1780 2070 2004 2132 puteum,

429 2154 754 2208 tuenstmtur
796 2154 986 2223 puella:
1024 2169 1235 2209 summa
1276 2155 1523 2208 alacritas
1554 2171 1567 2207 :
1599 2155 1723 2223 quia
1752 2167 1926 2222 neque
1954 2161 2011 2207 ut

344 2274 345 2277 η
429 2245 600 2299 aliena
628 2246 863 2315 aufugit,
905 2262 1076 2316 neque
1102 2255 1359 2315 prastextu
1405 2244 1744 2299 continentia:
1767 2243 2012 2314 petitioni

429 2337 649 2390 renuit:
690 2337 786 2392 sed
834 2352 956 2392 cum
1000 2338 1167 2392 multa
1212 2335 1622 2390 mansuetudine
1666 2335 1869 2404 inquit,
1920 2334 2009 2388 l8.

430 2425 573 2490 Bibe,
604 2426 824 2480 domine.
853 2427 1057 2497 Cogita,
1085 2427 1329 2491 obsecro,
1354 2433 1549 2496 quanta
1580 2425 1741 2480 etiam
1770 2432 1833 2479 ea"
1859 2432 2015 2479 aztate

432 2516 592 2571 fuerit
616 2517 956 2572 continentia:
992 2517 1294 2586 diligentia,
1324 2527 1378 2571 et
1407 2516 1682 2571 modestia:
1722 2515 2011 2570 eminentia

437 2608 917 2678 hospitalitatisque
938 2607 1253 2678 frequentia.
1276 2606 1477 2674 Quibus
1503 2606 1662 2677 igitur
1681 2605 1872 2676 Opibus
1901 2604 2018 2661 huic

439 2715 543 2754 non
571 2709 697 2755 sunt
721 2699 1077 2771 pretiosiora?
1101 2700 1294 2769 quibus
1326 2699 1591 2754 thesauris
1621 2698 1736 2753 hmc
1764 2712 1868 2752 non
1895 2707 2020 2753 sunt

438 2790 802 2860 praeferenda?
830 2790 955 2845 llzec
995 2805 1200 2845 summa
1227 2790 1324 2845 dos
1348 2832 1362 2855 ,
1388 2789 1502 2844 lucc
1539 2790 1819 2844 innumera
1842 2789 1975 2843 bona
2001 2829 2017 2853 ,

439 2896 554 2937 Δίιεο
597 2882 882 2937 thesaurus
926 2882 1016 2952 qui
1060 2898 1166 2936 non
1216 2881 1568 2937 consumitur.
1616 2881 1817 2937 Videns
1863 2882 2023 2952 igitur

440 2974 674 3043 prudens
719 2989 905 3030 servus
949 2974 1287 3031 manifestam
1326 2974 1419 3030 Dei
1470 2973 1889 3044 providentiam,
1923 2971 2019 3027 9.1.

439 3064 675 3119 Discebat
700 3082 832 3132 eam,
864 3062 1072 3136 inquit,
1102 3076 1148 3121 et
1176 3064 1375 3133 silebat,
1407 3075 1461 3119 ut
1486 3067 1633 3120 sciret
1661 3081 2025 3136 prosperumne

440 3157 636 3226 fecisset
667 3156 917 3210 Dominus
953 3158 1048 3211 iter
1073 3174 1217 3211 suum
1237 3197 1253 3223 ,
1283 3173 1350 3210 an
1390 3173 1512 3210 non.
1539 3155 1675 3224 Quid
1724 3164 1807 3209 est
1857 3154 1983 3209 illud
2005 3195 2021 3219 ,

441 3248 675 3301 lliscebat
702 3264 811 3301 eam
832 3248 858 3301 2’
881 3247 1051 3303 Verba
1079 3247 1191 3316 ipsa
1226 3248 1420 3317 puella:
1468 3239 1752 3316 diligenter
1776 3244 2023 3300 conside-

443 3337 627 3403 rabat,
658 3346 929 3406 aSpectum
950 3378 965 3402 ,
1017 3337 1280 3390 incessum
1305 3377 1321 3401 ,
1355 3335 1587 3390 habitum
1606 3378 1620 3399 ,
1648 3336 1856 3404 aliaque
1908 3348 2025 3387 om-

442 3426 531 3482 nia
564 3444 577 3479 :
610 3435 664 3480 et
689 3427 1059 3495 exspectabat,
1095 3423 1162 3479 Ut
1192 3425 1340 3478 sciret
1382 3441 1451 3477 an
1488 3439 1787 3494 prosperum
1832 3424 2028 3492 fecisset

451 3519 695 3574 Dominus
720 3519 813 3571 iter
832 3535 999 3583 suum,
1017 3533 1083 3571 an
1109 3532 1232 3571 non.
1260 3516 1391 3571 Nam
1415 3531 1533 3586 qua:
1544 3514 1655 3586 jam
1682 3514 1820 3569 facta
1851 3522 2025 3579 erant,

446 3612 709 3680 insignem
739 3617 793 3663 et
832 3608 1118 3678 plurimam
1152 3607 1371 3677 virginis
1409 3606 1716 3661 indicabant
1753 3605 2024 3659 virtutem.

449 3702 512 3754 Et
538 3701 654 3755 ideo
681 3713 1029 3754 remunerans
1052 3698 1169 3769 ejus
1189 3697 1547 3753 obedientiam
1570 3705 1622 3751 et
1648 3711 1800 3766 aqua:
1826 3694 2029 3749 submi-

445 3794 838 3856 nistrationem,
871 3790 1224 3860 circumponit
1251 3791 1335 3857 ei,
1367 3788 1558 3859 inquit,
1586 3788 1675 3842 22.
1700 3785 1917 3841 Inaures
1938 3803 2031 3840 au-

447 3904 559 3941 reos
579 3895 625 3940 et
654 3886 784 3939 duas
805 3885 1052 3950 armillas,
1080 3890 1134 3939 et
1158 3883 1441 3952 diligenter
1460 3879 1791 3944 addiscebat,
1816 3894 1936 3949 quae
1962 3878 2029 3933 ad

446 3981 614 4050 ipsam
645 3979 1009 4049 pertinerent,
1032 3984 1089 4031 et
1114 3976 1372 4045 rogabat,
1401 3974 1493 4028 25.
1518 3971 1677 4042 Cujus
1703 3986 1754 4025 es
1785 3972 1930 4039 ﬁlia?
1953 3979 2029 4035 et,

450 4071 592 4127 Num
611 4080 681 4125 est
706 4071 844 4139 apud
873 4079 1068 4137 patrem
1091 4076 1230 4119 tuum
1256 4065 1393 4118 locus
1413 4062 1717 4117 diversorii?
1739 4060 2029 4115 Considera

450 4173 505 4218 ct
538 4163 625 4217 hic
664 4161 854 4231 puella:
880 4172 1215 4229 responsum.
1244 4156 1376 4210 Nam
1405 4159 1543 4209 sicut
1568 4168 1688 4207 cum
1719 4166 1909 4220 aquam
1942 4165 2034 4220 pe-

451 4263 608 4321 teret,
631 4269 737 4308 non
765 4253 939 4307 solum
957 4266 1075 4306 eam
1101 4249 1278 4315 dedit,
1308 4247 1403 4303 sed
1424 4257 1477 4302 et
1500 4245 1735 4301 camelos
1765 4243 1907 4299 illius
1934 4260 2030 4313 po-

450 4346 581 4401 tavit
614 4361 627 4399 :
658 4344 731 4398 ita
756 4350 809 4398 et
836 4343 920 4397 hic
940 4383 955 4406 ,
987 4349 1211 4410 rogante
1234 4354 1391 4393 servo
1409 4380 1425 4405 ,
1452 4352 1577 4391 num
1601 4343 1744 4390 esset
1768 4336 1917 4389 locus
1936 4375 1951 4401 ,
1982 4342 2037 4389 et

447 4438 602 4506 cujus
632 4442 777 4491 esset
804 4434 911 4488 ﬁlia
936 4475 952 4500 ,
980 4432 1189 4503 inquit,
1217 4431 1306 4485 24.
1334 4428 1475 4484 Filia
1501 4444 1612 4483 sum
1651 4426 1916 4482 Bathuelis
1940 4427 2036 4496 ﬁlii

452 4528 703 4591 Melo/ue,
732 4542 876 4597 quem
903 4524 1094 4595 peperit
1122 4522 1221 4592 ipsi
1250 4519 1481 4576 Nachor.
1513 4519 1649 4574 Dicit
1677 4528 1731 4574 et
1755 4528 1959 4588 patrem
1983 4528 2037 4572 et

448 4635 605 4675 avum
630 4659 645 4686 ,
675 4627 734 4671 ut
773 4617 881 4673 illis
908 4615 1134 4686 cognitis
1161 4614 1253 4668 fiat
1297 4611 1543 4667 alacrior.
1575 4609 1706 4665 Vide
1748 4609 2036 4664 candorem

449 4712 662 4782 puellae.
693 4711 768 4766 De
796 4717 950 4781 patre
971 4717 1208 4778 rogatur,
1239 4713 1294 4761 et
1321 4721 1425 4759 non
1453 4704 1627 4759 solum
1656 4701 1795 4755 hunc
1816 4700 2035 4759 indicat.

448 4802 546 4858 sed
591 4812 646 4857 et
676 4811 881 4871 patrem
908 4802 1093 4871 patris.
1125 4798 1192 4853 Et
1216 4812 1336 4853 cum
1366 4802 1608 4866 rogasset
1634 4807 1822 4848 servus
1864 4791 2038 4845 solum

450 4912 519 4951 an
560 4903 703 4951 esset
748 4894 899 4949 locus
946 4891 1246 4948 divertendi
1276 4933 1288 4955 ,
1320 4890 1406 4944 illa
1444 4883 1825 4943 addidit:Non
1866 4884 2038 4939 solum

452 4989 625 5052 locus,
651 4984 743 5039 sed
764 4984 855 5039 25.
881 4983 948 5039 Et
971 4989 1157 5054 [cenam
1179 4995 1224 5035 et
1253 4980 1492 5051 pabtthtm
1518 4978 1734 5032 multum
1760 4975 1899 5045 apud
1923 4991 2035 5028 nos.

455 5076 581 5133 limo
624 5088 683 5131 ut
711 5077 913 5131 audivit
937 5088 1154 5141 servus,
1179 5074 1471 5127 admiratus
1512 5082 1596 5127 est
1637 5071 1825 5124 miram
1855 5078 1909 5122 et
1936 5067 2040 5121 lar-

455 5185 576 5239 gam
617 5168 809 5239 puella:
855 5165 1300 5235 hospitalitatem.
1350 5165 1413 5219 Et
1439 5172 1496 5216 ut
1536 5162 1720 5216 didicit
1748 5176 1807 5215 se
1838 5175 1943 5213 non
1974 5156 2041 5211 ad

459 5264 670 5331 ignotos
700 5258 964 5330 quosdam
984 5256 1229 5321 venisse,
1259 5255 1352 5310 sed
1386 5255 1439 5307 in
1468 5253 1685 5307 domum
1718 5248 1931 5306 Nachor
1954 5248 2042 5318 qui

459 5346 624 5407 lrater
644 5362 760 5408 erat
779 5349 1113 5422 patriarchae,
1144 5348 1235 5403 26.
1271 5344 1383 5401 Hoc
1404 5363 1519 5400 cum
1544 5346 1778 5416 probaret
1799 5386 1813 5411 ,
1839 5340 2040 5413 inquit,

459 5449 607 5500 homo
637 5446 867 5500 adoravit
897 5443 1195 5498 Dominum.
1236 5439 1576 5495 Exhilaratus
1601 5437 1667 5491 iis
1696 5448 1812 5505 qum
1842 5447 2045 5503 cogno-

456 5549 612 5595 verat
635 5581 650 5605 ,
678 5547 731 5594 et
761 5540 826 5593 iis
857 5552 974 5608 quae
1017 5535 1117 5607 ipsi
1141 5535 1313 5604 puella
1340 5532 1567 5598 dixerat,
1598 5530 1842 5583 Adoravit
1870 5526 2048 5581 Domi-

461 5646 602 5696 num,
636 5632 937 5701 gratiaSQuc
983 5630 1055 5685 illi
1095 5628 1201 5699 egit
1226 5668 1245 5695 ,
1270 5641 1337 5683 eo
1364 5622 1505 5697 quod
1533 5624 1583 5679 in
1613 5619 1966 5692 patriarcltem
1991 5627 2046 5674 et

1120 210 1179 267 S.
1209 212 1485 271 JOANNIS
1520 217 1995 275 CHRYSOSTUMI
2026 221 2341 279 ARClllEP.
2382 225 2914 285 CONSTANTINOP.

3555 234 3664 290 ιω

2086 336 2140 390 in
2170 352 2227 392 se
2258 348 2456 395 tantam
2497 341 2822 398 declarasset
2846 343 3231 414 providentiam
3250 385 3265 410 ,
3297 354 3351 399 et
3378 346 3517 416 quod
3544 364 3665 401 om-

2084 426 2170 480 nia
2201 428 2353 496 plana
2383 439 2437 483 et
2476 428 2645 485 facilia
2679 433 2749 490 illi
2778 434 3131 489 reddidisset:
3161 446 3214 489 et
3241 435 3374 490 dixit
3403 452 3416 488 :
3442 438 3529 490 27.
3562 436 3665 492 Be-

2085 516 2309 571 nedictus
2338 516 2581 575 Dominus
2611 518 2746 575 Deus
2784 523 2975 576 domini
3004 525 3099 578 mei
3124 525 3377 578 Abraham
3402 568 3416 591 ,
3448 529 3533 596 qui
3560 545 3662 582 non

2086 605 2290 660 abstulit
2307 609 2565 678 justitiam
2590 628 2737 664 suam
2756 623 2800 666 et
2822 614 3073 667 veritatem
3089 632 3121 668 a
3145 616 3349 668 domino
3368 616 3495 669 meo.
3520 616 3666 672 Post-

2089 711 2245 765 quam
2282 696 2412 753 vidit
2454 700 2642 769 puella:
2690 701 3149 767 benevolentiam,
3182 715 3237 759 et
3277 706 3344 760 ab
3393 721 3454 760 ea
3486 708 3665 760 omnia

2090 788 2369 843 manifeste
2395 789 2607 853 didicit.
2641 802 2767 847 tunc
2809 803 2863 848 et
2903 794 3017 863 ipse
3045 795 3234 864 puellm
3260 796 3525 866 significat
3548 800 3670 868 quis

2092 888 2235 951 esset
2264 897 2278 932 :
2308 888 2361 934 et
2391 896 2484 949 per
2514 884 2800 951 gratiarum
2840 885 3104 939 actionem
3140 885 3192 939 in
3218 884 3383 940 Deum
3412 888 3586 957 palam
3617 890 3670 943 ei

2096 967 2218 1022 facit
2244 984 2302 1023 se
2329 986 2434 1024 non
2456 986 2521 1025 ex
2566 972 2738 1027 aliena
2766 973 2926 1029 domo
2952 976 3163 1042 venire,
3191 979 3285 1031 sed
3320 976 3540 1034 fratrem
3566 981 3671 1033 Na-

2094 1056 2273 1111 choris
2293 1074 2413 1115 esse
2440 1076 2560 1115 eum
2590 1063 2677 1132 qui
2707 1062 2810 1117 huc
2836 1078 2894 1118 se
2932 1065 3187 1120 misisset.
3221 1058 3345 1122 Haec
3366 1067 3453 1121 ubi
3490 1068 3675 1124 didicit

2096 1146 2188 1201 9.8.
2218 1147 2431 1214 Puella,
2464 1166 2583 1206 cum
2634 1169 2822 1222 magna
2856 1155 3157 1224 voluptate,
3184 1160 3442 1224 cucurrit,
3481 1159 3672 1230 inquit.

2098 1235 2233 1291 Vide
2260 1239 2525 1308 quomodo
2556 1242 2608 1295 in
2636 1242 2857 1313 singulis
2903 1240 3139 1301 declaret
3188 1247 3342 1303 nobis
3394 1248 3675 1317 hOSpitali-

2100 1329 2223 1382 tatis
2268 1329 2591 1387 alacritatem
2619 1373 2634 1399 ,
2662 1348 2819 1389 cursu
2838 1374 2853 1398 ,
2887 1336 3061 1391 verbis
3080 1379 3093 1400 ,
3128 1340 3551 1393 mansuetudine.
3579 1341 3682 1394 Cu-

2102 1417 2257 1471 currit
2284 1420 2424 1473 enim
2446 1462 2460 1487 ,
2488 1420 2679 1490 inquit,
2707 1432 2753 1476 et
2778 1426 3090 1478 annuntiavit
3116 1427 3167 1480 in
3197 1428 3345 1481 domo
3375 1430 3549 1483 matris
3576 1446 3683 1483 sine

2093 1510 2245 1580 juxta
2264 1510 2410 1563 verba
2435 1513 2561 1566 hare.
2592 1512 2777 1568 Omnia
2795 1532 2908 1584 quin
2931 1518 3190 1571 audiverat
3219 1536 3249 1572 a
3280 1535 3463 1584 servo,
3492 1537 3685 1590 paren-

2105 1598 2247 1653 tibus
2291 1600 2624 1671 signiﬁcavil.
2664 1602 2755 1658 29.
2799 1603 2866 1658 Et
2901 1609 3152 1671 cucurrit,
3177 1609 3384 1679 inquit,
3417 1609 3593 1665 Laban
3617 1617 3685 1666 ad

2106 1691 2356 1747 hominem
2388 1696 2528 1765 foras
2553 1695 2621 1748 ad
2640 1695 2849 1766 fontem.
2876 1696 3009 1753 Vide
3038 1700 3304 1767 quomodo
3330 1713 3383 1755 et
3412 1700 3497 1756 hic
3524 1718 3687 1757 cursu

2107 1782 2429 1839 desiderium
2458 1800 2613 1841 suum
2642 1796 2901 1843 monstret
2927 1790 2997 1859 (v.
3032 1790 3147 1858 50).
3179 1790 3247 1844 Ει
3272 1802 3325 1845 ιιι
3349 1792 3479 1846 vidit
3512 1793 3689 1847 homi-

2110 1890 2231 1929 nem
2262 1884 2488 1931 stantem
2510 1876 2651 1947 apud
2690 1876 2890 1933 fontem
2912 1895 3031 1934 cum
3053 1882 3271 1936 camelis
3295 1924 3310 1950 ,
3331 1883 3420 1937 51.
3441 1882 3581 1936 Dixit
3599 1884 3642 1937 ei
3669 1900 3689 1937 :

2120 1961 2265 2033 Veni,
2292 1966 2572 2036 ingredere;
2601 1966 2886 2024 benedictus
2911 1969 3155 2024 Dominus
3176 1986 3299 2025 :cur
3322 1974 3447 2043 [oris
3468 1973 3645 2027 stetisti
3663 1972 3691 2028 .’

2111 2052 2224 2126 Ego
2247 2056 2473 2126 disposui
2486 2059 2689 2112 domum
2710 2069 2756 2113 et
2777 2060 2941 2113 locum
2960 2062 3182 2115 camelis.
3202 2059 3331 2117 Vide
3344 2072 3396 2116 et
3424 2063 3562 2118 hunc
3593 2064 3693 2118 he-

2113 2149 2445 2204 nedicentem
2469 2150 2635 2205 Deum
2662 2151 2713 2205 in
2745 2151 2978 2207 adventu
3011 2153 3309 2224 peregrini,
3347 2163 3399 2208 et
3424 2155 3691 2225 quomodo

2114 2247 2396 2309 antequam
2425 2238 2845 2309 hospitalitatem
2877 2243 3124 2312 impleret
3148 2259 3327 2313 opere,
3363 2244 3542 2298 multis
3571 2261 3691 2299 eum

2117 2329 2359 2384 hortatus
2386 2339 2487 2385 est.
2526 2329 2671 2395 Veni,
2699 2332 2886 2403 inquit,
2918 2332 3180 2402 ingredere
3209 2349 3227 2386 :
3249 2333 3357 2403 jam
3384 2334 3527 2388 enim
3558 2332 3695 2388 Prte-

2118 2422 2292 2490 paravi
2316 2421 2517 2475 domum
2556 2430 2600 2475 et
2627 2422 2791 2475 locum
2811 2424 3036 2477 camelis.
3066 2423 3267 2479 Deinde
3310 2425 3553 2495 ingresso
3584 2440 3650 2481 eo
3676 2468 3693 2493 ,

2119 2509 2289 2581 inquit
2319 2530 2333 2566 :
2364 2510 2453 2566 52.
2482 2509 2733 2566 Destravit
2775 2514 2993 2567 camelos
3038 2523 3085 2568 et
3132 2515 3266 2569 dedit
3294 2517 3465 2585 paleas
3487 2557 3505 2585 ,
3535 2518 3581 2572 et
3600 2519 3694 2588 [ω-

2118 2617 2257 2669 num,
2281 2612 2327 2656 et
2351 2619 2563 2673 aquam,
2589 2612 2646 2657 ut
2673 2603 2959 2658 lavarentur
2986 2606 3135 2676 pedes
3162 2607 3289 2676 ejus.

2192 2694 2246 2749 5.
2276 2694 2405 2749 Vide
2426 2695 2693 2766 quomodo
2719 2695 2879 2766 hiqni
2918 2696 3093 2751 adhuc
3136 2712 3320 2751 errore
3367 2696 3699 2763 tenebantur,

2122 2800 2366 2854 magnam
2390 2785 2762 2855 hospitalitatis
2779 2802 2960 2841 curam
2975 2787 3218 2857 agebant.
3246 2787 3310 2841 Et
3333 2788 3469 2841 dedit
3493 2806 3700 2859 aquam,

2124 2887 2180 2931 ut
2208 2878 2500 2932 lavarentur
2525 2878 2675 2950 pedes
2703 2880 2832 2949 ejus,
2859 2890 2905 2934 et
2933 2881 3083 2948 pedes
3112 2881 3336 2934 virorum
3366 2896 3453 2951 qus
3492 2897 3606 2933 cum
3645 2898 3704 2934 eo

2125 2978 2286 3023 erant.
2316 2970 2404 3024 55.
2438 2968 2503 3024 Et
2524 2973 2761 3040 apposuit
2786 2972 2854 3025 eis
2881 2988 3036 3041 panes
3074 2973 3144 3025 ad
3182 2973 3563 3026 comedendum.
3598 2971 3703 3027 Sed

2129 3062 2215 3116 hic
2258 3062 2492 3127 attende,
2547 3063 2792 3130 obsecro,
2839 3066 3080 3133 magnam
3131 3061 3310 3117 famuli
3352 3062 3703 3132 prudentiam.

2128 3144 2263 3219 Quid
2285 3152 2425 3207 enim
2449 3153 2558 3207 ait?
2579 3151 2702 3207 Non
2722 3153 3000 3218 comedam,
3021 3154 3180 3207 donec
3203 3153 3382 3222 loquar
3401 3153 3549 3207 verba
3573 3170 3703 3206 mea.

2129 3241 2236 3296 Vos
2266 3243 2498 3313 quidem,
2525 3244 2713 3313 inquit,
2741 3242 2974 3297 officium
2997 3251 3234 3299 vestrum
3286 3245 3338 3298 in
3362 3258 3448 3299 me
3503 3244 3709 3313 przesti-

2129 3332 2268 3386 tistis
2298 3351 2311 3386 :
2342 3348 2440 3403 ego
2468 3342 2643 3388 autem
2674 3349 3006 3403 nequaquam
3037 3342 3190 3388 antea
3215 3334 3409 3405 quietis
3433 3349 3567 3388 mete
3618 3349 3709 3387 ra-

2132 3429 2329 3483 tionem
2351 3428 2578 3494 habebo,
2622 3429 2794 3484 donec
2815 3444 3028 3483 causam
3056 3444 3148 3482 vos
3179 3428 3410 3483 docuero
3433 3469 3448 3491 ,
3495 3437 3712 3497 propter

2130 3537 2288 3592 quam
2310 3522 2363 3576 in
2394 3521 2532 3577 hanc
2552 3522 2689 3575 viam
2717 3520 2815 3576 sim
2839 3521 3054 3588 missus,
3087 3529 3141 3575 et
3168 3535 3334 3591 quare
3354 3535 3385 3575 a
3412 3518 3709 3574 Chananwa

2134 3614 2239 3671 huc
2266 3614 2525 3679 venerim,
2549 3625 2603 3669 et
2619 3612 2888 3685 quomodo
2908 3613 2961 3668 in
2989 3613 3205 3667 domum
3225 3622 3455 3667 vestram
3485 3611 3589 3665 huc
3614 3611 3713 3665 du-

2133 3715 2250 3759 ctus
2276 3706 2398 3768 sim,
2430 3719 2493 3759 ac
2521 3720 2640 3759 cum
2686 3704 2862 3758 omnia
2891 3702 3201 3767 didieeritis,
3230 3710 3356 3756 tunc
3391 3709 3446 3755 et
3472 3716 3566 3754 vos
3616 3716 3708 3755 ve-

2133 3807 2297 3852 stram
2323 3812 2446 3866 erga
2472 3796 2747 3851 dominum
2776 3811 2951 3851 meum
2987 3794 3410 3849 benevolentiam
3441 3793 3714 3848 declarare

2136 3888 2394 3961 poteritis.
2423 3886 2895 3956 Narrationemque
2921 3900 3077 3939 orsus
3102 3885 3172 3938 ait
3194 3900 3206 3936 :
3225 3885 3314 3938 54.
3341 3884 3528 3938 Servus
3556 3882 3716 3935 Abra-

2135 3983 2215 4035 hte
2241 3996 2352 4035 sum
2375 3996 2467 4050 ego
2493 3996 2512 4033 :
2542 3979 2629 4034 55.
2661 3977 2910 4032 Dominus
2953 3988 3119 4031 autem
3164 3977 3413 4031 benedixit
3459 3976 3716 4029 dominum

2136 4088 2299 4127 meum
2326 4072 2491 4137 valde,
2525 4080 2571 4125 et
2602 4070 2739 4123 dedit
2757 4069 2802 4122 ei
2826 4070 2843 4100 ί
2877 4085 2991 4123 oves
3035 4080 3081 4122 et
3122 4068 3324 4131 vitulos,
3352 4084 3533 4120 aurum
3560 4077 3604 4119 et
3636 4082 3718 4118 ar-

2136 4177 2358 4239 gentum,
2392 4179 2560 4217 servos
2580 4173 2627 4216 et
2656 4162 2891 4227 ancillas,
2923 4161 3139 4214 camelos
3183 4170 3230 4215 et
3272 4161 3461 4214 asinos.
3520 4159 3607 4214 56.
3656 4157 3719 4211 Et

2138 4257 2329 4329 peperit
2357 4254 2520 4310 Sarra
2540 4269 2668 4307 uxor
2688 4252 2878 4306 domini
2895 4253 2989 4305 mei
3009 4252 3172 4320 ﬁlium
3190 4268 3347 4304 unum
3364 4250 3567 4303 domino
3588 4265 3717 4313 meo,

2138 4366 2253 4402 cum
2278 4349 2388 4419 ipse
2405 4347 2521 4416 jam
2551 4345 2814 4409 senuisset,
2846 4352 2895 4396 et
2924 4343 3060 4395 dedit
3082 4342 3160 4395 illi
3188 4342 3358 4395 omnia
3404 4354 3721 4409 quacumque

2141 4440 2335 4493 habuit.
2359 4438 2490 4491 Vide
2515 4436 2783 4508 quomodo
2802 4450 2922 4489 cum
2942 4433 3211 4504 diligentia
3238 4433 3413 4486 omnia
3429 4433 3505 4486 eis
3520 4439 3720 4483 narrat.

2142 4531 2290 4586 Illius
2318 4544 2457 4593 sum,
2504 4528 2696 4598 inquit,
2728 4523 2957 4581 Abrahae
2981 4540 3188 4590 servus,
3215 4538 3374 4592 quem
3408 4524 3593 4576 nostEs.
3631 4521 3723 4574 Di-

2142 4624 2274 4678 scite
2306 4622 2482 4691 itaque
2507 4629 2756 4689 quantam
2782 4618 2850 4670 ab
2877 4617 3114 4670 onmium
3144 4614 3367 4669 Domino
3395 4604 3724 4667 benedictio-

2144 4732 2267 4772 nem
2291 4723 2649 4785 consequutus
2671 4712 2760 4775 sit,
2789 4709 2860 4764 ita
2892 4719 2949 4763 ut
2980 4707 3131 4761 valde
3157 4707 3224 4760 sit
3253 4707 3469 4759 ditatus.
3525 4703 3724 4759 Deinde

2144 4809 2341 4864 docens
2369 4807 2669 4861 divitiarum
2721 4801 2948 4869 cupiam,
3006 4797 3211 4866 inquit:
3250 4794 3377 4849 Oves
3419 4804 3465 4847 et
3516 4793 3724 4857 vitulos,

2145 4910 2408 4970 argentum
2429 4908 2476 4952 et
2505 4910 2709 4959 aurum,
2736 4908 2901 4946 servos
2932 4902 2981 4944 et
3005 4886 3243 4951 ancillas,
3261 4886 3481 4940 camelos
3499 4894 3544 4938 et
3558 4885 3725 4937 asinos

2146 4992 2444 5065 acquisivit.
2475 4989 2690 5051 Audite,
2716 4985 2932 5049 divites,
2961 4982 3048 5051 qui
3072 4990 3149 5035 tot
3174 4991 3229 5035 et
3251 4977 3575 5049 totquotidie
3596 4975 3730 5065 emi-

2147 5088 2214 5140 tis
2236 5082 2454 5154 praedia,
2482 5090 2537 5135 et
2569 5076 2755 5132 balnea
2794 5090 2856 5129 ac
2896 5070 3267 5129 deambulacra
3319 5080 3372 5125 et
3427 5064 3733 5138 splendidas

2149 5175 2337 5235 donius
2363 5172 2658 5228 ardificatis.

2220 5267 2423 5324 Divitiae
2443 5281 2544 5319 non
2584 5261 2637 5315 in
2676 5258 2948 5330 super/luis
2973 5252 3342 5325 impendendus.
3383 5279 3455 5291 ——
3482 5246 3685 5302 Videtis
3716 5285 3732 5311 ,

2150 5361 2203 5417 in
2234 5358 2426 5431 quibus
2449 5353 2646 5410 divitiae
2668 5349 2799 5423 justi
2840 5348 3036 5404 fuerint
3074 5342 3417 5404 constitutae?
3464 5338 3730 5407 Nusquam

2213 5492 2231 5519 ¹
2260 5488 2344 5537 Sic
2367 5486 2516 5534 etiam
2540 5480 2589 5530 in
2613 5480 2765 5529 Savil.
2805 5478 2861 5527 lu
2900 5481 3043 5525 textu
3065 5487 3194 5538 vero
3216 5468 3531 5538 septuaginta
3566 5467 3729 5525 Inter-

2151 5532 2345 5613 [πριιιίῇ
2367 5532 2453 5595 ἣίὸ
2472 5545 2679 5613 eil'ertur
2697 5553 2901 5613 sensus,
2958 5532 3550 5613 .’.ABene(‘tifit"_llornitt‘ttttt
3572 5538 3733 5582 meum

2150 5596 2311 5671 i'aldc,
2334 5596 2379 5661 ct
2403 5606 2645 5659 cxuttatus
2666 5608 2737 5655 est
2762 5603 2861 5664 (mi
2885 5600 3096 5660 ὑψώθη),
3118 5602 3161 5647 ct
3183 5596 3317 5646 dedit
3340 5596 3404 5655 ei,
3431 5600 3527 5642 etc.
