4150 6276
274 295 382 351 ιδο

269 410 385 463 ἴστε
415 411 493 463 ὅτι
526 412 709 466 πολλοὶ
753 416 847 469 καὶ
886 416 1077 489 ἄνδρες
1115 418 1266 483 ὄντες
1304 421 1621 477 ὰνανεύουσι
1670 426 1930 489 πολλάκις

268 498 408 569 πρὸς
432 498 528 557 τὰς
556 500 810 565 τοιαύτας
844 506 1123 575 αἰτήσεις;
1160 508 1270 561 Καὶ
1304 509 1357 560 τί
1382 508 1527 578 λέγω
1565 511 1701 582 πρὸς
1742 511 1931 578 ὓδατος

265 587 551 655 παροχήνς
581 587 783 640 Ἐνίοτε
813 590 974 660 δᾷδας
999 593 1337 662 κατέχοντες,
1368 597 1461 649 καὶ
1507 596 1612 650 ὑπὸ
1656 598 1763 651 τῶν
1798 618 1933 671 παρ-

267 678 459 719 ιοντων
507 670 1015 741 παρακαλούμενοι,
1052 674 1192 728 ὥστε
1236 682 1535 748 παρασχεῖν
1575 678 1746 751 βραχὺ
1794 670 1926 735 ἀνα-

268 755 484 820 μεῖναι,
529 756 617 808 ’ίνα
660 756 850 826 λύχνον
878 760 1153 829 άνάψωσιν
1178 804 1193 829 ,
1228 765 1348 817 οὐδὲ
1372 765 1530 819 τοῦτο
1578 768 1800 837 ποιῆσαι
1835 771 1927 823 άν-

263 835 501 906 έχονται,
527 842 621 893 καὶ
649 842 821 894 ταῦτα
848 844 940 896 τοῦ
977 847 1144 917 πυρὸς
1180 848 1431 919 οὐδεμίαν
1461 849 1751 905 ἐλάττωσιν
1794 856 1927 906 ὑπο-

266 1108 455 1162 ρουσα,
502 1097 561 1148 οὐ
619 1098 777 1167 μόνον
830 1101 928 1154 οὐκ
973 1102 1300 1176 ἐδυσχέρανε
1364 1107 1499 1177 πρὸς
1541 1108 1639 1179 τὴν
1685 1109 1920 1181 αἴτησιν,

262 1179 399 1234 ἀλλά
457 1184 551 1236 καὶ
604 1186 1040 1256 ἐπιδαψιλεύεται
1096 1195 1162 1262 τῇ
1219 1194 1470 1264 αἰτήσει,
1525 1195 1621 1249 καὶ
1663 1196 1724 1249 τὸ
1758 1179 1922 1252 ποτὸν

260 1266 512 1337 παρέχει,
566 1272 659 1323 καὶ
707 1274 765 1339 ἐξ
818 1275 1023 1339 οἰκείας
1054 1277 1277 1349 γνώμης
1327 1282 1420 1335 καί
1478 1284 1598 1346 ταῖς
1652 1286 1921 1356 καμήλοις

261 1350 623 1424 ὑδρεύσασθαι
680 1361 974 1428 ἐπείγεται.
1050 1364 1110 1416 '0
1163 1366 1271 1437 γὰρ
1351 1350 1738 1441 φιλάνθρωπος-
1787 1350 1920 1437 Θεὸς

258 1442 547 1508 ἐπινεύσας
577 1450 696 1509 ταῖς
728 1448 821 1501 τοῦ
862 1450 1199 1524 πατριάρχου
1235 1461 1557 1527 προσευχαῖς
1580 1500 1595 1523 ,
1636 1461 1727 1512 τὸν
1757 1462 1920 1530 ἄγγε-

256 1527 347 1581 λον
395 1530 557 1584 αὐτοῦ
611 1534 957 1605 προπέμψας,
1003 1538 1215 1592 ἅπαντα
1257 1540 1428 1594 ταῦτα
1473 1542 1788 1615 ᾠκονόμησε
1826 1565 1919 1617 γε·

256 1613 441 1669 νέσθαι
468 1658 481 1679 ,
512 1620 604 1671 καὶ
633 1620 880 1693 καθάπερ
910 1623 1110 1695 ᾔτησεν
1139 1628 1167 1679 6
1196 1630 1321 1690 παῖς
1339 1666 1355 1691 ,
1394 1628 1565 1694 οὕτως
1595 1613 1806 1687 ἅπαντα
1837 1613 1917 1700 εἰς

254 1702 417 1773 ἔργον
466 1706 707 1777 ἐξῆλθεν.
763 1706 897 1762 Εἶτα
946 1712 1132 1783 ἐπειδὴ
1182 1708 1289 1766 εἶδε
1325 1715 1411 1769 διά
1448 1716 1557 1771 τῶν
1599 1718 1776 1790 ἔργων
1814 1724 1913 1793 τὴν

253 1790 534 1859 ἐνέργειαν
580 1793 687 1849 τῶν
732 1797 907 1867 εὐχῶν
951 1798 1045 1851 τοῦ
1105 1803 1444 1874 πατριάρχου
1473 1845 1489 1871 ,
1524 1807 1618 1859 καὶ
1651 1790 1910 1881 ἐπέτυχε,

253 1882 509 1954 καθάπερ
550 1885 847 1956 ἐπεθύμει,
886 1889 986 1959 τῆς
1023 1889 1227 1961 κόρης,
1271 1893 1364 1946 καί⁹
1410 1889 1547 1948 εἶδεν
1595 1897 1767 1967 αὐτῆς
1813 1902 1913 1970 τὴν

250 1968 696 2039 ὑπερϐάλλουσαν
751 1973 1075 2042 φιλοξενίαν.
1102 1978 1411 2033 Ἕσπευσε
1442 1981 1570 2053 γὰρ,
1612 1985 1768 2055 φησὶ,
1812 1968 1913 2040 καί

244 2052 581 2117 ἐξεκένωσε
628 2057 747 2126 τὴν
808 2059 1025 2129 ὑδρίαν
1076 2066 1164 2128 εἰς
1213 2064 1281 2117 τὸ
1333 2052 1720 2137 ποτιστήριον
1748 2111 1765 2137 ,
1811 2074 1912 2127 καί

245 2138 502 2210 ἔδραμεν
514 2144 612 2226 ἐπὶ
629 2146 695 2197 τὸ
708 2148 893 2213 φρέαρ
904 2148 1225 2216 ἀντλῆσαι,
1240 2152 1337 2204 καί
1348 2151 1681 2219 ὑδρεύσατο
1688 2157 1912 2226 πάσαις

242 2222 377 2287 ταῖς
414 2223 729 2293 καμήλοις.
761 2227 905 2298 Ὂρα
941 2229 1041 2300 τὴν
1075 2230 1380 2301 προθυμίαν
1409 2233 1561 2306 [486]
1588 2222 1910 2311 ἐπιτεταμέξ

242 2324 362 2377 νην.
404 2310 477 2361 Τὸ
511 2310 973 2381 γάρ,Ἕσπευσε,
1018 2316 1116 2369 καί
1152 2316 1485 2380 ἐξεκένωσε
1520 2322 1635 2391 τὴν
1672 2326 1907 2394 ὑδρίαν,

242 2394 345 2446 καὶ
384 2394 640 2464 ἔδραμεν
688 2398 789 2452 ἐπὶ
838 2399 906 2453 τὸ
948 2401 1154 2470 φρέαρ,
1199 2404 1437 2459 δείκνυσι
1474 2410 1573 2480 τῆς
1600 2412 1768 2483 κόρης
1810 2415 1907 2485 τὴν

243 2479 452 2548 ἄφατον
486 2482 796 2555 προθυμίαν
820 2501 836 2517 ο
871 2488 952 2540 ὅτι
994 2488 1117 2542 οὐτε
1154 2492 1246 2554 ὡς’
1272 2492 1394 2565 ξένη
1440 2479 1743 2567 ἀπέφυγεν,
1782 2479 1905 2555 οὐτε

246 2568 519 2636 προφάσει
547 2570 647 2640 τῆς
692 2573 1045 2644 σωφροσύνης
1081 2576 1333 2632 ἀνένευσε
1379 2582 1514 2652 πρὸς
1543 2585 1641 2655 τήν
1670 2587 1901 2655 αἴτησιν,

239 2652 378 2706 ἀλλά
439 2655 578 2725 μετὰ
653 2657 853 2730 πολλῆς
906 2661 1206 2728 ἐπιεικείας
1270 2668 1444 2738 φησὶ,
1508 2652 1654 2737 Πίε,
1715 2652 1900 2746 κύριε.

253 2740 531 2811 Ἐννόησον
592 2761 681 2814 μοι
722 2748 779 2801 ἐν
818 2747 999 2820 ἡλικίᾳ
1039 2750 1261 2824 τοιαύτῃ
1313 2756 1453 2827 πόση
1492 2760 1585 2812 καὶ
1624 2740 1903 2835 σωφροσύ-

237 2844 337 2894 νης
352 2829 625 2898 ἀκρίϐεια,
654 2834 747 2886 καὶ
779 2839 1276 2910 ταπεινοφροσύνης
1312 2843 1601 2916 ὑπερϐολὴ,
1634 2829 1725 2903 καί
1745 2829 1902 2920 *φιλοο

235 2911 419 2977 ξενίας
446 2915 716 2980 ἐπίτασις,
759 2920 932 2973 Πόσου
962 2922 1193 2977 πλούτου
1224 2927 1353 2994 γοῦν
1380 2911 1479 2984 οὐκ
1506 2911 1579 2986 ἂν.
1604 2935 1688 3007 εἰη
1724 2911 1901 2994 ταῦτα

232 2998 534 3070 τιμιώτερα
558 3018 572 3068 ;
606 3003 785 3058 πόσων
815 3005 1102 3079 θησαυρῶν
1120 3011 1296 3067 ταῦτα
1315 3017 1416 3069 οὐκ
1436 3017 1503 3071 ἂν
1531 2998 1899 3096 προτίμότερά

231 3101 317 3182 τις
344 3088 636 3182 ήγήσαιτο;
676 3091 843 3182 Τοῦτο
887 3096 919 3164 ή
973 3096 1201 3168 μεγίστη
1237 3101 1413 3169 προὶξ,
1440 3088 1594 3159 τοῦτο
1622 3088 1707 3160 τὰ-
1729 3088 1897 3182 μυρία

231 3172 434 3266 ἀγαθᾳά,
466 3176 495 3226 6
523 3173 793 3248 θησαυρὸς
875 3182 1141 3251 μηδέποτε
1162 3185 1561 3259 δαπανώμενος.
1592 3172 1764 3266 Ὀρῶίν
1783 3172 1896 3251 τοί.

229 3273 327 3309 νυν
372 3257 558 3315 λοιπὸν
610 3263 640 3314 ὁ
670 3264 965 3335 εὐγνώμων
1006 3269 1221 3341 οἰκέτης
1277 3257 1482 3347 ἐναργῆ
1510 3280 1604 3332 τοῦ
1632 3257 1767 3335 ὀεοῦ
1796 3284 1893 3356 τὴν

229 3346 509 3416 πρόνοιαν,
534 3351 989 3419 Κατεμάνθανεν
1006 3358 1221 3427 αὐτὴν,
1240 3346 1393 3433 φησὶ,
1416 3346 1515 3419 καί
1546 3346 1894 3437 παρεσιώπα

228 3433 338 3486 τοῦ
362 3434 599 3502 γνῶναι,
629 3441 682 3492 εί
710 3440 984 3497 εὐώδωσε
1010 3442 1230 3513 Κύριος
1273 3449 1391 3519 τὴν
1430 3452 1575 3508 όδὸν
1613 3433 1820 3523 αὑτοῦ,
1850 3460 1890 3529 ἢ

227 3520 322 3573 οὔ.
357 3521 421 3573 Τί
445 3524 580 3589 ἐστι,
608 3526 1063 3595 Κατεμὰνθανεν
1093 3533 1317 3601 αὐτήν;
1349 3538 1496 3592 Αὐτὰ
1546 3542 1617 3595 τά
1669 3520 1891 3615 ῥήματα

224 3606 525 3703 τῆςκκόρηις
554 3613 904 3703 κατενόει,τὸ
939 3615 1177 3689 βλέμμα,
1208 3622 1307 3694 τὴν
1339 3624 1566 3694 βάδισιν,
1596 3606 1886 3703 τὺΙσχῆμα,

226 3696 297 3748 τά
322 3695 455 3748 ἄλλα
488 3696 723 3764 ἅπαντα,
752 3702 843 3753 καὶ
882 3704 1140 3774 ἀνέμενεν
1168 3708 1313 3775 ἰδεῖν,
1367 3713 1436 3765 El
1462 3695 1745 3771 εὐώδει)σέ
1773 3695 1891 3774 λύζ-

218 3799 352 3879 ριρς
377 3783 490 3851 τὴν
521 3785 664 3839 όδόν
706 3789 911 3879 αὐτοῦ,
931 3791 969 3860 ἢ
1023 3794 1115 3847 οὔ.
1150 3796 1229 3849 Τὰ
1262 3798 1361 3867 μὲν
1398 3800 1505 3871 γὰρ
1537 3803 1638 3874 ήδη
1665 3822 1892 3879 γεγενη-

227 3868 388 3938 μένα,
421 3873 573 3941 φησὶ,
604 3874 803 3944 πολλὴν
824 3877 1059 3933 δείκνυσι
1087 3881 1188 3951 τῆς
1211 3884 1378 3955 κόρης
1403 3868 1497 3942 καί
1523 3868 1893 3960 ὑπερϐάλλουο

225 3971 327 4007 σαν
348 3956 447 4023 τὴν
479 3957 700 4030 ἀρετήν.
737 3962 814 4012 Δι’
839 3960 867 4013 ὃ
913 3965 1004 4015 καὶ
1049 3966 1408 4038 ἀμειϐόμενος
1454 3956 1754 4047 αὐτην-τῆς
1782 3980 1889 4032 ὑπ-

221 4040 396 4110 ακοῆς
429 4042 523 4095 καὶ
556 4045 653 4114 τῆς
679 4046 774 4098 τοῦ
806 4046 994 4113 ὓδατος
1026 4055 1290 4124 παροχῆς,
1336 4040 1674 4131 περιτίθησιν
1710 4040 1884 4137 ἀύτῇ,

223 4129 408 4197 φησιν,
461 4127 672 4183 ἐνώτια
695 4131 892 4199 χρυσᾶ
912 4136 1010 4188 καὶ
1042 4136 1151 4191 δύο
1180 4127 1420 4210 ψέλλια,
1447 4146 1541 4198 καὶ
1571 4127 1888 4221 περιειργάέ

221 4214 348 4277 ζετο
378 4216 514 4285 μετὰ
540 4217 827 4306 ἀκριϐείας
849 4219 918 4274 τὰ
946 4224 1066 4276 κατ’
1094 4225 1285 4297 αὑτήν,
1316 4230 1410 4283 καὶ
1438 4214 1656 4302 ἠρώτα,
1716 4214 1887 4306 Ἰίίνος

221 4301 484 4370 θυγάτηρ
506 4298 596 4367 aI;
618 4304 742 4369 ml,
781 4307 852 4360 El
889 4308 1019 4362 ἐστι
1046 4315 1203 4379 παρὰ
1229 4312 1311 4378 τῷ
1332 4298 1511 4385 πατρί
1550 4298 1666 4375 σου
1702 4298 1886 4392 τόπος

220 4386 365 4455 ἡμῖν
381 4390 746 4455 καταλῦσαι;
766 4392 961 4447 Σκόπει
984 4399 1077 4450 καὶ
1099 4399 1333 4454 ἐνταῦθα
1352 4404 1449 4472 τῆς
1464 4404 1629 4477 κόρης
1644 4409 1741 4479 τὴν
1755 4386 1888 4464 ἀπόζ

218 4489 419 4544 κρισιν.
445 4476 707 4547 Καθάπερ
730 4480 838 4551 γάρ
863 4480 954 4534 ἐπὶ
974 4482 1067 4535 τοῦ
1103 4482 1291 4548 ὓδατος
1311 4488 1372 4539 οὐ
1397 4476 1555 4558 μόνον
1582 4492 1643 4546 τὸ
1668 4476 1887 4568 αἰτηθὲν

220 4560 513 4630 παρέσχεν,
539 4563 675 4616 ἀλλά
706 4566 843 4634 μετὰ
868 4566 928 4620 τὸ
962 4571 1105 4621 πιεῖν
1132 4571 1293 4624 αὑτὸν
1335 4574 1427 4627 καὶ
1455 4581 1574 4641 ταῖς
1620 4560 1887 4653 καμήλοις

224 4646 519 4716 ὑδρεύσατο
540 4665 555 4681 ο
589 4650 728 4702 οὑτω
756 4654 846 4704 καὶ
867 4654 1097 4707 ἐνταῦθα
1141 4658 1443 4728 πυθομένου
1484 4664 1577 4718 τοῦ
1604 4646 1808 4735 παιδὸς,
1838 4646 1886 4725 εἰ

217 4733 335 4788 ἔστι
362 4735 520 4804 μόνον
548 4737 728 4801 τόπος.
754 4740 847 4791 καί
875 4741 1016 4803 τίνος
1038 4738 1104 4812 ἦν
1126 4743 1369 4819 θυγάτηρ
1388 4789 1404 4814 ,
1458 4753 1622 4821 φησὶν
1652 4758 1684 4826 ἡ
1714 4733 1848 4827 κόρη
1869 4776 1883 4789 ·

216 4819 489 4890 Θυγάτηρ
512 4823 629 4891 εἰμι
656 4826 935 4894 Βαθουὴλ
974 4828 1079 4881 τοῦ
1103 4830 1367 4901 Μελχᾶς,
1395 4836 1466 4890 ὃν
1492 4819 1700 4894 ἔτεκεν
1727 4819 1886 4911 αὐτῷ

213 4906 447 4975 Ναχώρ.
479 4909 638 4978 Λέγει
666 4914 758 4965 καὶ
781 4913 870 4966 τὸν
892 4915 1103 4987 πατέρα
1128 4919 1221 4970 καὶ
1243 4920 1333 4975 τὸν
1361 4924 1605 4989 πάππον,
1624 4928 1708 4981 ἵνα
1742 4906 1885 4997 γνωλ

215 4996 372 5067 ρίσας
394 5000 599 5062 ἐκεῖνος
628 5000 1046 5088 Δπροθυμότερος
1089 5005 1332 5077 γένηται.
1366 5011 1509 5082 Ὅρα
1530 4996 1882 5088 εὐγνωμοσύ-

213 5099 311 5151 νην
342 5094 368 5122 ι
398 5085 495 5153 τῆς
523 5084 749 5148 παιδόςπ
761 5088 895 5158 Περὶ
924 5088 1017 5142 τοῦ
1046 5094 1249 5163 πατρὸς
1273 5096 1606 5167 ἐρωτηθεῖσα
1628 5102 1688 5154 οὐ
1715 5084 1879 5172 ’μόνον

211 5169 369 5222 τοῦτο
404 5173 786 5243 καταμηνύει,
836 5176 971 5229 ἀλλά
1000 5179 1095 5231 καὶ
1140 5180 1234 5232 τοῦ
1285 5186 1488 5255 πατρὸς
1526 5186 1616 5241 τὸν
1644 5169 1910 5262 πατέρα.”

212 5254 323 5308 Καὶ
354 5255 677 5325 πυθομένου,
712 5262 761 5312 εἰ
791 5258 904 5314 ἔστι
927 5262 1089 5327 τόπος
1114 5266 1274 5334 μόνον
1307 5254 1629 5338 καταλῦσαι,
1677 5254 1841 5347 φησίν
1861 5294 1877 5309 ο

210 5342 281 5395 Οὐ
323 5342 482 5412 μόνον
522 5345 709 5409 τόπος,
761 5347 898 5402 ἀλλὰ
961 5350 1057 5404 καί
1100 5352 1295 5421 ἄχυρα
1342 5358 1441 5410 καὶ
1491 5342 1873 5431 χορτάσματα

214 5432 414 5484 πολλὰ
437 5432 573 5499 παρ’
607 5434 770 5501 ἡμῖν.
803 5435 989 5491 Ταῦτα
1014 5438 1251 5503 ἀκούσας
1281 5444 1309 5494 6
1337 5445 1553 5516 οἰκέτης
1575 5488 1589 5513 ,
1618 5451 1712 5501 καὶ
1744 5449 1875 5503 θαυ-

218 5516 396 5581 μάσας
438 5518 537 5588 τὴν
572 5521 737 5575 παῖδα
763 5523 863 5593 τῆς
906 5523 1161 5594 δαψιλοῦς
1206 5529 1525 5597 φιλοξενίας,
1557 5535 1651 5587 καὶ
1683 5536 1870 5603 μαθὼν

213 5599 285 5663 ὡς
310 5604 372 5656 οὐ
407 5606 543 5675 πρὸς
579 5608 827 5675 άγνῶτάς
853 5627 1005 5676 τινας
1054 5616 1445 5684 παραγέγονεν,
1480 5619 1595 5672 ἀλλ’
1642 5599 1721 5685 εἰς
1773 5623 1869 5695 τήν

271 5691 297 5754 ξ·
320 5690 713 5763 ξύγχωμοσύνην.
737 5696 854 5763 ﬂeet:
878 5710 987 5763 νοτ,
1014 5705 1068 5747 ul
1094 5700 1191 5763 jam
1217 5703 1442 5763 vidimus,
1473 5717 1668 5755 omnem
1691 5690 1865 5758 boum}:

212 5750 594 5827 ςιτξῃιῖᾱθξᾴιιηι
628 5750 883 5827 signiﬁgat.
919 5750 1191 5827 Hi'c_a_ul'em
1226 5750 1316 5827 μευ
1336 5750 1867 5827 εἰιῖέεῙᾶῘ-’έᾶηξίοὲῖῶί

214 5817 258 5855 ει
284 5807 615 5919 ἐφωμὶιηιειη
659 5807 933 5880 ἐίειιίἰῑειιῖε
975 5807 1191 5873 ﬁdem:
1226 5807 1863 5891 Ῠοῖιῖἐ-’ῗιῖίέί-ρνῖξξῖἷίιῖί

213 5878 299 5926 pru
337 5878 525 5924 mitam.

337 5886 525 5923 emtam.

1405 307 1471 362 IN
1510 308 1662 364 CAP.
1706 310 1875 365 XXIV
1902 310 2150 370 GENES.
2192 316 2424 375 HOMIL.
2456 321 2681 378 XLVIII.

3582 334 3689 391 “0

2035 432 2210 486 οἰκίαν
2245 435 2338 488 τοῦ
2358 436 2581 509 Ναχὼρ,
2607 440 2666 502 ὃς
2691 441 2916 511 ἀδελφὸς
2945 435 3013 511 ἦν
3040 444 3134 498 τοῦ
3178 447 3533 517 πατριάρχου,
3570 451 3689 503 Εὐ-

2032 517 2319 587 δοκήσας,
2345 525 2528 594 φησὶν,
2560 530 2594 580 ό
2611 526 2918 596 ἄνθρωπος
2941 546 3360 600 προσεκυνησε
3378 534 3456 600 τῷ
3468 537 3685 603 Κυρίῳ.

2042 604 2256 671 Ἡσθεὶς
2290 609 2382 661 ἐπὶ
2409 614 2520 674 τοῖς
2543 614 2880 681 γνωσθεῖσιν,
2909 619 3003 670 ἐπὶ
3038 622 3151 682 τοῖς
3202 622 3509 691 εἰρημένοις
3537 625 3689 694 παρά

2028 694 2126 763 τῆς
2151 697 2357 760 παιδὸς,
2382 702 2810 770 Προσεκύνησε
2838 702 2917 768 τῷ
2960 707 3173 773 Κυρίῳ,
3198 708 3293 779 τὴν
3339 708 3688 781 εὐχαριστίαν

2026 780 2295 850 ἀνήνεγκε
2326 783 2404 853 τῷ
2452 787 2697 860 Δεσπότῃ
2724 789 2800 859 τῷ
2837 789 2924 844 διὰ
2956 791 3055 863 τὴν
3106 794 3244 863 πρὸς
3285 795 3375 848 τὸν
3418 780 3628 866 πατέρα
3653 796 3686 838 δ

1968 904 2005 918 ς
2026 866 2236 921 εὔνοιαν
2266 871 2533 943 τοσαύτην
2558 875 2654 927 καὶ
2686 876 2811 946 περὶ
2848 876 3008 932 αὐτὸν
3039 879 3427 953 ἐπιδειξαμένῳ
3453 882 3550 953 τὴν
3584 900 3685 953 κη-

267 922 537 990 μένοντος,
564 927 666 978 κᾶν
697 929 878 999 μυρίοι
900 924 1029 985 ὦσιν
1053 933 1101 983 οἰ
1127 932 1404 1001 μέλλοντες
1431 936 1637 990 ἅπτειν.
1666 938 1927 992 Ἐνταῦοα
2024 953 2079 1006 δε
2089 956 2294 1023 μανίαν,
2328 922 2421 1011 κάν,

262 1006 320 1060 δέ
347 1011 438 1062 καὶ
468 1012 602 1081 γυνὴ
637 1018 729 1067 καὶ
766 1016 900 1087 κόρη
935 1057 950 1081 ,
989 1020 1083 1071 καὶ
1113 1021 1300 1092 ὑδρίαν
1334 1024 1425 1075 ἐπὶ
1470 1024 1578 1077 τῶν
1621 1024 1785 1094 ὤμων
1831 1028 1926 1094 φέο

2859 966 2975 1031 μετ’
3008 965 3254 1029 εὐκολίας
3303 966 3449 1038 αὐτῷ
3494 986 3687 1022 κατευ-

2024 1038 2283 1096 οδώσαντι
2307 1062 2320 1075 ο
2366 1045 2460 1098 καί
2492 1064 2655 1117 φησιν
2676 1062 2690 1077 ·
2728 1050 3073 1118 Εὐλογητὸς
3104 1052 3317 1119 Κύριος
3346 1057 3377 1106 ὁ
3408 1054 3552 1119 Θεὸς
3577 1054 3686 1108 τοῦ

2024 1130 2233 1195 κυρίου
2253 1148 2373 1198 μου
2407 1132 2671 1202 Ἀϐραὰμ,
2702 1134 2769 1199 ὃς
2791 1136 2901 1189 οὐκ
2945 1136 3295 1204 ἐγκατέλιπε
3328 1140 3443 1206 τὴν
3461 1139 3687 1195 δικαιο-

2023 1215 2222 1282 σύνην
2246 1216 2343 1268 καί
2364 1218 2479 1285 τὴν
2505 1219 2797 1285 ἀλήθειαν
2826 1220 3012 1275 αὑτοῦ
3038 1222 3156 1276 ἀπὸ
3177 1223 3283 1277 τοῦ
3309 1226 3517 1293 κυρίου
3539 1243 3679 1295 μου.

2035 1300 2248 1373 Ἐπειδὴ
2279 1299 2383 1357 εἶδε
2412 1304 2513 1375 τῆς
2550 1306 2736 1370 παιδὸς
2761 1306 2859 1378 τήν
2888 1308 3326 1381 εὐγνωμοσύνην,
3357 1312 3452 1364 καὶ
3480 1311 3682 1382 ἔμαθεν

2020 1387 2232 1444 ἅπαντα
2264 1391 2451 1460 σαφῶς
2482 1395 2613 1464 παρ’
2661 1394 2853 1465 αὐτῆς,
2887 1394 3068 1449 λοιπδν
3109 1397 3203 1450 καὶ
3234 1397 3395 1461 αὐτὸς
3425 1399 3680 1470 γνωρίζει

2018 1479 2084 1547 τῇ
2105 1478 2261 1549 κόρῃ,
2287 1480 2433 1544 ὅστις
2457 1482 2594 1544 ἐστὶ,
2632 1481 2783 1555 [487]
2811 1483 2907 1537 καὶ
2957 1484 3043 1537 διὰ
3072 1487 3171 1556 τῆς
3206 1485 3552 1555 εὐχαριστίας
3581 1487 3681 1556 τῆς

2018 1564 2097 1625 εἰς
2120 1564 2210 1617 τὸν
2239 1565 2370 1620 Θεὸν
2395 1568 2691 1641 κατάδηλον
2715 1571 2851 1643 αὐτῇ
2889 1573 3051 1633 ποιεῖ,
3080 1572 3160 1625 ὅτι
3183 1572 3283 1625 οὐκ
3311 1571 3371 1635 ἐξ
3394 1570 3677 1641 ἀλλοτρίας

2015 1650 2191 1715 οἰκίας
2212 1653 2603 1724 παραγέγονεν,
2634 1656 2773 1710 ἀλλὰ
2811 1658 2905 1711 καὶ
2931 1658 3155 1727 ἀδελφὸς
3184 1657 3279 1713 τοῦ
3296 1657 3501 1729 Ναχώρ
3530 1660 3678 1711 ἐστιν

2015 1735 2240 1793 ὁτοῦτον
2257 1740 2716 1814 διαπεμψάμενος.
2751 1742 2936 1799 Ταῦτα
2968 1744 3245 1817 πυθομένη
3286 1746 3355 1800 Ἠ
3374 1746 3516 1812 παῖς
3539 1744 3678 1817 μετά

2015 1822 2217 1904 πολλῆς
2261 1825 2363 1896 τῆς
2406 1830 2762 1899 περιχαρείας
2808 1830 3137 1901 δραμοῦσα,
3171 1834 3353 1903 φησίν.
3387 1833 3527 1904 Ὅρα
3556 1832 3676 1896 πῶς

2012 1897 2078 1981 δι’
2112 1901 2341 1955 ἑκάστου
2361 1904 2468 1957 τῶν
2497 1897 2627 1977 παρ⁵
2658 1897 3158 1979 αὐτῆς-γινομένων
3180 1897 3416 1963 δείκνυσι
3438 1897 3499 1963 τὸ
3536 1909 3673 1981 πρό-

2013 1976 2183 2058 θυμον
2214 1981 2272 2032 τὸ
2303 1982 2428 2051 περὶ
2464 1982 2560 2053 τὴν
2584 1976 2915 2052 φιλοξενίαν,
2945 1976 3033 2039 διὰ
3070 1986 3166 2040 τοῦ
3192 1989 3417 2058 δρόμου,
3446 1990 3533 2044 διὰ
3564 1976 3674 2042 τῶν

2015 2056 2295 2138 ῥημάτων.
2337 2058 2426 2111 διὰ
2455 2061 2554 2130 τῆς
2572 2062 2890 2138 ἐπιεικείας.
2930 2064 3186 2135 Ἔδραμε
3214 2056 3343 2137 γὰρ,
3384 2070 3536 2138 φησὶ,
3571 2068 3673 2121 και

2010 2134 2376 2214 ἀπήγγειλεν
2402 2140 2489 2203 εἰς
2518 2138 2625 2193 τὸν
2650 2137 2818 2194 οἷκον
2861 2141 2971 2209 τῆς
3014 2134 3240 2211 μητρὸς
3284 2134 3473 2214 αὐτῆς
3523 2147 3674 2201 κατὰ

2010 2213 2082 2295 τά
2096 2213 2335 2295 ῥήματα
2361 2218 2566 2272 ταῦτα.
2590 2220 2795 2273 Πάντα
2814 2220 2965 2289 ἅπερ
2989 2222 3216 2290 ἢκουσε
3239 2224 3391 2295 παρά
3412 2224 3506 2278 τοῦ
3541 2242 3672 2279 παι-

2007 2290 2390 2372 δὸςίέγνώρισε
2421 2299 2533 2360 τοῖς
2564 2297 2801 2365 γονεῦσι.
2847 2300 2960 2352 Kal
3007 2300 3244 2370 έδραμε,
3288 2290 3442 2372 φήσὶ,
3468 2302 3672 2357 Λάϐαν-

2007 2371 2151 2451 πρὸς
2204 2372 2312 2426 τὸν
2351 2373 2663 2441 ἄνθρωπον
2701 2376 2819 2440 ἔξω
2845 2377 2946 2429 έπί
2998 2378 3113 2445 τὴν
3155 2371 3376 2449 πηγήν.
3409 2381 3548 2451 Ὅρα
3577 2381 3671 2435 καὶ

2004 2447 2191 2502 τοῦτον
2212 2451 2299 2504 διὰ
2321 2452 2414 2504 τοῦ
2436 2453 2634 2525 δρόμου
2666 2454 2945 2508 δεικνύντα
2964 2455 3053 2508 τὸν
3082 2447 3265 2511 πόθον.
3293 2458 3402 2510 Καὶ
3430 2447 3550 2510 ἰδὼν
3576 2459 3670 2512 τὸν

2003 2525 2286 2607 ἄνθρωπον
2336 2530 2544 2607 ἐστῶτα
2592 2532 2683 2585 ἐπὶ
2710 2535 2809 2602 τῆς
2839 2533 3023 2603 πηγῆς
3059 2534 3197 2604 μετά
3246 2534 3352 2587 τῶν
3380 2535 3664 2607 καμήλων,

2003 2601 2189 2658 Εἶπεν
2223 2606 2382 2672 αὑτῷ
2404 2624 2417 2638 ο
2451 2609 2631 2675 Δεῦρο
2656 2650 2670 2673 ,
2722 2601 2989 2664 εἴσελθε
3054 2601 3374 2682 εὐλογητὸς
3419 2601 3664 2682 Κύριος·

2002 2684 2101 2735 ἵνα
2122 2685 2181 2737 τί
2204 2684 2466 2753 ἕστηκας
2490 2688 2641 2753 ἐξω;
2676 2687 2822 2757 Ἐγὼ
2872 2689 2941 2741 δὲ
2974 2692 3271 2760 ἡτοίμασα
3311 2691 3427 2758 τὴν
3469 2693 3666 2745 οἰκίαν

2001 2760 2097 2813 καί
2120 2764 2307 2816 τόπον
2332 2765 2457 2830 ταῖς
2486 2768 2794 2835 καμήλοις.
2824 2767 2967 2839 Ὅρα
2996 2771 3089 2822 καί¹
3121 2769 3308 2822 τοῦτον
3336 2770 3659 2838 εὐλογοῦντα

1998 2839 2089 2919 τδν
2117 2841 2317 2912 Κύριον
2351 2844 2441 2895 ἐπὶ
2468 2847 2532 2914 τῇ
2568 2847 2841 2917 παρουσίᾳ
2864 2847 2959 2899 τοῦ
2998 2848 3169 2911 ξένου,
3199 2849 3293 2900 καὶ
3315 2848 3419 2917 πρὸ
3454 2849 3552 2919 τῆς
3572 2848 3663 2902 διὰ

1999 2917 2106 2972 τῶν
2132 2919 2308 2990 ἔργων
2341 2922 2645 2990 φιλοξενίας
2674 2924 2874 2991 πολλὴν
2896 2927 2996 2995 τὴν
3022 2927 3335 2997 προτροπὴν
3365 2917 3663 2982 ἐπιδεικνύ-

2001 3012 2179 3075 μενον.
2215 2999 2415 3068 Δεῦρο,
2466 3003 2649 3069 φησὶν,
2682 3003 2920 3057 εἴσελθε
2944 3020 2959 3035 ·
3000 3003 3287 3074 προλαϐὼν
3345 3005 3662 3075 Ἠτοίμασα

1996 3074 2110 3140 τὴν
2132 3076 2326 3129 οἰκίαν
2354 3077 2453 3131 καί
2481 3081 2667 3132 τόπον
2691 3080 2818 3145 ταῖς
2842 3080 3152 3149 καμήλοις.
3173 3079 3305 3136 Εἶτα
3329 3074 3659 3147 εἰσελθόντος

1995 3152 2181 3219 αὐτοῦ,
2217 3155 2414 3225 φησίν·
2455 3157 2739 3220 Ἀπέσαξε
2788 3158 2896 3225 τὰς
2928 3159 3254 3228 καμήλους,
3306 3160 3406 3214 καί
3437 3161 3658 3215 ἔδωκεν

1994 3228 2185 3298 ἄχυρα
2214 3233 2311 3286 καὶ
2343 3234 2745 3305 χορτάσματα,
2775 3236 2873 3290 καί
2901 3237 3056 3307 ὕδωρ
3079 3239 3372 3307 νίψασθαι
3400 3239 3522 3306 τοῖς
3549 3256 3654 3294 πο-

1992 3308 2097 3361 σιν
2113 3312 2320 3366 αὐτοῦ.

2060 3394 2141 3467 εκλ
2163 3389 2453 3467 Ὅρα-πῶς
2483 3390 2575 3443 καὶ
2605 3390 2681 3444 ἔτι
2712 3391 2810 3462 τῆς
2849 3391 3055 3463 πλάνης
3098 3393 3345 3463 ἐχόμενοι
3380 3394 3508 3465 περὶ
3554 3395 3654 3467 τὴν

1990 3463 2292 3533 φιλοξενίαν
2308 3462 2445 3537 ἦσαν
2470 3469 2668 3539 πολλὴν
2686 3468 2784 3540 τὴν
2806 3462 3039 3541 σπουδὴν
3056 3462 3509 3542 ἐπιδεικνύμενοι.
3540 3462 3650 3527 1ίαί

1988 3542 2172 3596 ἔδωκε
2199 3546 2490 3613 νίψασθαι
2512 3547 2631 3612 τοῖς
2649 3547 2837 3601 ποσίν
2859 3549 3065 3611 αὐτοῦ,
3098 3550 3194 3602 καί
3216 3549 3338 3614 τοῖς
3366 3550 3510 3603 ποσί
3536 3550 3654 3605 τῶν

1987 3620 2221 3690 ἀνδρῶν
2256 3624 2375 3677 τῶν
2398 3629 2526 3694 μετ’
2556 3627 2761 3681 αὐτοῦ.
2794 3626 2905 3680 Kal
2934 3627 3273 3696 παρέθηκεν
3321 3629 3524 3694 αὐτοῖς
3551 3630 3653 3697 (ἵρ-

1986 3714 2128 3778 τους
2164 3701 2392 3770 φαγεῖν.
2439 3703 2574 3756 Ἀλλ’
2604 3705 2838 3759 ἐνταῦθα
2867 3708 3058 3759 σκόπει
3088 3722 3177 3775 μοι
3202 3705 3294 3759 τοῦ
3324 3707 3532 3759 οἰκέτου
3549 3713 3650 3778 τὴν

1990 3777 2189 3848 πολλὴν
2217 3780 2450 3853 σύνεσιν.
2476 3783 2540 3834 Τί
2564 3783 2672 3852 γάρ
2697 3800 2862 3853 φησιν
2886 3801 2901 3849 ;
2937 3787 3018 3837 Οὐ
3038 3785 3124 3852 μὴ
3159 3784 3326 3853 φάγω
3347 3822 3361 3847 ,
3400 3784 3509 3849 ἕως
3541 3777 3649 3838 τοῦ

1988 3852 2255 3922 λαλῆσαί
2298 3873 2377 3925 με
2414 3858 2485 3910 τὰ
2512 3852 2767 3928 ῥήματά
2780 3878 2919 3928 μου.
2957 3860 3144 3929 Ὑμεῖς
3175 3852 3293 3930 μὲν,
3331 3862 3516 3931 φησὶν,
3549 3863 3649 3914 ἐπ-

1988 3932 2260 3997 εδείξασθε
2285 3935 2351 3989 τά
2378 3938 2504 4006 παρ’
2531 3938 2737 3989 ἐαυτῶν
2759 3954 2769 3968 ·
2794 3939 2904 4007 ἐγὼ
2923 3940 2980 3992 δὲ
3005 3941 3065 3992 οὐ
3096 3942 3356 4010 πρότερον
3382 3941 3482 4010 τῆς
3508 3944 3647 4012 ἐμῆς

1988 4012 2345 4090 ἀναπαύσεως
2369 4014 2524 4083 λόγον
2556 4016 2677 4070 τινὰ
2699 4020 3016 4089 ποιήσομαι,
3044 4020 3237 4089 μέχρις
3261 4019 3328 4072 ἂν
3344 4021 3444 4091 τὴν
3469 4024 3648 4075 αἰτίαν

1989 4092 2131 4160 ὑμᾶς
2159 4086 2371 4159 διδάξω,
2404 4093 2468 4146 δι’
2503 4095 2570 4165 ἢν
2594 4086 2918 4167 ἐστειλάμην
2948 4086 3057 4169 τὴν
3083 4086 3348 4167 τοσαύτην
3380 4086 3518 4165 ὁδὸν,
3552 4103 3647 4154 καὶ

1985 4171 2129 4234 τίνος
2175 4171 2363 4248 ἐνεκεν
2408 4173 2517 4226 ἀπὸ
2544 4174 2643 4243 τῆς
2665 4176 2976 4241 Χαναναίας
3002 4176 3236 4231 ἐνταῦθα
3271 4180 3645 4248 παραγέγονά,

1986 4249 2078 4301 καὶ
2105 4247 2220 4312 πῶς
2244 4252 2323 4313 εἰς
2343 4250 2432 4303 τὸν
2450 4248 2595 4307 οἷκον
2622 4253 2712 4307 τὸν
2732 4255 2994 4326 ὑμέτερον
3018 4255 3324 4326 ὼδηγήθην,
3355 4247 3441 4310 ἵνα
3468 4259 3647 4312 πάντα

1989 4326 2245 4396 μαθόντες
2283 4328 2425 4381 οὑτω
2464 4330 2555 4383 καί
2601 4333 2758 4400 ὑμεῖς
2807 4333 2904 4407 τὴν
2958 4334 3162 4407 οἰκείαν
3224 4335 3646 4405 εὐγνωμοσύνην

1985 4405 2323 4483 ἐπιδείξησθε
2381 4407 2515 4477 πρὸς
2544 4410 2635 4462 τὸν
2679 4411 2809 4480 ἐμὸν
2838 4405 3133 4483 δεσπότην..
3176 4412 3287 4465 Καὶ
3339 4412 3644 4483 ἀρξάμενος

1983 4482 2283 4553 διηγεῖσθαι
2313 4500 2445 4553 φησι
2470 4501 2483 4514 °
2511 4486 2659 4553 Παῖς
2710 4488 2953 4557 Ἀϐραὰμ
3003 4488 3117 4558 ἐγώ
3138 4492 3255 4557 ειμι
3281 4506 3292 4517 ·
3324 4482 3539 4557 Κύριος
3573 4493 3645 4545 δὲ

1983 4562 2280 4629 εὐλόγησε
2342 4562 2450 4614 τὸν
2512 4564 2721 4630 κύριόν
2765 4582 2884 4632 μου
2935 4567 3190 4633 σφόδρα,
3269 4568 3366 4620 καὶ
3421 4568 3643 4621 ἔδωκεν

1984 4637 2144 4704 αὐτῷ
2173 4640 2433 4706 πρόϐατα
2464 4642 2562 4694 καί
2583 4644 2876 4711 μόσχους,
2912 4646 3010 4697 καί
3042 4646 3299 4711 χρυσίον
3329 4647 3426 4697 καὶ
3462 4646 3643 4716 ἀργύ-

1975 4734 2130 4784 ριον,
2160 4717 2257 4770 καὶ
2294 4718 2509 4785 παῖδας
2539 4721 2635 4773 καί
2660 4722 3002 4787 παιδίσκας,
3038 4721 3136 4776 καὶ
3171 4723 3483 4790 καμήλους
3541 4724 3642 4777 καί

1984 4794 2183 4862 ὄνους.
2221 4797 2330 4850 Καὶ
2361 4796 2528 4851 ἔτεκε
2557 4798 2752 4866 Σάρρα
2772 4801 2810 4866 ἡ
2834 4801 2986 4868 γυνὴ
3009 4800 3116 4854 τοῦ
3135 4801 3343 4867 κυρίου
3365 4820 3485 4870 μου
3509 4806 3652 4857 υἱὸν

1981 4872 2090 4926 ἕνα
2119 4875 2197 4939 τῷ
2231 4877 2411 4942 κυρίῳ
2426 4893 2545 4944 μου
2568 4876 2719 4944 μετὰ
2746 4876 2812 4930 τὸ
2852 4878 3110 4946 γηρᾶσαι
3140 4879 3346 4944 αὑτὸν,
3373 4881 3469 4933 καί
3497 4880 3640 4934 ἐδω-

1983 4969 2089 5005 κεν
2110 4952 2271 5018 αὐτῷ
2299 4953 2516 5013 πάντα,
2540 4953 2657 5007 ὅσα
2686 4951 2764 5023 ἦν
2789 4955 2965 5020 αὐτῷ.
2996 4957 3137 5028 Ὅρα
3168 4957 3284 5020 πῶς
3318 4960 3457 5028 μετὰ
3487 4961 3643 5029 ἀκρι-

1983 5029 2131 5093 ϐείας
2149 5030 2360 5109 άπαντα
2381 5031 2563 5109 αὐτοῖς
2579 5031 2862 5101 διηγεῖται.
2888 5034 3123 5089 Ἐκείνου
3141 5036 3259 5107 εἰμί
3284 5041 3430 5103 παῖς,
3453 5041 3638 5109 φησὶν,

1994 5108 2262 5189 Ἀϐραὰμ,
2294 5108 2352 5160 ὃν
2382 5106 2493 5161 ῐστε
2516 5126 2530 5141 ·
2564 5111 2858 5177 μανθάνετε
2884 5112 3063 5167 τοίνυν
3087 5114 3167 5167 ὅτι
3197 5106 3473 5189 τοσαύτης
3489 5106 3641 5171 εὐλο-

1979 5184 2103 5251 γίας
2131 5185 2412 5254 ἀπήλαυσε
2441 5189 2590 5256 παρὰ
2610 5188 2702 5242 τοὺ
2732 5190 2839 5244 τῶν
2871 5193 3122 5246 ἁπάντων
3155 5184 3445 5261 Δεσπότου,
3473 5197 3550 5261 ὡς
3582 5201 3641 5251 ἐν

1981 5263 2477 5337 πλούτῳ-’γενέσθαι
2520 5267 2680 5322 αὐτὸν
2708 5268 2903 5340 πολλῷ.
2965 5266 3099 5326 Εἶτα
3128 5272 3390 5328 διδάσκων
3424 5277 3516 5329 καὶ
3544 5276 3638 5330 τοῦ

1977 5340 2206 5422 πλούτου
2248 5343 2343 5413 τὴν
2380 5346 2714 5414 περιουσίαν,
2746 5350 2897 5418 φησὶ,
2924 5351 3193 5417 Πρόόατα
3221 5353 3318 5405 καὶ
3343 5355 3637 5422 μόσχους,

1975 5420 2258 5489 ἀργύριον
2285 5424 2383 5477 καί
2431 5428 2708 5495 χρυσίον,
2757 5427 2974 5494 παῖδας
3028 5430 3127 5482 καὶ
3167 5420 3511 5494 παιδίσκας,
3538 5420 3640 5485 κα-

1968 5500 2205 5569 μήλους
2222 5505 2320 5557 καὶ
2350 5506 2526 5573 ὄνους
2546 5510 2693 5579 αὐτῷ
2731 5510 3074 5580 γεγενῆσθαι.
3120 5510 3384 5577 Ἀκούετε,
3397 5516 3444 5566 οἱ
3477 5514 3639 5566 πλού-

1976 5595 2110 5666 σιοι,
2136 5584 2184 5634 οἰ
2208 5584 2413 5655 πλέθρα
2448 5588 2553 5657 γῆς
2577 5588 2708 5641 τόσα
2741 5590 2837 5642 καὶ
2858 5590 2990 5642 τόσα
3013 5590 3132 5643 καθ’
3161 5592 3395 5658 ἑκάστην
3424 5596 3639 5666 ἡμέραν

1977 5661 2288 5745 ώνούμενοι,
2328 5668 2421 5719 καὶ
2471 5668 2668 5740 λουτρά
2720 5670 2812 5722 καὶ
2840 5670 3173 5738 περιπάτους
3218 5671 3312 5724 καὶ
3351 5661 3636 5745 οἰκοδομάς

1980 5738 2237 5812 λαμπρὰς
2257 5738 2716 5817 οἰκοδομούμενοι,
2755 5749 2916 5817 ὁρᾶτε
2948 5750 3007 5801 ἐν
3033 5747 3174 5800 τίσιν
3206 5746 3274 5821 ἦν
3310 5752 3403 5803 τοῦ
3428 5738 3636 5805 δικαίου

2036 5835 2063 5903 ξι
2089 5832 2212 5905 Πρός
2236 5841 2315 5887 τὸν
2335 5843 2529 5905 πατέρα.
2554 5845 2641 5905 Sic
2665 5858 2847 5905 omnes
2865 5848 2966 5893 tum
3004 5846 3122 5894 cdili
3148 5853 3246 5894 lum
3291 5860 3402 5893 mss.
3433 5848 3631 5897 Βονῐίηε

1974 5897 2087 5959 πρὸς
2114 5900 2194 5947 τὸν
2215 5897 2522 5968 πατριάρχὴν,
2546 5903 2593 5955 in
2615 5904 2961 5968 patriarcham,
2989 5912 3039 5955 ul
3065 5906 3186 5967 legit
3214 5911 3476 5967 interpr-cs.
