4150 6276
471 284 567 342 ul

467 398 505 466 ὴ
534 411 833 466 περιουσια.
861 393 1109 466 Οὐδαμοῦ
1133 396 1318 467 ἀγρὸς,
1345 396 1580 466 οὐδαμοῦ
1615 396 1911 461 οἰκοδομαὶ,
1964 395 2059 448 καὶ
2085 396 2120 466 ἠ

468 483 695 554 περιττὴ
719 481 1030 535 πολυτέλεια
1052 497 1066 511 ⁸
1101 481 1236 535 ἀλλὰ
1263 482 1507 551 πρόϐατα
1550 484 1644 535 καὶ
1671 484 1860 552 μόσχοι
1901 482 1994 535 κα]⁵
2024 481 2125 536 κά-

472 568 630 640 μηλοι
658 569 752 622 καὶ
774 567 904 630 όνοι,
927 568 1111 629 παῖδες
1133 568 1226 620 καὶ
1250 567 1548 621 παιδίσκαι.
1575 568 1684 622 Kal
1715 568 1800 622 ἵνα
1824 567 2003 640 μάθῃς
2018 568 2126 621 τῶν

470 653 622 728 [488]
643 653 865 709 οἰκετῶν
891 654 952 707 τὸ
979 652 1180 722 πλῆθος
1200 652 1365 706 πόθεν
1392 653 1540 724 αὐτῷ
1565 655 1828 722 ἐγεγόνει,
1847 655 2126 722 ἐπήγαγεν

468 741 716 812 ἑτέρωθι,
751 742 831 794 ὅτι
861 741 1154 806 οἰκογονεῖς
1192 738 1431 803 ἅπαντες
1467 735 1630 810 ἦσαν.
1669 735 1836 804 Οὗτος
1863 737 1956 794 οῦν
1985 743 2012 794 ό
2043 741 2125 793 δε-

470 828 672 897 σπότης
708 827 737 878 ό
765 826 894 895 ἐμὸς
927 827 984 877 ἐν
1008 824 1242 896 τοσαύτῃ
1265 827 1551 898 περιουσίᾳ
1582 826 1820 895 γεγονὼς
1839 868 1852 891 ,
1883 829 1979 880 καὶ
2004 827 2127 879 πολ-

466 912 563 984 λῆς
591 911 899 974 ἀπολαύσας
912 911 1013 980 τῆς
1041 910 1247 964 ἄνωθεν
1273 912 1468 981 ῥοπῆς,
1491 912 1654 982 ἡνίκα
1683 915 1762 976 εἰς
1795 913 1972 984 γῆρας
1995 912 2124 984 ἥλα-

466 1015 576 1061 σεν,
601 1000 634 1067 ὴ
667 998 850 1068 Σάρρα
879 995 994 1049 υἱὸν
1023 996 1210 1049 ἔτεκεν
1237 996 1386 1066 αὐτῷ
1411 1015 1424 1028 ο
1447 997 1632 1050 τοῦτον
1669 997 1806 1067 ἔχων
1839 999 1929 1052 τὸν
1965 1016 2124 1067 μονο-

463 1085 616 1154 γενῆ,
642 1084 858 1138 πάντων
891 1083 1052 1138 αὐτὸν
1071 1082 1405 1154 κληρονόμον
1434 1083 1533 1154 ἢδη
1561 1084 1862 1154 κατέστησε
1882 1101 1896 1114 ·
1923 1084 2124 1140 Πάντα

391 1217 393 1219 ,
461 1169 571 1238 γὰρ
603 1168 828 1224 ἔδωκεν
858 1169 1040 1233 αὐτῷ,
1075 1167 1193 1222 ὅσα
1219 1164 1297 1238 ἦν
1337 1166 1516 1232 αὐτῷ.
1557 1164 1691 1222 Εἶτα
1719 1168 1903 1238 ἐπειδὴ
1929 1169 2120 1240 διηγή-

462 1271 594 1307 σατο
636 1253 731 1306 τοῦ
785 1255 1044 1308 δεσπότου
1091 1255 1188 1325 τὴν
1227 1254 1602 1325 περιφάνειαν,
1659 1253 1753 1306 τοῦ
1795 1254 1979 1309 Ίσαὰκ
2031 1255 2123 1307 τὸν

459 1340 648 1401 τόκον,
699 1340 846 1407 λέγει
891 1339 1076 1393 λοιπὸν
1124 1339 1220 1403 τὰς
1267 1339 1505 1403 ἐντολὰς,
1535 1339 1601 1402 ἃς
1632 1339 1810 1393 λαϐὼν
1851 1340 2002 1411 παρὰ
2027 1340 2120 1393 τοῦ

457 1423 719 1477 δεσπότου
755 1423 920 1478 αὐτοῦ
966 1426 1045 1488 εἰς
1093 1426 1192 1494 τὴν
1240 1424 1465 1496 Χαρράν
1497 1425 1859 1494 παραγέγονε.
1884 1424 1993 1478 Kal
2016 1425 2124 1494 ὥρ-

457 1509 618 1564 κωσέ
645 1522 671 1550 ι
694 1526 792 1579 με,
847 1510 1030 1580 φησὶν,
1081 1513 1114 1564 ό
1141 1511 1342 1578 κύριός
1379 1527 1519 1579 μου,
1565 1510 1757 1580 λέγων
1779 1526 1792 1538 ·
1837 1513 1918 1564 Οὐ
1947 1509 2119 1580 λήψῃ

459 1595 714 1665 γυναῖκα
743 1595 823 1660 τῷ
846 1595 954 1662 υἱῷ
975 1614 1094 1665 μου
1137 1597 1332 1651 Ἰσαὰκ
1361 1596 1479 1652 ἀπὸ
1508 1597 1624 1650 τῶν
1651 1597 1983 1666 θυγατέρων
2006 1596 2122 1651 τῶν

458 1683 826 1747 Χαναναίων,
849 1683 918 1736 ἐν
940 1677 1029 1749 οἷς
1054 1682 1168 1750 ἐγὼ
1192 1681 1470 1750 παροικῶ,
1493 1683 1628 1737 ἀλλ’
1651 1681 1688 1750 ἢ
1721 1684 1808 1747 εἰς
1828 1685 1934 1735 τὸν
1954 1679 2123 1737 οἷκον

457 1768 564 1822 τοῦ
596 1770 818 1837 πατρός
843 1787 960 1838 μου
999 1769 1267 1837 πορεύσῃ
1302 1770 1399 1823 καί
1462 1771 1546 1834 εἰς
1581 1769 1696 1835 τὴν
1751 1769 1957 1836 φυλήν
1977 1787 2116 1838 μου,

458 1855 558 1909 καί
585 1854 756 1924 λήψῃ
781 1856 1033 1925 γυναῖκα
1055 1855 1133 1920 τῷ
1158 1857 1263 1921 υἰῷ
1281 1875 1400 1925 μου
1424 1855 1666 1910 ἐκεῖθεν.
1699 1856 1807 1908 Kal
1830 1855 1990 1920 αὐτὸς
2022 1856 2120 1926 μὲν

455 1945 628 1997 ταῦτα
657 1944 975 2010 ἐνετείλατο,
1005 1943 1116 2012 ἐγὼ
1141 1944 1197 1998 δέ
1223 1944 1320 2008 τὰς
1349 1943 1630 2006 δυσκολίας
1659 1945 1875 2008 ἐννοῶν,
1905 1945 1998 1998 καὶ
2025 1944 2117 1998 τοῦ

457 2029 780 2100 πράγματος
805 2032 866 2084 τὸ
897 2031 1153 2102 δυσχερὲς
1192 2031 1533 2100 λογιζόμενος
1552 2071 1566 2095 ,
1598 2031 1878 2102 ἐπυθόμην
1905 2030 1998 2084 τοῦ
2024 2049 2112 2084 κυ-

458 2117 574 2187 ρίου
610 2133 730 2186 μου,
762 2118 812 2169 εἰ
849 2117 922 2188 μὴ
953 2117 1249 2188 βούλοιτοή
1286 2117 1422 2188 γυνὴ
1455 2117 1782 2188 πορευθῆναι
1817 2121 1934 2188 μετ’
1961 2118 2114 2187 ἐμοῦ.

454 2203 565 2256 Καί
595 2199 723 2257 εἶπέ
740 2221 868 2272 μοι’
895 2205 1109 2272 Κύριος
1138 2207 1171 2257 ὸ
1195 2206 1358 2269 Θεὸς,
1376 2197 1424 2268 ᾧ
1442 2205 1820 2271 εὺηρέστησα
1845 2205 2120 2258 ἐναντίον

453 2289 658 2352 αὐτοῦ,
713 2290 896 2356 αὐτὸς
922 2289 1256 2344 ἀποστελεῖ
1296 2290 1404 2343 τὸν
1453 2290 1710 2360 ἄγγελον
1737 2292 1921 2346 αὑτοῦ
1968 2295 2120 2360 μετὰ

451 2376 592 2439 σοῦ,
621 2375 718 2429 καὶ
740 2375 1024 2429 εὐοδώσει
1052 2375 1166 2443 τὴν
1198 2376 1342 2429 ὀδόν
1384 2393 1522 2440 σου,
1556 2377 1656 2430 καί
1685 2377 1857 2446 λήψῃ
1895 2377 1975 2442 τῷ
2013 2378 2120 2444 υίῷ

450 2480 569 2530 μου
612 2461 866 2530 γυναῖκα
901 2463 970 2515 ἐκ
1019 2460 1128 2528 τῆς
1171 2462 1376 2531 φυλῆς
1407 2481 1546 2531 μου,
1591 2465 1688 2517 καί
1714 2465 1783 2518 ἐκ
1811 2465 1914 2518 τοῦ
1946 2465 2118 2519 οἴκου

451 2545 562 2599 τοῦ
600 2547 821 2614 πατρός
837 2564 975 2614 μου.
1012 2549 1122 2600 Kal
1148 2548 1242 2601 ἐὰν
1275 2551 1348 2618 μὴ
1391 2548 1642 2620 πείθηται
1676 2552 1710 2620 ὴ
1754 2551 1888 2620 γυνὴ
1917 2551 2009 2603 τοῦ
2045 2550 2117 2621 μὴ

455 2632 783 2702 πορευθῆναι
816 2632 952 2702 μετὰ
991 2631 1082 2685 σοῦ
1131 2633 1384 2699 ἐνταῦθα,
1426 2636 1563 2688 Τότε
1615 2636 1804 2701 ἀθῶες
1852 2638 1968 2705 έση
2000 2638 2116 2691 ἀπὸ

455 2715 566 2784 τῆς
588 2715 736 2784 ἀρᾶς
757 2734 897 2786 μου.
945 2717 1002 2770 Ὁ
1027 2718 1124 2787 μὲν
1150 2714 1242 2772 οὖν
1260 2719 1542 2790 δεσπότης,
1565 2722 1718 2790 φησὶ,
1746 2721 1918 2775 ταῦτα
1949 2725 2117 2775 ἐντει-

454 2803 704 2872 λάμενος,
737 2803 830 2856 καὶ
852 2801 1078 2866 ταύταις
1110 2821 1175 2873 με
1198 2808 1320 2868 ταῖς
1348 2811 1672 2877 προσευχαῖς
1695 2808 2003 2876 ἐφοδιάσας,
2034 2811 2120 2863 οὐ·

452 2905 560 2953 τως
581 2889 886 2960 ἐξέπεμψεν
912 2909 924 2918 ο
960 2889 1069 2959 ἐγὼ
1093 2891 1149 2944 δὲ
1173 2891 1450 2962 θαρρήσας
1483 2897 1601 2956 ταῖς
1642 2895 1849 2947 ἐκείνου
1882 2913 2113 2967 προσευ-

453 2977 597 3045 χαῖς,
619 2976 780 3045 ἡνίκα
807 2977 1186 3049 παρεγενόμην
1216 2978 1308 3030 ἐπὶ
1341 2977 1438 3048 τὴν
1469 2980 1649 3050 πηγὴν
1671 3019 1687 3045 ,
1717 2981 1890 3034 ταῦτα
1917 2982 1984 3034 τὰ
2018 2984 2112 3052 ρή·

459 3077 603 3130 ματα
631 3062 996 3132 ἐφθεγξάμην,
1029 3062 1122 3117 καὶ⁹
1143 3060 1295 3118 εἷπον
1316 3082 1329 3094 ·
1362 3065 1534 3131 Κύριε
1557 3069 1588 3118 ό
1611 3065 1756 3132 Θεὸς
1778 3067 1883 3121 τοῦ
1907 3069 2114 3135 κυρίου

447 3165 568 3216 μου
590 3149 850 3218 Ἀϐραὰμ,
877 3153 929 3203 εἰ
953 3151 1032 3202 σὺ
1049 3149 1280 3215 εὐοδοῖς
1306 3150 1418 3218 τὴν
1439 3150 1601 3214 όδὸν,
1629 3151 1708 3218 ἦν
1734 3153 1848 3220 ἐγὼ
1868 3155 2115 3221 πορεύο-

449 3249 577 3300 μαι⁹
609 3233 737 3287 ἰδοὺ
757 3235 871 3303 ἐγὼ
889 3235 1117 3301 ἕστηκα
1143 3236 1240 3288 έπί
1259 3235 1368 3304 τῆς
1385 3237 1584 3305 πηγῆς
1601 3237 1704 3291 τοῦ
1720 3239 1956 3304 ὕδατος,
1979 3245 2036 3294 αἱ
2049 3241 2117 3294 δὲ

455 3319 775 3388 θυγατέρες
802 3319 920 3372 τῶν
949 3318 1274 3388 ἀνθρώπων
1297 3321 1408 3389 τῆς
1427 3326 1660 3389 πόλεως
1691 3325 2112 3388 ἐξελεύσονται

453 3404 861 3472 ὑδρεύσασθαι
893 3405 1047 3473 ὕδωρ
1068 3423 1080 3439 ο
1111 3407 1208 3459 καί
1237 3408 1409 3461 ἔσται
1437 3410 1474 3475 ή
1498 3409 1811 3476 παρθένος,
1837 3406 1876 3482 ᾖ
1900 3409 1976 3464 ἂν
2002 3412 2115 3480 ἐγὼ

455 3491 602 3544 εἴπω
622 3530 638 3554 ,
677 3491 936 3544 Πότισόν
959 3509 1036 3559 με
1058 3493 1274 3560 μικρὸν
1301 3492 1456 3561 ὕδωρ
1496 3495 1564 3546 ἐκ
1595 3493 1704 3563 τῆς
1740 3495 1947 3563 ὑδρίας
1973 3513 2110 3562 σου,

456 3578 555 3632 καί
574 3578 712 3647 ετπῃ
721 3595 843 3646 μοι·
859 3579 967 3632 Καὶ
985 3579 1064 3633 σὺ
1075 3580 1193 3646 πίε,
1209 3581 1306 3634 καὶ
1325 3580 1450 3647 ταῖς
1466 3581 1754 3650 καμήλοις
1771 3599 1885 3636 σου
1905 3585 2113 3652 ὑδρεύ-

456 3679 658 3733 σομαι,
689 3664 840 3732 αὕτη
873 3665 910 3733 ἠ
940 3665 1092 3734 γυνὴ
1121 3705 1138 3730 ,
1195 3665 1275 3734 ἢν
1303 3668 1634 3736 ἡτοίμασας
1671 3667 1750 3732 τῷ
1801 3669 2115 3736 θεράποντι

453 3763 572 3804 σου
610 3751 827 3816 Ἰσαὰκ,
867 3753 963 3805 καί
1009 3751 1076 3806 έν
1111 3753 1297 3817 τούτῳ
1320 3751 1640 3823 γνώσομαι,
1685 3754 1773 3808 ὅτι
1821 3755 2114 3824 ἐποίησας

461 3837 635 3902 ἕλεος
664 3836 745 3902 τῷ
779 3837 961 3905 κυρίῳ
980 3855 1100 3907 μου
1143 3838 1418 3908 Ἀϐραάμ.
1451 3839 1636 3894 Ταῦτα
1666 3841 1763 3911 μὲν
1791 3841 1922 3910 ἐγὼ,
1955 3844 2109 3914 φησὶ,

455 3925 576 3978 κατ’
611 3926 844 3994 ἐμαυτὸν
888 3927 1178 3997 εὐχόμενος
1231 3928 1324 3981 τὸν
1366 3928 1495 3981 Θεὸν
1533 3929 1923 3984 καθικέτευσα·
1961 3931 2112 3986 οὔπω

451 4011 508 4064 δὲ
533 4011 682 4076 τέλος
707 4013 914 4082 εἰλήφει
945 4015 1013 4066 τὰ
1034 4017 1161 4086 παρ’
1191 4015 1324 4085 ἐμοῦ
1353 4016 1606 4085 ῥηθέντα,
1657 4019 1748 4071 καὶ
1775 4020 2111 4091 παραχρῆμα

452 4101 533 4160 εἰς
563 4097 720 4168 ἔργον
743 4099 909 4169 ἐξῄει,
937 4100 1115 4154 καὶτὰ
1143 4102 1361 4170 ῥήματα
1399 4103 1698 4172 πράγματα
1736 4105 1962 4171 ἐγίνετο.
1992 4109 2108 4174 Πρὸ

451 4182 558 4236 τοῦ
588 4184 698 4252 γὰρ
735 4184 1100 4261 συντελέσαι
1145 4203 1222 4253 με
1263 4187 1569 4239 λαλοῦντα
1591 4229 1606 4253 ,
1651 4188 1779 4242 ἰδοὺ
1832 4191 2109 4246 Ῥεϐέκκα

449 4269 834 4337 ἐξεπορεύετο
860 4271 976 4337 τὴν
1001 4272 1216 4339 ὑδρίαν
1251 4272 1481 4340 ἔχουσα
1523 4273 1621 4326 ἐπὶ
1650 4274 1769 4327 τῶν
1803 4276 1974 4346 ὤμων
2006 4283 2109 4334 αὺ-

449 4353 583 4422 τῆς.
631 4350 824 4408 Εἶπον
867 4355 934 4408 δὲ
983 4348 1164 4440 ἀϋτῇ,
1191 4357 1460 4440 Βότισόν
1506 4377 1604 4428 με,
1655 4362 1753 4415 καί
1783 4365 2109 4421 σπεύσασα

448 4441 687 4496 καθεῖλε
706 4442 820 4511 τὴν
852 4439 1058 4512 ὑδρίαν
1082 4439 1302 4512 αὐτῆς,¹
1323 4447 1418 4500 καί
1448 4443 1579 4502 εἶπέ
1598 4467 1719 4518 μοι,
1749 4452 1856 4506 Πίε
1880 4454 1978 4508 καί
2001 4456 2103 4522 σὺ,

446 4525 546 4580 καὶ
582 4527 687 4593 τὰς
714 4528 1023 4598 καμήλους
1049 4544 1169 4584 σου
1203 4530 1405 4586 ποτιῶ.
1433 4533 1544 4587 Kal
1573 4533 1901 4605 θεασάμενος
1923 4537 2106 4594 λοιπὸν

445 4613 650 4684 ἐναργῆ
676 4615 775 4686 τὴν
799 4615 947 4688 παρὰ
976 4615 1070 4670 τοῦ
1100 4616 1235 4670 Θεοῦ
1266 4619 1637 4690 γεγενημένην
1666 4622 1953 4692 πρόνοιαν,
1983 4625 2096 4679 ἐπ-

439 4700 670 4770 ηρώτων
701 4702 844 4766 τίνος
869 4704 955 4773 εἰη
976 4703 1219 4776 θυγάτηρ
1240 4721 1256 4736 ο
1281 4706 1376 4758 καὶ
1407 4705 1612 4774 μαθὼν,
1639 4707 1697 4771 ἐξ
1727 4703 1800 4762 ὧν
1831 4706 2004 4776 εἷπεν,
2023 4713 2104 4765 ὃτι

441 4789 504 4839 οὐ
535 4787 668 4857 πρὸς
691 4789 870 4854 ξένους
898 4792 1194 4861 ἀφικόμην,
1217 4791 1328 4844 ἀλλ’
1350 4794 1430 4855 εἰς
1450 4794 1548 4864 τὴν
1577 4793 1754 4846 οἰκίαν
1782 4797 1983 4869 Ναχὼρ
2009 4799 2102 4853 τοῦ

444 4872 673 4940 ἀδελφοῦ
702 4874 794 4926 τοῦ
839 4877 1024 4946 κυρίου
1066 4895 1187 4947 μου,
1220 4878 1518 4950 θαρσήσας,
1576 4879 1900 4948 Περιέθηκα
1947 4887 2101 4956 αὐτῇ

441 4957 518 5010 τὰ
541 4957 748 5010 ἐνώτια
780 4961 876 5012 καί
919 4964 990 5013 τὰ
1014 4962 1238 5028 ψέλλια
1261 5005 1275 5030 ,
1308 4964 1405 5017 καὶ
1433 4964 1774 5031 εὐδοκήσας
1801 4973 2100 5034 προσεκύ-

441 5056 604 5110 νησα
630 5041 710 5107 τῷ
739 5046 949 5111 Κυρίῳ,
981 5048 1077 5099 καί
1112 5050 1418 5118 εὐλόγησα
1443 5049 1546 5102 τὸν
1580 5051 1728 5103 Θεὸν
1763 5051 1868 5104 τοῦ
1891 5055 2099 5121 κυρίου

441 5146 556 5197 μου
595 5127 857 5200 Ἀϐραὰμ,
876 5131 964 5185 ὅτι
991 5133 1264 5188 εὺὼδωσέ
1276 5150 1353 5201 με
1370 5135 1396 5174 δ
1413 5136 1621 5190 λαϐεῖν
1668 5137 1784 5204 τὴν
1808 5140 2100 5209 θυγατέρα

442 5215 548 5269 τοῦ
585 5215 849 5285 ἀδελφοῦ
877 5217 984 5271 τοῦ
1021 5221 1232 5286 κυρίου
1245 5239 1385 5288 μου.
1420 5223 1578 5275 Ἀλλὰ
1600 5224 1665 5276 τὰ
1699 5226 1795 5294 μὲν
1827 5229 1974 5298 παρὰ
2004 5229 2096 5282 τοῦ

441 5300 575 5354 Θεοῦ
613 5301 782 5366 οὕτως
813 5305 1055 5375 ἐναργῶς
1082 5306 1403 5379 ᾡκονομήθη
1425 5325 1437 5337 ·
1461 5307 1608 5381 [489]
1641 5313 1695 5363 αί
1722 5312 1830 5383 γὰρ
1863 5331 2097 5384 προσευο

441 5389 534 5456 χαὶ
566 5389 885 5459 ἐληλύθασιν
918 5394 972 5445 αἰ
1017 5393 1306 5462 γενόμεναι
1362 5395 1512 5464 παρὰ
1544 5395 1637 5448 τοῦ
1671 5397 1931 5451 δεσπότου
1970 5418 2093 5469 μου.

450 5471 637 5540 Ὑμεῖς
663 5474 719 5526 δέ
743 5476 947 5542 λοιπὸν,
973 5481 1020 5531 εἰ
1041 5478 1108 5531 τὰ
1136 5481 1262 5548 παρ’
1294 5480 1499 5535 ἑαυτῶν
1527 5482 1894 5536 ἐπιδείκνυσθε
1914 5525 1928 5548 ,
1963 5501 2094 5539 ποι-

439 5555 552 5608 εἴτε
573 5558 742 5625 ἕλεος
774 5564 868 5615 καί
903 5562 1297 5632 δικαιοσύνην
1326 5567 1478 5634 πρὸς
1511 5568 1616 5620 τὸν
1637 5569 1842 5636 κύριόν
1858 5588 1977 5639 μου
2001 5589 2014 5600 ·
2043 5575 2095 5624 εἱ

499 5660 526 5735 ξ
552 5660 620 5734 με
644 5662 789 5735 Savii.
811 5671 870 5735 fl
892 5666 1061 5735 Morql‘
1085 5674 1478 5735 olpmnpgpugs.
1505 5672 1555 5719 In
1583 5677 1719 5721 lexin
1757 5675 1852 5720 τῶν
1876 5678 1916 5722 0
1934 5675 1943 5692 '
1962 5676 2082 5735 logi-

441 5724 1023 5797 ξςξτλῶρκισεὶκιιρίηκορυᾱ
1047 5731 1244 5797 εοειξειη
1269 5732 1386 5797 LXX
1411 5733 1711 5797 lulerprelcs
1729 5736 1773 5781 in
1795 5737 1898 5797 cod.
1930 5724 2078 5786 Valic.

444 5780 747 5853 “ﬁn-"tm?"
766 5780 941 5853 51‘1")",-
950 5789 1092 5853 εἶῖκίξν-
1125 5791 1199 5847 (In
1225 5794 1330 5840 cod.
1361 5780 1625 5842 Alexan'dr:
1648 5780 1753 5842 ali)?
1771 5780 1926 5850 ἥλιξι-λ

500 5841 528 5881 b
549 5839 601 5892 In
624 5847 761 5892 textu
786 5847 876 5891 τῶν
911 5852 950 5895 0
967 5849 976 5864 '
996 5839 1178 5900 additi”
1203 5839 1248 5900 ἐν
1272 5839 1616 5918 ὁδίῷίᾶίηίὲεέἆξζ

1246 285 1304 340 S.
1340 284 1623 341 JOANNIS
1659 280 2143 338 CHRYSOSTOMI
2178 279 2498 336 ARCIIIEP.
2539 277 3081 336 CONSTANTINOP.

3793 277 3908 334 “2

2231 394 2300 447 δὲ
2345 392 2452 462 μὴ,
2475 391 2872 462 ἀπαγγείλατέ
2902 391 3172 460 μοι.Ἥδη
3205 408 3325 461 μοι,
3358 393 3510 461 φησὶ,
3565 392 3904 464 γνωρίσατε,

2229 475 2314 529 ἵνα
2337 475 2531 528 εἰδέναι
2561 475 2688 544 ἔχω,
2709 474 2737 528 δ
2764 491 2814 526 τι
2837 474 2944 526 δέοι
2969 489 3035 543 με
3064 472 3480 544 διαπράξασθαι.
3516 475 3579 527 Εἰ
3606 475 3666 528 δέ
3698 477 3775 547 μή
3806 494 3899 545 γε,

2227 558 2314 610 ἵνα
2350 556 2576 627 ἐτέρωθι
2623 555 2723 626 τὴν
2767 555 2883 608 ὁδὸν
2924 556 3256 626 ποιήσωμαι,
3307 556 3401 608 καὶ
3436 557 3818 626 Ἑπιστρέψω
3858 559 3900 626 ἢ

2224 641 2311 704 εὶς
2330 637 2497 702 δεξιὰ
2529 638 2567 706 ἢ
2589 640 2674 702 είς
2700 637 3002 705 ἀριστερά.
3033 632 3170 689 Εἶτα
3203 635 3390 708 ἐπειδὴ
3437 638 3466 690 ό
3492 636 3620 701 Θεὸς
3651 633 3722 708 ἦν
3761 639 3792 690 ό
3824 639 3901 692 τὰ

2226 728 2402 779 πάντα
2431 725 2803 796 ἐξευμαρίζων
2828 724 2918 777 διὰ
2939 723 3038 787 τὰς
3065 723 3161 776 τοῦ
3185 724 3524 796 πατριάρχου
3555 727 3894 797 προσευχὰς,

2225 813 2357 880 φησὶ
2409 812 2546 882 πρὸς
2588 811 2749 866 αὐτὸν
2781 813 2810 864 ό
2843 811 3023 880 πατὴρ
3075 812 3175 881 τῆς
3230 811 3398 882 κόρης
3442 813 3538 866 καὶ
3568 814 3597 866 ό
3625 813 3891 882 ἀδελφόςο

2224 897 2388 966 Παρὰ
2410 897 2632 965 Κυρίου
2657 897 2877 966 ἐξῆλθε
2901 896 2968 950 τὸ
2979 897 3146 966 ρῆμα
3168 897 3342 951 τοῦτο
3363 913 3378 927 ⁸
3409 899 3482 951 οὐ
3503 897 3898 968 δυνησόμεθα

2222 986 2524 1038 ἀντειπεῖν
2549 985 2758 1046 κακὸν,
2785 983 2824 1050 ἢ
2851 983 3061 1039 καλόν.
3103 984 3169 1036 Ἦ
3195 983 3443 1054 διήγησίς
3467 1002 3582 1048 σου,
3604 987 3759 1056 φησὶ,
3777 986 3834 1038 δε
3845 986 3894 1036 ί-

2223 1083 2409 1119 κνυσιν
2440 1067 2559 1120 ὅλον
2589 1067 2686 1137 τῆς
2732 1065 2824 1118 τοῦ
2861 1065 2996 1119 Θεοῦ
3038 1067 3347 1136 οἰκονομίας
3376 1069 3754 1138 γεγενημένον.
3790 1069 3890 1140 Μὴ

2222 1146 2398 1200 τοίνυν
2428 1147 2655 1218 νομίσῃς
2681 1148 2826 1218 ἡμᾶς
2855 1147 3223 1201 ἐναντιοῦσθαι
3243 1151 3356 1212 τοῖς
3380 1148 3458 1219 τῷ
3483 1149 3600 1220 Θεῷ
3633 1149 3850 1216 δόξασιν
3871 1165 3889 1181 ·

2222 1234 2340 1287 οὐδὲ
2371 1234 2481 1304 γὰρ
2510 1229 2622 1288 οἷόν
2649 1251 2709 1286 τε
2729 1233 2886 1286 τοῦτο
2920 1235 3049 1305 παρ’
3075 1235 3110 1304 ὴ
3119 1234 3234 1304 μῶν
3262 1235 3532 1303 γενέσθαι.
3585 1235 3712 1290 Ἰδοὺ
3738 1238 3892 1306 ἔχεις

2220 1320 2318 1391 τὴν
2339 1322 2506 1394 κόρην
2526 1338 2542 1353 ο
2567 1321 2774 1375 Λαϐὼν
2792 1321 3104 1390 ἀπότρεχε.
3137 1322 3236 1375 καί
3284 1322 3457 1376 ἔσται
3500 1322 3652 1391 γυνὴ
3676 1321 3753 1388 τῷ
3774 1321 3890 1389 υίῷ

2219 1403 2326 1459 τοῦ
2357 1407 2564 1473 κυρίου
2597 1423 2734 1470 σου,
2767 1405 2922 1461 καθὰ
2951 1405 3218 1473 ἐλάλησε
3240 1404 3471 1474 Κύριος.

2277 1497 2350 1553 ς’.
2367 1491 2548 1544 Εῐδετε
2562 1492 2707 1555 ὅπως
2721 1491 2781 1544 τὸ
2797 1491 3022 1545 παλαιὸν
3039 1491 3369 1556 ἐσπούδαζον
3381 1495 3641 1560 γυναῖκας
3653 1494 3888 1562 ἄγεσθαι

2218 1581 2330 1647 τοῖς
2359 1577 2564 1632 ἑαυτῶν
2606 1579 2826 1643 παισίν;
2878 1579 3025 1642 ὅπως
3054 1579 3160 1650 πρὸ
3204 1578 3312 1632 τῶν
3363 1581 3662 1651 χρημάτων
3701 1581 3886 1651 ψυχῆς

2219 1665 2499 1732 εὐγένειαν
2555 1662 2883 1735 ἐπεζήτουνς
2921 1663 3168 1735 Οὐδαμοῦ
3205 1668 3582 1736 γραμματεῖα,
3640 1666 3882 1736 οὐδαμοῦ

2222 1751 2503 1820 συνθῆκαι,
2535 1751 2628 1804 καὶ
2659 1750 2725 1803 τὰ
2749 1751 2881 1805 ἄλλα
2907 1750 2977 1804 τὰ
3014 1751 3388 1818 καταγέλαστα
3409 1791 3422 1815 ,
3449 1751 3484 1806 ἃ
3517 1752 3613 1806 νῦν
3650 1754 3883 1821 γίνεται,

2221 1839 2312 1889 κα]⁸
2339 1838 2394 1889 αἰ
2424 1836 2662 1908 αἱρέσεις
2687 1836 2714 1876 Β
2741 1839 2942 1890 ἐκεῖναι
2969 1838 3024 1890 αἰ
3045 1839 3157 1901 τοῖς
3182 1837 3577 1909 γραμματείοις
3600 1838 3880 1908 ἐντιθέμε-

2219 1941 2306 1976 ναι
2332 1941 2345 1954 ·
2372 1924 2492 1977 Ἐὰν
2543 1924 2729 1989 ἄπαις,
2763 1925 2916 1994 φησί,
2959 1925 3275 1998 τελευτήσῃ,
3335 1926 3430 1978 ἐὰν
3485 1926 3606 1979 τόδε
3638 1925 3730 1978 καὶ
3758 1926 3882 1979 τόδε
3909 1934 3912 1936 ⁷

2221 2011 2400 2081 συμϐῇ
2421 2025 2434 2038 ·
2461 2010 2594 2064 ἀλλὰ
2628 2013 2758 2081 παρ’
2775 2011 3000 2074 ἐκείνοις
3034 2007 3184 2065 ούδὲν
3222 2011 3478 2076 τοιοῦτον,
3509 2012 3646 2065 ἀλλὰ
3681 2012 3742 2065 τὸ
3768 2013 3881 2083 μέ-

2217 2114 2400 2165 γιστον
2427 2098 2520 2151 καὶ
2561 2098 2799 2167 ἀσφαλὲς
2829 2101 3226 2168 γραμματεῖον,
3253 2099 3354 2168 τῆς
3399 2101 3565 2170 κόρης
3589 2102 3617 2153 ό
3641 2100 3840 2170 τρόπος
3860 2118 3875 2133 ·

2217 2185 2449 2254 οὐδαμοῦ
2476 2183 2728 2254 κύμϐαλα
2751 2185 2840 2236 καὶ
2862 2187 3092 2254 χορεῖαι.
3124 2185 3233 2238 Kal
3264 2185 3422 2238 τοῦτο
3472 2186 3615 2258 εἴσῃ,
3656 2187 3880 2240 ἐπειδὰν

2217 2271 2353 2341 πρὸς
2373 2272 2461 2326 τὸν
2488 2272 2716 2342 νυμφίον
2741 2272 2839 2340 τὴν
2861 2271 3028 2341 κόρην
3057 2269 3172 2342 ἴδῃς
3204 2271 3618 2341 ἐπαναχθεῖσαν.
3680 2274 3879 2327 Ἀκού-

2224 2373 2340 2421 σας
2355 2358 2463 2427 γὰρ
2486 2361 2519 2411 ό
2557 2357 2696 2423 παῖς
2727 2357 2930 2421 ταῦτα,
2968 2357 3120 2424 φησὶ,
3153 2357 3310 2425 παρὰ
3363 2358 3470 2412 τοῦ
3525 2360 3744 2426 πατρὸς
3772 2361 3878 2415 καί

2220 2443 2325 2496 τοῦ
2368 2443 2654 2512 ἀδελφοῦ,
2705 2445 3120 2512 προσεκύνησε
3167 2443 3248 2509 τῷ
3299 2443 3421 2509 Θεῷ
3451 2445 3549 2498 έπί
3595 2445 3710 2512 τὴν
3734 2445 3874 2515 γῆν.

2218 2530 2359 2600 Ὅρα
2392 2531 2508 2594 πῶς
2535 2531 2655 2584 καθ’
2688 2531 2915 2584 ἕκαστον
2936 2531 3045 2586 τῶν
3065 2531 3369 2600 γενομένων
3393 2530 3471 2600 τῷ
3497 2533 3740 2603 Δεσπότῃ
3766 2533 3878 2586 τῶν

2215 2617 2350 2671 ὅλων
2381 2617 2478 2688 τὴν
2506 2618 2849 2688 εὐχαριστίαν
2877 2619 3158 2690 ἀναφέρει.
3212 2618 3380 2682 Αὐτὸς
3402 2619 3510 2689 γὰρ
3537 2614 3606 2690 ἦν
3631 2621 3660 2672 ὸ
3699 2620 3880 2674 πάντα

2216 2705 2596 2774 προοδοποιῶν,
2622 2706 2716 2758 καὶ
2749 2705 2888 2759 κατὰ
2919 2705 2978 2759 τὸ
3011 2707 3161 2776 ῥῆμα
3181 2703 3277 2758 τοῦ
3307 2706 3678 2776 πατριάρχου,
3709 2706 3880 2776 ἄγγε-

2215 2791 2303 2843 λον
2355 2792 2778 2862 προαποστείλας
2828 2791 3137 2862 ἔμπροσθεν
3160 2790 3346 2854 αὐτοῦ,
3403 2791 3473 2845 τά
3519 2792 3696 2845 πάντα
3727 2793 3880 2863 αὐτῷ

2217 2877 2656 2948 ἐξευμαρίζοντα.
2691 2877 2801 2931 Kal
2852 2878 3034 2937 λοιπὸν
3086 2877 3269 2948 μαθὼν
3298 2878 3375 2942 ὡς
3420 2877 3577 2942 τέλος
3624 2878 3774 2949 αὐτῷ
3811 2880 3908 2933 το

2217 2961 2641 3030 σπουδαζόμενον
2671 2961 2844 3030 ἔσχεν,
2899 2961 3242 3030 Ἐξενέγκας
3285 2961 3474 3028 σκεύη
3524 2960 3723 3029 χρυσᾶ
3773 2963 3878 3016 καὶ

2213 3041 2458 3110 ἀργυρᾶ,
2486 3043 2584 3095 καί
2627 3041 2960 3111 ἱματισμὸν,
2994 3041 3176 3095 ἔδωκε
3205 3041 3278 3109 τῇ
3319 3041 3619 3109 Ῥεϐέκκα.
3673 3043 3879 3096 Λοιπὸν

2219 3123 2355 3193 μετὰ
2377 3124 2683 3195 παρρησίας
2707 3123 2874 3194 αὐτὴν
2901 3123 3211 3194 θεραπεύει,
3237 3123 3313 3186 ῶς
3341 3123 3440 3192 ἤδη
3457 3123 3544 3176 διὰ
3568 3122 3677 3175 τῶν
3700 3123 3881 3194 ρημάο

2213 3222 2320 3260 των
2353 3205 2708 3275 ἐγγυηθεῖσαν
2753 3205 2828 3275 τῷ
2887 3205 3091 3260 Ἰσαάκ.
3141 3205 3289 3274 Τιμᾷ
3330 3205 3387 3257 δὲ
3416 3205 3610 3274 δώροις
3639 3207 3734 3258 καὶ
3781 3205 3880 3259 τόν

2213 3291 2437 3360 ἀδελφὸν
2467 3292 2560 3344 καὶ
2588 3293 2688 3362 τὴν
2726 3291 2954 3362 μητέρα,
2983 3291 3076 3344 καὶ
3109 3292 3197 3344 ὅτε
3244 3293 3324 3353 εἰς
3355 3291 3516 3362 ἔργον
3543 3289 3683 3344 εἶδεν
3709 3292 3878 3345 ἐκϐᾶ-

2216 3389 2312 3426 σαν
2340 3375 2438 3444 τὴν
2465 3373 2614 3444 παρὰ
2648 3373 2739 3426 τοῦ
2792 3374 3050 3426 δεσπότου
3106 3373 3344 3443 ἐντολὴν,
3393 3374 3512 3426 τότε
3557 3373 3742 3426 λοιπὸν
3772 3374 3878 3443 τῆς

2213 3457 2416 3519 οἰκείας
2437 3457 2792 3518 ἀναπαύσεως
2819 3456 3045 3523 γίνεται.
3085 3456 3351 3523 Ἕφαγον
3397 3455 3526 3526 γὰρ,
3569 3457 3722 3526 φησὶ,
3772 3457 3879 3509 καί

2211 3538 2402 3602 ἔπιον,
2425 3539 2605 3603 αὐτὸς
2637 3537 2735 3590 καί
2755 3539 2810 3590 οἰ
2843 3537 3057 3604 ἀνδρες
3086 3539 3138 3591 οἰ
3184 3536 3313 3605 μετ’
3354 3537 3562 3604 αὐτοῦ,
3594 3537 3692 3591 καί
3719 3539 3878 3592 ἐποιε-

2206 3618 2509 3688 μήθησαν.
2538 3619 2644 3673 Kal
2675 3619 2941 3684 ἀναστὰς
2960 3618 3040 3683 τῷ
3071 3620 3220 3686 πρωῒ
3259 3614 3427 3672 εἷπεν
3444 3634 3458 3648 °
3499 3618 3875 3688 Ἐκπέμψατέ

2206 3717 2301 3768 με,
2332 3701 2431 3753 ἵνα
2456 3699 2692 3754 ἀπέλθω
2717 3701 2867 3768 πρὸς
2892 3700 2996 3754 τὸν
3049 3700 3252 3767 κύριόν
3290 3717 3430 3769 μου.
3448 3699 3664 3770 Ἐπειδὴ
3693 3703 3874 3756 πάντα

2215 3800 2302 3852 μοι
2329 3783 2469 3837 οὐτω
2497 3782 2876 3854 κατευωδώθη,
2925 3783 3078 3852 φησὶ,
3113 3783 3206 3836 καὶ
3255 3781 3410 3836 οὐδέν
3447 3782 3562 3835 ἐστι
3594 3781 3781 3841 λοιπὸν
3814 3786 3876 3843 τὸ

2211 3863 2471 3929 ἐλλεῖπον,
2501 3865 2637 3919 ἀλλὰ
2666 3867 2757 3919 καὶ
2797 3867 2923 3936 ὑμῖν
2955 3865 3112 3918 τοῦτο
3138 3864 3363 3935 ἀρεστὸν
3388 3864 3582 3935 ἐφάνη,
3629 3865 3874 3934 Ἐκπέμ-

2210 3948 2364 4013 ψατέ
2384 3964 2483 4015 με,
2517 3947 2616 3999 ἵνα
2642 3946 2879 4000 ἀπέλθω
2921 3945 3070 4014 πρὸς
3114 3945 3220 3999 τὸν
3251 3946 3458 4013 κύριόν
3482 3963 3622 4014 μου.
3671 3943 3872 4000 Elian-

2210 4026 2296 4092 δὲ,
2329 4029 2509 4098 φησὶν,
2533 4029 2588 4080 ol
2625 4027 2873 4096 ἀδελφοί
2907 4027 3006 4079 καὶ
3041 4028 3077 4094 η
3111 4025 3325 4093 μήτηρ
3359 4025 3624 4078 Μεινάτω
3653 4027 3690 4094 ἡ
3720 4041 3873 4095 παρ-

2209 4109 2380 4174 θένος
2402 4111 2530 4178 μεθ’
2555 4108 2722 4178 ἡμῶν
2751 4108 2972 4177 ἡμέρας
2997 4108 3139 4161 ὡσεὶ
3160 4105 3332 4172 δέκα,
3363 4109 3463 4161 καί
3507 4108 3659 4177 μετὰ
3679 4109 3872 4164 ταῦτα

2208 4194 2638 4249 ἀπελεύσεσθε.
2677 4195 2738 4247 '0
2770 4193 2836 4247 δέ
2858 4191 2987 4248 εἷπε
3015 4195 3164 4262 πρὸς
3181 4195 3430 4259 αὐτούς’
3458 4194 3556 4261 Μὴ
3586 4192 3870 4262 κατέχετέ

2201 4291 2298 4342 με,
2321 4273 2421 4327 καί
2454 4275 2665 4340 Κύριος
2691 4273 2962 4328 εὑώδωσε
2987 4275 3101 4342 τὴν
3122 4273 3264 4328 όδόν
3285 4291 3406 4342 μου
3430 4283 3452 4312 ο
3479 4289 3494 4306 ο
3520 4273 3870 4342 έκπέμψατέ

2203 4371 2299 4424 με,
2327 4355 2427 4408 ἵνα
2454 4354 2690 4409 ἀπέλθω
2730 4355 2878 4423 πρὸς
2907 4356 3015 4410 τὸν
3050 4357 3254 4424 κύριόν
3275 4373 3416 4423 μου.
3452 4355 3608 4418 Τίνος
3653 4357 3864 4421 ἕνεκεν,

2211 4438 2392 4508 φησὶν,
2421 4437 2772 4509 ὐπερτίθεσθε
2796 4441 2888 4492 καὶ
2907 4438 3341 4502 διαναϐάλλεσθε,
3369 4437 3462 4490 τοῦ
3497 4437 3631 4492 Θεοῦ
3669 4443 3869 4494 τοσαύο

2205 4536 2304 4591 την
2326 4520 2573 4574 εὐκολίαν
2595 4521 2653 4574 ἐν
2692 4522 2862 4576 ἆπασί
2891 4539 2980 4592 μοι
3021 4520 3461 4592 παρεσχηκότος;
3500 4521 3869 4575 Ἀπολύσατέ

2199 4619 2296 4671 με,
2332 4603 2431 4657 ἵνα
2454 4603 2692 4659 ἀπέλθω
2718 4605 2867 4674 πρὸς
2889 4605 2996 4658 τὸν
3041 4605 3247 4672 κύριόν
3291 4619 3430 4672 μου.
3476 4601 3627 4673 [490]
3665 4607 3729 4656 Ol
3773 4603 3864 4668 δὲ,

2206 4686 2388 4753 φησὶν,
2407 4683 2579 4739 εἷπον
2603 4701 2616 4715 '
2651 4686 3010 4756 Καλέσωμεν
3031 4687 3145 4754 τὴν
3181 4686 3382 4749 παῖδα,
3418 4687 3518 4740 καί
3552 4686 3865 4754 ἐρωτήσω-

2197 4784 2314 4835 μεν
2344 4767 2536 4833 αὐτήν
2555 4766 2602 4823 ἀ.
2623 4767 2730 4826 Kal
2761 4768 3085 4830 ἐκάλεσαν,
3108 4769 3204 4822 καὶ
3226 4766 3402 4823 εἶπαν
3432 4768 3584 4837 αὐτῇ
3608 4785 3623 4801 ·
3647 4771 3865 4836 Πορεύ-

2203 4865 2285 4916 σῃ
2331 4849 2480 4918 μετὰ
2510 4849 2614 4902 τοῦ
2643 4849 2989 4917 ἀνθρώπου;
3046 4852 3112 4904 Ἠ
3164 4849 3232 4904 δὲ
3267 4847 3418 4913 εἶπε,
3465 4851 3861 4918 Πορεύσομαι.

2201 4930 2311 4983 Kal
2335 4929 2682 4998 ἐξέπεμψαν
2711 4930 3028 4984 Ῥεϐέκκαν
3059 4931 3172 5000 τὴν
3198 4933 3472 5002 ἀδελφὴν
3495 4931 3724 4996 αὐτῶν,
3759 4933 3863 4987 κσι

2199 5013 2274 5068 τὰ
2307 5011 2652 5080 ὑπάρχοντα
2697 5012 2919 5080 αὐτῆς,
2955 5014 3052 5067 καὶ
3087 5016 3188 5068 τὸν
3213 5015 3395 5069 παῖδα
3441 5015 3547 5068 τοῦ
3589 5016 3856 5083 Ἀϐραὰμ,

2199 5095 2298 5148 καί
2335 5095 2475 5159 τοὺς
2499 5096 2626 5162 μετ’
2649 5095 2854 5160 αὐτοῦ,
2885 5098 2982 5150 καὶ
3005 5100 3349 5167 εὐλόγησαν
3381 5098 3714 5163 Ῥεϐέκκαν,
3757 5101 3858 5153 καί

2197 5173 2368 5230 εἷπον
2415 5175 2590 5243 αὐτῇ,
2638 5175 2893 5245 Ἀδελφὴ
2930 5179 3095 5247 ἡμῶν
3134 5177 3207 5244 εἷ,
3236 5181 3412 5250 γενοῦ
3443 5183 3530 5244 εἰς
3583 5180 3864 5248 χιλιάδας

2193 5256 2512 5327 μυριάδων,
2557 5259 2657 5312 καί
2695 5263 3201 5331 κληρονομησάτω
3239 5264 3304 5316 τὸ
3329 5265 3567 5331 σπέρμα
3594 5279 3713 5316 σου
3751 5263 3861 5332 τὰς

2196 5340 2405 5403 πόλεις
2425 5338 2542 5393 τῶν
2580 5343 2969 5398 ὑπεναντίων.
3005 5346 3144 5415 Ὅρα
3168 5346 3283 5409 πῶς
3308 5347 3402 5399 καὶ
3432 5344 3575 5400 οὗτοι
3602 5345 3862 5412 ἀγνοοῦν-

2262 5432 2290 5472 1³
2318 5439 2376 5484 Ai.
2398 5436 2690 5502 aipéa§};_in
2729 5439 2950 5502 Basilicis
2979 5449 3091 5490 sunt
3128 5443 3434 5490 conditiones
3457 5441 3556 5489 illa
3578 5455 3689 5502 qua
3730 5443 3862 5490 aclis

2198 5497 2492 5563 insculpuuiij.
2534 5497 2655 5545 Vide
2697 5502 2744 5549 in
2771 5501 2987 5551 Basilicis
3020 5503 3214 5552 Fabruti
3253 5503 3414 5551 indice
3439 5503 3497 5563 ad
3539 5497 3708 5549 vo'cem
3730 5501 3857 5563 αἴρε-

2197 5575 2284 5624 σις..
2316 5557 2389 5624 De_
2432 5557 2509 5604 his
2552 5570 2667 5624 Verg
2693 5563 3049 5611 conditionibus
3073 5564 3153 5611 hic
3201 5565 3416 5624 loquitur
3459 5557 3852 5617 Chrys‘stombs,

2197 5620 2278 5688 qui
2299 5619 2473 5666 eodem
2500 5631 2601 5689 _ust_i_
2619 5619 2939 5689 ilia:q_vqcem
2959 5625 3159 5673 adhibet.
3178 5619 3299 5674 infr'a
3311 5624 3518 5673 Humilia
3545 5623 3623 5683 56,
3646 5630 3700 5672 et
3717 5637 3852 5689 sape

2200 5683 2248 5728 in
2273 5681 2630 5744 co_nu_nel_i_laljiis
2663 5682 2708 5744 in
2733 5681 2946 5744 l'saimos
2979 5691 3106 5731 lomo
3129 5689 3376 5744 sequenti.

2256 5741 2417 5810 ε’ίῖυιί.
2470 5737 2617 5786 Valic.
2646 5743 2739 5786 τῶν
2761 5743 2844 5798 0',
2886 5745 2968 5799 τήν
3009 5745 3114 5792 ὁδον
3141 5737 3230 5805 μου
3251 5746 3297 5792 ἐν
3323 5747 3440 5807 ἐμοί.
3469 5747 3583 5796 Cod.
3632 5745 3774 5795 Alex.
3803 5742 3852 5790 ἐν

2191 5816 2291 5846 ευοι,
2312 5816 2405 5844 mn.

2216 5845 2224 5861 ⁸
2249 5861 2272 5897 d
2301 5861 2364 5908 ω’
2391 5862 2566 5912 habent
2593 5864 2670 5910 καὶ
2695 5863 3005 5924 ἐρωτήσωμῖρι
3033 5865 3084 5912 τὸ
3113 5866 3264 5924 στόμα
3284 5867 3441 5923 αὐτῆς.
