4150 6276
384 319 477 373 ιιι
1340 324 1407 381 ΙΝ
1443 326 1592 384 CAP.
1640 328 1826 384 XXIV.
1866 330 2106 389 GENES.
2148 334 2376 395 IIOMIL.
2420 342 2649 400 XLVIII.

380 450 526 505 ager;
556 450 814 506 nusquam
835 435 1046 502 domus,
1071 446 1123 492 et
1146 452 1534 508 supervacanea
1558 434 1969 512 sumptuositas:

382 527 476 583 sed
498 544 627 583 oves
654 539 708 583 et
731 530 914 596 vituli,
941 532 1132 586 cameli
1173 540 1228 586 et
1254 533 1417 587 asina:
1440 574 1455 599 ,
1479 534 1621 589 servi
1660 544 1715 591 et
1737 537 1960 592 ancilla.

386 616 450 672 Et
476 626 531 672 ut
557 618 753 685 discas,
781 633 1056 676 servorum
1084 621 1367 677 multitudo
1390 622 1531 678 unde
1554 625 1603 678 ei
1642 626 1923 693 contigerit
1947 666 1963 690 ,

383 707 585 762 addidit
611 709 716 764 alio
746 709 905 764 loco:
948 710 1223 766 Vernaculi
1268 728 1453 769 omnes
1500 726 1651 769 erant
1676 716 1695 784 (
1725 714 1851 770 Gen.
1877 714 1965 769 17.

384 795 502 867 23).
535 797 631 853 Hic
658 799 835 870 igitur,
866 800 1053 871 inquit,
1080 802 1327 857 dominus
1373 818 1547 869 meus,
1578 805 1663 860 cui
1704 813 1865 860 tanta:
1888 806 1968 860 fa-

386 884 613 940 cultates
636 895 780 951 sunt,
805 896 861 941 et
887 888 976 957 qui
1007 890 1225 944 multam
1247 905 1476 960 superne
1494 893 1718 962 gratiam
1744 893 1966 963 invenit,

388 976 600 1045 quando
622 976 733 1046 jam
762 979 939 1032 senuit
966 1020 982 1045 ,
1010 994 1078 1035 ex
1116 979 1274 1035 Sarra
1307 979 1471 1036 ﬁlium
1499 984 1732 1053 suscepit
1755 1024 1770 1049 ,
1798 985 1970 1039 hunc-

392 1082 496 1136 que
525 1066 727 1123 habens
746 1069 1093 1139 unigenitum,
1124 1072 1293 1141 ipsum
1318 1072 1569 1128 heredem
1586 1075 1820 1129 omnium
1843 1091 1969 1130 suo-

388 1172 503 1210 rum
534 1156 644 1226 jam
673 1160 984 1216 constituit:
1009 1160 1205 1231 quippe
1232 1160 1419 1217 Omnia
1447 1162 1585 1217 dedit
1610 1165 1688 1219 illi
1716 1182 1971 1235 quiscum-

387 1263 484 1315 que
503 1247 698 1304 habuit.
729 1248 857 1304 Dein
887 1260 1164 1320 postquam
1185 1253 1419 1307 narravit
1443 1252 1641 1309 domini
1665 1255 1973 1325 gloriam,et

392 1337 555 1393 Isaaci
584 1351 813 1408 partum,
837 1340 965 1395 dicit
1004 1343 1219 1413 insuper
1237 1352 1292 1398 et
1319 1344 1568 1399 mandata
1596 1361 1714 1414 qua:
1749 1360 1973 1415 accepe-

391 1438 472 1482 rat
500 1428 567 1482 ab
596 1429 724 1486 hero
752 1446 869 1497 suo,
894 1442 949 1487 ut
973 1432 1028 1487 in
1053 1431 1288 1489 Charran
1312 1435 1758 1504 proﬁcisceretur.
1786 1439 1874 1493 57.
1907 1438 1974 1491 Et

391 1520 644 1588 adjurauit
671 1537 767 1585 me,
789 1522 976 1592 inquit,
1007 1523 1242 1579 dominus
1260 1541 1420 1592 meus,
1444 1525 1614 1580 dicens
1642 1543 1663 1581 :
1687 1526 1806 1580 Non
1833 1529 1973 1581 acci-

394 1611 499 1678 pies
521 1626 725 1665 uxorem
762 1613 870 1680 ﬁlio
893 1630 1002 1667 meo
1029 1612 1182 1668 Isaac
1205 1615 1269 1669 de
1293 1615 1519 1669 omnibus
1540 1616 1740 1685 filiabus
1769 1618 1974 1671 Chana-

394 1716 618 1754 nteorum
642 1744 656 1767 ,
686 1703 812 1757 inter
852 1720 977 1775 quos
1018 1722 1108 1774 ego
1162 1707 1330 1760 habito
1355 1723 1374 1761 :
1411 1707 1501 1763 58.
1543 1708 1632 1761 sed
1670 1709 1723 1761 in
1771 1708 1977 1762 domum

395 1793 553 1858 patris
595 1795 690 1847 mei
718 1794 861 1861 vade,
911 1805 958 1848 et
1008 1796 1076 1848 ad
1101 1798 1448 1867 cognationem
1492 1814 1675 1865 meam,
1705 1798 1823 1853 inde
1846 1800 1979 1854 arci-

393 1883 498 1952 pies
519 1901 725 1939 uxorem
751 1887 859 1954 ﬁlio
882 1903 1011 1940 meo.
1041 1888 1107 1942 Et
1130 1889 1246 1958 ipse
1274 1890 1487 1959 quidem
1520 1890 1637 1945 haec
1671 1891 1801 1944 mihi
1828 1907 1981 1945 man-

391 1973 557 2042 davit,
584 1990 684 2046 ego
712 1986 888 2033 autem
908 1979 1270 2035 difﬁcultatem
1301 1983 1495 2051 negotii
1513 1996 1720 2036 mecum
1748 1998 1978 2050 perpen-

392 2064 549 2130 dens,
576 2067 826 2137 rogabam
868 2068 1142 2124 dominum
1173 2085 1348 2125 meum
1373 2070 1392 2142 (
1418 2087 1464 2123 υ.
1514 2070 1647 2139 59),
1677 2072 1722 2124 si
1749 2088 1852 2125 non
1883 2087 1981 2125 vo-

393 2158 552 2213 luerit
579 2160 768 2215 mulier
794 2161 974 2215 venire
1004 2176 1233 2215 mecum.
1292 2162 1382 2216 40.
1413 2161 1483 2215 Et
1515 2163 1643 2215 dixit
1671 2163 1796 2215 mihi
1826 2179 1845 2217 :
1875 2162 1980 2215 Do-

395 2250 563 2302 minus
591 2247 729 2302 Deus
749 2251 829 2303 cui
868 2252 1147 2319 complacui
1167 2266 1337 2303 coram
1365 2267 1447 2317 eo,
1488 2252 1595 2321 ipse
1635 2255 1793 2306 mittet
1828 2270 1985 2325 ange-

400 2342 506 2389 lum
535 2354 682 2391 suum
706 2347 867 2392 tecum
888 2380 903 2405 ,
926 2349 973 2393 et
1004 2356 1297 2410 prosperum
1320 2341 1469 2410 faciet
1496 2342 1590 2395 iter
1613 2351 1756 2396 tuum
1776 2384 1792 2411 ,
1823 2354 1869 2397 et
1896 2361 1984 2397 ac-

397 2427 553 2495 cipies
582 2444 786 2482 uxorem
816 2429 923 2497 ﬁlio
951 2446 1079 2495 meo,
1111 2446 1174 2483 ex
1196 2431 1497 2499 cognatione
1525 2449 1656 2497 mea,
1675 2440 1721 2486 et
1748 2449 1810 2488 ex
1833 2434 1982 2488 domo

398 2518 558 2587 patris
588 2519 703 2572 mei.
757 2518 908 2586 Quod
951 2520 996 2573 si
1022 2534 1130 2574 non
1158 2522 1388 2589 potuerit
1431 2523 1736 2591 persuaderi
1766 2517 1991 2591 mulier,

399 2618 455 2660 ut
478 2616 646 2662 tecum
674 2609 777 2663 huc
790 2609 1241 2679 proﬁciscatur,“
1255 2650 1267 2664 .
1294 2609 1436 2665 Tunc
1452 2612 1689 2668 innocens
1706 2613 1804 2667 eris
1826 2630 1857 2665 a
1882 2630 1986 2666 ma-

398 2698 663 2753 ledictione
691 2715 820 2753 mea.
845 2699 1009 2769 Igitur
1032 2699 1279 2755 dominus
1303 2701 1517 2771 quidem
1540 2702 1655 2757 haec
1682 2703 1810 2756 mihi
1829 2718 1982 2757 man-

398 2786 575 2853 davit,
613 2798 667 2843 et
693 2790 875 2843 taliqu
926 2804 1138 2858 precum
1165 2790 1355 2845 viatico
1401 2807 1487 2845 me
1535 2792 1848 2847 instructum
1877 2791 1986 2848 huc

401 2878 549 2932 misit
580 2893 596 2933 :
625 2893 723 2949 ego
742 2888 918 2934 autem
948 2878 1112 2935 fretus
1133 2880 1273 2935 illius
1296 2882 1558 2950 precibus,
1582 2883 1670 2936 ubi
1686 2882 1754 2937 ad
1782 2882 1983 2937 fontem

402 2971 544 3038 veni,
576 2971 689 3026 hinc
727 2972 887 3027 verba
923 2972 1172 3041 loquutus
1200 2988 1351 3038 sum,
1384 2982 1439 3028 et
1466 2973 1574 3029 dixi
1607 2992 1619 3026 :
1652 2973 1739 3028 42.
1768 2972 1986 3028 Domine

401 3060 542 3115 Deus
588 3063 778 3116 domini
828 3064 924 3116 mei
964 3062 1264 3130 Abraham,
1311 3063 1357 3117 si
1419 3073 1472 3116 tu
1522 3080 1815 3134 prosperum
1859 3066 1986 3134 fucis

403 3153 496 3207 iter
525 3169 624 3221 quo
651 3169 783 3205 nunc
806 3153 929 3207 abeo
969 3169 989 3206 :
1036 3154 1127 3207 45.
1159 3151 1293 3207 Ecce
1332 3169 1421 3223 ego
1447 3162 1524 3206 sto
1554 3153 1691 3223 apud
1716 3157 1905 3225 fontem
1928 3170 1986 3206 a-

404 3258 517 3310 qua:
538 3259 560 3308 ,°
608 3242 729 3310 ﬁlix
768 3253 939 3297 autem
968 3242 1227 3296 hominum
1254 3242 1409 3314 hujus
1435 3243 1648 3297 civitatis
1673 3244 1987 3313 egredientur

405 3334 473 3386 ad
515 3332 848 3388 hauriendam
871 3350 1078 3403 aquam.
1130 3333 1194 3387 Et
1220 3335 1313 3389 erit
1336 3335 1496 3405 virgo,
1525 3334 1607 3388 cui
1632 3351 1722 3405 ego
1762 3335 1936 3389 dixero
1966 3350 1986 3388 :

409 3422 623 3494 Porrige
651 3424 773 3477 mihi
797 3440 979 3494 parum
1002 3440 1149 3493 aqua:
1172 3441 1235 3478 ex
1275 3425 1459 3495 hydria
1496 3434 1581 3480 tua
1608 3442 1628 3491 ;
1654 3426 1744 3480 M.
1776 3426 1819 3481 si
1844 3426 1987 3480 dixe-

407 3515 473 3567 rit
494 3515 640 3581 mihi,
674 3514 743 3570 Et
769 3525 823 3569 tu
847 3514 977 3581 bibe,
1004 3524 1050 3569 et
1074 3516 1292 3570 camelos
1322 3525 1432 3569 tuos
1458 3519 1653 3588 aquabo
1693 3534 1714 3572 :
1756 3520 1869 3585 ipsa
1895 3519 1987 3570 erit

409 3624 537 3661 uxor
559 3624 711 3675 quam
736 3608 1032 3677 praeparasti
1056 3623 1197 3662 servo
1226 3616 1314 3661 tuo
1335 3606 1509 3662 Isaac.
1537 3608 1607 3662 Et
1632 3610 1685 3663 in
1712 3610 1806 3663 hoc
1830 3609 1989 3664 sciam

407 3697 541 3766 quod
569 3698 747 3765 feceris
772 3698 1167 3752 misericordiam
1194 3699 1398 3752 domino
1425 3715 1535 3752 meo
1561 3700 1836 3754 Abraham.
1862 3700 1989 3755 Haec

408 3804 508 3858 ego
529 3790 762 3859 quidem,
793 3789 981 3858 inquit,
1008 3789 1148 3859 apud
1188 3792 1560 3859 memetipsum
1592 3792 1757 3845 Deum
1776 3793 1987 3861 rogavi;

410 3881 645 3935 nondum
681 3887 858 3935 autem
910 3880 1068 3934 finem
1120 3878 1350 3935 feceram
1387 3881 1473 3935 illa
1500 3880 1747 3947 dicendi,
1779 3892 1835 3936 et
1857 3896 1992 3937 con-

411 3970 587 4024 festim
636 3969 921 4039 adimpleta
971 3978 1114 4024 sunt.
1161 3970 1251 4026 45.
1286 3969 1426 4023 Nam
1471 3971 1763 4041 priusquam
1795 3987 1887 4041 ego
1913 3971 1994 4024 di-

410 4062 555 4115 cendi
583 4062 739 4130 ﬁnem
763 4065 977 4131 facerem
1005 4102 1021 4128 ,
1050 4078 1163 4116 ecce
1209 4062 1433 4117 Rebecca
1476 4062 1595 4117 exiit
1617 4078 1801 4133 aquam
1827 4066 1992 4134 ferens

411 4153 465 4209 in
509 4153 728 4206 humeris
772 4152 896 4206 suis.
933 4152 1174 4207 Dicebam
1225 4162 1393 4206 autem
1421 4154 1467 4206 ei
1493 4168 1512 4207 :
1543 4152 1620 4207 Da
1646 4153 1772 4206 mihi
1798 4162 1989 4222 potum.

412 4241 503 4297 46.
521 4241 583 4295 Et
608 4241 890 4297 accelerans
919 4241 1149 4312 deposuit
1170 4243 1404 4314 hydriam
1427 4260 1591 4309 suam,
1609 4256 1656 4298 et
1681 4244 1808 4298 dixit
1832 4243 1989 4298 mihi:

410 4332 535 4388 Bibe
558 4344 604 4388 et
629 4343 683 4388 tu
706 4375 720 4401 ,
753 4344 800 4388 et
844 4334 1060 4389 camelos
1087 4346 1198 4390 tuos
1248 4335 1462 4406 aquabo.
1513 4337 1581 4390 Et
1608 4350 1728 4391 cum
1754 4336 1989 4391 viderem

409 4422 515 4492 jam
545 4423 843 4478 evidentem
884 4424 997 4479 ﬁeri
1032 4425 1122 4479 Dei
1152 4426 1533 4495 providentiam
1554 4468 1568 4492 ,
1599 4428 1988 4498 interrogabam

414 4514 564 4583 cujus
589 4524 730 4570 esset
759 4514 884 4570 ﬁlia.
914 4516 984 4570 Et
1006 4524 1064 4569 ut
1087 4515 1247 4569 didici
1271 4532 1336 4569 ex
1358 4517 1422 4570 iis
1445 4532 1564 4584 quae
1589 4517 1743 4583 dixit,
1773 4533 1859 4572 me
1886 4533 1990 4571 non

415 4603 480 4657 ad
512 4604 717 4657 alienos
745 4605 972 4671 venisse,
1000 4604 1095 4659 sed
1127 4605 1178 4657 in
1206 4604 1422 4659 domum
1454 4605 1665 4660 Nacbor
1687 4607 1866 4662 fratris
1894 4608 1992 4662 do-

420 4695 547 4748 mini
578 4696 705 4763 mei,
729 4705 939 4764 sumpta
963 4711 1059 4765 spe
1082 4696 1240 4761 bona,
1272 4697 1361 4751 47.
1391 4696 1625 4768 Appendi
1653 4700 1697 4753 ei
1725 4701 1925 4754 inaures
1947 4710 1994 4755 et

417 4788 662 4852 armillas,
692 4797 739 4842 et
760 4803 873 4841 cum
892 4787 987 4841 hoc
1014 4787 1253 4859 placeret,
1287 4789 1376 4844 48.
1406 4789 1613 4843 adoravi
1640 4789 1935 4858 Dominum,
1950 4801 1995 4845 et

414 4879 644 4933 benedixi
672 4877 836 4933 Deum
862 4881 1053 4933 domini
1097 4881 1195 4934 mei
1239 4881 1515 4947 Abraham,
1555 4881 1675 4950 quia
1704 4898 1995 4952 prosperum

414 4970 538 5023 mihi
562 4971 655 5023 iter
670 4971 785 5039 fecit
808 4971 848 5038 ',
876 4981 930 5023 ut
954 4988 1254 5025 assumerem
1283 4973 1444 5041 ﬁliam
1472 4973 1647 5041 fratris
1663 4973 1855 5027 domini
1878 4976 1993 5029 mei.

421 5061 611 5116 Verum
642 5061 757 5116 hmo
782 5063 850 5116 ita
876 5078 905 5116 a
938 5062 1162 5117 Domino
1201 5064 1475 5118 manifeste
1498 5065 1802 5133 disrnensata
1837 5074 1992 5132 sunt;

420 5162 604 5219 preces
643 5152 840 5221 quippe
884 5152 1082 5206 domini
1123 5154 1227 5207 mei
1280 5162 1407 5207 tunc
1432 5154 1630 5208 exitum
1676 5155 1992 5210 habuerunt.

416 5240 678 5296 Caeterum
700 5260 795 5297 vos
824 5243 873 5298 si
901 5255 1135 5298 vestrum
1161 5245 1395 5300 officium
1427 5246 1676 5315 impletis,
1704 5247 1793 5302 49.
1818 5247 1997 5302 Facite

417 5331 809 5386 misericordiam
831 5344 877 5386 et
902 5333 1148 5398 iustitiam
1172 5352 1285 5388 cum
1314 5336 1516 5390 domino
1545 5354 1682 5391 meo:
1700 5341 1779 5391 sin
1806 5340 1992 5405 minus,

419 5423 712 5477 annuntiate
731 5424 875 5479 mihi.
904 5423 1019 5478 Jant
1041 5425 1192 5490 mihi,
1223 5426 1410 5494 inquit,
1440 5428 1754 5497 significate,
1778 5438 1835 5483 ut
1860 5431 1997 5484 scire

420 5514 616 5581 possim
644 5514 768 5582 quid
796 5524 1036 5583 oporteat
1064 5532 1147 5571 me
1176 5516 1368 5571 facere.
1401 5517 1550 5584 Quod
1594 5519 1639 5571 si
1678 5519 1854 5572 minus
1880 5520 1995 5583 pla-

420 5613 523 5671 cet,
551 5615 605 5659 et
630 5606 854 5674 idipsum
874 5606 1055 5673 dicite,
1090 5617 1144 5662 ut
1169 5608 1275 5662 alio
1302 5609 1400 5663 iter
1427 5610 1637 5676 faciam,
1668 5620 1722 5665 et
1750 5611 1835 5665 Me
1864 5630 1959 5667 con
1979 5641 1993 5651 -

486 5718 502 5753 ι
536 5716 617 5765 llic
638 5718 945 5779 septuaginta
968 5724 1114 5781 lnlert
1132 5726 1266 5769 rctes
1283 5720 1478 5781 addunt,
1503 5719 1554 5770 in
1575 5719 1649 5773 tia
1672 5720 1900 5778 veritatis.

3541 354 3643 409 με

2069 463 2256 507 vertam
2282 456 2359 509 vel
2394 457 2463 509 ad
2488 457 2737 525 dextram,
2781 460 2857 515 vel
2878 460 2949 514 ad
2986 461 3261 516 sinistram.
3294 462 3482 518 Postea
3510 480 3643 534 quo.

2070 546 2211 599 niam
2236 547 2374 601 Deus
2410 557 2525 603 erat
2552 551 2642 618 qui
2674 551 2851 605 omnia
2882 562 3097 623 propter
3121 570 3305 624 preces
3321 555 3645 625 patriarchae

2068 635 2413 702 secundabat,
2445 637 2628 693 dicunt
2661 639 2709 694 ei
2739 649 2888 710 pater
2915 652 2971 697 et
3004 642 3168 698 frater
3189 644 3409 715 virginis
3439 662 3452 698 :
3485 644 3574 700 50.
3602 645 3646 697 A

2070 726 2288 782 Domino
2330 730 2449 784 exiit
2489 733 2687 786 verbum
2724 733 2818 788 hoc
2846 749 2866 788 :
2893 751 2994 788 non
3037 737 3309 804 poterimus
3338 737 3425 789 tibi
3448 746 3651 790 contra-

2071 816 2235 871 dicere
2260 818 2338 873 νει
2363 820 2551 875 malum
2591 822 2667 875 vel
2705 822 2909 876 bonum.
2936 824 3017 878 Ex
3060 827 3361 880 narratione
3406 834 3494 879 tua
3519 826 3650 879 satis

2072 906 2437 977 intelligimus,
2470 917 2636 965 totum
2658 910 2759 967 hoc
2784 911 2958 967 divina
2987 914 3381 983 dispensatione
3408 915 3542 971 ﬁeri.
3576 915 3655 969 Ne

2073 998 2232 1068 igitur
2260 1007 2412 1067 putes
2453 1014 2550 1053 nos
2587 1000 2724 1055 velle
2746 1001 3017 1056 adversari
3048 1004 3112 1057 iis
3137 1019 3255 1073 quas
3287 1004 3395 1059 Deo
3420 1002 3655 1073 proban-

2074 1096 2159 1142 tur
2188 1107 2200 1141 :
2226 1089 2354 1143 illud
2379 1090 2519 1143 enim
2548 1089 2844 1146 facerenon
2872 1107 3173 1161 possumus.
3194 1094 3332 1149 Ecce
3360 1095 3520 1148 habes
3548 1095 3657 1149 vir-

2072 1180 2248 1249 ginem
2274 1197 2287 1245 ;
2318 1181 2377 1235 5i
2394 1220 2406 1233 .
2434 1181 2581 1235 Tolle
2617 1199 2746 1248 eam,
2769 1193 2815 1237 et
2836 1184 3177 1255 proﬁciscere,
3205 1198 3249 1240 et
3272 1188 3365 1241 erit
3392 1203 3522 1242 uxor
3546 1188 3656 1257 ﬁlio

2075 1270 2266 1323 domini
2292 1271 2383 1335 tui,
2409 1273 2539 1326 sicut
2564 1273 2795 1342 loquutus
2814 1282 2888 1329 est
2916 1273 3186 1329 Dominus.

2147 1361 2198 1416 6.
2221 1360 2506 1416 Historiam
2522 1361 2759 1418 Rebecca:
2782 1381 2940 1435 usque
2965 1366 3033 1420 ad
3053 1367 3211 1437 ipsius
3232 1372 3511 1437 profectum
3538 1384 3657 1436 pro-

2076 1454 2337 1522 sequitur;
2386 1456 2675 1509 uenatione
2713 1458 2997 1525 exprimens
3041 1459 3285 1529 quidquid
3341 1460 3442 1513 siue
3481 1460 3651 1527 cediti-

2076 1542 2251 1597 candis
2291 1544 2392 1597 sive
2418 1545 2705 1600 erudiendis
2727 1546 3040 1601 auditoribus
3064 1549 3299 1602 inseruire
3327 1558 3506 1617 potest.
3547 1550 3655 1604 Sub

2080 1636 2232 1703 finem
2260 1636 2519 1701 ltomilite,
2569 1638 2636 1690 ad
2680 1636 2916 1692 Isaacum
2953 1649 2999 1692 et
3047 1638 3321 1693 Rebeccam
3347 1639 3660 1694 aemulandos

2079 1728 2307 1781 hortatur
2335 1768 2351 1792 ,
2400 1727 2560 1782 malos
2619 1730 2699 1783 sui
2747 1731 2985 1800 temporis
3045 1731 3338 1801 nuptiarum
3386 1732 3514 1786 ritus
3568 1747 3658 1785 ar—

2079 1835 2255 1890 guens.
2306 1847 2379 1858 -—
2431 1819 2645 1875 Vidistis
2713 1821 2980 1889 quomodo
3026 1822 3308 1878 studebant
3364 1823 3490 1878 olim
3539 1823 3660 1877 ﬁliis

2081 1910 2193 1963 suis
2223 1924 2416 1964 uxores
2440 1910 2679 1964 ducere?
2712 1910 2983 1979 quomodo
3006 1912 3173 1981 magis
3209 1913 3400 1967 anima:
3440 1928 3662 1982 genero-

2081 2002 2312 2065 sitatem,
2344 2015 2500 2068 quam
2522 2015 2680 2069 opum
2703 2000 3076 2055 abundantiam
3108 2001 3489 2070 inquirebant?
3518 2002 3659 2057 Nus-

2082 2105 2239 2159 quam
2269 2090 2614 2144 instrumenta
2636 2131 2650 2156 ,
2701 2105 2958 2159 nusquam
3001 2099 3147 2159 pacta
3173 2132 3187 2156 ,
3224 2099 3278 2146 et
3314 2092 3415 2146 alia
3442 2091 3661 2146 ridicula

2083 2198 2201 2249 qua:
2230 2196 2369 2235 nunc
2394 2181 2533 2249 apud
2564 2195 2660 2235 nos
2686 2180 2838 2245 ﬁunt,
2871 2188 2925 2235 et
2951 2181 3284 2237 conditiones
3311 2182 3417 2237 illa:
3438 2198 3556 2252 quae
3586 2192 3663 2235 ta-

2085 2272 2223 2326 bulis
2254 2272 2560 2327 inseruntur
2590 2288 2604 2324 :
2657 2272 2712 2326 Si
2739 2272 2939 2342 absque
2989 2273 3173 2328 liberis
3199 2315 3215 2341 ,
3246 2275 3438 2344 inquit,
3470 2275 3663 2329 moria-

2086 2372 2191 2427 tur,
2218 2363 2265 2417 si
2294 2362 2395 2417 boc
2421 2370 2475 2417 et
2521 2362 2621 2416 hoc
2644 2363 2916 2431 contingat
2946 2378 2961 2416 :
2997 2379 3180 2418 verum
3219 2364 3356 2434 apud
3387 2365 3505 2420 illos
3533 2365 3664 2419 nihil

2086 2454 2209 2518 tale,
2260 2452 2353 2507 sed
2382 2452 2625 2506 maxima:
2645 2461 2698 2505 et
2734 2454 3083 2507 securissimus
3110 2453 3300 2507 tabulae
3329 2464 3479 2508 erant
3508 2454 3663 2522 virgio

2086 2544 2167 2597 nis
2211 2556 2433 2597 mores:
2476 2557 2734 2610 nusquam
2781 2541 3023 2613 cymbala
3064 2552 3119 2597 et
3165 2543 3397 2597 choreae.
3450 2543 3519 2597 Et
3563 2542 3665 2597 hoc

2084 2634 2242 2697 scies,
2258 2632 2469 2703 quando
2498 2632 2563 2686 ad
2591 2648 2844 2703 sponsum
2869 2633 3128 2703 virginem
3154 2634 3350 2689 videris
3377 2634 3661 2689 introduci.

2086 2724 2176 2779 52.
2211 2722 2277 2778 Ut
2305 2724 2437 2778 enim
2463 2724 2655 2777 audivit
2675 2739 2866 2790 servus,
2898 2724 3086 2795 inquit,
3120 2725 3228 2778 htcc
3256 2742 3287 2779 a
3319 2736 3465 2794 patre
3491 2735 3537 2780 et
3554 2730 3666 2796 fra—

2087 2825 2179 2883 tre,
2207 2816 2435 2871 adoravit
2468 2815 2627 2870 Deum
2650 2832 2800 2886 super
2819 2816 3164 2872 terram.V’ide
3188 2818 3453 2887 quomodo
3477 2818 3528 2873 itt
3559 2820 3666 2873 sin-

2085 2907 2225 2977 gulis
2247 2923 2366 2977 qua:
2390 2908 2607 2973 ﬁebant,
2635 2908 3003 2963 universorum
3025 2907 3252 2962 Domino
3274 2910 3468 2979 gratias
3490 2908 3666 2963 olTert.

2089 2999 2207 3067 Ipse
2231 2998 2372 3053 enim
2402 3006 2517 3053 erat
2542 2998 2633 3067 qui
2680 3005 2837 3052 antea
2885 2998 3216 3067 praeparabat
3244 3000 3419 3051 omnia
3452 3039 3468 3063 ,
3499 3007 3553 3053 et
3578 3014 3669 3054 se-

2088 3089 2318 3144 cundum
2337 3087 2653 3157 patriarchae
2671 3087 2892 3141 verbum
2922 3087 3273 3155 prtemittebat
3288 3088 3530 3157 angelum
3546 3097 3667 3141 ante

2090 3182 2237 3235 illum
2265 3220 2281 3246 ,
2320 3181 2412 3250 qui
2458 3180 2633 3234 omnia
2676 3179 2899 3235 feliciter
2940 3179 3238 3235 ordinabat.
3279 3181 3519 3249 Denique
3548 3182 3667 3250 quia

2092 3270 2288 3326 certior
2312 3271 2481 3325 factus
2508 3269 2576 3325 de
2601 3272 2814 3341 negotio
2839 3269 3062 3325 feliciter
3080 3269 3339 3341 perfecto,
3361 3272 3451 3326 55.
3493 3270 3668 3324 Prola-

2089 3371 2161 3429 ta,
2191 3362 2379 3431 inquit,
2408 3378 2529 3416 vasa
2563 3378 2739 3427 aurea,
2768 3371 2814 3416 et
2839 3372 3094 3432 argentea,
3121 3372 3168 3416 et
3192 3372 3374 3416 vestem
3403 3361 3538 3416 dedit
3571 3362 3669 3416 Re-

2091 3455 2266 3508 baccas.
2299 3454 2449 3509 Nunc
2487 3470 2608 3509 cum
2659 3453 2851 3509 ﬁducia
2898 3469 3016 3509 eam
3061 3454 3160 3509 sibi
3185 3454 3433 3508 conciliat
3459 3453 3668 3517 ofﬁciis,

2090 3546 2242 3615 quasi
2272 3546 2382 3613 jam
2413 3546 2589 3600 verbis
2611 3545 2986 3617 desponsatam
3032 3545 3195 3599 Isaac.
3228 3544 3464 3599 Honorat
3491 3553 3670 3599 autem

2092 3635 2248 3691 donis
2277 3644 2332 3691 et
2361 3635 2576 3693 fratrem
2602 3676 2617 3701 ,
2645 3644 2701 3690 et
2744 3647 2989 3702 matrem,
3017 3645 3072 3690 et
3099 3651 3218 3690 cum
3248 3635 3376 3689 vidit
3400 3634 3669 3703 negotium

2093 3737 2148 3781 ct
2177 3712 2483 3780 mandatum
2506 3727 2804 3795 impletum,
2837 3736 2963 3782 tunc
2983 3725 3193 3780 tandem
3221 3726 3363 3779 reﬁci
3399 3739 3459 3777 se
3487 3739 3672 3792 passus

2093 3829 2197 3873 est.
2223 3819 2310 3872 54.
2343 3818 2679 3872 Comederunt
2702 3818 2842 3871 enim
2868 3857 2883 3881 ,
2922 3817 3130 3884 inquit,
3161 3826 3205 3868 et
3232 3816 3456 3868 biberunt
3494 3816 3600 3883 ipse
3625 3823 3674 3867 et

2094 3909 2187 3962 uiri
2214 3909 2300 3978 qui
2323 3924 2440 3961 cum
2477 3923 2535 3961 eo
2577 3915 2755 3970 erant,
2802 3916 2849 3959 et
2895 3905 3251 3959 dormieerunt.
3283 3903 3503 3973 Cumque
3529 3918 3675 3956 mane

2095 3996 2544 4060 surrexisset,dixit
2573 3995 2864 4050 :Dimittite
2891 4012 2992 4059 me,
3015 4005 3071 4048 ut
3095 3994 3275 4055 vadam
3306 3993 3372 4047 ad
3414 3993 3673 4046 dominum

2097 4104 2282 4141 meum.
2310 4086 2571 4153 Quoniam
2602 4085 2780 4139 omnia
2830 4085 2958 4139 mihi
3005 4094 3110 4139 tam
3151 4082 3376 4137 feliciter
3402 4096 3675 4136 successe-

2095 4187 2238 4245 runt,
2272 4176 2459 4246 inquit,
2482 4184 2537 4230 et
2561 4175 2694 4231 nihil
2718 4185 2803 4230 est
2831 4174 2972 4245 quod
2994 4182 3176 4238 restet,
3206 4174 3301 4229 sed
3324 4173 3389 4227 ad
3426 4173 3675 4242 placitum

2094 4275 2327 4323 vestrum
2350 4281 2439 4322 res
2467 4265 2910 4336 agitur,Dimittite
2934 4282 3031 4330 me,
3051 4274 3107 4319 ut
3132 4264 3306 4319 abeam
3331 4265 3397 4317 ad
3420 4263 3672 4317 dominum

2094 4375 2282 4413 meum.
2309 4358 2398 4414 55.
2436 4356 2683 4412 Dixerunt
2707 4366 2896 4423 autem,
2924 4357 3133 4427 inquit,
3165 4360 3349 4426 fratres
3378 4364 3425 4409 et
3472 4363 3633 4408 mater
3660 4371 3678 4408 :

2095 4448 2305 4503 Maneat
2329 4448 2583 4501 nobiscum
2609 4448 2746 4517 uirgo
2777 4447 2948 4500 diebus
2968 4447 3112 4517 quasi
3139 4445 3328 4509 decem,
3359 4455 3405 4499 et
3432 4452 3543 4514 post
3569 4443 3681 4497 hac

2095 4542 2314 4595 ebibitis.
2341 4540 2430 4596 56.
2453 4538 2555 4593 Ille
2574 4548 2737 4594 autem
2758 4540 2885 4593 dixit
2911 4540 2977 4591 ad
2999 4554 3082 4592 eos
3108 4554 3127 4591 .'
3158 4537 3241 4592 Ne
3267 4554 3344 4591 me
3372 4534 3635 4590 detinentis
3660 4554 3675 4599 ;

2096 4634 2279 4688 etenim
2328 4631 2573 4685 Dominus
2602 4646 2900 4699 prosperum
2929 4629 3045 4696 fecit
3091 4627 3185 4679 iter
3213 4642 3421 4680 meum:
3447 4626 3677 4678 dimittite

2096 4739 2176 4776 me
2190 4730 2245 4775 ut
2264 4720 2440 4774 abeam
2468 4720 2535 4772 ad
2561 4719 2821 4771 dominum
2845 4733 3032 4771 meum.
3059 4717 3254 4781 Quare,
3284 4715 3471 4781 inquit,
3498 4711 3679 4768 differ-

2100 4815 2167 4868 tis
2183 4822 2237 4869 et
2262 4810 2680 4883 procrastinatis,
2704 4822 2824 4863 cum
2846 4809 2986 4861 Deus
3002 4815 3199 4860 tantam
3220 4804 3520 4859 facilitatem
3547 4801 3676 4857 tnihi

2098 4905 2152 4959 in
2181 4902 2427 4958 omnibus
2447 4900 2689 4956 dederit?
2719 4898 2969 4952 Dimittite
2989 4913 3069 4950 me
3093 4938 3107 4963 ,
3136 4905 3189 4950 ut
3217 4897 3389 4951 abeam
3417 4896 3485 4950 ad
3509 4894 3662 4950 donti-

2099 5012 2223 5049 num
2252 5010 2438 5048 meum.
2466 4993 2558 5047 57.
2601 4989 2693 5045 Illi
2732 4999 2899 5043 autem
2941 4988 3175 5043 dixerunt
3202 5003 3220 5042 :
3262 4985 3505 5041 Vocemus
3534 4984 3669 5057 puel-

2100 5087 2226 5153 lam,
2253 5095 2300 5139 et
2326 5087 2689 5153 interrogemus
2713 5082 2868 5136 eam‘.
2901 5081 2994 5137 58.
3026 5078 3094 5133 Et
3116 5090 3409 5133 vocaverunt
3436 5094 3567 5144 eam,
3594 5077 3673 5129 di-

2097 5186 2380 5241 xeruntque
2406 5176 2451 5229 ei
2474 5192 2493 5230 :
2522 5173 2548 5226 1
2556 5175 2626 5228 bis
2655 5190 2769 5227 cum
2795 5174 2995 5227 homine
3013 5174 3038 5226 ?
3063 5172 3169 5226 Illa
3193 5181 3360 5225 autem
3389 5172 3535 5235 dixit,
3562 5169 3673 5225 Ibo.

2100 5270 2189 5325 59.
2216 5267 2281 5325 Et
2310 5269 2609 5322 dimiserunt
2628 5268 2905 5321 Rebeccant
2939 5281 3162 5320 sororem
3185 5281 3350 5326 suam,
3379 5272 3422 5315 et
3446 5262 3672 5315 substan-

2102 5362 2200 5414 tias
2227 5361 2355 5429 ejus,
2376 5369 2421 5412 et
2450 5375 2643 5412 seruum
2671 5358 2953 5421 Abraham,
2979 5364 3028 5410 et
3056 5371 3159 5419 eos,
3187 5356 3270 5423 qui
3292 5369 3405 5405 cum
3433 5369 3489 5405 eo
3510 5362 3672 5406 erant.

2101 5450 2189 5505 60.
2211 5448 2279 5502 Et
2307 5448 2662 5503 benedixerunt
2703 5446 2978 5501 Rebeccam
3002 5487 3016 5511 ,
3045 5454 3089 5499 et
3118 5444 3356 5496 dixerunt
3391 5441 3435 5494 ei
3470 5457 3489 5493 :
3512 5441 3674 5493 Soror

2104 5555 2277 5595 nostra
2322 5558 2395 5605 es,
2429 5540 2523 5609 ﬁas
2563 5539 2617 5592 in
2654 5538 2818 5592 millia
2857 5538 3025 5591 decem
3061 5535 3297 5596 millium,
3329 5542 3375 5586 et
3392 5532 3542 5586 hered
3567 5540 3674 5583 tate

2104 5631 2354 5700 possideat
2392 5647 2560 5684 semen
2588 5640 2730 5684 tuum
2751 5630 2975 5682 civitates
3001 5625 3338 5678 inimicorum.
3382 5622 3509 5675 Vide
3538 5636 3674 5690 quo-

2175 5722 2190 5755 ⁸
2226 5722 2541 5785 septuaginta
2561 5722 2630 5771 sic
2649 5720 2849 5776 habent,
2874 5715 3215 5778 interrogemus
3239 5724 3290 5763 os
3317 5715 3436 5771 ejus.
