4150 6276
509 349 613 407 ΗΞ

518 468 679 522 modo
706 475 761 520 et
789 465 863 520 illi
888 465 1193 534 ignorantes
1223 457 1411 527 virgini
1434 469 1553 525 qua:
1591 453 1764 507 futura
1792 457 1916 503 sunt
1948 461 2089 517 prae-

513 560 835 630 signiﬁcant,
865 557 977 611 Deo
1019 561 1250 609 mentem
1292 562 1478 603 eorum
1511 544 1578 599 ad
1619 542 1723 597 hoc
1749 541 2009 610 dirigente
2036 546 2092 630 et

515 628 785 705 incitante.
818 646 1053 714 Utraque
1081 641 1223 696 enim
1251 640 1300 694 ei
1336 635 1590 707 prmdicta
1616 641 1773 699 sunt,
1806 641 1917 685 tum
1946 628 2087 699 quod

508 744 563 797 in
583 741 746 797 millia
762 737 1057 809 myriadum
1086 735 1258 788 futura
1279 740 1442 794 esset,
1463 738 1572 783 tum
1594 726 1737 797 quod
1763 738 1946 779 semen
1973 721 2090 791 ejus

507 832 799 887 hereditate
841 838 1206 897 possessurum
1249 830 1397 878 esset
1428 820 1670 876 civitates
1721 816 2082 872 inimicorum.

511 922 698 978 Vidisti
729 936 823 991 per
848 918 1026 973 omnia
1057 916 1360 972 evidentem
1389 913 1481 968 Dei
1520 910 1906 981 providentiam
1947 907 2091 963 relu-

505 1030 654 1081 cere,
680 1011 950 1084 quomodo
979 1026 1077 1081 per
1121 1008 1364 1063 infideles
1394 1007 1570 1061 futura
1608 1012 1670 1059 ut
1708 1002 2083 1073 praedicantur,

502 1105 775 1174 dispensat
798 1102 1037 1158 omnium
1067 1097 1357 1155 Dominus?
1383 1097 1469 1152 6i.
1489 1095 1616 1151 Cum
1638 1094 1965 1149 surrexissent
1984 1108 2084 1145 au-

502 1207 601 1251 tem
630 1194 914 1251 Rebeccaet
934 1193 1139 1247 ancilla:
1163 1193 1295 1261 ejus,
1317 1190 1650 1244 ascenderunt
1669 1203 1821 1257 super
1843 1184 2079 1243 camelos.

502 1292 694 1349 Vidisti
737 1293 947 1362 qualem
986 1304 1233 1360 sponsam
1272 1288 1434 1342 ducat
1476 1283 1822 1355 patriarcha?
1866 1284 2083 1350 Aquon-

502 1394 633 1449 tem,
665 1393 720 1440 et
748 1383 993 1455 hydriam
1032 1396 1195 1450 super
1238 1379 1489 1433 humeros
1518 1377 1779 1431 ferentem
1804 1414 1821 1438 ,
1850 1380 1904 1427 et
1943 1384 2085 1425 nunc

502 1478 695 1531 iterum
723 1474 1100 1529 ascendentem
1134 1487 1297 1543 super
1327 1470 1583 1524 camelos.
1624 1468 1894 1537 Nusquam
1926 1463 2084 1517 mulae

499 1576 723 1638 argento
744 1566 1062 1637 fulgentibus
1086 1563 1405 1629 cervicibus,
1431 1575 1603 1630 neque
1626 1558 1944 1614 famulorum
1968 1564 2083 1611 tur-

499 1658 587 1721 ba,
610 1670 783 1726 neque
809 1670 997 1726 magna
1027 1655 1298 1719 mollities,
1326 1667 1444 1723 qua:
1466 1665 1608 1705 nunc
1634 1647 1877 1704 adhiberi
1902 1646 2038 1701 solet
2063 1661 2079 1699 :

498 1749 593 1803 sed
614 1757 815 1803 tantum
844 1755 964 1803 erat
997 1747 1289 1818 priscarum
1328 1744 1612 1799 mulierum
1637 1741 1832 1805 robur,
1864 1747 1923 1793 ut
1945 1748 1999 1794 et
2028 1740 2080 1793 in

498 1839 736 1893 camelos
762 1840 892 1907 ipsae
940 1837 1315 1903 ascenderem,
1362 1842 1419 1891 et
1442 1835 1521 1889 sic
1562 1834 1664 1888 iter
1709 1832 1967 1887 facerent.
2011 1828 2081 1883 Et

502 1933 743 2002 profecta
767 1940 918 1997 sunt,
946 1929 1145 2000 inquit,
1175 1945 1291 1983 cum
1340 1928 1560 1982 homine.
1590 1927 1682 1983 65.
1711 1923 1863 1979 Isaac
1906 1933 2076 1978 autem

496 2037 727 2092 egressus
754 2030 901 2087 erat,
933 2030 990 2074 ut
1014 2036 1067 2075 se
1086 2028 1331 2075 exerceret
1350 2020 1405 2072 in
1433 2034 1559 2089 agro
1585 2018 1653 2071 ad
1680 2015 2029 2087 crepusculum
2056 2030 2076 2069 :

496 2123 546 2167 et
569 2115 636 2167 ibi
664 2112 867 2167 elevatis
892 2112 1050 2167 oculis
1078 2153 1093 2178 ,
1126 2112 1250 2166 uidit
1295 2110 1513 2165 camelos
1556 2109 1826 2164 uenientes.
1865 2108 1998 2162 Dum
2022 2107 2075 2162 in

495 2216 688 2273 campo
706 2213 1049 2270 versaretur,
1087 2203 1285 2273 inquit,
1316 2203 1492 2268 lsaac,
1535 2201 1667 2256 vidit
1705 2200 1959 2256 camelos.
1984 2199 2074 2255 64.

493 2295 721 2350 Rebecca
749 2304 919 2349 autem
950 2336 967 2361 ,
1007 2305 1062 2349 ut
1088 2294 1214 2350 vidit
1235 2293 1385 2350 lsaac
1406 2336 1422 2361 ,
1465 2294 1653 2349 desiliit
1679 2311 1711 2348 a
1739 2294 1952 2358 camelo,
1983 2294 2073 2349 65.

492 2398 538 2442 et
561 2388 693 2442 dixit
734 2404 878 2443 servo
928 2403 948 2443 :
995 2388 1121 2455 Quis
1147 2396 1223 2442 est
1250 2388 1400 2441 homo
1424 2386 1512 2441 ille
1535 2389 1625 2456 qui
1652 2388 1790 2441 vadit
1816 2388 1873 2441 in
1896 2402 2075 2458 campo

492 2479 635 2534 nobis
665 2476 898 2532 obviam?
926 2478 1059 2532 Vide
1085 2479 1277 2548 puellm
1300 2479 1710 2549 generositatem
1736 2494 1751 2544 ;
1794 2486 2073 2547 postquam

492 2569 623 2624 vidit
658 2568 825 2635 lsaac,
856 2569 1129 2639 quaerebat
1165 2570 1284 2638 quis
1326 2577 1489 2625 esset.
1519 2570 1585 2624 Et
1612 2569 1699 2624 ubi
1726 2569 1909 2624 didicit
1932 2569 2074 2640 quod

493 2663 608 2731 ipse
633 2671 778 2717 esset
828 2675 1077 2729 sponsus,
1108 2661 1301 2716 velavit
1331 2674 1391 2716 se
1422 2661 1672 2716 theristro
1699 2676 1714 2726 ;
1756 2668 1812 2715 et
1854 2662 2074 2716 veniens

491 2766 679 2807 servus
706 2751 883 2806 omnia
905 2751 1051 2806 clare
1078 2751 1341 2806 nuntiavit
1370 2749 1517 2806 lsaac
1547 2750 1567 2823 (
1596 2768 1643 2805 υ.
1675 2750 1789 2815 66).
1819 2751 1917 2805 llic
1942 2765 2073 2804 con-

489 2844 690 2913 sidera,
719 2857 833 2907 oro,
861 2843 1128 2913 quomodo
1155 2857 1413 2913 nusquam
1436 2844 1705 2912 superflua
1732 2844 1818 2899 illa
1841 2853 1895 2899 et
1914 2843 2077 2899 inuti-

491 2936 583 3001 lia,
626 2950 889 3005 nusquam
917 2935 1173 2991 diabolica
1204 2950 1416 3006 pompa,
1449 2950 1707 3006 nusquam
1734 2936 1995 3007 cymbala.
2017 2943 2073 2991 et

491 3026 654 3092 tibiae,
682 3036 735 3082 et
760 3027 992 3093 chorete,
1013 3037 1066 3083 et
1112 3027 1346 3083 satanica
1392 3028 1477 3082 illa
1504 3028 1769 3093 convivia,
1799 3037 1855 3083 et
1895 3042 2072 3083 scom-

493 3127 634 3173 mata
663 3119 807 3173 onmi
839 3119 1187 3175 obscuanitate
1215 3119 1402 3188 plena:
1436 3118 1529 3175 sed
1570 3120 1744 3175 omnis
1774 3119 2026 3174 honestas
2049 3160 2066 3186 ,

487 3212 664 3265 omnis
693 3212 973 3280 sapientia,
1000 3212 1174 3265 omnis
1196 3212 1477 3266 modestia.
1508 3212 1595 3267 67.
1644 3211 1861 3266 Intravit
1905 3220 2070 3265 autem

489 3299 660 3363 lsaac,
692 3302 878 3370 inquit,
905 3303 958 3355 in
988 3302 1194 3356 domum
1233 3305 1410 3356 matris
1434 3319 1567 3366 sum,
1595 3312 1643 3356 et
1666 3304 1855 3370 accepit
1884 3302 2070 3357 Rebec-

486 3407 598 3444 cam
627 3433 644 3457 ,
696 3401 743 3445 et
792 3393 890 3462 fuit
919 3393 967 3444 ei
998 3407 1127 3446 uxor
1148 3434 1162 3458 ,
1193 3403 1241 3446 et
1281 3393 1458 3447 dilexit
1503 3409 1612 3447 eam
1636 3435 1651 3457 ,
1682 3403 1730 3447 et
1766 3391 2073 3446 consolatio-

493 3497 607 3534 nem
658 3482 849 3550 accepit
907 3481 1059 3535 lsaac
1120 3498 1271 3553 super
1319 3484 1481 3539 Sarra
1539 3492 1697 3537 matre
1743 3500 1859 3538 sua.
1920 3483 2069 3539 Hanc

487 3570 763 3625 imitentur
828 3571 1123 3638 mulieres,
1189 3572 1330 3629 hunc
1390 3573 1708 3628 aamulentur
1770 3574 1868 3628 viri
1918 3589 1933 3628 :
1989 3573 2067 3628 sic

486 3674 713 3728 sponsas
746 3660 941 3717 dueere
967 3670 1174 3718 curent.
1202 3663 1379 3731 Quare
1407 3665 1573 3729 enim,
1605 3664 1848 3731 dic,oro,
1886 3665 2065 3719 statim

486 3749 554 3802 ab
582 3750 731 3804 initio
760 3751 1006 3807 sordibus
1035 3752 1242 3822 impleri
1268 3753 1397 3808 sinis
1425 3754 1614 3824 puellae
1641 3766 1796 3809 aures
1817 3762 1923 3808 tam
1956 3762 2068 3809 tur-

486 3841 645 3910 pibus
672 3843 976 3907 cantilenis,
1008 3854 1114 3897 tam
1165 3845 1554 3910 imtempestiva
1584 3844 1669 3899 illa
1701 3843 1927 3914 pompa?
1966 3843 2067 3899 Ne-

484 3933 594 3986 scis
617 3934 884 4003 quomodo
913 3935 1266 3991 adolescentia
1294 3951 1387 4003 per
1415 3950 1474 3990 se
1509 3936 1579 3989 sit
1613 3936 1666 3989 in
1711 3936 1906 3990 malum
1934 3950 2066 4005 pro-

485 4025 693 4092 pensa?
718 4040 816 4079 cur
842 4024 1064 4080 honesta
1094 4030 1396 4097 nuptiarum
1442 4029 1693 4099 mysteria
1721 4028 1930 4095 publice
1967 4027 2066 4082 de-

485 4114 740 4170 honestas
759 4117 784 4169 ?
811 4130 933 4170 cum
961 4128 1233 4183 oporteret
1284 4119 1399 4174 haec
1441 4121 1621 4174 omnia
1670 4120 1942 4189 depellere
1964 4161 1979 4185 ,
2011 4130 2066 4175 et

484 4206 859 4260 verecundiam
889 4207 1149 4276 principio
1177 4208 1372 4265 docere
1400 4209 1650 4279 puellam,
1680 4220 1734 4265 et
1756 4211 2066 4266 sacerdotes

485 4310 696 4362 vocare,
742 4307 796 4351 et
841 4298 1087 4365 precibus
1127 4310 1182 4355 et
1225 4300 1683 4355 benedictionibus
1725 4300 2065 4359 concordiam

483 4384 715 4454 conjugii
742 4386 1111 4456 constringere
1144 4405 1158 4441 :
1189 4396 1250 4442 ut
1294 4403 1446 4442 amor
1480 4392 1660 4458 sponsi
1685 4400 1940 4461 augeatur
1964 4431 1979 4456 ,
2012 4400 2066 4447 et

486 4478 678 4547 puella:
723 4478 1049 4535 continentia
1083 4490 1309 4547 crescat,
1355 4491 1408 4535 et
1433 4484 1609 4538 omnia
1656 4499 1775 4553 qua:
1817 4482 1950 4538 fiunt
1998 4498 2065 4537 co

484 4578 727 4638 spectent
748 4579 805 4625 ut
832 4570 1039 4627 virtutis
1067 4587 1227 4640 opera
1255 4572 1618 4643 ingrediantur
1652 4574 1705 4629 in
1750 4574 1969 4632 domum
1997 4574 2063 4630 il-

483 4659 612 4721 lam.
644 4662 999 4733 tollanturque
1026 4679 1057 4719 e
1084 4664 1264 4720 medio
1288 4679 1474 4721 omnes
1502 4666 1695 4721 diaboli
1733 4667 1937 4722 insidias
1959 4708 1974 4732 ,
2010 4677 2065 4722 et

483 4752 584 4822 ipsi
615 4753 708 4808 Dei
734 4755 932 4810 auxilio
962 4757 1092 4810 uniti
1132 4756 1366 4826 jucunde
1404 4759 1567 4813 vitam
1613 4758 1891 4828 perficiant
1918 4778 1933 4814 :
1957 4776 2063 4830 quo

485 4843 641 4899 nobis
670 4846 918 4901 omnibus
946 4847 1044 4901 frui
1076 4847 1264 4914 detur,
1297 4851 1462 4918 gratia
1492 4858 1548 4905 et
1595 4850 1917 4919 benignitate
1953 4851 2062 4905 Do-

484 4936 613 4990 mini
655 4939 823 4991 nostri
854 4937 981 4992 .iesu
1025 4938 1254 5007 Christi,
1283 4942 1366 4995 cui
1393 4957 1515 4996 cum
1547 4941 1704 4996 Patre
1767 4950 1819 4996 et
1862 4942 2062 5011 Spiritu

483 5033 668 5078 sancto
696 5025 764 5079 sit
804 5026 990 5094 gloria,
1022 5037 1255 5096 potestas
1279 5040 1335 5085 et
1366 5030 1558 5098 honor,
1586 5046 1730 5087 nunc
1748 5041 1802 5087 et
1826 5046 2060 5103 semper,

483 5126 537 5171 et
564 5117 618 5171 in
640 5116 836 5172 smcula
861 5119 1200 5173 saeculorum.
1234 5121 1424 5175 Amen.

1012 5208 1289 5265 HOMILIA
1341 5211 1529 5267 XLIX.

589 5298 689 5355 Hc
712 5309 878 5356 autent
904 5308 1020 5375 sunt
1045 5303 1403 5375 generationes,
1432 5304 1620 5373 inquit,
1649 5304 1803 5360 lsaac
1823 5304 1921 5375 filii

926 5372 1182 5426 Abraham
1208 5371 1358 5442 (Gen.
1382 5374 1473 5429 25.
1503 5371 1612 5445 i9).

553 5465 608 5518 i.
647 5461 842 5519 lterum
868 5479 964 5517 vos
991 5462 1056 5518 ad
1084 5473 1397 5519 consuetam
1426 5479 1662 5521 mensam
1684 5467 1880 5524 ducere
1914 5468 2057 5534 volo,

482 5566 538 5611 et
566 5570 632 5610 ex
654 5556 828 5611 verbis
858 5555 1017 5612 Musis
1042 5556 1341 5612 convivium
1371 5572 1691 5628 praponere,
1722 5560 1830 5615 imo
1851 5576 1917 5616 ex
1943 5577 2061 5617 ver-

482 5648 563 5700 his
586 5650 752 5703 sancti
779 5648 1024 5717 Spiritus.
1056 5648 1235 5719 Neque
1282 5652 1424 5706 enim
1466 5666 1495 5704 a
1520 5650 1699 5719 seipso
1742 5652 1915 5708 Moses
1945 5652 2058 5708 haec

481 5738 640 5795 nobis
654 5740 917 5811 exposuit,
941 5740 1033 5798 sed
1064 5741 1265 5813 Spiritu
1291 5754 1474 5801 sancto
1510 5742 1740 5809 afﬂatus.
1772 5744 2057 5800 Videamus

1187 343 1242 399 S.
1281 337 1560 397 JOANNIS
1590 327 2058 391 CHRYSOSTOMI
2098 324 2408 384 ARCHIEP.
2448 330 2975 392 CONSTANTINOP.

3686 353 3790 411 lu

2197 444 2359 515 igitur
2377 450 2504 518 quid
2527 462 2579 507 et
2606 451 2765 509 hodie
2792 470 2891 510 nos
2909 455 3103 515 ducere
3128 462 3274 519 velit.
3297 463 3477 537 Neque
3496 470 3638 525 enim
3664 475 3788 528 sine

2193 550 2375 633 causa,
2406 555 2578 611 neque
2619 545 2673 598 in
2699 561 2895 601 vanum
2925 549 3059 604 vitas
3095 563 3399 611 sanctorum
3434 561 3589 616 nobis
3616 579 3786 633 expo-

2193 627 2308 682 nit:
2340 630 2435 685 sed
2477 641 2535 687 ut
2560 633 2831 691 imitemur
2855 653 3042 694 comm
3080 645 3362 717 virtutem,
3395 627 3774 715 etimitatores

2191 721 2358 777 sintus
2381 724 2639 817 bonorum
2669 744 2889 798 operum
2920 749 3037 803 qua;
3068 736 3144 791 illi
3182 735 3439 797 fecerunt.
3468 744 3598 800 Nam
3630 732 3769 817 ρυὲισ

2190 826 2348 880 quam
2377 816 2532 872 nobis
2556 819 2837 890 diligenter
2856 827 3092 881 narravit
3109 844 3171 883 ea
3197 846 3316 894 qua:
3336 834 3399 887 ad
3418 816 3771 902 patriarcham

2189 903 2463 962 Abraham
2494 910 2753 978 attinent,
2778 920 2834 967 et
2860 913 3038 970 docuit
3075 928 3401 986 postremum
3428 924 3567 981 illius
3595 943 3774 983 certa-

2188 1007 2312 1048 men
2350 995 2403 1049 in
2429 996 2792 1055 immolatione
2834 1001 2949 1069 filii,
2983 990 3319 1079 narravitque
3351 1013 3452 1068 hoc
3493 1018 3768 1084 pulchrum

2187 1084 2505 1141 sacrificium
2529 1090 2629 1143 etsi
2655 1105 2761 1145 non
2781 1106 2968 1162 Opere,
2991 1098 3264 1155 voluntate
3281 1109 3455 1157 tamen
3478 1106 3768 1174 perfectum

2187 1188 2330 1242 esse,
2360 1176 2622 1249 finemque
2646 1181 2897 1252 imposuit
2917 1189 3311 1245 narrationibus
3338 1192 3443 1250 illis
3472 1213 3485 1248 :
3517 1212 3655 1252 nunc
3674 1213 3770 1253 ex-

2187 1268 2336 1358 ponit
2362 1268 2514 1322 nobis
2534 1285 2653 1339 qua:
2676 1272 2742 1326 ad
2764 1272 2909 1330 lsaac
2929 1278 3161 1333 occisum
3183 1289 3236 1335 et
3260 1297 3365 1336 non
3393 1287 3623 1342 occisum
3646 1303 3768 1358 per-

2187 1357 2393 1424 tinent;
2424 1360 2622 1417 factum
2643 1366 2785 1419 enim
2830 1368 3097 1437 aenigmati
3123 1372 3297 1429 simile
3325 1386 3425 1430 est.
3456 1378 3589 1434 Audi
3623 1357 3766 1437 enim

2188 1447 2411 1504 Paulum
2438 1451 2701 1508 dicentem
2736 1471 2751 1509 :
2786 1456 2918 1513 Fide
2946 1461 3123 1516 obtulit
3152 1463 3303 1519 lsaac
3330 1468 3605 1538 Abraham,
3649 1489 3764 1528 cum

2186 1548 2459 1594 tentaretur
2476 1559 2496 1596 :
2517 1553 2567 1597 et
2588 1546 2900 1616 unigenitum
2921 1551 3119 1618 obtulit,
3139 1555 3225 1621 qui
3248 1559 3599 1625 promissiones
3624 1579 3767 1619 acce-

2186 1641 2328 1701 perat
2356 1632 2542 1703 (Hebr.
2577 1637 2666 1692 il.
2696 1638 2807 1710 Π).
2854 1640 3054 1699 Deinde
3106 1655 3161 1699 ut
3207 1647 3471 1706 discamus
3497 1657 3763 1723 quomodo

2185 1723 2291 1779 ﬁde
2318 1724 2433 1781 haec
2458 1728 2635 1783 omnia
2678 1728 2916 1799 faceret,
2946 1743 3001 1790 et
3027 1739 3290 1793 contraria
3323 1742 3507 1797 videns
3535 1749 3764 1814 promis-

2182 1813 2320 1868 sioni
2346 1830 2407 1870 ea
2433 1831 2553 1887 quae
2587 1819 2876 1889 jubebatur
2900 1823 3075 1881 facere
3093 1867 3109 1893 ,
3137 1843 3242 1883 non
3272 1839 3449 1887 tamen
3476 1813 3760 1903 perturba-

2181 1915 2348 1998 retur,
2379 1908 2591 1978 subjicit
2619 1927 2632 1962 :
2664 1911 2813 1968 Unde
2852 1914 2999 1969 illum
3052 1928 3100 1971 et
3142 1920 3194 1972 in
3235 1923 3526 1991 parabolam
3572 1930 3762 1998 accepit

2181 1996 2343 2068 (Ibid.
2370 2015 2419 2053 υ.
2456 2002 2567 2071 19).
2595 2002 2733 2069 Quid
2761 2014 2862 2073 est,
2886 2004 2956 2061 Et
2978 2008 3030 2061 in
3052 2012 3346 2079 parabolam
3370 2017 3601 2086 accepit?
3625 1996 3756 2073 Nam

2180 2100 2457 2162 postquam
2478 2110 2598 2150 eum
2630 2095 2683 2151 in
2713 2100 3028 2156 sacrificium
3063 2103 3272 2170 obtulit,
3301 2114 3356 2161 et
3384 2119 3612 2163 mentem
3637 2126 3759 2183 per-

2179 2181 2368 2238 fectam
2394 2185 2700 2256 declaravit,
2730 2188 2845 2259 ipse
2871 2206 3066 2246 corona
3098 2196 3373 2253 redimitus
3395 2206 3496 2265 est,
3526 2210 3580 2255 et
3606 2181 3755 2257 acce-

2178 2284 2272 2343 pto
2304 2289 2471 2343 puero
2497 2278 2671 2343 rediit,
2701 2294 2768 2335 ac
2803 2282 3119 2337 sacrificium
3147 2299 3244 2355 per
3284 2302 3439 2343 ovem
3484 2290 3756 2360 impletum

2176 2373 2296 2420 est:
2325 2368 2661 2439 ostenditque
2682 2386 2778 2440 per
2794 2374 2971 2428 omnia
2998 2375 3228 2432 universi
3251 2377 3505 2435 Conditor
3527 2397 3636 2438 sua:
3658 2384 3753 2439 be-

2177 2457 2446 2527 nignitatis
2471 2462 2841 2518 excellentiam
2869 2482 2885 2519 :
2908 2473 2962 2520 et
2984 2482 3043 2522 se
3069 2467 3171 2523 hoc
3193 2469 3503 2540 imperando
3528 2489 3633 2529 non
3660 2490 3753 2531 oc-

2175 2548 2276 2602 cidi
2313 2548 2490 2618 Isaae,
2521 2551 2614 2606 sed
2647 2553 2775 2621 justi
2813 2569 3065 2612 exercere
3094 2558 3448 2615 obedientiam
3495 2562 3748 2620 voluisse.

2176 2639 2438 2696 Caeterum
2464 2643 2601 2698 sicut
2626 2644 2852 2701 vidimus
2882 2648 3198 2716 patriarchas
3226 2651 3473 2707 virtutem
3508 2655 3559 2708 iu
3580 2657 3755 2710 omni-

2175 2728 2271 2784 bus
2295 2730 2619 2787 relucentem
2648 2749 2798 2804 :age,
2827 2746 2881 2791 et
2906 2753 3025 2808 qua:
3054 2738 3122 2795 de
3160 2738 3306 2796 lsaac
3331 2741 3467 2797 dicta
3493 2754 3616 2799 sunt
3649 2745 3749 2799 ho-

2172 2821 2259 2876 die
2288 2822 2338 2875 in
2361 2822 2592 2877 medium
2619 2824 2900 2881 aﬂ'erentes
2918 2868 2935 2893 ,
2962 2828 3237 2885 videamus
3268 2832 3536 2901 quomodo
3555 2844 3609 2888 et
3638 2835 3751 2903 ipse

2173 2912 2314 2981 piam
2346 2922 2399 2967 et
2442 2914 2745 2984 religiosam
2774 2925 3006 2972 mentem
3051 2920 3102 2973 in
3149 2922 3393 2977 omnibus
3440 2925 3746 2994 praetulerit.

2171 3000 2360 3070 Opera:
2380 3010 2555 3057 autem
2576 3005 2797 3072 pretium
2818 3015 2919 3070 est,
2943 3018 3001 3062 ut
3023 3010 3133 3080 ipsa
3158 3012 3445 3082 Scriptura;
3471 3015 3626 3069 verba
3649 3030 3748 3069 au-

2171 3094 2399 3151 diamus.
2425 3096 2515 3151 l9.
2540 3096 2640 3151 Ha:
2663 3108 2829 3154 autem
2852 3109 2986 3163 sunt,
3019 3101 3206 3172 inquit,
3229 3107 3572 3175 generationes
3598 3107 3747 3162 Isaac

2169 3185 2267 3254 ﬁlii
2288 3185 2517 3243 Abrahtc.
2546 3189 2800 3244 Abraham
2819 3193 2989 3261 genuit
3010 3191 3160 3247 Isaac
3178 3193 3326 3265 (Cap.
3350 3196 3463 3267 25).
3487 3196 3574 3252 20.
3596 3197 3747 3253 Isaac

2168 3286 2335 3331 autem
2355 3290 2461 3332 erat
2480 3296 2728 3335 annorum
2750 3281 3102 3353 quadraginta,
3124 3287 3323 3352 quando
3341 3289 3532 3357 accepit
3555 3289 3748 3343 Rebec-

2167 3379 2279 3418 eam
2300 3368 2460 3435 [ilium
2474 3367 2735 3425 Bathuelt's
2760 3372 2882 3442 Syri
2907 3389 2969 3427 ea:
2989 3372 3374 3444 Mesopotamia,
3401 3393 3621 3433 sororem
3638 3379 3743 3433 La-

2170 3457 2265 3510 ban
2288 3456 2412 3527 Syri
2429 3500 2444 3524 ,
2475 3460 2571 3513 sibi
2596 3462 2650 3514 in
2670 3477 2899 3515 uxorem.

2240 3547 2486 3617 Exemplo
2514 3548 2683 3605 Isaaci
2708 3562 2843 3621 patet
2885 3568 2995 3608 esse
3040 3555 3348 3624 precandum
3371 3574 3485 3611 cum
3514 3574 3744 3628 perseve-

2166 3641 2354 3694 rantia.
2383 3638 2504 3695 Non
2531 3652 2649 3695 sunt
2671 3644 2866 3698 curiose
2892 3645 3189 3714 inquirenda
3214 3646 3308 3702 Dei
3327 3663 3497 3719 Opera.
3518 3651 3745 3706 —Con-

2167 3729 2361 3795 sidera,
2383 3731 2627 3798 obsecro,
2643 3731 2854 3801 dilecte,
2876 3734 3067 3790 divina:
3088 3734 3373 3806 Scriptum
3394 3738 3742 3810 diligentiam,

2168 3819 2435 3888 quomodo
2475 3821 2605 3876 nihil
2651 3836 2979 3891 supervacue
3023 3832 3206 3894 ponat.
3251 3825 3360 3882 Cur
3398 3828 3539 3882 enim
3591 3829 3746 3883 nobis

2168 3917 2377 3964 aetatem
2410 3909 2555 3967 lsaac
2596 3913 2889 3984 significat,
2934 3924 2989 3970 et
3016 3915 3179 3981 dicit,
3228 3914 3356 3971 Erat
3388 3929 3553 3973 autem
3594 3918 3745 3974 Isaac

2166 4001 2501 4072 quadraginta
2526 4019 2774 4057 annorum
2811 4005 3014 4073 quando
3051 4010 3241 4076 accepit
3278 4007 3589 4063 Rebeccam.’
3626 4009 3741 4063 Non

2166 4096 2364 4166 absque
2391 4111 2551 4152 causa
2571 4137 2587 4163 ,
2617 4113 2790 4168 neque
2818 4106 3017 4154 temere
3048 4117 3063 4154 :
3092 4100 3186 4155 sed
3221 4102 3340 4170 quia
3382 4101 3535 4157 nobis
3560 4112 3741 4172 postea

2168 4187 2424 4243 Rebeccae
2451 4188 2783 4244 sterilitatem
2814 4200 3121 4245 narraturus
3148 4200 3281 4255 erat,
3309 4202 3362 4247 et
3384 4208 3451 4248 ex
3481 4196 3744 4263 precatio-

2166 4292 2236 4333 ne
2271 4278 2401 4348 justl
2440 4280 2862 4349 procreationem
2894 4282 3057 4350 prolis
3087 4283 3165 4337 illi
3193 4298 3499 4338 concessam
3538 4284 3699 4341 fuisse
3722 4329 3737 4352 ,

2167 4369 2361 4424 docere
2390 4382 2489 4423 nos
2530 4368 2673 4438 cupit
2721 4370 3137 4440 magnitudinem
3179 4373 3445 4441 patientia:
3475 4373 3619 4429 lsaac
3641 4415 3656 4439 ,
3686 4387 3742 4431 et

2166 4459 2310 4514 clare
2336 4458 2569 4515 indicare
2591 4467 2788 4529 quanto
2816 4470 3053 4531 tempore
3092 4462 3278 4518 liberis
3303 4466 3533 4519 caruerit
3559 4482 3573 4518 :
3607 4474 3663 4519 ut
3687 4476 3743 4521 et

2166 4566 2266 4607 nos
2289 4551 2599 4607 :emulantes
2619 4551 2842 4621 justum,
2865 4553 3060 4607 assidui
3088 4554 3253 4609 simus
3280 4554 3331 4609 in
3353 4555 3545 4609 divinis
3568 4557 3741 4625 preci-

2165 4644 2285 4708 bus,
2313 4643 2359 4697 si
2386 4642 2599 4712 quando
2618 4643 2815 4712 aliquid
2841 4658 2869 4696 a
2898 4644 3007 4699 Deo
3028 4645 3356 4714 petierimus.
3388 4647 3443 4700 Si
3487 4649 3627 4701 enim
3649 4648 3739 4716 ju-

2163 4743 2277 4790 stus
2303 4735 2409 4800 ille,
2442 4735 2511 4789 ita
2539 4735 2729 4790 virtute
2754 4736 3026 4805 prteditus,
3051 4747 3106 4792 et
3126 4747 3269 4792 tanta
3298 4739 3391 4793 Dei
3419 4739 3740 4795 benevolen-

2165 4830 2237 4882 tia
2263 4825 2464 4893 fruens,
2495 4837 2691 4882 tantam
2713 4843 2822 4897 pne
2845 4844 2904 4883 se
2931 4830 3047 4884 tttlit
3073 4832 3425 4885 constantiam
3454 4843 3507 4886 et
3535 4841 3738 4887 tantum

2163 4919 2417 4983 studium,
2464 4918 2716 4973 continuo
2750 4919 2915 4982 Deum
2955 4920 3191 4987 orando,
3235 4921 3303 4974 ita
3347 4929 3405 4975 ttt
3446 4924 3743 4985 solveretur

2165 5009 2422 5064 Rebecca:
2445 5007 2699 5065 sterilitas
2732 5025 2745 5061 :
2768 5009 2894 5077 quid
2920 5008 3156 5064 dicemus
3174 5024 3293 5077 nos,
3321 5012 3410 5080 qui
3433 5011 3591 5067 tantis
3616 5025 3741 5081 pec-

2163 5109 2400 5155 catorum
2431 5100 2680 5159 oneribus
2708 5101 3018 5171 premimur,
3045 5110 3101 5157 et
3128 5115 3298 5170 neque
3327 5102 3597 5156 minimam
3628 5103 3739 5156 vir-

2162 5191 2289 5245 tutis
2324 5191 2451 5260 justi
2490 5200 2693 5260 partem
2722 5191 3052 5257 ostendimus
3084 5210 3096 5245 :
3126 5192 3219 5246 sed
3256 5200 3310 5246 et
3334 5194 3377 5245 si
3407 5206 3569 5260 parvo
3599 5201 3738 5246 tem-

2165 5299 2293 5355 pore
2322 5284 2555 5337 studium
2598 5282 2809 5353 aliquod
2848 5293 2902 5345 et
2943 5284 3266 5354 diligentiam
3305 5283 3735 5346 exhibuerimus,

2164 5374 2513 5442 torpescimus
2555 5380 2612 5435 et
2657 5373 2951 5439 resilimus,
2991 5374 3092 5435 nisi
3136 5374 3312 5429 statim
3355 5372 3737 5428 exaudiamurf

2164 5467 2450 5536 Propterea
2475 5479 2591 5530 oro,
2625 5473 2681 5521 ut
2708 5481 2777 5521 ex
2805 5465 2870 5520 iis
2896 5480 3015 5536 qut:-
3039 5465 3182 5533 justo
3202 5464 3276 5521 illi
3296 5472 3599 5519 evenerunt
3622 5478 3733 5518 cru-

2162 5557 2279 5624 diti,
2303 5570 2587 5628 numquam
2616 5570 2888 5610 cessemus
2913 5570 3069 5615 orare
3099 5557 3283 5618 Deum,
3304 5565 3360 5608 ut
3387 5556 3619 5623 ignoscat
3640 5570 3728 5606 no—

2164 5651 2247 5706 bis
2272 5649 2510 5720 peccata,
2533 5647 2625 5703 sed
2655 5645 2863 5702 fervens
2878 5656 2935 5703 et
2962 5656 3193 5702 aestuans
3218 5645 3538 5701 desiderium
3557 5656 3733 5699 osten-

2162 5742 2351 5798 damus
2374 5759 2387 5796 z
2411 5751 2463 5796 ct
2493 5757 2598 5797 non
2620 5753 2759 5809 {egre
2788 5738 3041 5807 feramus,
3067 5752 3239 5809 neque
3256 5737 3527 5809 segniores
3543 5736 3729 5801 simus,
