4150 6276
293 337 400 392 ηδ

293 469 383 514 τες
413 450 729 520 σημαίνουσι
749 449 815 518 τῇ
847 447 982 517 κόρῃ
1019 444 1090 499 τά
1124 444 1381 516 μέλλοντα
1410 443 1629 498 ἔσεσθαι
1652 484 1668 511 ,
1701 440 1796 495 τοῦ
1816 438 1952 495 Θεοῦ

294 538 391 608 τὴν
420 538 657 591 διάνοιαν
687 534 864 588 αὐτῶν
891 535 1028 605 πρὸς
1070 533 1229 586 τοῦτο
1258 530 1742 593 κατευοδώσαντος.
1760 527 1961 599 Ἀμφό-

294 642 430 695 τερα
462 623 570 694 γὰρ
598 624 734 693 αὐτῇ
772 621 1197 693 προμηνύουσιν,
1219 620 1300 673 ὅτι
1344 619 1438 671 καὶ
1471 620 1551 680 εἰς
1573 616 1814 688 χιλιάδας
1860 631 1960 685 μυ-

302 712 495 781 ριάδων
520 709 706 772 ἐσται,
738 710 832 761 καὶ
864 710 947 762 ὅτι
998 706 1391 777 κληρονομήσει
1432 705 1493 757 τὸ
1539 704 1760 775 σπέρμα
1792 702 1961 772 αὐτῆς

296 797 396 860 τὰς
430 796 610 859 πόλεις
639 794 749 848 τῶν
778 793 1132 847 ὑπεναντίων.
1181 789 1334 855 Εἶδες
1367 790 1455 844 διά
1504 790 1719 843 πάντων
1750 789 1960 843 δεικνυ-

301 883 469 953 μένην
506 880 712 952 ἐναργῆ
745 880 837 933 τοῦ
868 878 1003 933 Θεοῦ
1034 877 1133 949 τὴν
1161 878 1437 948 πρόνοιαν,
1478 875 1597 938 πῶς
1622 876 1716 927 καὶ
1745 873 1834 927 διὰ
1853 872 1961 925 τῶν

299 969 543 1023 ἀπίστων
574 965 988 1039 προμηνύεσθαι
1022 966 1091 1018 τὰ
1149 964 1410 1035 μέλλοντα
1462 964 1735 1031 οἰκονομεῖ
1779 961 1809 1012 ό
1853 960 1960 1013 τῶν

298 1055 553 1109 ἀπάντων
600 1053 908 1123 Δεσπότης;
951 1052 1059 1108 Καὶ
1106 1051 1445 1113 ἀναστᾶσα,
1491 1049 1646 1120 φησὶ,
1684 1047 1963 1102 Ῥεϐέκκα

300 1143 399 1198 καί
430 1144 490 1195 αἱ
534 1142 703 1209 ἅϐραι
749 1138 972 1207 αὐτῆς,
1020 1139 1325 1206 ἐπέϐησαν
1349 1136 1448 1191 ἐπὶ
1478 1137 1585 1202 τὰς
1630 1134 1958 1204 καμήλους.

300 1227 452 1292 Εἶδες
482 1230 599 1282 οἵαν
621 1229 809 1296 ἄγεται
835 1227 1052 1298 νύμφην
1079 1228 1108 1279 ό
1132 1226 1510 1297 πατριάρχηςς
1545 1222 1959 1293 ’λ’δρευομένην,

299 1317 394 1370 καὶ
419 1315 515 1387 τὴν
545 1314 732 1386 ὑδρίαν
763 1315 855 1367 ἐπὶ
880 1312 988 1366 τῶν
1019 1311 1183 1383 ῶμων
1217 1312 1503 1383 φέρουσαν,
1535 1312 1629 1365 καὶ
1674 1308 1769 1362 νῦν
1802 1308 1961 1363 πάλιν

300 1403 567 1456 ἐπιϐᾶσαν
598 1402 689 1455 ἐπὶ
718 1401 815 1465 τὰς
859 1399 1149 1470 καμήλους.
1202 1398 1453 1469 Οὐδαμοῦ
1495 1398 1705 1469 ἡμίονοι
1736 1396 1963 1469 ἀργύρῳ

303 1488 774 1560 περιλαμπόμεναι
806 1488 931 1549 τοὺς
962 1485 1290 1557 τραχήλους,
1323 1486 1443 1538 οὐδέ
1490 1485 1717 1538 οἰκετῶν
1773 1484 1958 1554 ἐσμὸς,

302 1575 478 1646 οὑδέή
515 1575 681 1646 πολλὴ
702 1574 926 1645 βλακείᾳ
949 1576 983 1644 ή
1014 1572 1107 1625 νῦν
1139 1572 1424 1644 γινομένη⁹
1457 1571 1594 1625 ἀλλά
1632 1570 1865 1641 τοσαύτη
1894 1566 1962 1641 ἦν

301 1662 408 1715 τῶν
435 1662 678 1715 παλαιῶν
701 1662 973 1731 γυναικῶν
1001 1663 1032 1731 ή
1065 1661 1302 1730 ἀνδρεία,
1324 1660 1401 1722 ὼς
1427 1661 1520 1713 καὶ
1539 1658 1632 1711 ἐπὶ
1658 1658 1756 1722 τάς
1784 1659 1963 1728 καμή-

300 1750 425 1814 λους
451 1750 619 1813 αὐτὰς
647 1750 965 1813 ἐπιϐαίνειν,
1002 1749 1096 1802 καὶ
1134 1748 1306 1812 οὕτως
1338 1749 1659 1819 ὁδοιπορεῖν.
1698 1747 1806 1801 Καὶ
1833 1747 1963 1800 ἐπο-

294 1836 615 1905 ρεύθησαν,
649 1837 801 1907 φησί,
856 1835 1005 1905 μετά
1050 1835 1157 1889 τοῦ
1191 1834 1522 1903 ἀνθρώπου.
1560 1833 1622 1886 '0
1648 1832 1717 1887 δὲ
1759 1834 1962 1889 Ἰσαὰκ

297 1923 460 1991 ἐξῄει
491 1921 907 1991 ἁδολεσχῆσαι
957 1924 1045 1987 είς
1093 1922 1159 1975 τὸ
1190 1922 1400 1975 πεδίον
1447 1921 1512 1974 τὸ
1544 1920 1696 1988 πρὸς
1734 1920 1960 1987 δείλης,

296 2007 397 2061 καὶ
442 2006 787 2075 ἀναϐλέψας
828 2006 951 2073 τοῖς
999 2007 1328 2075 ὀφθαλμοῖς
1351 2005 1474 2060 εἶδε
1518 2007 1627 2071 τὰς
1654 2007 1964 2074 καμήλους

295 2094 643 2163 ἐρχομένας.
695 2094 789 2156 Et;
840 2093 902 2146 τὸ
938 2092 1140 2156 πεδίον,
1172 2094 1358 2163 φησὶν,
1383 2093 1414 2145 ό
1462 2091 1646 2145 Ἰσαὰκ
1676 2090 1965 2161 διατρίϐων

300 2180 559 2233 ἐθεάσατο
616 2178 715 2241 τάς
762 2179 1058 2248 καμήλους.
1085 2178 1153 2233 Ἣ
1200 2177 1268 2231 δὲ
1311 2176 1583 2231 Ῥεϐέκκα
1613 2177 1825 2232 ἰδοῦσα
1861 2178 1967 2230 τὸν

312 2266 538 2328 Ἰσαὰκ,
562 2263 984 2331 κατεπήδησεν
1004 2263 1123 2318 ἀπὸ
1152 2262 1259 2332 τῆς
1283 2265 1580 2333 καμήλου,
1611 2265 1710 2318 καί
1732 2261 1862 2318 εἶπε
1887 2263 1967 2330 τῷ

298 2351 495 2404 παιδί’
536 2351 631 2413 Τίς
660 2349 831 2403 ἐστιν
862 2353 895 2403 ὀ
918 2349 1226 2418 ἄνθρωπος
1251 2350 1480 2417 ἐκεῖνος
1504 2353 1538 2405 δ
1569 2353 1967 2421 πορευόμενος

298 2437 370 2490 ὲν
399 2437 480 2501 τῷ
508 2436 689 2499 πεδίῳ
712 2438 798 2501 είς
825 2434 1203 2504 συνάντησιν
1233 2434 1474 2505 ἡμῶνας
1502 2438 1648 2508 Ὅρα
1674 2439 1772 2508 τῆς
1798 2438 1965 2509 κόρης

299 2524 399 2594 τὴν
418 2523 715 2591 εὐγένειαν⁹
734 2521 919 2591 ἐπειδὴ
948 2517 1055 2575 εἶδε
1081 2523 1170 2575 τὸν
1187 2522 1391 2586 Ἰσαὰκ,
1407 2523 1732 2577 ἐπυνθάνετο
1751 2525 1834 2587 τίς
1854 2526 1959 2596 εἴη.

300 2606 412 2657 Καὶ
444 2603 687 2674 μαθοῦσα
714 2605 798 2656 ὅτι
824 2604 983 2666 αὐτός
1031 2605 1178 2657 ἐστιν
1218 2605 1247 2656 ὁ
1280 2605 1486 2675 μέλλων
1519 2606 1686 2677 αὐτὴν
1710 2607 1961 2675 ἄγεσθαι,

300 2690 701 2762 περιεϐάλλετο,
732 2690 888 2759 φησὶ,
920 2689 979 2741 τὸ
1011 2689 1313 2761 θέριστρον,
1348 2692 1443 2745 καὶ
1471 2693 1906 2763 παραγενόμενος
1935 2694 1963 2745 ό

299 2781 429 2841 παῖς
450 2778 745 2848 διηγήσατο
781 2777 960 2831 πάντα
989 2778 1126 2847 μετὰ
1156 2778 1443 2848 ἀκριϐείας
1487 2779 1566 2849 τῷ
1604 2780 1807 2835 Ἰσαάκ.
1858 2782 1966 2835 Ἐν-

297 2865 472 2918 ταῦθα
495 2865 685 2917 σκόπει
737 2880 853 2934 μοι,
904 2863 1174 2933 ἀγαπητὲ,
1205 2864 1321 2927 πῶς
1353 2864 1587 2934 οὐδαμοῦ
1619 2864 1687 2918 τά
1737 2866 1965 2936 περιττά

299 2951 470 3006 ταῦτα
496 2950 589 3004 καί
612 2949 865 3021 ἀνόνητα,
895 2949 1131 3020 οὐδαμοῦ
1160 2951 1353 3021 πομπὴ
1398 2951 1698 3023 διαϐολική,
1731 2952 1964 3023 οὐδαμοῦ

299 3039 553 3109 κύμϐαλα
579 3038 673 3092 καὶ
710 3038 860 3091 αὐλοὶ
887 3038 981 3091 καὶ
1007 3040 1238 3109 χορεῖαι,
1265 3038 1358 3091 καὶ
1383 3038 1450 3091 τὰ
1494 3042 1753 3095 σατανικά
1786 3042 1968 3096 ἐκεῖνα

301 3125 597 3196 συμπόσια,
638 3125 731 3178 καὶ
757 3125 814 3177 αί
846 3124 1105 3196 λοιδορίαι
1154 3126 1209 3177 αἱ
1252 3124 1437 3196 πάσης
1467 3127 1852 3197 ἀσχημοσύνης
1877 3128 1968 3196 γέ-

300 3230 519 3283 μουσαι,
546 3211 681 3267 ἀλλά
708 3213 858 3265 πᾶσα
891 3212 1175 3282 σεμνότης,
1222 3215 1373 3265 πᾶσα
1407 3213 1587 3282 σοφία,
1615 3215 1764 3267 πᾶσα
1792 3214 1965 3267 ἐπιείυ

300 3318 442 3355 κεια.
469 3298 731 3367 Εἰσῆλθες
777 3297 865 3361 δὲ,
908 3297 1093 3367 φησὶν,
1135 3298 1341 3352 Ἰσαὰκ
1390 3301 1479 3365 είς
1505 3298 1613 3352 τὸν
1644 3295 1810 3353 οἷκον
1854 3299 1967 3369 τῆς

299 3386 520 3457 μητρός
542 3385 749 3449 αὐτοῦ,
777 3385 873 3438 καὶ
896 3384 1073 3437 ἔλαϐε
1099 3386 1216 3454 τὴν
1256 3385 1583 3451 Ῥεϐέκκαν,
1610 3386 1706 3440 καί
1730 3387 1965 3457 ἐγένετο

299 3472 459 3538 αὐτῷ
496 3470 671 3542 γυνὴ,
713 3471 811 3526 καί
856 3470 1172 3541 ἠγάπησεν
1222 3473 1434 3541 αὐτὴν,
1492 3473 1590 3528 καί
1618 3475 1966 3545 παρεκλήθη

313 3559 519 3614 Ἰσαὰκ
553 3558 686 3627 περὶ
714 3558 949 3627 Σάρρας
976 3558 1084 3629 τῆς
1121 3560 1350 3629 μητρός
1390 3561 1595 3616 αὐτοῦ.
1636 3561 1853 3632 Ταύτην
1888 3579 1967 3631 μι-

305 3647 611 3716 μείσθωσαν
643 3647 700 3699 αἱ
727 3648 1015 3714 γυναῖκες·
1051 3645 1239 3700 τοῦτον
1269 3646 1614 3717 ζηλούτωσαν
1646 3649 1697 3701 οῖ
1742 3648 1966 3719 ἀνδρες·

301 3733 444 3787 οὑτω
476 3734 574 3798 τὰς
602 3733 820 3805 νύμφας
842 3733 1143 3802 ἀγαγέσθαι
1178 3734 1644 3798 σπουδαζέτωσαν.
1670 3735 1827 3797 Τίνος
1858 3734 1966 3805 γὰρ

302 3821 507 3884 ἕνεκεν,
542 3820 662 3873 εἰπέ
694 3837 804 3890 μοι,
835 3820 895 3884 ἐξ
922 3820 1096 3891 ἀρχῆς
1127 3822 1220 3872 καὶ
1259 3823 1325 3873 ἐκ
1382 3821 1682 3891 προοιμίων
1735 3820 1967 3889 κηλίδων

303 3906 587 3977 πληρῶσαι
646 3908 947 3976 συγχωρεῖς
994 3905 1093 3975 τῆς
1140 3905 1308 3975 κόρης
1346 3905 1445 3968 τὰς
1490 3905 1659 3968 ἀκοάς
1710 3904 1800 3957 διά
1862 3903 1968 3958 τῶν

302 3993 543 4065 αἰσχρῶν
596 3992 856 4062 ᾀσμάτων
884 4030 900 4056 ,
930 3990 1017 4043 διὰ
1060 3990 1160 4060 τῆς
1191 3990 1418 4061 ἀκαίρου
1453 3989 1678 4061 πομπῆς
1721 3990 1965 4060 ἐκείνης;

303 4079 417 4131 Οὐκ
441 4072 596 4129 οἶσθα
630 4076 776 4138 ὅπως
814 4076 847 4144 ή
879 4073 1067 4144 νεότης
1095 4072 1315 4137 εὔκολος
1361 4073 1496 4145 πρὸς
1539 4073 1782 4140 δλισθον;
1817 4074 1873 4126 τί
1900 4075 1968 4127 τὰ

306 4161 480 4232 σεμνά
506 4158 599 4212 τοῦ
629 4158 806 4228 γάμου
857 4156 1226 4227 ἐκπομπεύεις
1263 4159 1539 4228 μυστήρια
1563 4173 1578 4222 ;
1605 4156 1722 4210 δέον
1753 4157 1968 4211 ἅπαντα

304 4244 474 4300 ταῦτα
502 4240 846 4305 ἀπελαύνειν,
895 4244 991 4293 καὶ
1020 4240 1117 4311 τὴν
1149 4239 1281 4294 αίδὼ
1312 4241 1377 4293 ἐκ
1430 4239 1730 4312 προοιμίων
1775 4241 1969 4293 ἐκπαι-

304 4330 477 4384 δεύειν
513 4328 611 4399 τὴν
635 4328 823 4397 κόρην,
848 4327 943 4379 καὶ
976 4327 1159 4398 ἱερέας
1190 4325 1338 4399 [491]
1366 4326 1549 4380 καλεῖν
1586 4327 1679 4380 καὶ
1702 4325 1769 4379 δι’
1794 4325 1969 4395 εὐχῶν

306 4415 398 4468 καὶ
422 4410 682 4478 εὐλογιῶν
715 4410 813 4481 τὴν
839 4408 1090 4478 ὁμόνοιαν
1131 4410 1228 4463 τοῦ
1261 4409 1597 4463 συνοικεσίου
1626 4409 1967 4478 συσφίγγειν,

307 4498 393 4550 ἶνα
421 4497 513 4549 καί⁵
541 4498 569 4548 ό
589 4494 753 4557 πόθος
785 4492 881 4546 τοῦ
909 4493 1142 4563 νυμφίου
1180 4490 1426 4561 αὑξηται,
1466 4490 1561 4544 καὶ
1596 4491 1695 4561 τῆς
1737 4491 1906 4562 κόρης
1935 4492 1969 4561 ἠ

309 4577 628 4648 σωφροσύνη
658 4576 991 4644 ἐπιτείνηται
1010 4592 1025 4607 ο
1061 4574 1154 4627 καὶ
1177 4574 1264 4626 διά
1297 4575 1512 4627 πάντων
1548 4572 1616 4626 τὰ
1642 4573 1738 4642 τῆς
1770 4572 1970 4644 ἀρετῆς

309 4660 448 4730 ἔργα
476 4659 840 4711 εἰσελεύσεται
868 4659 947 4720 εἰς
970 4658 1067 4727 τὴν
1095 4656 1270 4709 οἰκίαν
1298 4655 1529 4725 ἐκείνην,
1558 4655 1652 4709 καί
1676 4657 1853 4711 ,πᾶσαι
1876 4657 1971 4709 τοῦ

306 4742 552 4796 διαϐόλου
581 4744 637 4796 αἱ
670 4741 906 4810 μηχαναὶ
944 4738 1187 4793 ἐκποδὼν
1227 4738 1439 4791 ἔσονται
1467 4779 1482 4805 ,
1528 4740 1620 4791 καὶ
1650 4738 1801 4792 αὐτοὶ
1852 4738 1971 4808 μεθ’

306 4823 502 4895 ήδονῆς
541 4822 632 4875 τὸν
665 4822 777 4892 βίον
800 4820 1068 4885 διάξουσιν
1097 4821 1126 4861 δ
1148 4862 1164 4889 ,
1222 4820 1328 4874 ὑπὸ
1358 4820 1457 4890 τῆς
1498 4820 1594 4873 τοῦ
1627 4819 1762 4873 Θεοῦ
1800 4822 1972 4891 ῥοπῆς

308 4904 764 4976 συγκροτούμενοι
782 4920 795 4933 ·
822 4898 888 4976 ἧς
913 4903 1118 4972 γένοιτο
1141 4902 1347 4966 πάντας
1371 4904 1403 4973 ἡ
1411 4903 1516 4973 μᾶς
1540 4904 1836 4972 ἐπιτυχεῖν,
1872 4903 1974 4973 χά·-

310 5003 416 5055 ριτι
444 4986 539 5039 καὶ
563 4986 939 5057 φιλανθρωπίᾳ
965 4986 1059 5039 τοῦ
1084 4985 1287 5056 Κυρίου
1312 4984 1470 5055 ἡμῶν
1510 4986 1683 5056 Ἰησοῦ
1714 4984 1971 5056 Χριστοῦ,

307 5061 513 5137 μεθόὑ
539 5068 617 5138 τῷ
644 5069 817 5139 Πατρὶ
850 5068 965 5138 ἅμα
984 5067 1063 5138 τῷ
1092 5067 1232 5138 ἀγίῳ
1260 5067 1536 5137 Πνεύματι
1563 5067 1689 5132 δόξα
1706 5108 1721 5132 ,
1752 5067 1971 5138 κράτος,

306 5150 458 5221 τιμὴ,
484 5148 580 5203 ὧν
602 5152 697 5204 καὶ
711 5152 820 5217 ἀεὶ,
846 5151 941 5203 καὶ
959 5152 1038 5213 εἰς
1053 5151 1179 5213 τοὺς
1200 5149 1399 5213 αἰῶνας
1415 5150 1524 5203 τῶν
1535 5149 1763 5205 αἰώνων.
1775 5151 1969 5223 Ἀμήν.

919 5270 1165 5325 ΟΜΙΛΙΔ
1208 5269 1338 5327 ΜΘθ.

368 5370 554 5431 Αὗται
589 5375 658 5430 δὲ
698 5380 758 5432 αἱ
807 5376 1107 5459 γενέσεις,
1147 5376 1342 5459 φησὶν,
1385 5374 1583 5431 Ἰσαὰκ
1622 5373 1729 5429 τοῦ
1767 5373 1901 5430 υἱοῦ

1001 5448 1275 5514 Ἀϐραάμ.

377 5555 447 5603 α’.
487 5550 655 5605 Πάλιν
684 5551 829 5622 ὑμᾶς
853 5552 945 5604 ἐπὶ
976 5550 1075 5620 τὴν
1104 5548 1310 5621 συνήθη
1342 5547 1622 5620 τράπεζαν
1677 5549 1973 5618 ἀναγαγεῖν

310 5630 607 5704 βούλομαι,
654 5635 748 5688 καὶ
795 5637 860 5688 ἐκ
907 5632 1015 5688 τῶν
1057 5633 1210 5703 παρά
1237 5631 1339 5686 τοῦ
1385 5631 1663 5694 Μωῦσέως
1714 5631 1975 5701 ῥημάτων

308 5712 408 5781 τὴν
440 5713 679 5767 ἐπίασιν
704 5714 832 5785 ὑμῖν
860 5714 1203 5784 παραθεῖναι,
1234 5712 1433 5785 μᾶλλον
1460 5713 1518 5766 δέ
1548 5712 1656 5766 τῶν
1678 5713 1771 5766 τοῦ
1804 5712 1972 5765 Πνεύ-

375 5802 400 5829 ⁸
420 5797 541 5864 LXX
561 5801 692 5862 ἡμῖν,
719 5808 772 5864 ﬁt.
787 5800 910 5850 infra
931 5801 1249 5864 περιεϐάλετοἶ

370 5865 400 5907 ιι
426 5859 689 5927 Διάξουσιν.
732 5863 815 5927 Si};
858 5859 1211 5927 recle'Savil.‘
1228 5861 1375 5913 Cois].
1418 5862 1655 5919 διάξωσιν.
1694 5859 1867 5911 Morel.
1917 5863 1971 5911 et

315 5927 480 5977 Noun".
511 5924 747 5986 διάγωσιν.
776 5922 907 5972 Enn.
1006 5922 1009 5965 ί

1392 328 1457 385 ΙΝ
1491 328 1645 387 CAP.
1691 326 1833 383 XXV
1893 321 2136 381 GENES.
2176 322 2408 381 HOMIL.
2450 324 2632 380 XLIX.

3528 325 3636 382 ιιι

2065 455 2251 509 ματος.
2304 439 2440 496 Οὐδέ
2466 441 2574 508 γὰρ
2604 440 2697 508 ἀφ’
2751 438 2943 493 ἑαυτοῦ
2992 439 3235 511 Ιῐωῦσῆς
3287 438 3458 495 ταῦτα
3503 440 3634 509 ἡμῖν

2061 519 2290 584 ἐξέθετο,
2322 522 2436 574 ἀλλ’
2467 523 2571 576 ὑπὸ
2600 522 2694 575 τοῦ
2726 524 2881 592 ἁγίου
2910 523 3228 595 Πνεύματος
3252 521 3632 595 ἐνηχούμενος.

2064 604 2290 675 Ἴδωμεν
2313 601 2407 659 οῦν
2438 605 2493 658 τί
2522 607 2620 659 καὶ
2659 607 2897 676 σήμερον
2930 608 3078 677 ἡμᾶς
3104 605 3313 675 διδάξαι
3363 604 3632 676 βούλεται.

2061 688 2195 741 Οὐδέ
2218 688 2327 757 γάρ
2357 688 2544 751 ἁπλῶς
2579 689 2700 741 οὐδὲ
2755 690 2876 759 εἰκῆ
2899 691 3026 752 τοὺς
3076 688 3224 759 βίους
3272 691 3403 760 ἡμῖν
3424 688 3532 741 τῶν
3556 688 3635 741 δι-

2061 770 2230 824 καίων
2256 770 2547 833 ἐκτίθεται,
2568 771 2685 823 ἀλλ’
2702 772 2788 825 ἵνα
2812 769 3143 842 ζηλώσωμεν
3163 771 3367 824 τούτων
3391 770 3489 840 τὴν
3504 772 3632 842 ἀρε-

2059 856 2179 926 τὴν,
2208 857 2301 910 καὶ
2333 860 2568 927 μιμηταὶ
2621 859 2907 929 γενώμεθα
2938 859 3046 912 τῶν
3092 858 3316 923 ἐκείνοις
3340 860 3633 929 κατωρθω-

2066 941 2259 1011 μένων.
2297 941 2513 1012 Ἐπειδὴ
2561 942 2671 1012 γὰρ
2700 945 2832 1014 ἡμῖν
2882 944 2949 997 τά
2981 944 3121 999 κατά
3166 946 3255 998 τὸν
3292 947 3635 1015 πατριάρχην

2062 1026 2307 1098 ἀκριϐῶς
2363 1027 2783 1099 διηγησάμενος,
2844 1030 3060 1083 καὶτὸν
3116 1031 3425 1084 τελευταῖον
3469 1031 3636 1084 αὑτοῦ

2064 1105 2225 1163 ἆθλον
2252 1109 2344 1162 τὸν
2379 1111 2470 1163 ἐπὶ
2516 1113 2580 1181 τῇ
2629 1110 2723 1162 τοῦ
2774 1111 3099 1181 μονογενοῦς
3150 1116 3369 1184 σφαγῇ,
3419 1113 3637 1179 διδάξας

2060 1193 2213 1261 ἡμᾶς
2275 1191 2392 1255 πῶς
2434 1190 2499 1245 ἂν
2526 1192 2606 1261 τῷ
2637 1192 2757 1262 Θεῷ
2784 1193 2943 1246 αὐτὸν
2973 1193 3335 1264 καλλιέρημα,
3370 1197 3419 1248 εἰ
3441 1197 3535 1249 καὶ
3562 1197 3637 1267 μὴ

2062 1273 2210 1344 αὐτῷ
2242 1273 2407 1344 ἔργῳ,
2436 1274 2573 1327 ἀλλά
2602 1278 2669 1345 τῇ
2702 1276 2983 1346 προθυμίᾳ
3014 1277 3327 1349 εἰργάσατο,
3360 1278 3515 1339 τέλος
3541 1280 3640 1331 ἐπ-

2062 1355 2258 1427 έθηκεν
2284 1356 2516 1419 ἐκείνοις
2543 1359 2658 1420 τοῖς
2678 1357 2999 1428 διηγήμασι·
3021 1356 3115 1410 νῦν
3132 1359 3264 1427 ἡμῖν
3285 1359 3640 1412 ἐκτίθεταιτά

2062 1438 2203 1491 κατά
2222 1438 2314 1491 τὸν
2355 1437 2538 1492 Ἰσαάκ
2574 1438 2665 1491 τὸν
2695 1440 2970 1508 σφαγέντα
3002 1440 3096 1493 καὶ
3124 1440 3199 1511 μὴ
3229 1440 3521 1508 σφαγέντα”
3551 1442 3639 1493 αἰ-

2060 1519 2286 1590 νίγματι
2319 1521 2428 1592 γὰρ
2458 1520 2602 1574 ἔοικε
2642 1522 2702 1574 τὸ
2736 1522 2977 1590 γεγονός.
3007 1522 3272 1575 Ἄκουσον
3295 1522 3402 1594 γὰρ
3426 1523 3639 1577 Παύλου

2061 1601 2326 1670 λέγοντος
2342 1604 2548 1657 Πίστει
2573 1604 2990 1673 προσενήνοχε
3017 1604 3125 1657 τόν
3157 1604 3353 1658 Ἰσαὰκ
3386 1604 3641 1675 Ἀϐραὰμ

2062 1684 2494 1753 πειραζόμενος·
2528 1685 2625 1738 καὶ
2650 1686 2758 1739 τὸν
2765 1684 3065 1755 μονογενῆ
3096 1685 3467 1753 προσέφερεν
3485 1690 3516 1740 ὀ
3533 1689 3640 1753 τὰς

2061 1766 2419 1836 ἐπαγγελίας
2449 1766 2909 1836 ἀναδεξάμενος.
2931 1764 3065 1821 Εἶτα
3086 1767 3172 1820 ῐνα
3203 1766 3461 1838 μάθωμεν
3483 1770 3641 1840 ἀκρι-

2062 1847 2192 1913 ϐῶς,
2219 1848 2337 1912 πῶς
2368 1849 2547 1901 πίστει
2579 1850 2754 1902 ταῦτα
2775 1848 2952 1901 πάντα
2972 1848 3342 1918 διεπράττετο,
3366 1850 3458 1904 καὶ
3486 1852 3641 1903 ἐναν-

2064 1931 2154 1983 τία
2169 1933 2234 2001 τῇ
2266 1930 2556 1999 ὑποσχέσει
2581 1930 2807 2000 ὁρῶντά
2837 1930 2928 1983 ὑπ’
2957 1930 3119 1983 αὐτοῦ
3145 1930 3391 1999 γίνεσθαι
3423 1931 3642 1986 κελευό-

2068 2029 2223 2083 μενα,
2257 2013 2358 2065 οὐκ
2387 2013 2730 2084 ἐταράττετο,
2764 2012 2948 2083 φησίνο
2984 2013 3163 2065 Ὅθεν
3193 2012 3382 2068 αὐτὸν
3412 2013 3519 2067 καὶ
3571 2014 3643 2068 ἐν

2064 2094 2374 2163 παραϐολῇ
2396 2095 2736 2163 ἐκομίσατο.
2763 2095 2827 2147 Τί
2853 2097 3022 2158 ἐστιν,
3064 2095 3165 2148 Ἐν
3183 2095 3497 2165 παραϐολῇ
3509 2097 3643 2149 ἐκο-

2060 2178 2551 2248 μίσατο;,Ἐπειδὴ
2583 2178 2691 2250 γὰρ
2723 2178 2883 2232 αὐτὸν
2903 2180 2982 2241 εἰς
3014 2177 3204 2231 θυσίαν
3229 2179 3518 2249 ἀνήνεγκε,
3546 2180 3642 2233 καὶ

2065 2260 2478 2330 ἀπηρτισμένην
2504 2261 2605 2330 τὴν
2646 2260 2871 2330 γνώμην
2904 2259 3236 2323 ἐπεδείξατο,
3279 2259 3438 2323 αὐτός
3458 2276 3522 2329 γε
3546 2261 3641 2315 τὸν

2067 2341 2325 2410 στέφανον
2374 2341 2690 2411 ἀνεδήσατο,
2732 2343 2826 2394 καὶ
2850 2341 2941 2394 τὸν
2975 2342 3138 2394 παῖδα
3178 2340 3357 2393 λαϐὼν
3388 2342 3637 2415 ἐπανῄει,

2066 2425 2160 2476 καὶ
2189 2427 2222 2495 ή
2249 2424 2410 2477 θυσία
2443 2424 2529 2477 διὰ
2550 2423 2822 2494 προϐάτου
2852 2423 3176 2494 ἐπληροῦτο,
3205 2424 3297 2477 καὶ
3320 2423 3528 2477 ἐδείκνυ
3552 2425 3642 2480 διά

2065 2507 2281 2560 πάντων
2313 2507 2342 2557 ό
2372 2506 2480 2558 τῶν
2513 2505 2647 2558 ὅλων
2676 2506 2807 2568 Θεὸς
2836 2505 2938 2574 τῆς
2994 2505 3199 2569 οἰκείας
3232 2505 3641 2577 φιλανθρωπίας

2064 2588 2162 2659 τὴν
2186 2587 2509 2659 ὑπερϐολὴν,
2537 2589 2628 2641 καί
2654 2589 2736 2641 ὃτι
2784 2587 2844 2640 οὐ
2878 2588 3149 2659 σφαγῆναι
3174 2587 3264 2641 τὸν
3306 2588 3489 2641 Ἰσαὰκ
3517 2588 3641 2660 βου-

2064 2671 2289 2742 λόμενος
2325 2671 2483 2724 τοῦτο
2510 2672 2821 2738 ἐπέταττεν,
2838 2671 2974 2725 ἀλλὰ
2995 2673 3086 2725 τοῦ
3112 2672 3322 2725 δικαίου
3342 2672 3641 2743 γυμνάζων

2064 2754 2163 2827 τὴν
2197 2756 2463 2825 ὑπακοήν.
2535 2755 2675 2808 Ἀλλ’
2706 2754 2895 2826 ὥσπερ
2928 2755 3138 2824 εἴδομεν
3173 2756 3265 2809 τοῦ
3302 2755 3640 2827 πατριάρχου

2065 2840 2160 2908 τὴν
2187 2839 2387 2910 ἀρετὴν
2411 2837 2499 2891 διά
2528 2838 2745 2891 πάντων
2772 2838 3115 2907 λάμπουσαν,
3135 2838 3267 2910 φέρε
3292 2840 3388 2892 καὶ
3406 2838 3474 2892 τὰ
3500 2839 3643 2892 κατὰ

2065 2921 2154 2973 τὸν
2169 2921 2353 2974 Ἰσαὰκ
2371 2921 2609 2990 σήμερον
2638 2921 2718 2983 εἰς
2750 2920 2912 2989 μέσον
2944 2919 3255 2988 προθέντες,
3281 2920 3479 2991 ἴδωμεν
3495 2922 3644 2984 ὅπως

2065 3003 2161 3055 καὶ
2187 3002 2349 3064 αὐτὸς
2372 3001 2433 3053 τὸ
2449 3002 2693 3069 φιλόθεον
2716 3000 2880 3054 αὐτοῦ
2922 3005 3022 3073 τῆς
3046 3000 3271 3073 γνώμης
3302 3002 3394 3055 διά
3425 3002 3643 3055 πάντων

2066 3084 2451 3139 ἐπιδείκνυται.
2488 3083 2669 3149 ’Ἄξιον
2688 3084 2745 3137 δὲ
2775 3085 2869 3137 καὶ
2896 3085 3073 3137 αὐτῶν
3095 3084 3398 3139 ἐπακοῦσαι
3427 3084 3532 3138 τῶν
3543 3086 3643 3155 τῆς

2067 3167 2289 3240 Γραφῆς
2301 3170 2367 3239 ρη
2376 3169 2579 3237 μάτων.
2595 3163 2780 3223 Αὗται
2789 3167 2857 3219 δὲ
2872 3170 2930 3220 al
2940 3166 3225 3235 γενέσεις,
3238 3167 3420 3238 φησὶν,
3439 3168 3645 3221 Ἰσαὰκ

2067 3250 2174 3304 τοῦ
2203 3250 2339 3304 υἱοῦ
2379 3248 2653 3319 Ἀϐραάμ.
2673 3251 2917 3319 Ἀϐραὰμ
2945 3249 3239 3319 ἐγέννησε
3266 3248 3373 3302 τὸν
3422 3248 3641 3303 Ἰσαάκ.

2065 3328 2179 3389 Ἦν
2198 3331 2267 3385 δὲ
2306 3334 2509 3387 Ἰσαὰκ
2529 3332 2678 3386 ἐτῶν
2698 3332 3163 3400 τεσσαράκοντα,
3179 3332 3279 3386 ὅτε
3298 3334 3478 3386 ἔλαϐε
3507 3333 3637 3385 Ῥε-

2067 3414 2290 3469 ϐέκκαν
2320 3415 2612 3485 θυγατέρα
2652 3414 2932 3482 Βαθουὴλ
2956 3414 3061 3467 τοῦ
3086 3415 3280 3481 Σύρου
3306 3415 3375 3468 ἐκ
3400 3414 3510 3483 τῆς
3529 3418 3644 3470 Με-

2065 3500 2457 3568 σοποταμίας,
2477 3498 2628 3570 [492]
2674 3498 2952 3569 ἀδελφὴν
2975 3497 3043 3550 δὲ
3065 3498 3267 3552 Λάϐαν
3289 3498 3396 3553 τοῦ
3422 3500 3640 3567 Σύρου,

2064 3582 2255 3649 ἑαυτῷ
2280 3585 2366 3648 είς
2394 3582 2666 3652 γυναῖκα.
3075 3581 3082 3587 ’

2138 3665 2336 3718 Σκόπει
2382 3681 2505 3735 μοι,
2558 3664 2843 3735 ἀγαπητέ,
2899 3664 2999 3733 τῆς
3057 3661 3206 3726 θείας
3262 3662 3484 3733 Γραφῆς
3539 3663 3642 3734 τὴν

2067 3747 2393 3819 ἀκρίϐειαν,
2454 3749 2602 3810 ὅπως
2656 3748 2807 3800 οὐδὲν
2877 3747 3171 3818 παρέργως
3221 3746 3421 3816 τίθησι.
3483 3746 3642 3809 Τίνος

2068 3829 2178 3899 γὰρ
2232 3828 2417 3882 ἕνεκεν
2474 3830 2607 3897 ἡμῖν
2663 3828 2754 3880 τὸν
2804 3828 2994 3898 χρόνον
3053 3828 3148 3880 τοῦ
3208 3828 3394 3881 Ἰσαάκ
3450 3827 3643 3895 ἐπιση-

2073 3912 2344 3983 μαίνεται,
2366 3910 2459 3963 καί
2492 3906 2790 3981 φησιν,Ἦν
2824 3910 2892 3963 δὲ
2922 3911 3119 3964 Ἰσαὰκ
3154 3908 3303 3963 ἐτῶν
3345 3908 3642 3978 ’τεσσαρά⁴

2068 4009 2271 4055 κοντα,
2298 3992 2397 4046 ὅτε
2420 3994 2599 4047 ἔλαϐε
2618 3991 2731 4059 τὴν
2767 3991 3125 4056 Ῥεϐέκκαν;
3159 3991 3270 4061 Οὐχ
3299 3990 3502 4056 ἁπλῶς,
3519 3991 3641 4044 οὐδέ

2069 4076 2213 4145 εἰκῆ·
2246 4076 2361 4129 ἀλλ’
2394 4075 2580 4145 ἐπειδὴ
2629 4075 2810 4145 μέλλει
2844 4076 2982 4146 μετά
3005 4075 3178 4129 ταῦτα
3206 4076 3306 4144 τῆς
3346 4075 3641 4139 Ῥεϐέκκας

2068 4163 2200 4231 ήμῖν
2219 4158 2523 4230 διηγεῖσθαι
2554 4159 2653 4230 τὴν
2692 4160 2995 4230 πείρωσιν,
3036 4159 3131 4211 καὶ
3174 4159 3255 4212 ὅτι
3278 4158 3339 4223 ἐξ
3358 4158 3522 4228 εὐχῆς
3544 4158 3642 4212 τοῦ

2068 4243 2277 4297 δικαίου
2305 4241 2373 4295 τὰ
2398 4242 2498 4311 τῆς
2529 4242 2868 4305 παιδοποιίας
2892 4241 3026 4312 αὐτῇ
3050 4241 3261 4310 γέγονε,
3292 4241 3537 4312 βούλεται
3560 4241 3644 4294 δι-

2067 4321 2225 4387 δάξαι
2244 4325 2391 4394 ἡμᾶς
2422 4324 2482 4376 τὸ
2517 4324 2747 4393 μέγεθος
2770 4324 2871 4395 τῆς
2891 4325 3166 4395 ὑπομονῆς
3186 4324 3280 4377 τοῦ
3314 4325 3518 4389 Ἰσαὰκ,
3548 4326 3644 4379 καί⁸

2073 4408 2308 4478 σημᾶναι
2337 4408 2428 4460 τὸν
2457 4409 2647 4478 χρόνον
2692 4408 2955 4478 ἀκριϐῶς,
2985 4409 3107 4461 ὅσον
3136 4408 3195 4460 ἐν
3227 4408 3454 4479 ἀπαιδίᾳ
3486 4409 3645 4477 γέγο-

2058 4502 2179 4543 νεν’
2199 4490 2285 4543 ἵνα
2311 4489 2406 4542 καὶ
2430 4490 2588 4558 ἡμεῖς
2620 4488 2905 4560 ζηλοῦντες
2935 4490 3027 4544 τὸν
3048 4489 3273 4554 δίκαιον,
3300 4490 3442 4545 οὕτω
3472 4508 3644 4562 προσ-

2071 4571 2376 4643 εδρεύωμεν
2418 4573 2537 4634 ταῖς
2572 4572 2707 4639 πρὸς
2733 4572 2825 4624 τὸν
2852 4572 2983 4624 Θεὸν
3010 4572 3259 4635 ἱκεσίαις,
3292 4572 3512 4625 ἐπειδάν
3557 4574 3645 4624 αἰ·

2069 4653 2252 4724 τῶμέν
2280 4669 2332 4705 τι
2362 4655 2492 4723 παρ’
2520 4652 2705 4705 αὐτοῦ.
2737 4654 2798 4705 Et
2829 4652 2940 4723 γὰρ
2974 4654 3007 4705 ό
3043 4654 3248 4715 δίκαιος
3276 4648 3430 4716 οὗτος
3456 4653 3647 4724 ἐνάρε-

2071 4753 2162 4800 τος
2189 4735 2296 4798 ὣν,
2327 4736 2422 4788 καὶ
2470 4735 2739 4805 τοσαύτης
2770 4736 2983 4799 εὐνοίας
3032 4735 3323 4788 ἀπολαύων
3365 4735 3518 4807 παρὰ
3546 4737 3644 4789 τοῦ

2071 4820 2230 4885 Θεοῦ,
2257 4818 2525 4891 τοσαύτην
2548 4820 2889 4874 ἐπεδείκνυτο
2902 4818 3135 4890 σπουδὴν
3156 4818 3250 4871 καὶ
3271 4819 3532 4883 εὐτονίαν,
3549 4819 3644 4875 τὸν

2072 4903 2203 4956 Θεὸν
2226 4902 2487 4974 διηνεκῶς
2515 4901 2864 4973 παρακαλῶν,
2891 4900 3031 4954 ὥστε
3049 4899 3206 4953 λῦσαι
3226 4900 3324 4971 τῆς
3351 4900 3644 4964 Ῥεϐέκκας

2073 4985 2171 5056 τὴν
2197 4986 2500 5055 στείρωσιν,
2541 4985 2594 5036 τί
2630 4983 2697 5037 ἂν
2728 4984 2978 5054 εἴποιμεν
3015 4985 3175 5054 ἡμεῖς
3190 4984 3240 5035 οἰ
3260 4983 3494 5037 τοσαῦτα
3514 5001 3648 5055 φορ-

2072 5070 2164 5121 τία
2212 5069 2622 5139 ἁμαρτημάτων
2654 5068 2866 5138 ἔχοντες
2906 5066 3244 5137 ἐπικείμενα,
3280 5067 3373 5120 καὶ
3420 5066 3556 5137 μηδὲ
3583 5067 3647 5121 τὸ

2075 5150 2365 5204 πολλοστὸν
2396 5151 2490 5203 τοῦ
2518 5150 2727 5203 δικαίου
2756 5150 2947 5204 τούτου
2980 5149 3146 5221 μέρος
3192 5150 3645 5221 ἐπιδεικνύμενοι,

2073 5233 2208 5286 ἀλλὰ
2227 5232 2327 5288 κᾶν
2353 5233 2488 5304 πρὸς
2498 5231 2679 5301 ὀλίγον
2699 5233 2934 5304 σπουδήν
2954 5249 3074 5285 τινα
3094 5230 3503 5301 ἐπιδειξώμεθα,
3519 5248 3649 5302 ναρ-

2076 5314 2279 5378 κῶντες
2304 5316 2398 5369 καὶ
2422 5315 2825 5385 ἀποπηδῶντες,
2855 5316 2904 5369 εί
2933 5315 3007 5386 μὴ
3034 5315 3225 5368 θᾶττον
3250 5312 3647 5384 εἰσακουσθείη-

2078 5414 2203 5469 μεν;
2224 5397 2323 5451 Διά
2359 5397 2537 5463 τοῦτο,
2572 5399 2905 5470 παρακαλῶ,
2928 5400 2995 5452 ἐκ
3018 5398 3135 5451 τῶν
3154 5396 3239 5466 τῷ
3256 5395 3453 5464 δικαίῳ
3474 5395 3647 5467 τούτῳ

2078 5479 2401 5551 συμϐάντων
2442 5481 2818 5552 παιδευόμενοι
2842 5522 2858 5547 ,
2896 5480 3165 5551 μηδέποτε
3204 5476 3505 5547 παυώμεθα
3554 5477 3647 5533 τὸν

2076 5562 2207 5617 Θεὸν
2235 5562 2674 5634 παρακαλοῦντες
2700 5563 2841 5634 ὑπὲρ
2866 5564 2964 5634 τῆς
3000 5561 3396 5632 συγχωρήσεως
3434 5559 3543 5613 τῶν
3570 5562 3649 5613 οἰ-

2070 5644 2238 5699 κείων
2252 5645 2763 5719 πλημμελημάτων,
2785 5645 2921 5701 ἀλλά
2939 5644 3146 5715 θερμὴν
3166 5644 3259 5697 καὶ
3282 5640 3508 5706 ζέουσαν
3522 5658 3650 5715 προ-

2080 5728 2281 5799 θυμίαν
2329 5724 2810 5799 ἐπιδεικνυώμεθά;
2847 5728 2939 5782 καὶ
2982 5728 3057 5799 μὴ
3086 5725 3460 5795 ἀσχάλλωμεν,
3513 5724 3650 5795 μηδὲ

2077 5811 2421 5883 όκνηρότεροι
2451 5811 2748 5883 γινώμεθα,
2763 5812 2811 5863 εἰ
2831 5811 2906 5881 μὴ
2926 5810 3117 5864 θᾶττον
3143 5805 3647 5878 είσακουσθείημεν.

2082 5896 2242 5958 Ἴσως
2257 5895 2384 5967 γάρ,
2417 5894 2545 5960 ἴσως
2572 5894 2924 5965 σοφιζόμενος
2939 5891 3096 5965 ήμῶν
3109 5891 3206 5963 τὴν
3227 5889 3447 5961 διηνεκῆ
3473 5904 3640 5960 προσ-
