4150 6276
572 320 683 375 645

569 435 753 505 εδρίαν
810 431 841 484 6
885 427 1178 500 Δεσπότης,
1212 429 1644 494 διαναϐάλλεται,
1704 429 2020 499 βουλόμενος
2048 425 2142 498 καί

1288 317 1346 371 S.
1385 316 1674 374 JOANNIS
1712 309 2203 372 CIIRYSOSTOMI
2239 309 2562 368 ARCHIEP.
2595 305 3147 366 CONSTANTINOI‘.

3719 304 3834 362 H6

2251 424 2427 495 ἄωρον
2452 427 2548 495 τῆς
2571 426 2804 495 ἡλικίας,
2831 426 2927 478 καὶ
2956 425 3019 478 τὸ
3038 424 3307 494 ἄχρηστον
3337 418 3436 490 τῆς
3473 419 3707 489 φύσεωςο
3730 421 3833 474 ἐπὶ

569 518 664 586 τῆς
687 512 959 582 ὑπομονῆς
987 512 1133 580 ἡμᾶς
1179 509 1504 579 κομίσασθαι
1531 516 1625 566 τὸν
1681 511 1892 583 μισθὸν,
1924 509 2019 563 καὶ
2054 507 2145 560 τὸν
2248 513 2305 565 δὲ
2325 513 2422 583 τῆς
2446 513 2716 584 παρθένου
2748 514 2805 565 ἐν
2828 513 3058 582 κώλυμα
3080 509 3169 582 ἦν,
3220 510 3281 563 τὸ
3309 510 3384 580 μὴ
3414 512 3702 578 μετασχεῖν
3737 510 3835 562 αὐ-

569 596 760 666 καιρὸν
795 592 966 655 είδὼς,
993 592 1110 644 καθ’
1125 591 1182 643 δν
1205 591 1476 655 λυσιτελές
1506 595 1653 646 ἐστιν
1689 594 1819 663 ἡμῖν
1851 591 1958 643 τῶν
1982 605 2146 642 σπου-

569 676 876 747 δαζομένων
896 675 1188 742 ἐπιτυχεῖν.
1222 673 1354 726 Οὐδὲ
1374 676 1484 744 γὰρ
1513 673 1686 736 οὕτως
1711 675 1872 744 ἡμεῖς
1903 671 2060 741 ῐσμεν
2086 669 2147 721 τὸ

512 813 514 815 ,
571 757 846 826 συμφέρον
879 756 1106 817 ἑαυτοῖς,
1139 756 1214 817 ὡς
1237 755 1397 818 αὐτὸς
1420 756 1661 826 ἀκριϐῶς
1685 756 1989 815 ἐπίσταται,
2022 753 2051 804 6
2078 751 2148 802 τά

571 840 854 910 ἀπόρρητα
887 835 987 903 τῆς
1037 834 1274 899 διανοίας
1322 836 1551 890 ἑκάστου
1604 837 1987 905 ἐπιστάμενος.
2015 834 2090 884 Δι’
2119 831 2148 884 ὃ

571 925 834 995 προσήκει
863 922 1026 992 μηδὲν
1063 923 1519 996 περιεργάζεσθαι
1549 924 1644 977 καὶ
1675 919 2150 991 πολυπραγμονεῖν

571 1007 678 1060 τῶν
706 1005 856 1077 παρά
880 1003 971 1058 τοῦ
1000 1004 1136 1058 Θεοῦ
1167 1006 1490 1075 γινομένων,
1538 1005 1674 1060 ἀλλά
1704 1005 1902 1075 πολλὴν
1931 1005 2030 1073 τὴν
2060 1002 2151 1054 εὐ-

571 1087 924 1159 γνωμοσύνην
955 1086 1381 1150 ἐπιδείκνυσθαι,
1441 1090 1538 1141 καὶ
1591 1088 1891 1158 θαυμάζειν
1936 1084 2044 1137 τῶν
2070 1084 2150 1136 δι-

572 1171 744 1224 καίων
767 1169 864 1233 τὰς
883 1169 1104 1238 ἀρετάς.
1164 1169 1380 1237 Ἐπειδὴ
1411 1168 1537 1239 -γάρ
1593 1165 1744 1222 εἶπεν
1792 1170 1923 1239 ήμίν
1955 1169 1989 1236 ή
2032 1165 2151 1219 θεία

571 1252 782 1324 Γραφὴ,
813 1253 953 1304 ὅσων
975 1250 1110 1304 ἐτῶν
1137 1245 1204 1321 ἦν
1239 1249 1443 1314 Ἰσαὰκ,
1481 1251 1742 1318 λέγεικαὶ
1772 1249 1900 1321 περὶ
1932 1247 2152 1301 Ῥεϐέκ-

573 1352 676 1398 κας
697 1336 795 1405 τῆς
821 1331 1074 1402 γυναικὸς
1105 1333 1269 1385 αὐτοῦ
1296 1373 1310 1392 ,
1340 1334 1420 1386 ὅτι
1454 1335 1640 1403 στεῖρα
1671 1329 1760 1399 ἦν.
1789 1332 1897 1385 Θέα
1926 1348 2013 1400 μοι
2057 1329 2150 1382 τοῦ

573 1418 781 1471 δικαίου
826 1417 886 1468 τὸ
935 1416 1200 1484 φιλόθεον.
1240 1416 1454 1485 Ἐπειδὴ
1504 1415 1612 1484 γὰρ
1652 1411 1758 1468 εἶδε
1810 1413 2152 1485 χωλεύουσαν

574 1499 672 1570 τὴν
696 1497 875 1568 φύσιν,
921 1497 1011 1551 ἐπὶ
1049 1497 1139 1551 τὸν
1194 1497 1291 1566 τῆς
1329 1497 1541 1566 φύσεως
1571 1496 1896 1568 δημιουργὸν
1930 1495 2150 1565 έδραμε,

575 1583 670 1634 καὶ
705 1580 774 1634 τὰ
797 1580 965 1651 δεσμά
996 1581 1095 1648 τῆς
1125 1580 1338 1649 φύσεως
1365 1580 1451 1632 διὰ
1483 1580 1582 1648 τῆς
1608 1579 1771 1650 εὐχης
1814 1578 1960 1630 λύειν
1995 1577 2148 1647 ἠπεί-

576 1680 721 1732 γετο.
763 1663 984 1717 Ἐδέετο
1009 1663 1139 1732 γὰρ,
1196 1663 1388 1731 φησὶν,
1429 1662 1632 1715 Ἰσαὰκ
1672 1661 1802 1729 περὶ
1847 1660 2155 1724 Ῥεϐέκκας

576 1746 686 1814 τῆς
717 1745 998 1814 γυναικὸς
1019 1743 1203 1798 αὐτοῦ
1229 1745 1317 1796 ὅτι
1337 1743 1541 1811 στεῖρα
1567 1739 1665 1813 ἦν.
1702 1744 1800 1797 Ἐν
1828 1742 1985 1796 τοῦτο
2015 1740 2157 1813 πρῶ-

576 1845 668 1882 τον
693 1829 844 1892 ἄξιον
877 1826 1128 1898 ζητῆσαι,
1145 1825 1290 1889 τίνος
1313 1826 1646 1896 ἑνεκεν,βίου
1681 1821 1816 1879 οὖσα
1837 1823 2152 1896 θαυμαστοῦ

577 1909 674 1963 καὶ
707 1907 866 1980 αὐτὴ,
900 1909 994 1962 καὶ
1015 1910 1043 1961 6
1069 1908 1206 1979 ἀνὴρ
1229 1908 1416 1978 αὐτῆς,
1450 1909 1544 1960 καὶ
1569 1907 1770 1976 πολλῆς
1801 1907 1899 1976 τῆς
1944 1923 2156 1976 σωφρο-

578 1991 744 2062 σύνης
770 1991 1067 2062 ἀμφότεροι
1096 1989 1542 2061 ἐπιμελούμενοι,
1573 1992 1759 2060 στεῖρα
1777 1983 1845 2058 ἦν
1869 2005 1885 2055 ;
1914 1988 2156 2058 Οὑκὲχο-

579 2092 680 2146 μεν
705 2073 1055 2128 ἐπιλαϐέσθαι
1081 2071 1260 2126 αὐτῶν
1287 2072 1385 2142 τῆς
1419 2071 1587 2142 ζωῆς,
1619 2071 1712 2125 καὶ
1737 2071 2030 2136 είπεῖν,ὅτι
2049 2070 2156 2122 τῶν

577 2155 858 2226 ἁμαρτιῶν
879 2151 945 2226 ἦν
967 2155 1136 2226 ,ἔργον
1167 2155 1201 2224 ή
1235 2155 1519 2225 στείρωσις
1551 2167 1598 2208 ιι.
1626 2155 1737 2208 Ka‘:
1771 2153 1858 2208 ῖνα
1893 2152 2070 2224 μάθῃς
2096 2152 2158 2204 :6

577 2237 902 2307 θαυμαστὸν,
930 2237 1012 2290 ὅτι
1043 2237 1144 2290 οὐκ
1169 2235 1304 2306 αὐτὴ
1329 2236 1488 2305 μόνον
1519 2239 1704 2305 στεῖρα
1732 2231 1820 2306 ἦν,
1855 2234 1990 2288 ἀλλά
2011 2235 2102 2287 καὶ
2123 2235 2156 2303 ή

581 2321 767 2390 μήτηρ
799 2317 892 2371 τοῦ
919 2317 1127 2371 δικαίου
1161 2318 1195 2387 ή
1222 2317 1427 2388 Σάρρα·
1457 2318 1550 2370 καὶ
1576 2318 1674 2386 οὐχ
1709 2318 1743 2387 ή
1779 2317 1963 2387 μήτηρ
1989 2315 2046 2369 δέ
2071 2316 2160 2369 αὐ-

578 2401 671 2456 τοῦ
699 2401 877 2471 μόνον,
919 2399 1052 2454 ἀλλά
1084 2401 1178 2454 καὶ
1209 2402 1243 2469 ή
1280 2400 1488 2470 νύμφη,
1517 2400 1610 2453 τοῦ
1661 2399 1908 2470 Ἰακὼὸή
1938 2399 2093 2469 γυνὴ,
2122 2401 2156 2470 ή

588 2484 791 2554 Ῥαχὴλ
815 2483 973 2552 λέγω.
1025 2483 1090 2535 Τί
1127 2483 1374 2553 βούλεται
1398 2483 1507 2535 τῶν
1536 2483 1762 2555 στειρῶν
1793 2481 1997 2536 τούτων
2023 2483 2051 2534 6
2072 2499 2157 2550 χο-

581 2571 706 2640 ρός;
732 2567 939 2628 Πάντες
968 2565 1164 2619 δίκαιοι
1185 2604 1200 2629 ,
1255 2565 1455 2628 πάντες
1509 2565 1771 2636 ἑνάρετοι.
1829 2567 2027 2627 πάντες
2057 2565 2160 2618 ὑπὸ

578 2650 714 2702 Θεοῦ
744 2648 1196 2720 μαρτυρούμενοι.
1242 2649 1379 2719 Περὶ⁵
1408 2648 1515 2719 γάρ
1544 2648 1721 2702 αὐτῶν
1769 2649 1922 2721 [495]
1953 2649 2156 2717 ἔλεγεν·

593 2731 732 2801 Ἐγώ
757 2734 870 2799 ειμι
895 2735 927 2784 ὀ
955 2730 1099 2795 Θεὸς
1140 2731 1406 2799 Ἀϐραὰμ.
1439 2732 1536 2785 καὶ
1568 2735 1600 2788 ό
1631 2731 1774 2797 Θεὸς
1807 2731 2032 2794 Ἰσαὰκ,
2061 2730 2160 2784 καί

580 2815 615 2867 ὀ
639 2812 782 2879 Θεὸς
811 2811 1023 2866 Ἰακώϐ.
1053 2812 1162 2866 Kal
1194 2814 1222 2865 6
1245 2813 1509 2883 μακάριος
1531 2813 1585 2866 δὲ
1612 2813 1820 2876 Παῦλος
1841 2831 1992 2884 φησιο
2020 2817 2100 2867 Δι’
2127 2813 2160 2867 ὂ

579 2899 691 2950 οὐκ
711 2897 1139 2963 ἐπαισχύνεται
1171 2898 1204 2949 ὁ
1235 2895 1399 2962 Θεὸς,
1436 2895 1580 2962 Θεὸς
1615 2896 2027 2952 ἐπικαλεῖσθαι
2057 2901 2162 2951 αὑ-

579 2979 716 3033 τῶν.
772 2978 948 3032 Πολλὰ
982 2978 1159 3032 αὐτῶν
1180 2979 1248 3032 τά
1279 2977 1530 3049 ἐγκώμια
1563 2981 1620 3032 ἐν
1653 2984 1720 3051 τῇ
1748 2983 1944 3052 Καινῇ,
1979 2980 2162 3034 πολλοὶ

579 3065 629 3116 οί
673 3061 882 3116 ἔπαινοι
907 3062 965 3113 ἐν
1015 3063 1080 3130 τῇ
1128 3060 1357 3131 Παλαιᾷ.
1396 3062 1738 3132 Πανταχόθεν
1787 3063 2029 3135 λαμπροὶ
2067 3065 2163 3116 καὶ

579 3145 858 3214 ἐπίσημοι,
879 3143 973 3196 xal
1005 3143 1207 3206 πάντες
1242 3143 1459 3215 στείρας
1483 3144 1640 3214 ἑσχον
1663 3148 1950 3212 γυναῖκας,
1985 3147 2079 3199 καὶ
2103 3147 2162 3199 ἐν

579 3226 808 3297 ἀπαιδίᾳ
831 3222 972 3297 ἦσαν
1006 3225 1165 3296 μέχρι
1193 3226 1388 3279 πολλοῦ
1411 3226 1503 3280 τοῦ
1536 3229 1749 3298 χρόνου.

654 3329 720 3397 β’.
757 3326 925 3382 Ὅταν
942 3322 1033 3379 οῦν
1052 3326 1167 3397 ἴδῃς
1195 3327 1363 3397 ἀνδρα
1379 3329 1472 3381 καὶ
1490 3332 1723 3396 γυναῖκα
1751 3331 1810 3382 ἐν
1833 3331 2000 3400 ἀρετῇ
2023 3329 2160 3394 ζῶν·

580 3428 700 3476 τας,
722 3409 818 3463 καὶ
847 3410 905 3460 ἐν
933 3409 1158 3479 ἀπαιδίᾳ
1185 3411 1572 3479 τυγχάνονταςο
1603 3413 1729 3465 ὅταν
1751 3412 1864 3484 ῐδῃς
1893 3412 2162 3476 θεοσεϐεῖς

581 3494 743 3554 ὄντας
765 3533 780 3558 ,
815 3491 910 3544 καὶ
965 3491 1245 3554 εὐλαϐείας
1277 3494 1735 3563 ἐπιμελομένους,
1786 3495 2050 3567 ἄπαιδας,
2087 3495 2162 3567 μὴ

582 3571 813 3642 νομίσῃς
844 3569 1122 3641 ἁμαρτιῶν
1156 3567 1294 3623 εἶναι
1343 3560 1520 3642 ἔργα.⁷
1544 3573 1734 3625 Πολλοὶ
1765 3560 1875 3644 γάρ
1905 3573 1998 3626 τοῦ
2025 3560 2160 3627 Θεοῦ

582 3654 682 3724 τῆς
711 3653 1020 3722 οἰκονομίας
1040 3655 1087 3705 οί
1102 3652 1246 3720 λόγοι
1276 3653 1370 3705 xal
1400 3655 1530 3724 ⁴ἡμῖν
1560 3655 1877 3726 ἀπόρρητοι,
1913 3656 2007 3709 καὶ
2023 3656 2162 3728 ὑπὲρ

583 3736 801 3788 πάντων
828 3734 1168 3805 εὐχαριστεῖν
1192 3735 1290 3801 δεῖ,
1326 3737 1422 3790 καὶ
1453 3737 1646 3807 μόνους
1680 3737 1922 3803 ἐκείνους
1945 3738 2164 3791 ταλανί-

584 3818 698 3882 ζειν
718 3819 842 3879 τοὺς
858 3819 916 3870 ἐν
936 3817 1104 3886 κακίᾳ
1133 3817 1360 3882 ζῶντας,
1397 3820 1458 3872 οὐ
1496 3822 1622 3883 τοὺς
1656 3820 1841 3873 παιδία
1870 3820 1944 3890 μὴ
1972 3837 2162 3892 κεκτη-

587 3901 799 3972 μένους.
850 3900 1026 3954 Πολλά
1068 3899 1177 3972 γὰρ
1212 3902 1469 3966 πολλάκις
1499 3906 1528 3957 6
1581 3903 1714 3967 Θεὸς
1775 3904 2160 3974 συμφερόντως

583 3984 877 4053 οἰκονομεῖ,
905 3984 1064 4052 ἡμεῖς
1094 3983 1151 4037 δὲ
1177 3984 1275 4054 τὴν
1305 3985 1483 4038 αἰτίαν
1508 3984 1616 4038 τῶν
1650 3985 2029 4057 γεγενημένων
2060 3986 2161 4039 οὐκ

587 4066 765 4136 ἴσμεν.
795 4065 895 4116 Διά
920 4062 1080 4117 τοῦτο
1117 4066 1392 4135 πανταχοῦ
1427 4067 1721 4137 θαυμάζειν
1750 4068 1915 4120 αὐτοῦ
1943 4067 2040 4138 τὴν
2068 4085 2160 4121 σο-

585 4148 714 4216 φίαν
744 4146 869 4216 χρὴ,
904 4145 999 4199 καὶ
1028 4146 1270 4210 δοξάζειν
1300 4148 1465 4202 αὐτοῦ
1487 4150 1589 4219 τὴν
1623 4149 2032 4220 φιλανθρωπίαν
2060 4151 2160 4222 τὴν

585 4231 809 4298 ἄφατον.
849 4228 1006 4282 Ἀλλά
1024 4227 1196 4281 ταῦτα
1223 4231 1321 4299 μὲν
1354 4231 1490 4300 πρὸς
1507 4231 1774 4299 ὠφέλειαν
1797 4235 1928 4302 ἡμῖν
1949 4234 2159 4304 εἴρηται

584 4313 683 4382 τὴν
721 4311 1012 4382 ὑμετέραν,
1045 4312 1186 4364 ὥστε
1220 4313 1417 4384 πολλὴν
1452 4315 1552 4385 τὴν
1578 4315 1993 4387 εὐγνωμοσύνην
2043 4317 2161 4370 ἐπι·-

584 4392 914 4459 δείκνυσθαι,
949 4395 1042 4446 καὶ
1068 4395 1144 4466 μὴ
1168 4396 1630 4466 περιεργάζεσθαι
1665 4397 1762 4450 τοῦ
1791 4398 1926 4452 Θεοῦ
1955 4400 2054 4462 τὰς
2081 4403 2160 4455 οί-

585 4477 862 4547 κονομίας·
902 4476 982 4530 δεῖ
1022 4477 1078 4531 δὲ
1126 4479 1221 4531 καὶ
1261 4479 1361 4543 τὴν
1403 4479 1580 4533 αίτίαν
1608 4482 1803 4546 εἰπεῖν,
1831 4482 1897 4536 δι’
1927 4485 1993 4555 ήν
2019 4479 2160 4555 ἦσαν

585 4562 789 4614 ἐκεῖναι
825 4563 1033 4631 στεῖραι
1071 4563 1126 4614 αί
1159 4564 1434 4630 γυναῖκες.
1481 4563 1578 4627 Τίς
1601 4560 1694 4618 οὖν
1716 4567 1864 4618 ἐστιν
1892 4567 1925 4637 ἡ
1968 4569 2156 4634 αἰτίας

587 4643 728 4706 Ἵνα,
755 4642 881 4697 ὅταν
913 4643 1026 4715 ἴδῃς
1067 4643 1186 4715 τὴν.
1216 4645 1487 4716 Παρθένον
1543 4645 1831 4701 τίκτουσαν
1863 4649 1954 4703 τὸν
1982 4652 2158 4704 κοινὸν

584 4725 742 4797 ήμῶν
771 4726 1067 4798 Δεσπότην,
1102 4727 1178 4798 μὴ
1228 4729 1556 4801 ἀπιστήσῃς.
1604 4729 1881 4799 Γύμνασόν
1932 4748 2025 4786 σου
2073 4735 2161 4787 ἐν·-

583 4807 760 4863 ταῦθα
777 4807 877 4879 τὴν
902 4809 1158 4874 διάνοιαν,
1186 4810 1372 4881 φησὶν,
1388 4811 1448 4863 ἑν
1472 4813 1536 4881 τῇ
1568 4811 1751 4881 μήτρᾳ
1772 4811 1880 4866 τῶν
1907 4814 2156 4884 στειρῶν,

587 4891 654 4942 ἵν’
675 4891 801 4943 ὅταν
827 4890 941 4962 ίδῃς
963 4893 1368 4963 πεπηρωμένην
1385 4894 1477 4946 καὶ
1491 4893 1775 4963 δεδεμένην
1794 4895 2005 4965 μήτραν
2023 4898 2156 4968 πρὸς

584 4970 922 5053 παιδοποιίαν
954 4973 1307 5044 ἀνοιγομένην
1331 4977 1395 5029 ἐκ
1421 4975 1520 5046 τῆς
1552 4975 1645 5029 τοῦ
1666 4973 1800 5029 Θεοῦ
1821 4977 2062 5048 χάριτος,
2081 4981 2158 5053 μὴ

587 5052 872 5123 θαυμάσῃς
897 5053 1109 5108 ἀκούων
1128 5056 1210 5109 ὅτι
1231 5057 1496 5128 παρθένος
1520 5057 1694 5114 ἔτεκε.
1721 5063 1938 5116 Μᾶλλον
1957 5062 2015 5116 66
2039 5052 2160 5116 θαύὲ

589 5151 762 5206 μασον
803 5137 897 5187 καὶ
931 5137 1236 5218 ἐκπλάγηθι
1256 5179 1270 5202 ,
1321 5139 1458 5192 ἀλλά
1485 5141 1560 5210 μὴ
1597 5143 1904 5218 ἀπιστήσῃς
1927 5143 2005 5215 τῷ
2029 5145 2159 5198 θαύ-

587 5234 740 5291 ματι.
767 5218 937 5272 Ὅταν
965 5214 1058 5274 οὖν
1089 5219 1223 5293 λέγῃ
1252 5221 1388 5292 πρὸς
1416 5223 1475 5275 σὲ
1507 5227 1536 5277 6
1576 5214 1999 5292 Ἰουδαῖοςίῐῐῶς
2043 5228 2158 5282 ἐτε-

585 5319 682 5357 κεν
696 5305 730 5374 ή
754 5301 1048 5375 παρθένοςς
1073 5305 1195 5356 είπὲ
1216 5305 1351 5375 πρὸς
1366 5306 1547 5371 αὐτὸν,
1567 5307 1690 5371 Πῶς
1713 5309 1898 5364 ἔτεκεν
1923 5312 1956 5380 ἠ
1975 5314 2158 5383 στεῖρα

586 5394 681 5450 καὶ
706 5397 1074 5466 γεγημκυῖω
1127 5395 1243 5450 Δύο
1258 5397 1366 5467 γάρ
1398 5396 1694 5469 κωλύματα
1719 5402 1839 5454 τότε
1887 5397 1977 5474 ἦν,
2010 5404 2070 5457 τό
2095 5421 2155 5457 τε

647 5639 676 5670 ⁸
699 5637 856 5710 Savil;
891 5645 945 5691 et
956 5653 1100 5710 flan
1119 5644 1587 5710 θρόει-ἀμφότεροί
1609 5646 1937 5710 ἐπεμελοῦντο,
1961 5653 2042 5702 καὶ
2067 5653 2156 5704 οὐκ

586 5700 813 5762 ἔχομεν...
832 5700 901 5751 ἔτι
921 5705 1015 5752 τῶν
1035 5705 1277 5769 ἁμαρτιῶν
1285 5700 1361 5767 ἦν’
1373 5700 1520 5772 ἔργονο
1545 5700 1823 5773 εἷχετάύτην
1837 5713 1866 5768 ἡ

2250 604 2348 672 τὴν
2376 604 2575 674 γάμου.
2597 603 2944 674 Προοδοποιεῖ
2957 602 3134 655 τοίνυν
3158 603 3224 671 τῇ
3256 600 3510 673 παρθένῳ
3536 602 3570 669 ἠ
3619 601 3830 670 στεῖρα.

2251 693 2363 747 Kal
2388 694 2476 746 ἵνα
2504 694 2682 766 μάθῃς
2705 694 2789 746 ὅτι
2836 693 2926 746 διά
2949 693 3108 745 τοῦτο
3137 692 3347 762 στεῖραι
3389 688 3709 760 προέλαϐον,
3740 688 3833 741 ἴνα.

2253 783 2513 854 πιστευθῇ
2540 785 2638 853 τῆς
2663 783 2932 854 παρθένου
2948 782 3168 846 ὁτόκος,
3195 781 3428 835 ἄκουσον
3469 779 3576 832 ἀπὸ
3596 778 3705 831 τῶν
3733 780 3832 849 ρη-

2257 875 2439 946 μάτων
2459 875 2552 928 τοῦ
2581 875 2820 947 Γαϐριὴλ
2857 875 2968 928 τῶν
3001 874 3134 945 πρὸς
3163 873 3260 944 τὴν
3287 870 3554 942 παρθένον
3601 871 3834 940 εἰρημέ-

2253 984 2377 1020 νων.
2415 966 2630 1038 Ἐπειδὴ
2659 967 2768 1037 γάρ
2793 961 2925 1036 ἦλθε
2952 964 3045 1017 καὶ
3071 960 3221 1016 εἶπεν
3246 962 3403 1032 αὐτῇ,
3435 961 3732 1030 Συλιήψῃ
3759 960 3833 1013 ἐν

2255 1057 2486 1126 ⁸γαστρὶ,
2517 1057 2613 1110 καὶ
2638 1055 2780 1124 τέξῃ
2797 1054 2958 1120 υίὸν,
2992 1053 3092 1107 καί
3113 1054 3397 1119 καλέσεις
3418 1052 3485 1105 τὸ
3524 1052 3830 1121 ὅνομααὺ-

2256 1149 2361 1202 τοῦ
2405 1146 2670 1217 Ἰησοῦν,
2703 1145 3004 1215 ἐξεπλάγη
3052 1145 3151 1198 καὶ
3179 1145 3500 1212 ἐθαύμασε,
3543 1143 3641 1197 καί
3676 1141 3824 1196 εἴπω

2255 1239 2390 1306 Πῶς
2417 1239 2583 1293 ἐσται
2601 1256 2702 1308 μοι
2722 1238 2918 1301 τοῦτο,
2949 1235 3079 1290 ἐπεί
3116 1236 3303 1304 ἄνδρα
3324 1237 3396 1290 οὐ
3423 1233 3726 1304 τινώσκω;
3762 1234 3830 1287 Τί

2257 1327 2348 1384 οῦν
2370 1332 2398 1384 6
2429 1331 2687 1399 ἀγγελος;
2714 1330 2956 1398 Πνεῦμα
2989 1329 3161 1398 ἅγιον
3185 1328 3571 1382 ἐπελεύσεται
3600 1326 3694 1379 ἐπὶ
3729 1326 3825 1388 σὲ,

2258 1419 2356 1473 καὶ
2383 1420 2636 1489 δύναμις
2675 1420 2965 1488 Ὑψίστου
3003 1417 3343 1471 ἐπισκιάσει
3379 1432 3498 1471 σοι.
3529 1417 3620 1487 Μὴ
3655 1417 3826 1485 ζήτει,

2260 1511 2412 1581 φησὶ,
2443 1510 2656 1581 φύσεως
2680 1509 3020 1576 ἀκολουθίαν,
3051 1511 3177 1564 ὅταν
3204 1509 3342 1580 ὑπὲρ
3367 1502 3580 1582 φύσινῇ
3609 1506 3677 1560 τά
3693 1505 3827 1574 γινό-

2263 1619 2415 1673 μενα·
2449 1602 2524 1673 μὴ
2548 1601 2875 1674 περιϐλέπου
2904 1601 3096 1671 γάμων
3123 1599 3333 1664 ὠδῖνας,
3366 1599 3494 1652 ὅταν
3520 1597 3716 1668 μείζων
3738 1596 3830 1663 γάο

2263 1712 2363 1765 μου
2386 1694 2486 1762 τῆς
2501 1696 2805 1765 γεννήσεως
2832 1697 2860 1748 6
2886 1687 3154 1767 τρόπος
3180 1692 3289 1746 Kal
3308 1690 3432 1756 πῶς
3449 1690 3618 1745 ἔσται
3632 1689 3828 1753 τοῦτο,

2261 1788 2444 1856 φησὶν,
2475 1785 2601 1839 ἐπεὶ
2635 1785 2824 1852 ἄνδρα
2852 1786 2922 1839 οὐ
2957 1781 3260 1855 γινώσκω;
3307 1781 3419 1837 Kal
3450 1781 3554 1852 μὴν
3575 1780 3660 1834 διὰ
3674 1779 3831 1833 τοῦτο

2261 1875 2434 1940 ἔσται,
2465 1876 2650 1946 ἐπειδὴ
2680 1875 2846 1946 ἄνδρα
2874 1875 2934 1928 οὐ
2960 1873 3269 1944 γινώσκεις.
3313 1873 3377 1927 El
3410 1875 3519 1944 γάρ
3538 1871 3833 1940 ἐγίνωσκες

2263 1967 2449 2038 ἄνδρα,
2480 1967 2579 2020 οὐκ
2609 1967 2674 2020 ἂν
2697 1965 3037 2038 κατηξιώθης
3064 1964 3512 2042 ὐπηρετήσασθαι
3545 1965 3612 2034 τῇ
3651 1961 3826 2014 διακοο

2264 2057 2350 2130 via
2368 2058 2561 2130 ταύτῃ.
2593 2059 2754 2113 Ὥστε
2769 2059 2836 2112 δι’
2862 2059 2891 2112 6
2916 2059 3182 2122 ἀπιστεῖς,
3212 2057 3277 2110 δι’
3304 2056 3433 2111 αὐτὸ
3462 2054 3700 2110 πίστευε.
3719 2053 3837 2107 Οὐκ

2263 2149 2452 2221 ἐπειδὴ
2483 2151 2656 2204 κακὸν
2706 2152 2733 2203 6
2757 2151 2962 2221 γάμος,
2994 2148 3108 2203 ἀλλ’
3132 2147 3318 2218 ἐπειδὴ
3346 2146 3607 2218 κρείττων
3630 2145 3665 2214 ή
3697 2160 3837 2213 παρ-

2266 2239 2434 2295 θενία·
2463 2241 2562 2312 τὴν
2589 2243 2646 2295 δέ
2671 2241 2764 2295 τοῦ
2795 2241 2986 2306 κοινοῦ,
3004 2241 3218 2294 πάντων
3247 2237 3518 2291 Δεσπότου
3545 2233 3693 2308 μοι]
3723 2234 3840 2286 εἰσ·

2264 2332 2382 2386 οδον
2441 2334 2768 2403 σεμνοτέραν
2799 2333 2964 2403 ἐχρῆν
2984 2328 3122 2385 εἶναι
3142 2331 3240 2402 τῆς
3261 2329 3550 2401 ἡμετέρας·
3586 2324 3837 2397 βασιλικὴ

2264 2423 2372 2496 γάρ
2392 2419 2460 2494 ἦν
2479 2427 2512 2495 ή
2542 2425 2759 2487 εἴσοδος.
2777 2425 2924 2478 Ἔδει
2950 2423 3370 2492 κοινωνεῖνιήμῖν
3395 2420 3494 2490 τῆς
3512 2418 3836 2488 γεννήσεως.

2266 2513 2362 2565 καὶ
2400 2512 2722 2582 ἐξηλλάχθαι
2773 2516 2871 2582 τῆς
2896 2511 3191 2582 ἡμετέρας.
3221 2511 3328 2563 Kal
3361 2509 3644 2586 ἀμφότερα
3664 2505 3840 2560 ταῦτα

2266 2604 2475 2671 γέγονε,
2503 2603 2597 2655 καὶ
2618 2605 2765 2665 ὅπως
2789 2601 3052 2655 ἄκουε.Τδ
3071 2603 3168 2672 μὲν
3197 2599 3306 2654 ἀπὸ
3329 2599 3540 2669 μήτρας
3565 2594 3839 2666 γενέσθαι,

2269 2695 2442 2748 κοινὸν
2474 2694 2610 2765 πρὸς
2635 2695 2803 2764 ἡμᾶς·
2835 2693 2896 2745 :6
2925 2693 2981 2746 66
3013 2692 3179 2764 χωρὶς
3207 2691 3400 2761 γάμων
3425 2688 3698 2758 γενέσθαι,
3723 2689 3841 2758 μεῖ-

2269 2785 2411 2856 ζονῆ
2446 2784 2567 2838 καθ’
2601 2785 2767 2855 ἡμᾶς.
2804 2785 2910 2837 Kal
2937 2783 2997 2837 τὸ
3023 2783 3121 2854 μὲν
3155 2783 3211 2835 ἐν
3233 2781 3431 2852 γαστρὶ
3463 2781 3609 2851 σχεῖν
3637 2794 3716 2840 σε,
3739 2777 3843 2847 τῆς

2269 2879 2484 2946 φύσεως
2511 2878 2611 2946 τῆς
2669 2876 3032 2947 ἀνθρωπείας·
3075 2875 3135 2927 :6
3171 2874 3226 2927 66
3254 2873 3420 2944 χωρὶς
3474 2872 3670 2942 μίξεως
3691 2871 3844 2940 γενέ-

2271 2967 2392 3020 σθαι
2409 2967 2506 3037 τὴν
2536 2965 2751 3034 κύησιν,
2769 2965 3090 3036 σεμνότερον
3112 2963 3209 3033 τῆς
3231 2963 3575 3034 ἀνθρωπίνης
3605 2961 3838 3030 φύσεως·

2271 3057 2353 3109 ἵνα
2374 3057 2466 3110 καὶ
2503 3055 2600 3126 τὴν
2619 3056 2891 3126 ὑπεροχὴν
2929 3055 3021 3108 καὶ
3045 3054 3143 3126 τὴν
3172 3053 3455 3107 κοινωνίαν
3497 3053 3595 3123 τὴν
3619 3051 3754 3123 πρὸς
3779 3049 3844 3105 εὶ

2271 3146 2469 3218 μάθῃς.
2493 3147 2602 3199 Kal
2633 3146 2823 3198 σκόπει
2849 3145 2947 3218 τὴν
2982 3148 3174 3216 σοφίαν
3220 3144 3329 3199 τῶν
3357 3144 3672 3215 γινομένων.
3703 3141 3842 3195 Οὑτε

2268 3237 2560 3309 ήὺπεροχὴ
2587 3236 2685 3308 τὴν
2725 3237 2986 3308 ὁμοίωσιν
3035 3238 3128 3290 καὶ
3153 3236 3467 3304 συγγένειαν
3516 3234 3838 3304 ἐλυμήνατο,

2268 3331 2388 3384 οὐτε
2429 3333 2461 3401 ή
2493 3332 2629 3401 πρὸς
2659 3333 2803 3401 ἡμᾶς
2833 3330 3122 3400 συγγένεια
3157 3330 3253 3402 τὴν
3280 3328 3551 3402 ὑπεροχὴν
3574 3326 3840 3399 ἠμαύρω-

2271 3439 2382 3483 σεν,
2412 3421 2523 3474 ἀλλ’
2552 3422 2787 3491 ἑκάτερα
2819 3421 3092 3475 ἐδείκνυτο
3113 3421 3201 3474 6:3:
3227 3421 3333 3473 τῶν
3362 3418 3720 3491 πραγμάτων·
3747 3417 3843 3470 καὶ

2269 3514 2336 3567 τὰ
2369 3514 2466 3584 μὲν
2500 3513 2768 3584 ὁλόκληρα
2797 3510 2942 3583 εἶχεν
2977 3513 3240 3584 ἡμέτερα,
3288 3511 3356 3565 τά
3387 3510 3442 3565 δὲ
3471 3509 3842 3581 ἐνηλλαγμένα

2269 3605 2404 3676 πρὸς
2441 3605 2609 3675 ἡμᾶς.
2642 3604 2805 3669 Ἀλλ’,
2835 3605 2971 3675 ὅπερ
3016 3605 3217 3673 ἐλεγον,
3248 3603 3335 3658 διὰ
3362 3603 3517 3656 τοῦτο
3550 3604 3604 3655 al
3633 3604 3844 3671 στεῖραι

2267 3691 2447 3759 αὗται,
2468 3695 2556 3748 ἵνα
2579 3695 2842 3767 πιστευθῇ
2890 3698 2989 3766 τῆς
3015 3695 3289 3768 Παρθένου
3318 3698 3345 3749 6
3374 3695 3549 3760 τόκος,
3582 3695 3667 3746 ἵνα
3701 3693 3838 3764 αῦτη

2267 3785 2650 3858 χειραγωγηθῇ
2679 3786 2816 3857 πρὸς
2847 3787 2946 3857 τὴν
2966 3787 3147 3840 πίστιν
3159 3787 3257 3858 τῆς
3280 3785 3606 3854 ἐπαγγελίας
3634 3785 3727 3838 καὶ
3744 3784 3842 3853 τῆς

2268 3874 2626 3944 ὑποσχέσεως.
2665 3876 2930 3929 ’Ἄκουσον
2960 3875 3069 3946 γάρ
3097 3875 3150 3928 τί
3180 3892 3342 3945 φησιν
3388 3877 3416 3927 6
3438 3872 3667 3942 ἄγγελος
3705 3867 3840 3942 πρὸς

2267 3961 2454 4030 αὐτήν.
2486 3959 2726 4030 Πνεῦμα
2750 3961 2921 4031 ἅγιον
2957 3963 3343 4016 ἐπελεύσεται
3379 3960 3476 4014 ἐπὶ
3507 3959 3600 4024 σὲ,
3622 3960 3718 4014 καὶ
3740 3958 3842 4013 δύ-

2265 4053 2748 4122 ναμιςὙψίστου
2777 4053 3120 4107 ἐπισκιάσει
3147 4069 3265 4107 σοι.
3296 4051 3474 4110 Οὕτω,
3497 4053 3680 4123 φησὶν,
3699 4052 3842 4121 ἔχεις

2265 4143 2462 4205 τεκεῖν,
2491 4140 2699 4209 καὶτῆς
2713 4140 2993 4209 ἐνεργείας
3015 4139 3108 4193 τοῦ
3129 4138 3267 4192 Πνεῦ
3275 4155 3441 4209 ματος
3457 4140 3517 4192 :6
3534 4140 3640 4192 πᾶν
3665 4138 3838 4193 ἐσται.

2265 4228 2357 4300 Μὴ
2389 4228 2564 4282 τοίνυν
2597 4228 2758 4298 βλέπε
2804 4229 2939 4300 πρὸς
2972 4228 3068 4298 τὴν
3094 4229 3214 4299 γῆν·
3254 4229 3362 4282 ἀπὸ
3392 4228 3500 4281 τῶν
3531 4227 3774 4299 οὐρανῶν
3804 4229 3841 4297 ἡ

2265 4320 2512 4389 ἐνέργεια
2528 4318 2766 4389 ἔρχεται.
2807 4315 2912 4370 Τοῦ
2936 4317 3074 4369 Πνεύ
3084 4318 3250 4388 ματός
3278 4318 3392 4370 ἐστι
3429 4317 3590 4388 χάρις
3609 4317 3670 4369 τὸ
3693 4317 3841 4386 γινό-

2269 4425 2446 4482 μενοψ
2471 4405 2544 4478 μὴ
2562 4407 2710 4478 ζήτει
2740 4404 2955 4474 φύσεως
2982 4406 3319 4470 ἀκολουθίαν,
3360 4408 3433 4478 μὴ
3456 4406 3596 4460 κατά
3639 4407 3838 4478 νόμους

2266 4500 2360 4553 καὶ
2380 4498 2576 4569 γάμον.
2601 4497 2740 4550 Ἀλλ’
2769 4497 2954 4568 ἐπειδὴ
2975 4497 3196 4568 μείζονα
3219 4497 3391 4552 ταῦτα
3427 4493 3495 4568 ἦν
3529 4498 3742 4570 ἐκείνης
3767 4500 3836 4552 τά

2268 4587 2503 4656 ῥήματα,
2524 4582 2770 4654 βούλεται
2789 4584 2882 4637 καὶ
2900 4584 3091 4656 ἑτέραν
3104 4584 3132 4624 ι)
3153 4585 3291 4656 αὐτῇ
3310 4587 3608 4656 παρασχεῖν
3620 4586 3839 4639 ἀπόδει-

2266 4673 2375 4740 ξιν.

2335 4797 2390 4850 γ.
2422 4781 2494 4834 Σιύ
2513 4779 2570 4832 δέ
2603 4795 2692 4849 μοι
2714 4778 2923 4844 σκόπει,
2951 4778 3223 4848 ἀγαπητὴ
3255 4777 3370 4842 πῶς
3398 4780 3431 4849 ή
3465 4781 3645 4851 στεῖρα
3673 4780 3841 4851 αὐτὴν

2265 4871 2596 4944 χειραγωγεῖ
2628 4869 2761 4939 πρὸς
2787 4867 2884 4939 τὴν
2909 4869 3089 4922 πίστιν
3132 4868 3222 4922 τοῦ
3257 4869 3437 4924 τόκου.
3473 4870 3691 4943 Ἐπειδὴ
3730 4873 3841 4942 γὰρ

2264 4967 2296 5034 ή
2330 4962 2570 5034 προτέρα
2589 4960 2857 5024 ἀπόδειξις
2880 4960 3080 5032 μείζων
3103 4955 3169 5030 ἦν
3198 4960 3296 5027 τῆς
3326 4959 3562 5025 διανοίας
3587 4963 3685 5033 τῆς
3699 4980 3839 5034 παρ-

2265 5050 2439 5111 θένου.
2470 5049 2701 5102 ἄκουσον
2726 5045 2843 5110 πῶς
2858 5048 2952 5100 καὶ
2979 5048 3071 5100 ἐπὶ
3085 5047 3152 5100 τά
3175 5049 3532 5121 ταπεινότερα
3555 5051 3838 5120 κατήγαγε

2263 5137 2355 5190 τὸν
2369 5137 2549 5205 λόγον,
2581 5134 2672 5188 διά
2701 5134 2809 5188 τῶν
2838 5135 3110 5206 αίσθητῶν
3126 5135 3298 5208 αὐτὴν
3329 5138 3702 5208 χειραγωγῶν.
3726 5141 3839 5194 Καὶ

2265 5227 2413 5293 ίδοὺ,
2446 5226 2952 5297 φησ“ιν,Ἐ¹λισάϐετ
2992 5227 3028 5294 ἠ
3058 5228 3360 5297 συγγενής
3383 5245 3521 5293 σου,
3545 5229 3644 5283 καί
3682 5231 3838 5301 αὐτὴ

2263 5315 2668 5387 συνειληφυῒα
2692 5316 2826 5372 υἱὸν
2852 5316 2923 5371 ἐν
2949 5313 3112 5386 γήρει
3136 5315 3325 5386 αὐτῆς
3343 5334 3357 5350 ·
3390 5320 3489 5372 καί
3517 5316 3695 5388 οὗτος
3710 5321 3842 5391 μὴν

2263 5409 2440 5479 ἕκτος
2477 5411 2648 5467 ἐστὶν
2682 5410 2839 5480 αὐτῇ
2873 5411 2948 5481 τῇ
2978 5411 3321 5482 καλουμένῃ
3355 5416 3580 5486 στείρᾳ.
3609 5417 3708 5472 Διά
3738 5416 3838 5488 τήν

2325 5657 2355 5731 ξ
2381 5657 2635 5731 619731.}:
2680 5659 2848 5712 Monlf.
2873 5665 2959 5721 τήν
2997 5665 3174 5730 ἑτέραν,
3194 5667 3354 5718 minus
3378 5674 3526 5720 recte.
3553 5669 3836 5722 Cal-rectum

2269 5731 2298 5770 ε
2321 5720 2524 5772 Savilio.
2547 5720 2681 5773 Enn.
